,date,symbol,fillingDate,acceptedDate,period,revenue,costOfRevenue,grossProfit,grossProfitRatio,researchAndDevelopmentExpenses,generalAndAdministrativeExpenses,sellingAndMarketingExpenses,otherExpenses,operatingExpenses,costAndExpenses,interestExpense,depreciationAndAmortization,ebitda,ebitdaratio,operatingIncome,operatingIncomeRatio,totalOtherIncomeExpensesNet,incomeBeforeTax,incomeBeforeTaxRatio,incomeTaxExpense,netIncome,netIncomeRatio,eps,epsdiluted,weightedAverageShsOut,weightedAverageShsOutDil,link,finalLink
0,2019-12-31,ALKS,2020-02-13 00:00:00,2020-02-13 09:17:55,FY,1170947000,180385000,990562000,0.845949,512833000,599449000,0.0,848000.0,1166041000,1346426000,13601000,80413000,-103042000,-0.087999,-175479000,-0.149861,-21952000,-197056000,-0.168288,-436000.0,-196620000,-0.167915,-1.25195,-1.25195,157051000,157051000,https://www.sec.gov/Archives/edgar/data/1520262/000156459020004489/0001564590-20-004489-index.html,https://www.sec.gov/Archives/edgar/data/1520262/000156459020004489/alks-10k_20191231.htm
0,2018-12-31,ALKS,2019-02-15 00:00:00,2019-02-15 07:16:53,FY,1094274000,176420000,917854000,0.838779,425406000,526408000,0.0,-2040000.0,1016982000.0000001,1193402000,15437000,103660000,-7870000.0,-0.007192,-99128000,-0.090588,-21640000,-126967000,-0.116029,12344000,-139311000,-0.127309,-0.89813,-0.89813,155112000,155112000,https://www.sec.gov/Archives/edgar/data/1520262/000156459019003060/0001564590-19-003060-index.html,https://www.sec.gov/Archives/edgar/data/1520262/000156459019003060/alks-10k_20181231.htm
0,2017-12-31,ALKS,2018-02-16 00:00:00,2018-02-16 07:01:51,FY,903374000,154748000,748626000,0.8287,412889000,421578000,0.0,-9615000.0,896525999.9999998,1051273999.9999998,12008000,98523000,-54196000,-0.059993,-147900000,-0.16372,11985000,-143274000,-0.158599,-6782000.0,-157945000,-0.174839,-1.02953,-1.02953,153415000,153415000,https://www.sec.gov/Archives/edgar/data/1520262/000152026218000016/0001520262-18-000016-index.html,https://www.sec.gov/Archives/edgar/data/1520262/000152026218000016/alks-20171231x10k.htm
0,2016-12-31,ALKS,2017-02-17 00:00:00,2017-02-17 07:01:49,FY,745694000,132122000,613572000,0.82282,387148000,374130000,0.0,-2485000.0,822237000.0000001,954359000.0000001,14889000,94256000,-105242000,-0.141133,-208665000,-0.279827,5415000.0,-214387000,-0.2875,-5943000.0,-208444000,-0.27953,-1.37601,-1.37601,151484000,151484000,https://www.sec.gov/Archives/edgar/data/1520262/000152026217000007/0001520262-17-000007-index.html,https://www.sec.gov/Archives/edgar/data/1520262/000152026217000007/alks-20161231x10k.htm
0,2015-12-31,ALKS,2016-02-25 00:00:00,2016-02-25 08:01:38,FY,628335000,138989000,489346000,0.778798,344404000,311558000,0.0,15000.0,713646999.9999999,852635999.9999999,13247000,85596000,-125162000,-0.199196,-224301000,-0.356977,-2285000.0,-224005000,-0.356506,3158000.0,-227163000,-0.361532,-1.52248,-1.52248,149206000,149206000,https://www.sec.gov/Archives/edgar/data/1520262/000155837016003498/0001558370-16-003498-index.html,https://www.sec.gov/Archives/edgar/data/1520262/000155837016003498/alks-20151231x10k.htm
0,2014-12-31,ALKS,2015-02-24,2015-02-24 08:34:36,FY,618789000,175832000,442957000,0.715845,272043000,199905000,0.0,-2220000.0,530101000,705933000,13430000,98087000,97488000,0.157546,-87144000,-0.14083,-2220000.0,-14029000,-0.022672,16032000,-30061000,-0.04858,-0.20693,-0.20693,145274000,145274000,https://www.sec.gov/Archives/edgar/data/1520262/000104746915001083/a2223141z10-k.htm,https://www.sec.gov/Archives/edgar/data/1520262/000104746915001083/a2223141z10-k.htm
0,2013-12-31,ALKS,2014-02-27,2014-02-27 07:21:49,FY,432900000,134300000,298600000,0.689767,128100000,116600000,0.0,-429000.0,283099999.99999994,417399999.99999994,-9700000.0,70800000,66400000,0.153384,15500000,0.035805,-400000.0,5400000.0,0.012474,-12300000,17600000,0.040656,0.12138,0.12138,145000000,145000000,https://www.sec.gov/Archives/edgar/data/1520262/000104746914001422/a2218462z10-kt.htm,https://www.sec.gov/Archives/edgar/data/1520262/000104746914001422/a2218462z10-kt.htm
0,2013-03-31,ALKS,2013-05-23 00:00:00,2013-05-23 08:33:55,FY,575500000,170500000,405100000,0.70391,140000000,125800000,0.0,1781000.0,323200000,493700000,48994000,73800000,158294000,0.275055,81800000,0.142137,1800000.0,35400000,0.061512,10500000,25000000,0.04344,0.18235,0.18235,137100000,137100000,https://www.sec.gov/Archives/edgar/data/1520262/000104746913006422/0001047469-13-006422-index.html,https://www.sec.gov/Archives/edgar/data/1520262/000104746913006422/a2215335z10-k.htm
0,2012-03-31,ALKS,2012-05-18,2012-05-18 16:37:55,FY,390000000,127600000,262400000,0.672821,141900000,137600000,0.0,484000.0,350700000.00000006,478300000.00000006,28111000,93700000,7411000.0,0.019003,-88300000,-0.22641,500000.0,-114400000,-0.293333,-700000.0,-113700000,-0.291538,-0.99128,-0.99128,114700000,114700000,https://www.sec.gov/Archives/edgar/data/1520262/000104746912006168/a2209642z10-k.htm,https://www.sec.gov/Archives/edgar/data/1520262/000104746912006168/a2209642z10-k.htm
