,date,symbol,fillingDate,acceptedDate,period,revenue,costOfRevenue,grossProfit,grossProfitRatio,researchAndDevelopmentExpenses,generalAndAdministrativeExpenses,sellingAndMarketingExpenses,otherExpenses,operatingExpenses,costAndExpenses,interestExpense,depreciationAndAmortization,ebitda,ebitdaratio,operatingIncome,operatingIncomeRatio,totalOtherIncomeExpensesNet,incomeBeforeTax,incomeBeforeTaxRatio,incomeTaxExpense,netIncome,netIncomeRatio,eps,epsdiluted,weightedAverageShsOut,weightedAverageShsOutDil,link,finalLink
0,2019-12-31,GSK,2020-03-06,Not found...,FY,0.0,11863000000,-11863000000,0.0,-4568000000,0.0,-11402000000,16659000000,689000000,12552000000,0.0,0.0,689000000,0.0,689000000,0.0,689000000,0.0,0.0,0.0,0.0,0.0,74.0,74.0,0.0,0.0,https://www.sec.gov/Archives/edgar/data/1131399/000119312520065064/0001193125-20-065064-index.htm,https://www.sec.gov/Archives/edgar/data/1131399/000119312520065064/d769953dex153.htm
0,2018-12-31,GSK,2019-03-15,Not found...,FY,30821000000,10241000000,20580000000,0.6677265500794912,-3893000000,0.0,-9915000000,12220000000,-1588000000,8653000000,0.0,0.0,-1588000000,-0.05152331202751371,-1588000000,-0.05152331202751371,-1588000000,0.0,0.0,0.0,0.0,0.0,31.0,31.0,4890000000000,4890000000000,https://www.sec.gov/Archives/edgar/data/1131399/000119312519076716/0001193125-19-076716-index.htm,https://www.sec.gov/Archives/edgar/data/1131399/000119312519076716/d601746dex153.htm
0,2017-12-31,GSK,2018-03-16,Not found...,FY,30186000000,10342000000,19844000000,0.6573908434373551,-4476000000,0.0,-9672000000,12183000000,-1965000000,8377000000,0.0,0.0,-1965000000,-0.06509640230570463,-1965000000,-0.06509640230570463,-1965000000,0.0,0.0,0.0,0.0,0.0,13.0,13.0,0.0,0.0,https://www.sec.gov/Archives/edgar/data/1131399/000119312518086062/0001193125-18-086062-index.htm,https://www.sec.gov/Archives/edgar/data/1131399/000119312518086062/d516109dex153.htm
0,2016-12-31,GSK,2017-03-17,Not found...,FY,27889000000,9290000000,18599000000,0.6668937573953888,-3628000000,0.0,-9366000000,9589000000,-3405000000,5885000000,0.0,0.0,-3405000000,-0.12209114704722292,-3405000000,-0.12209114704722292,-3405000000,0.0,0.0,0.0,0.0,0.0,5.0,5.0,0.0,0.0,https://www.sec.gov/Archives/edgar/data/1131399/000119312517087259/0001193125-17-087259-index.htm,https://www.sec.gov/Archives/edgar/data/1131399/000119312517087259/d317042dex152.htm
0,2015-12-31,GSK,2016-03-18,Not found...,FY,0.0,37000000,-37000000,0.0,-14000000,0.0,-38000000,0.0,-52000000,-15000000,0.0,0.0,32000000,0.0,32000000,0.0,32000000,0.0,0.0,0.0,0.0,0.0,0.0,0.0,0.0,0.0,https://www.sec.gov/Archives/edgar/data/1131399/000119312516510261/0001193125-16-510261-index.htm,https://www.sec.gov/Archives/edgar/data/1131399/000119312516510261/d32974dex152.htm
0,2014-12-31,GSK,2015-02-27,Not found...,FY,0.0,31000000,-31000000,0.0,-15000000,0.0,-35000000,0.0,-50000000,-19000000,0.0,0.0,-3000000.0,0.0,-3000000.0,0.0,-3000000.0,0.0,0.0,0.0,0.0,0.0,0.0,0.0,0.0,0.0,https://www.sec.gov/Archives/edgar/data/1131399/000119312515070125/0001193125-15-070125-index.htm,https://www.sec.gov/Archives/edgar/data/1131399/000119312515070125/d856918dex152.htm
0,2013-12-31,GSK,2014-02-28,Not found...,FY,26505000000,8585000000,17920000000,0.676098849273722,-3923000000,0.0,-8480000000,15000000,-12403000000,-3818000000,0.0,0.0,1124000000,0.042407093001320506,1124000000,0.042407093001320506,1124000000,0.0,0.0,0.0,0.0,0.0,43.0,43.0,0.0,0.0,https://www.sec.gov/Archives/edgar/data/1131399/000119312514077405/0001193125-14-077405-index.htm,https://www.sec.gov/Archives/edgar/data/1131399/000119312514077405/d682829dex152.htm
0,2012-12-31,GSK,2013-03-08,Not found...,FY,0.0,29000000,-29000000,0.0,-15000000,0.0,-33000000,0.0,-48000000,-19000000,0.0,0.0,4000000.0,0.0,4000000.0,0.0,4000000.0,0.0,0.0,0.0,0.0,0.0,0.0,0.0,0.0,0.0,https://www.sec.gov/Archives/edgar/data/1131399/000119312513098802/0001193125-13-098802-index.htm,https://www.sec.gov/Archives/edgar/data/1131399/000119312513098802/d470564dex152.htm
0,2011-12-31,GSK,2012-03-13,Not found...,FY,0.0,7259000000,-7259000000,0.0,-3912000000,0.0,-8429000000,0.0,-12341000000,-5082000000,0.0,0.0,610000000,0.0,610000000,0.0,610000000,0.0,0.0,0.0,0.0,0.0,15.0,15.0,0.0,0.0,https://www.sec.gov/Archives/edgar/data/1131399/000119312512112357/0001193125-12-112357-index.htm,https://www.sec.gov/Archives/edgar/data/1131399/000119312512112357/d268160dex152.htm
0,2010-12-31,GSK,2011-03-04,Not found...,FY,28392000000,7405000000,20987000000,0.7391870949563257,-3964000000,0.0,-12388000000,0.0,-16352000000,-8947000000,0.0,0.0,493000000,0.017364046210200056,493000000,0.017364046210200056,493000000,0.0,0.0,0.0,0.0,0.0,81.0,81.0,0.0,0.0,https://www.sec.gov/Archives/edgar/data/1131399/000095012311022182/0000950123-11-022182-index.htm,https://www.sec.gov/Archives/edgar/data/1131399/000095012311022182/u10626e20vf.htm
0,2009-12-31,GSK,2010-03-01,Not found...,FY,0.0,7380000000,-7380000000,0.0,-4106000000,-9592000000,0.0,0.0,-13698000000,-6318000000,0.0,0.0,1135000000,0.0,1135000000,0.0,1135000000,0.0,0.0,0.0,0.0,0.0,64.0,64.0,0.0,0.0,https://www.sec.gov/Archives/edgar/data/1131399/000095012310019098/0000950123-10-019098-index.htm,https://www.sec.gov/Archives/edgar/data/1131399/000095012310019098/u08350e20vf.htm
0,2008-12-31,GSK,2009-03-04,Not found...,FY,0.0,12191000000,-12191000000,0.0,-3681000000,-7656000000,0.0,0.0,-11337000000,854000000,0.0,0.0,541000000,0.0,541000000,0.0,541000000,0.0,0.0,0.0,0.0,0.0,48.0,48.0,0.0,0.0,https://www.sec.gov/Archives/edgar/data/1131399/000115697309000126/0001156973-09-000126-index.htm,https://www.sec.gov/Archives/edgar/data/1131399/000115697309000126/u06336e20vf.htm
0,2007-12-31,GSK,2008-02-29,Not found...,FY,0.0,10523000000,-10523000000,0.0,-3327000000,-6954000000,0.0,0.0,-10281000000,242000000,0.0,0.0,475000000,0.0,475000000,0.0,475000000,0.0,0.0,0.0,0.0,0.0,50.0,50.0,0.0,0.0,https://www.sec.gov/Archives/edgar/data/1131399/000115697308000248/0001156973-08-000248-index.htm,https://www.sec.gov/Archives/edgar/data/1131399/000115697308000248/u54927_20f.htm
0,2006-12-31,GSK,2007-03-02,Not found...,FY,0.0,5010000000,-5010000000,0.0,-3457000000,-7257000000,0.0,0.0,-10714000000,-5704000000,0.0,0.0,307000000,0.0,307000000,0.0,307000000,0.0,0.0,0.0,0.0,0.0,56.0,56.0,0.0,0.0,https://www.sec.gov/Archives/edgar/data/1131399/000115697307000334/0001156973-07-000334-index.htm,https://www.sec.gov/Archives/edgar/data/1131399/000115697307000334/u52008-20f.htm
0,2005-12-31,GSK,2006-03-03,Not found...,FY,0.0,4764000000,-4764000000,0.0,-3136000000,-7250000000,0.0,0.0,-10386000000,-5622000000,0.0,0.0,364000000,0.0,364000000,0.0,364000000,0.0,0.0,0.0,0.0,0.0,52.0,52.0,0.0,0.0,https://www.sec.gov/Archives/edgar/data/1131399/000102123106000123/0001021231-06-000123-index.htm,https://www.sec.gov/Archives/edgar/data/1131399/000102123106000123/b822393.htm
0,2004-12-31,GSK,2005-03-08,Not found...,FY,20359000000,4309000000,16050000000,0.7883491330615453,-2839000000,-7061000000,0.0,9840000000,-60000000,4249000000,0.0,0.0,-60000000,-0.0029470995628468983,-60000000,-0.0029470995628468983,-60000000,0.0,0.0,0.0,0.0,0.0,95.0,95.0,0.0,0.0,https://www.sec.gov/Archives/edgar/data/1131399/000102123105000197/0001021231-05-000197-index.htm,https://www.sec.gov/Archives/edgar/data/1131399/000102123105000197/b784608-20f.htm
0,2003-12-31,GSK,2004-03-26,Not found...,FY,21441000000,4544000000,16897000000,0.7880695863066088,-2791000000,-7581000000,0.0,10239000000,-133000000,4411000000,0.0,0.0,-133000000,-0.006203068886712374,-133000000,-0.006203068886712374,-133000000,0.0,0.0,0.0,0.0,0.0,93.0,93.0,0.0,0.0,https://www.sec.gov/Archives/edgar/data/1131399/000102123104000207/0001021231-04-000207-index.htm,https://www.sec.gov/Archives/edgar/data/1131399/000102123104000207/b744172-20f.htm
