,date,symbol,fillingDate,acceptedDate,period,revenue,costOfRevenue,grossProfit,grossProfitRatio,researchAndDevelopmentExpenses,generalAndAdministrativeExpenses,sellingAndMarketingExpenses,otherExpenses,operatingExpenses,costAndExpenses,interestExpense,depreciationAndAmortization,ebitda,ebitdaratio,operatingIncome,operatingIncomeRatio,totalOtherIncomeExpensesNet,incomeBeforeTax,incomeBeforeTaxRatio,incomeTaxExpense,netIncome,netIncomeRatio,eps,epsdiluted,weightedAverageShsOut,weightedAverageShsOutDil,link,finalLink
0,2019-12-31,CLPT,2020-03-27 00:00:00,2020-03-27 16:11:08,FY,11216940,3832880.0,7384060.0,0.658295,2922280.0,9055450.0,4755516.0,0.0,11977740,15810620,955166.0,143600.0,-4441024.0,-0.395921,-4593680.0,-0.409531,9050.0,-5539790.0,-0.493877,0.0,-5539790.0,-0.493877,-0.42111,-0.42111,13155160,13155160,https://www.sec.gov/Archives/edgar/data/1285550/000117152020000159/0001171520-20-000159-index.html,https://www.sec.gov/Archives/edgar/data/1285550/000117152020000159/eps8906.htm
0,2018-12-31,CLPT,2019-04-01 00:00:00,2019-04-01 16:06:35,FY,7353270.0,2433070.0,4920200.0,0.669117,2310140.0,7857830.0,3532040.0,0.0,10167960,12601030,980383.0,109440.0,-5073647.0,-0.689985,-5247760.0,-0.713663,360.0,-6163470.0,-0.838194,0.0,-6163470.0,-0.838194,-0.564,-0.564,10928210,10928210,https://www.sec.gov/Archives/edgar/data/1285550/000153442419000092/0001534424-19-000092-index.html,https://www.sec.gov/Archives/edgar/data/1285550/000153442419000092/f19-0588.htm
0,2017-12-31,CLPT,2018-03-21 00:00:00,2018-03-21 16:43:04,FY,7379530.0,2898810.0,4480720.0,0.607182,2813730.0,8002820.0,3956455.0,0.0,10816550,13715360,872926.0,116450.0,-6177974.0,-0.837177,-6335830.0,-0.858568,16680.0,-7167350.0,-0.971247,0.0,-7167350.0,-0.971247,-0.92621,-0.92621,7738340.0,7738340.0,https://www.sec.gov/Archives/edgar/data/1285550/000153442418000090/0001534424-18-000090-index.html,https://www.sec.gov/Archives/edgar/data/1285550/000153442418000090/f18-1073.htm
0,2016-12-31,CLPT,2017-03-09 00:00:00,2017-03-09 16:06:26,FY,5749450.0,2642760.0,3106690.0,0.540346,2628180.0,7967250.0,0.0,0.0,11407340.000000002,14050100.000000002,1060065.0,155710.0,-6854125.0,-1.192136,-8300650.0,-1.443729,216080.0,-8069900.0,-1.403595,0.0,-8069900.0,-1.403595,-2.9294,-2.9294,2754800.0,2754800.0,https://www.sec.gov/Archives/edgar/data/1285550/000153442417000093/0001534424-17-000093-index.html,https://www.sec.gov/Archives/edgar/data/1285550/000153442417000093/f17-1000.htm
0,2015-12-31,CLPT,2016-03-25 00:00:00,2016-03-25 13:29:00,FY,4594190.0,1987640.0,2606550.0,0.567358,1957330.0,8370750.0,0.0,0.0,11580660,13568300,1262343.0,211950.0,-6974957.0,-1.518213,-8974110.0,-1.953361,230880.0,-8449250.0,-1.839116,0.0,-8449250.0,-1.839116,-4.48272,-4.48272,1884850.0,1884850.0,https://www.sec.gov/Archives/edgar/data/1285550/000153442416000661/0001534424-16-000661-index.html,https://www.sec.gov/Archives/edgar/data/1285550/000153442416000661/f16-0628.htm
0,2014-12-31,CLPT,,,FY,121871.0,1927138.0,-1805267.0,-14.8129333476,3297112.0,8039455.0,0.0,0.0,11336567,13263705,1018807.0,708248.0,-4612374.0,-37.846362137,-5320622.0,-43.657818513,0.0,-4524732.0,0.0,0.0,-4524732.0,-37.1272246884,-0.07638,-0.07638,59240848,59240848,,
0,2013-12-31,CLPT,,,FY,82037.0,1421148.0,-1339111.0,-16.3232565793,2922912.0,7061286.0,0.0,1356177.0,11340375,11405346,499839.0,569601.0,-6905170.0,-84.1714104611,-7474771.0,-91.114631203,0.0,-7086274.0,0.0,0.0,-7086274.0,-86.3789997196,-0.12375,-0.12375,57261713,57261713,,
0,2012-12-31,CLPT,2013-03-11 00:00:00,2013-03-11 16:35:23,FY,5058235.0,555703.0,4502532.0,0.89013895163,2484503.0,6029844.0,0.0,0.0,8514347.0,9070050.0,2594807.0,2478048.0,-3399670.0,-0.672105981632,-5877718.0,-1.16200967333,0.0,-5877718.0,0.0,0.0,-5877718.0,-1.16200967333,-0.14558,-0.14558,40374048,40374048,https://www.sec.gov/Archives/edgar/data/1285550/000143774913002608/0001437749-13-002608-index.html,https://www.sec.gov/Archives/edgar/data/1285550/000143774913002608/mrii_10k-123112.htm
