,date,symbol,fillingDate,acceptedDate,period,revenue,costOfRevenue,grossProfit,grossProfitRatio,researchAndDevelopmentExpenses,generalAndAdministrativeExpenses,sellingAndMarketingExpenses,otherExpenses,operatingExpenses,costAndExpenses,interestExpense,depreciationAndAmortization,ebitda,ebitdaratio,operatingIncome,operatingIncomeRatio,totalOtherIncomeExpensesNet,incomeBeforeTax,incomeBeforeTaxRatio,incomeTaxExpense,netIncome,netIncomeRatio,eps,epsdiluted,weightedAverageShsOut,weightedAverageShsOutDil,link,finalLink
0,2019-12-31,DARE,2020-03-27,2020-03-27 16:23:50,FY,0.0,0.0,0.0,1.0,8546110.0,5798770.0,0.0,533334.0,14344880,14344880,0.0,11140.0,-14252690,-11.9447858333,-14344880,-11.9540666667,81050.0,-14263830,-11.8866666667,0.0,-14263830,-11.886525,-0.91558,-0.91558,0.0,0.0,https://www.sec.gov/Archives/edgar/data/1401914/000140191420000042/0001401914-20-000042-index.htm,https://www.sec.gov/Archives/edgar/data/1401914/000140191420000042/dare-20191231x10k.htm
0,2018-12-31,DARE,2019-04-01,2019-04-01 16:20:20,FY,0.0,0.0,0.0,0.0,6413960.0,5280840.0,0.0,5812519.0,16882310,16882310,0.0,2440.0,-16736380,0.0,-16882310,0.0,143500.0,-16738820,0.0,0.0,-16738820,0.0,-1.55965,-1.55965,10732421,10732421,https://www.sec.gov/Archives/edgar/data/1401914/000140191419000015/0001401914-19-000015-index.htm,https://www.sec.gov/Archives/edgar/data/1401914/000140191419000015/dare-20181231x10k.htm
0,2017-12-31,DARE,2018-03-28,2018-03-28 17:31:54,FY,0.0,0.0,0.0,0.0,984750.0,2704850.0,0.0,7490886.0,11180490,11180490,322629.0,0.0,-11180491,0.0,-11180490,0.0,0.0,-11503120,0.0,0.0,-11503120,0.0,-3.55883,-3.55883,2283673.0,2935600.0,https://www.sec.gov/Archives/edgar/data/1401914/000156459018006989/0001564590-18-006989-index.htm,https://www.sec.gov/Archives/edgar/data/1401914/000156459018006989/dare-10k_20171231.htm
0,2016-12-31,DARE,2017-03-31,2017-03-31 16:06:16,FY,766000.0,0.0,766000.0,1.0,72670.0,557930.0,0.0,-2151000.0,630590.0,630590.0,2237000.0,261000.0,1564310.0,-50.4229765013,-630590.0,-51.3120104439,-2151000.0,-672690.0,0.0,0.0,-672690.0,-51.3120104439,-0.80562,-0.80562,27710403000,27710403000,https://www.sec.gov/Archives/edgar/data/1401914/000156459017005798/0001564590-17-005798-index.htm,https://www.sec.gov/Archives/edgar/data/1401914/000156459017005798/ceru-10k_20161231.htm
0,2015-12-31,DARE,2016-03-10,2016-03-10 16:03:29,FY,0.0,0.0,0.0,0.0,25948000,11224000,0.0,-2422000.0,37172000,37172000,2432000.0,192000.0,-36970000,0.0,-37172000,0.0,-2422000.0,-39594000,0.0,0.0,-39594000,0.0,-15.569,-15.569,25431332000,25431332000,https://www.sec.gov/Archives/edgar/data/1401914/000156459016014403/0001564590-16-014403-index.htm,https://www.sec.gov/Archives/edgar/data/1401914/000156459016014403/ceru-10k_20151231.htm
0,2014-12-31,DARE,2015-03-19,2015-03-19 16:09:03,FY,80000.0,0.0,80000.0,1.0,11772000,8587000.0,0.0,-3063000.0,22852000,22852000,1083000.0,126000.0,-22259000,-290.2,-22772000,-291.775,-3063000.0,-23342000,-291.775,0.0,-23342000,-291.775,-16.04427,-16.04427,14548516000,14548516000,https://www.sec.gov/Archives/edgar/data/1401914/000156459015001834/0001564590-15-001834-index.htm,https://www.sec.gov/Archives/edgar/data/1401914/000156459015001834/ceru-10k_20141231.htm
