,date,symbol,fillingDate,acceptedDate,period,revenue,costOfRevenue,grossProfit,grossProfitRatio,researchAndDevelopmentExpenses,generalAndAdministrativeExpenses,sellingAndMarketingExpenses,otherExpenses,operatingExpenses,costAndExpenses,interestExpense,depreciationAndAmortization,ebitda,ebitdaratio,operatingIncome,operatingIncomeRatio,totalOtherIncomeExpensesNet,incomeBeforeTax,incomeBeforeTaxRatio,incomeTaxExpense,netIncome,netIncomeRatio,eps,epsdiluted,weightedAverageShsOut,weightedAverageShsOutDil,link,finalLink
0,2019-12-31,HSTM,2020-02-26 00:00:00,2020-02-26 17:18:08,FY,254112000,103890000,150222000,0.591165,29109000,78524000,37945000,40579000,135502000,239392000,0.0,27869000,47372000,0.186422,14720000,0.057927,3209000.0,17929000,0.070556,3733000.0,15770000,0.062059,0.48631,0.48631,32428000,32428000,https://www.sec.gov/Archives/edgar/data/1095565/000156459020006849/0001564590-20-006849-index.html,https://www.sec.gov/Archives/edgar/data/1095565/000156459020006849/hstm-10k_20191231.htm
0,2018-12-31,HSTM,2019-02-25 00:00:00,2019-02-25 16:31:44,FY,231616000,96014000,135602000,0.58546,25735000,70145000,35698000,34447000,120111000,216125000,0.0,24231000,59772000,0.258065,15491000,0.066882,1084000.0,16575000,0.071562,3324000.0,32217000,0.139097,0.99635,0.99635,32335000,32335000,https://www.sec.gov/Archives/edgar/data/1095565/000156459019004096/0001564590-19-004096-index.html,https://www.sec.gov/Archives/edgar/data/1095565/000156459019004096/hstm-10k_20181231.htm
0,2017-12-31,HSTM,2018-02-26 00:00:00,2018-02-26 16:20:03,FY,214899000,87208000,127691000,0.594191,24148000,70089000,42915000,34765000,118283999.99999999,205492000,0.0,24047000,34580000,0.160913,9407000.0,0.043774,733000.0,10140000,0.047185,529000.0,10004000,0.046552,0.31072,0.31072,32196000,32196000,https://www.sec.gov/Archives/edgar/data/1095565/000119312518058490/0001193125-18-058490-index.html,https://www.sec.gov/Archives/edgar/data/1095565/000119312518058490/d488459d10k.htm
0,2016-12-31,HSTM,2017-02-27 00:00:00,2017-02-27 16:48:43,FY,192124000,74966000,117158000,0.609804,24234000,65387000,39004000,33665000,109987000.00000001,184953000,0.0,20366000,26514000,0.138005,7171000.0,0.037325,581000.0,7752000.0,0.040349,2393000.0,3755000.0,0.019545,0.11709,0.11709,32068000,32068000,https://www.sec.gov/Archives/edgar/data/1095565/000119312517059135/0001193125-17-059135-index.html,https://www.sec.gov/Archives/edgar/data/1095565/000119312517059135/d308859d10k.htm
0,2015-12-31,HSTM,2016-02-26 00:00:00,2016-02-26 16:03:13,FY,209002000,89386000,119616000,0.57232,24214000,64848000,35589000,29259000,106059000,195445000,0.0,16997000,30716000,0.146965,13557000,0.064865,162000.0,13719000,0.065641,5098000.0,8621000.0,0.041248,0.28325,0.28325,30436000,30436000,https://www.sec.gov/Archives/edgar/data/1095565/000119312516481909/0001193125-16-481909-index.html,https://www.sec.gov/Archives/edgar/data/1095565/000119312516481909/d111635d10k.htm
0,2014-12-31,HSTM,2015-02-27,2015-02-27 16:03:59,FY,170690000,74145000,96545000,0.565616,16463000,52776000,29867000,101539000,80170000,154315000,0.0,10931000,27452000,0.16083,16375000,0.095934,146000.0,16521000,0.09679,6127000.0,10394000,0.060894,0.37091,0.37091,28023000,28023000,https://www.sec.gov/Archives/edgar/data/1095565/000119312515069659/d853459d10k.htm,https://www.sec.gov/Archives/edgar/data/1095565/000119312515069659/d853459d10k.htm
0,2013-12-31,HSTM,2014-03-04,2014-03-04 15:21:32,FY,132300000,55600000,76700000,0.579743,11800000,42400000,24052000,75214000,61999999.99999999,117599999.99999999,0.0,7850000.0,22674000,0.171383,14700000,0.111111,200000.0,14800000,0.111867,6424000.0,8400000.0,0.063492,0.30325,0.30325,27700000,27700000,https://www.sec.gov/Archives/edgar/data/1095565/000119312514082130/d663921d10k.htm,https://www.sec.gov/Archives/edgar/data/1095565/000119312514082130/d663921d10k.htm
0,2012-12-31,HSTM,2013-03-01 00:00:00,2013-03-01 10:55:50,FY,103700000,41700000,62100000,0.598843,8600000.0,33200000,19892000,56929000,48599999.99999999,90300000,0.0,6660000.0,20192000,0.194716,13500000,0.130183,100000.0,13600000,0.131148,5932000.0,7600000.0,0.073288,0.27636,0.27636,27500000,27500000,https://www.sec.gov/Archives/edgar/data/1095565/000119312513086559/0001193125-13-086559-index.html,https://www.sec.gov/Archives/edgar/data/1095565/000119312513086559/d479908d10k.htm
0,2011-12-31,HSTM,2012-02-28 00:00:00,2012-02-28 15:53:22,FY,82100000,31100000,51000000,0.621194,7500000.0,26800000,0.0,43951000,39600000,70700000,0.0,5410000.0,16714000,0.203581,11300000,0.137637,0.0,11300000,0.137637,4404000.0,6900000.0,0.084044,0.29114,0.29114,23700000,23700000,https://www.sec.gov/Archives/edgar/data/1095565/000119312512085082/0001193125-12-085082-index.html,https://www.sec.gov/Archives/edgar/data/1095565/000119312512085082/d264524d10k.htm
0,2010-12-31,HSTM,2011-03-23,2011-03-23 17:22:55,FY,65800000,24200000,41600000,0.632219,7000000.0,22600000,13053675000,36059460000,34500000,58700000,40925000,4880000.0,2934292000,44.594103,7100000.0,0.107903,0.0,7000000.0,0.106383,2884287000,4200000.0,0.06383,0.18667,0.18667,22500000,22500000,https://www.sec.gov/Archives/edgar/data/1095565/000095012311028319/g26538e10vk.htm,https://www.sec.gov/Archives/edgar/data/1095565/000095012311028319/g26538e10vk.htm
0,2009-12-31,HSTM,2010-03-26 00:00:00,2010-03-25 20:20:18,FY,57400000,21300000,36100000,0.62892,6300000.0,19500000,10930233000,32768231000,30999999.999999996,52299999.99999999,40695000,5140000.0,50935000,0.887369,5100000.0,0.08885,0.0,5100000.0,0.08885,-8900000.0,14000000,0.243902,0.6422,0.6422,21800000,21800000,https://www.sec.gov/Archives/edgar/data/1095565/000095012310028375/0000950123-10-028375-index.html,https://www.sec.gov/Archives/edgar/data/1095565/000095012310028375/g22593e10vk.htm
0,2008-12-31,HSTM,2009-03-27 00:00:00,2009-03-27 17:09:28,FY,51600000,19700000,31900000,0.618217,5700000.0,19000000,0.0,30146000,29400000.000000004,49100000,100000.0,4820000.0,7519000.0,0.145717,2500000.0,0.04845,0.0,2600000.0,0.050388,-301000.0,2900000.0,0.056202,0.13063,0.13063,22200000,22200000,https://www.sec.gov/Archives/edgar/data/1095565/000095014409002667/0000950144-09-002667-index.html,https://www.sec.gov/Archives/edgar/data/1095565/000095014409002667/g18203e10vk.htm
0,2007-12-31,HSTM,2008-03-28,2008-03-28 16:36:24,FY,43900000,16200000,27800000,0.633257,4300000.0,17100000,0.0,24973000,25800000,42000000,200000.0,4510000.0,6865000.0,0.156378,1900000.0,0.04328,0.0,2100000.0,0.047836,-1945000.0,4100000.0,0.093394,0.18062,0.18062,22700000,22700000,https://www.sec.gov/Archives/edgar/data/1095565/000095014408002385/g12487e10vk.htm,https://www.sec.gov/Archives/edgar/data/1095565/000095014408002385/g12487e10vk.htm
0,2006-12-31,HSTM,2007-03-30,2007-03-30 16:08:55,FY,31800000,10900000,20900000,0.657233,3500000.0,12600000,0.0,17261000,19000000,29900000,600000.0,2889999.9999999995,6018000.0,0.189245,1900000.0,0.059748,0.0,2500000.0,0.078616,28000.0,2500000.0,0.078616,0.11161,0.11161,22400000,22400000,https://www.sec.gov/Archives/edgar/data/1095565/000095014407002920/g06310e10vk.htm,https://www.sec.gov/Archives/edgar/data/1095565/000095014407002920/g06310e10vk.htm
0,2005-12-31,HSTM,2006-03-30 00:00:00,2006-03-30 15:57:59,FY,27400000,9700000.0,17600000,0.642336,2900000.0,10400000,0.0,15352000,16100000,25800000,300000.0,2679999.9999999995,4901000.0,0.178869,1600000.0,0.058394,0.0,1900000.0,0.069343,21000.0,1900000.0,0.069343,0.08676,0.08676,21900000,21900000,https://www.sec.gov/Archives/edgar/data/1095565/000095014406002931/0000950144-06-002931-index.html,https://www.sec.gov/Archives/edgar/data/1095565/000095014406002931/g00515e10vk.htm
0,2004-12-31,HSTM,2005-03-18 00:00:00,2005-03-18 16:05:11,FY,20100000,7300000.0,12800000,0.636816,2500000.0,9400000.0,0.0,11915000,14000000,21300000,200000.0,2110000.0000000005,1310000.0000000002,0.065174,-1300000.0,-0.064677,0.0,-1000000.0,-0.049751,0.0,-1000000.0,-0.049751,-0.04854,-0.04854,20600000,20600000,https://www.sec.gov/Archives/edgar/data/1095565/000095014405002832/0000950144-05-002832-index.html,https://www.sec.gov/Archives/edgar/data/1095565/000095014405002832/g93873e10vk.htm
0,2003-12-31,HSTM,2004-03-25 00:00:00,2004-03-25 16:55:19,FY,18200000,6300000.0,11900000,0.653846,3200000.0,9400000.0,0.0,12563000,15700000,22000000,400000.0,3050000.0,50000.0,0.002747,-3800000.0,-0.208791,0.0,-3400000.0,-0.186813,0.0,-3400000.0,-0.186813,-0.16667,-0.16667,20400000,20400000,https://www.sec.gov/Archives/edgar/data/1095565/000095014404003025/0000950144-04-003025-index.html,https://www.sec.gov/Archives/edgar/data/1095565/000095014404003025/g87953e10vk.htm
0,2002-12-31,HSTM,2003-03-26 00:00:00,2003-03-26 17:18:07,FY,15800000,6000000.0,9800000.0,0.620253,4700000.0,12800000,0.0,15313000,22100000,28100000,700000.0,4390000.0,-11510000,-0.728481,-12400000,-0.78481,0.0,-11600000,-0.734177,0.0,-16600000,-1.050633,-0.81773,-0.81773,20300000,20300000,https://www.sec.gov/Archives/edgar/data/1095565/000095014403003818/0000950144-03-003818-index.html,https://www.sec.gov/Archives/edgar/data/1095565/000095014403003818/g81462e10vk.htm
0,2001-12-31,HSTM,2002-03-22 00:00:00,2002-03-22 00:00:00,FY,13500000,5800000.0,7700000.0,0.57037,5000000.0,14500000,0.0,0.0,29099999.999999996,34900000,1900000.0,9940000.0,-7760000.0,-0.574815,-21400000,-1.585185,0.0,-19600000,-1.451852,0.0,-19600000,-1.451852,-0.98492,-0.98492,19900000,19900000,https://www.sec.gov/Archives/edgar/data/1095565/000095014402002565/0000950144-02-002565-index.html,https://www.sec.gov/Archives/edgar/data/1095565/000095014402002565/g74841e10-k.txt
0,2000-12-31,HSTM,,,FY,9700000.0,4400000.0,5300000.0,0.546392,5600000.0,15400000,0.0,0.0,27900000,32300000,2400000.0,6900000.0,-11000000,-1.134021,-22700000,-2.340206,0.0,-20300000,-2.092784,0.0,-20300000,-2.092784,-1.28481,-1.28481,15800000,15800000,,
