,date,symbol,fillingDate,acceptedDate,period,revenue,costOfRevenue,grossProfit,grossProfitRatio,researchAndDevelopmentExpenses,generalAndAdministrativeExpenses,sellingAndMarketingExpenses,otherExpenses,operatingExpenses,costAndExpenses,interestExpense,depreciationAndAmortization,ebitda,ebitdaratio,operatingIncome,operatingIncomeRatio,totalOtherIncomeExpensesNet,incomeBeforeTax,incomeBeforeTaxRatio,incomeTaxExpense,netIncome,netIncomeRatio,eps,epsdiluted,weightedAverageShsOut,weightedAverageShsOutDil,link,finalLink
0,2020-04-30,CDMOP,2020-06-30,,FY,59702000,55770000,3932000.0,0.0658604401863,0.0,14517000,0.0,355000.0,14517000,14872000,0.0,3091000.0,-7849000.0,-0.131469632508,-10940000,-0.183243442431,474000.0,-10466000,-0.175304009916,0.0,-10466000,-0.175304009916,-0.18581,-0.18581,56523000,56892000,https://www.sec.gov/Archives/edgar/data/704562/000168316820002138/0001683168-20-002138-index.htm,https://www.sec.gov/Archives/edgar/data/704562/000168316820002138/avid_10k-043020.htm
0,2019-04-30,CDMOP,,,FY,53603000,46379000,7224000.0,0.134768576386,0.0,12846000,0.0,0.0,12846000,12846000,0.0,2746000.0,-2876000.0,-0.0536537134116,-5622000.0,-0.10488218943,0.0,-5340000.0,-0.0996212898532,-284000.0,-4215000.0,-0.0786336585639,-0.07529,-0.07529,55981060,55981060,,
0,2018-04-30,CDMOP,,,FY,53621000,56545000,-2924000.0,-0.0545308740978,0.0,16456000,0.0,27000.0,16483000,17714000,0.0,2562000.0,-18076000,-0.337106730572,-20638000,-0.384886518342,0.0,-20563000,-0.383487812611,0.0,-21813000,-0.406799574793,-0.46348,-0.46348,47063020,47063020,,
0,2017-04-30,CDMOP,,,FY,57630000,38259000,19371000,0.336127017179,28297000,19334000,0.0,7000.0,47638000,85890000,0.0,2463000.0,-25797000,-0.447631441957,-28260000,-0.490369599167,0.0,-28159000,0.0,0.0,-28159000,-0.488617039736,-0.75881,-0.75881,37109493,37109493,,
0,2016-04-30,CDMOP,,,FY,44686000,22966000,21391000,0.47869578839,59529000,18551000,0.0,14000.0,78094000,101046000,0.0,1535000.0,-54825000,-1.22689432932,-56360000,-1.2612451327,0.0,-55652000,0.0,0.0,-55652000,-1.24540124424,-0.25733,-0.25733,216265620,216265620,,
0,2015-04-30,CDMOP,,,FY,26781000,15593000,11151000,0.416377282402,42996000,18691000,0.0,0.0,61687000,77280000,1000.0,1041000.0,-49458000,-1.84675702924,-50499000,-1.88562787051,0.0,-50358000,0.0,0.0,-50358000,-1.88036294388,-0.27585,-0.27585,182558332,182558332,,
0,2014-04-30,CDMOP,,,FY,22401000,13110000,9184000.0,0.409981697246,27723000,17274000,0.0,0.0,44997000,58107000,5000.0,986000.0,-34720000,-1.54993080666,-35706000,-1.59394669881,0.0,-35362000,0.0,0.0,-35362000,-1.57859024151,-0.21885,-0.21885,161579649,161579649,,
0,2013-04-30,CDMOP,,,FY,0.0,0.0,0.0,0.0,0.0,0.0,0.0,0.0,0.0,0.0,0.0,0.0,0.0,0.0,0.0,0.0,0.0,0.0,0.0,0.0,0.0,0.0,0.0,0.0,0.0,0.0,,
0,2012-04-30,CDMOP,,,FY,15233000,10153000,5080000.0,0.333486509552,35688000,11462000,0.0,0.0,47150000,57303000,90000.0,941000.0,-41129000,-2.6999934353,-42070000,-2.76176721591,0.0,-42119000,0.0,0.0,-42119000,-2.7649839165,-0.50398,-0.50398,83572761,83572761,,
