,date,symbol,fillingDate,acceptedDate,period,revenue,costOfRevenue,grossProfit,grossProfitRatio,researchAndDevelopmentExpenses,generalAndAdministrativeExpenses,sellingAndMarketingExpenses,otherExpenses,operatingExpenses,costAndExpenses,interestExpense,depreciationAndAmortization,ebitda,ebitdaratio,operatingIncome,operatingIncomeRatio,totalOtherIncomeExpensesNet,incomeBeforeTax,incomeBeforeTaxRatio,incomeTaxExpense,netIncome,netIncomeRatio,eps,epsdiluted,weightedAverageShsOut,weightedAverageShsOutDil,link,finalLink
0,2019-12-31,NVUS,2020-03-17,2020-03-16 20:46:40,FY,0.0,0.0,0.0,0.0,8128000.0,6056000.0,0.0,40000.0,0.0,14184000,0.0,0.0,-12135000,0.0,-14184000,0.0,-1827000.0,-16011000,0.0,0.0,-16011000,0.0,-24.479804,-24.479804,655531.0,655531.0,https://www.sec.gov/Archives/edgar/data/1404281/000156459020011260/0001564590-20-011260-index.htm,https://www.sec.gov/Archives/edgar/data/1404281/000156459020011260/nvus-10k_20191231.htm
0,2018-12-31,NVUS,2019-03-28,2019-03-27 17:53:33,FY,0.0,0.0,0.0,0.0,6817000.0,7243000.0,0.0,-5000.0,0.0,14060000,0.0,0.0,-14049000,0.0,-14060000,0.0,-5000.0,-14065000,0.0,0.0,-14065000,0.0,-28.079775,-28.079775,500301.0,500301.0,https://www.sec.gov/Archives/edgar/data/1404281/000156459019009631/0001564590-19-009631-index.htm,https://www.sec.gov/Archives/edgar/data/1404281/000156459019009631/nvus-10k_20181231.htm
0,2017-12-31,NVUS,2018-04-02,2018-03-30 21:46:17,FY,0.0,0.0,0.0,0.0,2022000.0,11099000,0.0,5000.0,0.0,13121000,0.0,0.0,-13099000,0.0,-13121000,0.0,5000.0,-13116000,0.0,0.0,-13116000,0.0,-41.399669,-41.399669,259869.0,259869.0,https://www.sec.gov/Archives/edgar/data/1404281/000156459018007314/0001564590-18-007314-index.htm,https://www.sec.gov/Archives/edgar/data/1404281/000156459018007314/nvus-10k_20171231.htm
0,2016-12-31,NVUS,2017-03-03,2017-03-03 16:07:58,FY,0.0,0.0,0.0,0.0,25024000,13099000,0.0,0.0,0.0,38123000,0.0,0.0,-37952000,0.0,-38123000,0.0,0.0,-37959000,0.0,0.0,-37959000,0.0,-272.158095,-272.158095,139720.0,139720.0,https://www.sec.gov/Archives/edgar/data/1404281/000119312517069741/0001193125-17-069741-index.htm,https://www.sec.gov/Archives/edgar/data/1404281/000119312517069741/d291766d10k.htm
0,2015-12-31,NVUS,2016-03-10,2016-03-10 07:16:39,FY,0.0,0.0,0.0,0.0,32638000,12623000,0.0,0.0,0.0,45261000,0.0,0.0,-45152000,0.0,-45261000,0.0,0.0,-45087000,0.0,0.0,-45087000,0.0,-325.617721,-325.617721,138793.0,138793.0,https://www.sec.gov/Archives/edgar/data/1404281/000119312516499163/0001193125-16-499163-index.htm,https://www.sec.gov/Archives/edgar/data/1404281/000119312516499163/d227183d10k.htm
0,2014-12-31,NVUS,2015-03-26,2015-03-26 16:36:58,FY,0.0,0.0,0.0,0.0,14577000,8885000.0,0.0,0.0,0.0,23462000,0.0,0.0,-23607000,0.0,-23462000,0.0,166000.0,-23296000,0.0,0.0,-23296000,0.0,-583.195918,-583.195918,39934.0,39934.0,https://www.sec.gov/Archives/edgar/data/1404281/000119312515107051/0001193125-15-107051-index.htm,https://www.sec.gov/Archives/edgar/data/1404281/000119312515107051/d832380d10k.htm
