,date,symbol,fillingDate,acceptedDate,period,revenue,costOfRevenue,grossProfit,grossProfitRatio,researchAndDevelopmentExpenses,generalAndAdministrativeExpenses,sellingAndMarketingExpenses,otherExpenses,operatingExpenses,costAndExpenses,interestExpense,depreciationAndAmortization,ebitda,ebitdaratio,operatingIncome,operatingIncomeRatio,totalOtherIncomeExpensesNet,incomeBeforeTax,incomeBeforeTaxRatio,incomeTaxExpense,netIncome,netIncomeRatio,eps,epsdiluted,weightedAverageShsOut,weightedAverageShsOutDil,link,finalLink
0,2019-12-31,ALSPW.PA,2019-12-31,2019-12-31,FY,5081929.0,3752838.0,1329091.0,0.2615327762351658,0.0,0.0,0.0,0.0,-535689.0,6801113.0,225953.0,1744631.0,94495.0,0.018594317236624126,-1719184.0,-0.6970382703103487,0.0,-3542299.0,-0.6970382703103487,-210362.0,-3331938.0,-0.6556443429256883,-0.007335,-0.007335,454275718,454275718,https://www.infogreffe.com/recherche-entreprise-dirigeants/resultats-entreprise-dirigeants.html?ga_cat=globale&ga_q=A.L.S.P.W#phrase=A.L.S.P.W,https://www.infogreffe.com/recherche-entreprise-dirigeants/resultats-entreprise-dirigeants.html?ga_cat=globale&ga_q=A.L.S.P.W#phrase=A.L.S.P.W
0,2018-12-31,ALSPW.PA,2018-12-31,2018-12-31,FY,6516892.0,4558737.0,1958155.0,0.30047375343952304,0.0,0.0,0.0,0.0,-125395.0,9160099.0,725538.0,1743932.0,-706034.0,-0.10833906715041465,-2643207.0,-0.8660605392877464,0.0,-5644023.0,-0.8660605392877464,-396497.0,-5247525.0,-0.805218960203729,-0.165495,-0.165495,31708133,31708133,https://www.infogreffe.com/recherche-entreprise-dirigeants/resultats-entreprise-dirigeants.html?ga_cat=globale&ga_q=A.L.S.P.W#phrase=A.L.S.P.W,https://www.infogreffe.com/recherche-entreprise-dirigeants/resultats-entreprise-dirigeants.html?ga_cat=globale&ga_q=A.L.S.P.W#phrase=A.L.S.P.W
0,2017-12-31,ALSPW.PA,2017-12-31,2017-12-31,FY,8759745.0,5659866.0,3099879.0,0.3538777669897925,0.0,0.0,0.0,0.0,66669.0,9550268.0,183348.0,933568.0,191919.0,0.02190919941162671,-790523.0,-0.10443112213882938,0.0,-914790.0,-0.10443112213882938,-448086.0,-419205.0,-0.04785584511877914,-0.097521,-0.097521,4298630.0,4298630.0,https://www.infogreffe.com/recherche-entreprise-dirigeants/resultats-entreprise-dirigeants.html?ga_cat=globale&ga_q=A.L.S.P.W#phrase=A.L.S.P.W,https://www.infogreffe.com/recherche-entreprise-dirigeants/resultats-entreprise-dirigeants.html?ga_cat=globale&ga_q=A.L.S.P.W#phrase=A.L.S.P.W
0,2016-12-31,ALSPW.PA,2016-12-31,2016-12-31,FY,5118469.0,4131363.0,987106.0,0.19285180783550707,0.0,0.0,0.0,0.0,61433.0,7486023.0,100452.0,980921.0,-1376130.0,-0.26885578480596445,-2367554.0,-0.5305336419933382,0.0,-2715520.0,-0.5305336419933382,-451063.0,-2264457.0,-0.44240904848695967,-0.579464,-0.579464,3907846.0,3907846.0,https://www.infogreffe.com/recherche-entreprise-dirigeants/resultats-entreprise-dirigeants.html?ga_cat=globale&ga_q=A.L.S.P.W#phrase=A.L.S.P.W,https://www.infogreffe.com/recherche-entreprise-dirigeants/resultats-entreprise-dirigeants.html?ga_cat=globale&ga_q=A.L.S.P.W#phrase=A.L.S.P.W
0,2015-12-31,ALSPW.PA,2015-12-31,2015-12-31,FY,5679687.0,4115567.0,1564120.0,0.2753884148897642,0.0,0.0,0.0,0.0,48709.0,7524673.0,93026.0,815511.0,-1338509.0,-0.23566597948091153,-1844986.0,-0.3956284914996196,0.0,-2247046.0,-0.3956284914996196,-550770.0,-1685538.0,-0.29676600136592035,-0.474454,-0.474454,3552586.0,3552586.0,https://www.infogreffe.com/recherche-entreprise-dirigeants/resultats-entreprise-dirigeants.html?ga_cat=globale&ga_q=A.L.S.P.W#phrase=A.L.S.P.W,https://www.infogreffe.com/recherche-entreprise-dirigeants/resultats-entreprise-dirigeants.html?ga_cat=globale&ga_q=A.L.S.P.W#phrase=A.L.S.P.W
0,2014-12-31,ALSPW.PA,2014-12-31,2014-12-31,FY,5249748.0,3892618.0,1357130.0,0.25851336102228145,0.0,0.0,0.0,0.0,176385.0,7020893.0,0.0,570649.0,-1200496.0,-0.22867688125220487,-1771145.0,-0.3972653544512994,0.0,-2085543.0,-0.3972653544512994,-495912.0,-1666718.0,-0.3174853345341529,-0.473041,-0.473041,3523409.0,3523409.0,https://www.infogreffe.com/recherche-entreprise-dirigeants/resultats-entreprise-dirigeants.html?ga_cat=globale&ga_q=A.L.S.P.W#phrase=A.L.S.P.W,https://www.infogreffe.com/recherche-entreprise-dirigeants/resultats-entreprise-dirigeants.html?ga_cat=globale&ga_q=A.L.S.P.W#phrase=A.L.S.P.W
0,2013-12-31,ALSPW.PA,2013-12-31,2013-12-31,FY,6642958.0,4377280.0,2265678.0,0.34106462813704375,0.0,0.0,0.0,0.0,131564.0,6927561.0,0.0,459000.0,260828.0,0.03926383397275732,-284603.0,-0.05789303500037182,0.0,-384581.0,-0.05789303500037182,-333169.0,-51412.0,-0.007739323355649697,-0.015141,-0.015141,3395503.0,3395503.0,https://www.infogreffe.com/recherche-entreprise-dirigeants/resultats-entreprise-dirigeants.html?ga_cat=globale&ga_q=A.L.S.P.W#phrase=A.L.S.P.W,https://www.infogreffe.com/recherche-entreprise-dirigeants/resultats-entreprise-dirigeants.html?ga_cat=globale&ga_q=A.L.S.P.W#phrase=A.L.S.P.W
0,2012-12-31,ALSPW.PA,2012-12-31,2012-12-31,FY,5523390.0,3713718.0,1809672.0,0.3276379180177391,0.0,0.0,0.0,0.0,346685.0,5390998.0,0.0,330024.0,394145.0,0.07135925581934283,132392.0,0.02541826668042633,0.0,140395.0,0.02541826668042633,-269488.0,409883.0,0.07420859291123748,0.120713,0.120713,3395503.0,3395503.0,https://www.infogreffe.com/recherche-entreprise-dirigeants/resultats-entreprise-dirigeants.html?ga_cat=globale&ga_q=A.L.S.P.W#phrase=A.L.S.P.W,https://www.infogreffe.com/recherche-entreprise-dirigeants/resultats-entreprise-dirigeants.html?ga_cat=globale&ga_q=A.L.S.P.W#phrase=A.L.S.P.W
0,2011-12-31,ALSPW.PA,2011-12-31,2011-12-31,FY,3755832.0,2325645.0,1430187.0,0.3807909938463701,0.0,0.0,0.0,0.0,321616.0,3688022.0,0.0,311856.0,396769.0,0.10564077413473233,67810.0,0.0008554695737189523,0.0,3213.0,0.0008554695737189523,-235398.0,238612.0,0.06353106315724452,0.070273,0.070273,3395503.0,3395503.0,https://www.infogreffe.com/recherche-entreprise-dirigeants/resultats-entreprise-dirigeants.html?ga_cat=globale&ga_q=A.L.S.P.W#phrase=A.L.S.P.W,https://www.infogreffe.com/recherche-entreprise-dirigeants/resultats-entreprise-dirigeants.html?ga_cat=globale&ga_q=A.L.S.P.W#phrase=A.L.S.P.W
