,date,symbol,fillingDate,acceptedDate,period,revenue,costOfRevenue,grossProfit,grossProfitRatio,researchAndDevelopmentExpenses,generalAndAdministrativeExpenses,sellingAndMarketingExpenses,otherExpenses,operatingExpenses,costAndExpenses,interestExpense,depreciationAndAmortization,ebitda,ebitdaratio,operatingIncome,operatingIncomeRatio,totalOtherIncomeExpensesNet,incomeBeforeTax,incomeBeforeTaxRatio,incomeTaxExpense,netIncome,netIncomeRatio,eps,epsdiluted,weightedAverageShsOut,weightedAverageShsOutDil,link,finalLink
0,2019-12-31,BEAT,2020-02-28 00:00:00,2020-02-27 19:59:23,FY,439107000,164833000,274274000,0.624617689993555,13994000,170757000,50664000,-2603000.0,0.0,349584000,9482000.0,0.0,128598000,0.2928625596950174,89523000,0.09047453126458926,-40313000,39728000,0.09047453126458926,9884000.0,29844000,0.0679652112127568,0.88,0.82,33948000,36440000,https://www.sec.gov/Archives/edgar/data/1574774/000157477420000032/0001574774-20-000032-index.html,https://www.sec.gov/Archives/edgar/data/1574774/000157477420000032/beat12311910-k.htm
0,2018-12-31,BEAT,2019-02-22 00:00:00,2019-02-21 21:58:30,FY,399472000,148986000,250486000,0.6270426963591942,11206000,155276000,42849000,-234000.0,0.0,315468000,9429000.0,0.0,123692000,0.3096387231145111,84004000,0.10389714423038411,-33071000,41504000,0.10389714423038411,-370000.0,42820000,0.107191492770457,1.31,1.2,32709000,35783000,https://www.sec.gov/Archives/edgar/data/1574774/000157477419000018/0001574774-19-000018-index.html,https://www.sec.gov/Archives/edgar/data/1574774/000157477419000018/beat12311810-k.htm
0,2017-12-31,BEAT,2018-02-27 00:00:00,2018-02-26 21:28:43,FY,286776000,114406000,172370000,0.6010614556308757,11101000,123919000,35322000,-5755000.0,0.0,249426000,4897000.0,0.0,59772000,0.2084274834714202,37350000,-0.036251290205596004,-42849000,-10396000,-0.036251290205596004,6747000.0,-15956000,-0.05563924456718833,-0.53,-0.53,30386000,30386000,https://www.sec.gov/Archives/edgar/data/1574774/000157477418000014/0001574774-18-000014-index.html,https://www.sec.gov/Archives/edgar/data/1574774/000157477418000014/biotelemetry10-k.htm
0,2016-12-31,BEAT,2017-02-22 00:00:00,2017-02-22 17:18:01,FY,208332000,78882000,129450000,0.6213639767294511,8355000.0,85232000,28636000,-98000.0,0.0,172469000,0.0,0.0,67885000,0.32585008544054683,35863000,0.07569648445750053,-17851000,15770000,0.07569648445750053,-37667000,53437000,0.2564992415951462,1.91,1.75,27920000,30489000,https://www.sec.gov/Archives/edgar/data/1574774/000104746917000837/0001047469-17-000837-index.html,https://www.sec.gov/Archives/edgar/data/1574774/000104746917000837/a2230976z10-k.htm
0,2015-12-31,BEAT,2016-02-22 00:00:00,2016-02-22 16:09:27,FY,178513000,71956000,106557000,0.596914510427812,7111000.0,75868000,27936000,-6063000.0,0.0,154935000,0.0,0.0,50126000,0.28079747693445295,23578000,0.04423207273419863,-14060000,7896000.0,0.04423207273419863,468000.0,7428000.0,0.041610414927764364,0.27,0.26,27116000,29089000,https://www.sec.gov/Archives/edgar/data/1574774/000104746916010284/0001047469-16-010284-index.html,https://www.sec.gov/Archives/edgar/data/1574774/000104746916010284/a2227390z10-k.htm
0,2014-12-31,BEAT,2015-02-23,2015-02-23 16:46:58,FY,166578000,73114000,93464000,0.5610824958878123,7396000.0,74605000,28805000,-7793000.0,0.0,155115000,0.0,0.0,39789000,0.23886107409141663,11463000,-0.0726746629206738,-23569000,-12106000,-0.0726746629206738,-2313000.0,-9793000.0,-0.05878927589477602,-0.37,-0.37,26445000,26445000,https://www.sec.gov/Archives/edgar/data/1574774/000104746915001062/a2223115z10-k.htm,https://www.sec.gov/Archives/edgar/data/1574774/000104746915001062/a2223115z10-k.htm
0,2013-12-31,BEAT,2014-02-26,2014-02-26 17:00:50,FY,129501000,50431000,79070000,0.6105744357186431,7338000.0,63336000,26275000,-223000.0,0.0,121105000,0.0,0.0,35991000,0.2779206338174995,8396000.0,-0.05485671925313318,-15500000,-7104000.0,-0.05485671925313318,215000.0,-7319000.0,-0.056516938093142136,-0.29,-0.29,25543646,25543646,https://www.sec.gov/Archives/edgar/data/1574774/000104746914001401/0001047469-14-001401-index.htm,https://www.sec.gov/Archives/edgar/data/1574774/000104746914001401/a2218549z10-k.htm
