,date,symbol,fillingDate,acceptedDate,period,revenue,costOfRevenue,grossProfit,grossProfitRatio,researchAndDevelopmentExpenses,generalAndAdministrativeExpenses,sellingAndMarketingExpenses,otherExpenses,operatingExpenses,costAndExpenses,interestExpense,depreciationAndAmortization,ebitda,ebitdaratio,operatingIncome,operatingIncomeRatio,totalOtherIncomeExpensesNet,incomeBeforeTax,incomeBeforeTaxRatio,incomeTaxExpense,netIncome,netIncomeRatio,eps,epsdiluted,weightedAverageShsOut,weightedAverageShsOutDil,link,finalLink
0,2019-12-31,ICUI,2020-03-02,2020-03-02 08:35:55,FY,1266208000,794344000,471864000,0.37265915236675173,48611000,276982000,0.0,-47400000,364503999.9999999,1158848000,549000.0,76916000,192172000,0.15177,107360000,0.084789,1096000.0,114707000,0.090591,13672000,101035000,0.079793,4.68949,4.68949,20629000,21545000,https://www.sec.gov/Archives/edgar/data/883984/000088398420000014/0000883984-20-000014-index.htm,https://www.sec.gov/Archives/edgar/data/883984/000088398420000014/icui1231201910-k.htm
0,2018-12-31,ICUI,2019-03-01,2019-03-01 17:28:27,FY,1400040000,830012000,570028000,0.4071512242507357,52867000,320002000,0.0,20400000,540272000.0000002,1370284000.0000002,709000.0,74735000,97818000,0.069868,29756000,0.021254,-3973000.0,22374000,0.015981,-6419000.0,28793000,0.020566,1.33295,1.33295,20394000,21601000,https://www.sec.gov/Archives/edgar/data/883984/000088398419000007/0000883984-19-000007-index.htm,https://www.sec.gov/Archives/edgar/data/883984/000088398419000007/icui1231201810-k.htm
0,2017-12-31,ICUI,2018-03-16,2018-03-16 17:20:37,FY,1292613000,866518000,426095000,0.32963849195389494,51253000,302169000,0.0,8000000.0,368499000,1235017000,2047000.0,66569000,119899000,0.092757,57596000,0.044558,-6066000.0,51283000,0.039674,-17361000,68644000,0.053105,3.29102,3.29102,19614000,20858000,https://www.sec.gov/Archives/edgar/data/883984/000088398418000010/0000883984-18-000010-index.htm,https://www.sec.gov/Archives/edgar/data/883984/000088398418000010/icui1231201710-k.htm
0,2016-12-31,ICUI,2017-03-01,2017-03-01 17:25:49,FY,379372000,177974000,201398000,0.5308720727939858,12955000,89426000,0.0,16076000,117001000.00000003,294975000.00000006,0.0,19050000,104214000,0.274701,84397000,0.222465,767000.0,85164000,0.224487,22080000,63084000,0.166285,3.6562,3.6562,16168000,17254000,https://www.sec.gov/Archives/edgar/data/883984/000088398417000013/0000883984-17-000013-index.htm,https://www.sec.gov/Archives/edgar/data/883984/000088398417000013/icui1231201610-k.htm
0,2015-12-31,ICUI,2016-02-26,2016-02-26 15:59:10,FY,341668000,160871000,180797000,0.5291598862053222,15714000,83216000,0.0,13302000,112232000,273103000,0.0,18073000,87772000,0.256893,68565000,0.200677,1134000.0,69699000,0.203996,24714000,44985000,0.131663,2.72702,2.72702,15848000,16496000,https://www.sec.gov/Archives/edgar/data/883984/000088398416000057/0000883984-16-000057-index.htm,https://www.sec.gov/Archives/edgar/data/883984/000088398416000057/icui1231201510-k.htm
0,2014-12-31,ICUI,2015-02-20,2015-02-20 17:04:21,FY,309260000,157859000,151401000,0.4895589471641984,18332000,88939000,0.0,5093000.0,112364000,270223000,0.0,19447000,59239000,0.191551,39037000,0.126227,755000.0,39792000,0.128668,13457000,26335000,0.085155,1.68307,1.68307,15282000,15647000,https://www.sec.gov/Archives/edgar/data/883984/000088398415000005/0000883984-15-000005-index.htm,https://www.sec.gov/Archives/edgar/data/883984/000088398415000005/icui1231201410-k.htm
0,2013-12-31,ICUI,2014-02-21,2014-02-21 15:27:33,FY,313700000,159000000,154700000,0.49314631813834875,12400000,89000000,0.0,0.0,102800000.00000001,261800000,0.0,19500000,72196000,0.230143,51900000,0.165445,800000.0,52700000,0.167995,12296000,40400000,0.128785,2.64052,2.64052,14688000,15274000,https://www.sec.gov/Archives/edgar/data/883984/000088398414000012/0000883984-14-000012-index.htm,https://www.sec.gov/Archives/edgar/data/883984/000088398414000012/icui1231201310-k.htm
0,2012-12-31,ICUI,2013-02-26,2013-02-26 14:34:22,FY,316900000,160400000,156500000,0.49384663931839695,10600000,84600000,0.0,0.0,95199999.99999999,255600000,0.0,19000000,80858000,0.255153,61300000,0.193436,600000.0,61800000,0.195014,20558000,41300000,0.130325,2.80952,2.80952,14223000,14725000,https://www.sec.gov/Archives/edgar/data/883984/000088398413000016/0000883984-13-000016-index.htm,https://www.sec.gov/Archives/edgar/data/883984/000088398413000016/icui1231201210-k.htm
0,2011-12-31,ICUI,2012-03-23,2012-03-23 16:57:37,FY,302200000,159800000,142400000,0.47121111846459296,8600000.0,85300000,0.0,0.0,77199999.99999999,237000000,0.0,18300000,84753000,0.280453,65200000,0.215751,1200000.0,66400000,0.219722,21753000,44700000,0.147915,3.14789,3.14789,13835.0,14161.0,https://www.sec.gov/Archives/edgar/data/883984/000088398412000041/0000883984-12-000041-index.htm,https://www.sec.gov/Archives/edgar/data/883984/000088398412000041/icui1231201110-k.htm
0,2010-12-31,ICUI,2011-02-18,2011-02-18 11:57:18,FY,283000000,154000000,129000000,0.4558303886925795,4700000.0,76600000,0.0,0.0,81300000.00000001,235300000,0.0,17300000,65679000,0.232081,47700000,0.168551,100000.0,47800000,0.168905,18479000,29900000,0.105654,2.15108,2.15108,13611.0,13855.0,https://www.sec.gov/Archives/edgar/data/883984/000110465911008318/0001104659-11-008318-index.htm,https://www.sec.gov/Archives/edgar/data/883984/000110465911008318/a11-2379_110k.htm
0,2009-12-31,ICUI,2010-02-19,2010-02-19 14:54:54,FY,229000000,122700000,106300000,0.4641921397379913,2600000.0,68200000,0.0,0.0,70800000,193500000,0.0,15700000,28108000,0.122742,35400000,0.154585,1200000.0,36600000,0.159825,-12592000,25000000,0.10917,1.66667,1.66667,14720.0,14984.0,https://www.sec.gov/Archives/edgar/data/883984/000110465910008164/0001104659-10-008164-index.htm,https://www.sec.gov/Archives/edgar/data/883984/000110465910008164/a10-1412_110k.htm
0,2008-12-31,ICUI,2009-02-20,2009-02-20 00:00:00,FY,204700000,114900000,89800000,0.4386907669760625,4800000.0,53600000,0.0,0.0,54400000.00000001,169300000,0.0,14200000,26722000,0.130542,35400000,0.172936,700000.0,36100000,0.176356,-11778000,24300000,0.11871,1.66438,1.66438,14144245,14564893,https://www.sec.gov/Archives/edgar/data/883984/000110465909011196/0001104659-09-011196-index.htm,https://www.sec.gov/Archives/edgar/data/883984/000110465909011196/a09-1720_110k.htm
0,2007-12-31,ICUI,2008-02-22,2008-02-22 16:07:18,FY,188100000,109900000,78200000,0.41573631047315257,8100000.0,45500000,0.0,0.0,53599999.99999999,163500000,4400000.0,11800000,28963000,0.153977,24600000,0.130781,4300000.0,33300000,0.177033,-10337000,23100000,0.122807,1.5098,1.5098,14281696,15265108,https://www.sec.gov/Archives/edgar/data/883984/000110465908012370/0001104659-08-012370-index.htm,https://www.sec.gov/Archives/edgar/data/883984/000110465908012370/a08-6175_110k.htm
0,2006-12-31,ICUI,2007-03-01,2007-03-01 15:08:52,FY,201600000,120900000,80700000,0.40029761904761907,7700000.0,44200000,0.0,0.0,49799999.99999998,170699999.99999997,3700000.0,11200000,30360000,0.150595,30900000,0.153274,800000.0,35300000,0.175099,-10240000,25700000,0.12748,1.64744,1.64744,14411699,15599132,https://www.sec.gov/Archives/edgar/data/883984/000110465907015473/0001104659-07-015473-index.htm,https://www.sec.gov/Archives/edgar/data/883984/000110465907015473/a07-5940_110k.htm
0,2005-12-31,ICUI,2006-03-10,2006-03-10 16:09:58,FY,157500000,88100000,69400000,0.44063492063492066,4800000.0,37000000,0.0,0.0,41800000.00000001,129900000.00000001,2200000.0,9700000.0,42659000,0.270851,27600000,0.175238,500000.0,30300000,0.192381,10459000,20300000,0.128889,1.35333,1.35333,13810516,15039890,https://www.sec.gov/Archives/edgar/data/883984/000110465906015798/0001104659-06-015798-index.htm,https://www.sec.gov/Archives/edgar/data/883984/000110465906015798/a06-6604_110k.htm
0,2004-12-31,ICUI,,,FY,75600000,39900000,35700000,0.472222,3400000.0,26400000,0.0,0.0,29699999.999999996,69600000,1600000.0,8600000.0,17800000,0.23545,5900000.0,0.078042,0.0,7500000.0,0.099206,2600000.0,5000000.0,0.066138,0.33333,0.33333,15000000,15000000,,
0,2003-12-31,ICUI,,,FY,107400000,48400000,58900000,0.548417,1800000.0,23000000,0.0,0.0,24800000.000000004,73200000,1100000.0,7400000.0,43800000,0.407821,34100000,0.317505,0.0,35200000,0.327747,13000000,22300000,0.207635,1.47682,1.47682,15100000,15100000,,
0,2002-12-31,ICUI,,,FY,87800000,36500000,51300000,0.584282,1500000.0,19900000,0.0,0.0,21299999.999999996,57800000,1400000.0,5300000.0,38200000,0.43508,30000000,0.341686,0.0,31400000,0.357631,11800000,19700000,0.224374,1.27922,1.27922,15400000,15400000,,
0,2001-12-31,ICUI,,,FY,69100000,28900000,40100000,0.580318,1200000.0,16800000,0.0,0.0,18000000,46900000,2000000.0,5000000.0,31100000,0.450072,22100000,0.319826,0.0,24100000,0.34877,8700000.0,15400000,0.222865,1.06207,1.06207,14500000,14500000,,
0,2000-12-31,ICUI,,,FY,56200000,23800000,32400000,0.576512,1500000.0,14300000,0.0,0.0,15800000,39600000,2100000.0,4600000.0,25400000,0.451957,16600000,0.295374,0.0,18700000,0.33274,6900000.0,11800000,0.209964,0.86765,0.86765,13600000,13600000,,
0,1999-12-31,ICUI,,,FY,47000000,19900000,27100000,0.576596,1200000.0,12500000,0.0,0.0,13700000.000000004,33600000,1400000.0,3900000.0,20100000,0.42766,13400000,0.285106,0.0,14800000,0.314894,5400000.0,9400000.0,0.2,0.72308,0.72308,13000000,13000000,,
0,1998-12-31,ICUI,,,FY,39800000,16700000,23200000,0.582915,1000000.0,12100000,0.0,0.0,13100000.000000002,29800000,1400000.0,2400000.0,15200000,0.38191,10000000,0.251256,0.0,11400000,0.286432,4200000.0,7200000.0,0.180905,0.57143,0.57143,12600000,12600000,,
0,1997-12-31,ICUI,,,FY,30400000,12800000,17600000,0.578947,1300000.0,8500000.0,0.0,0.0,9700000.0,22500000,1300000.0,2100000.0,12600000,0.414474,7900000.0,0.259868,0.0,9100000.0,0.299342,3500000.0,5700000.0,0.1875,0.475,0.475,12000000,12000000,,
0,1996-12-31,ICUI,,,FY,24600000,10400000,14200000,0.577236,800000.0,7400000.0,0.0,0.0,8299999.999999999,18700000,1300000.0,2000000.0,10500000,0.426829,5900000.0,0.239837,0.0,7200000.0,0.292683,2500000.0,4700000.0,0.191057,0.35338,0.35338,13300000,13300000,,
