,date,symbol,fillingDate,acceptedDate,period,revenue,costOfRevenue,grossProfit,grossProfitRatio,researchAndDevelopmentExpenses,generalAndAdministrativeExpenses,sellingAndMarketingExpenses,otherExpenses,operatingExpenses,costAndExpenses,interestExpense,depreciationAndAmortization,ebitda,ebitdaratio,operatingIncome,operatingIncomeRatio,totalOtherIncomeExpensesNet,incomeBeforeTax,incomeBeforeTaxRatio,incomeTaxExpense,netIncome,netIncomeRatio,eps,epsdiluted,weightedAverageShsOut,weightedAverageShsOutDil,link,finalLink
0,2019-12-31,CGM.PA,2019-12-31,2019-12-31,FY,503745000,28485000,475260000,0.9434535330375488,0.0,115344000,0.0,0.0,10569000,468286000,8805000.0,64152000,102130000,0.20274146641654012,35459000,0.014928187872832484,0.0,7520000.0,0.014928187872832484,4821000.0,2697000.0,0.005353899294285799,0.2,0.2,13856173,13856173,https://www.infogreffe.com/recherche-entreprise-dirigeants/resultats-entreprise-dirigeants.html?ga_cat=globale&ga_q=C.G.M#phrase=C.G.M,https://www.infogreffe.com/recherche-entreprise-dirigeants/resultats-entreprise-dirigeants.html?ga_cat=globale&ga_q=C.G.M#phrase=C.G.M
0,2018-12-31,CGM.PA,2018-12-31,2018-12-31,FY,467688000,29316000,438372000,0.9373171858161852,0.0,122563000,0.0,0.0,11657000,436759000,7043000.0,43716000,84786000,0.18128752501667778,30929000,0.018071876977814268,0.0,8452000.0,0.018071876977814268,3925000.0,5771000.0,0.012339422863105317,0.4,0.4,13919741,13919741,https://www.infogreffe.com/recherche-entreprise-dirigeants/resultats-entreprise-dirigeants.html?ga_cat=globale&ga_q=C.G.M#phrase=C.G.M,https://www.infogreffe.com/recherche-entreprise-dirigeants/resultats-entreprise-dirigeants.html?ga_cat=globale&ga_q=C.G.M#phrase=C.G.M
0,2017-12-31,CGM.PA,2017-12-31,2017-12-31,FY,457441000,33788000,423653000,0.9261369225758076,0.0,122453000,49337000,0.0,10562000,422312000,8938000.0,40075000,103110000,0.22540611794745113,35129000,0.02582190927354566,0.0,11812000,0.02582190927354566,4701000.0,11147000,0.024368169884203646,0.8,0.8,13979390,13979390,https://www.infogreffe.com/recherche-entreprise-dirigeants/resultats-entreprise-dirigeants.html?ga_cat=globale&ga_q=C.G.M#phrase=C.G.M,https://www.infogreffe.com/recherche-entreprise-dirigeants/resultats-entreprise-dirigeants.html?ga_cat=globale&ga_q=C.G.M#phrase=C.G.M
0,2016-12-31,CGM.PA,2016-12-31,2016-12-31,FY,440846000,33970000,406876000,0.9229436129623496,0.0,125635000,55811000,0.0,13739000,413774000,35163000,34338000,92854000,0.21062684021177464,27072000,-0.0517323509797072,0.0,-22806000,-0.0517323509797072,4082000.0,-26746000,-0.06066971232584621,-1.9,-1.9,13960024,13960024,https://www.infogreffe.com/recherche-entreprise-dirigeants/resultats-entreprise-dirigeants.html?ga_cat=globale&ga_q=C.G.M#phrase=C.G.M,https://www.infogreffe.com/recherche-entreprise-dirigeants/resultats-entreprise-dirigeants.html?ga_cat=globale&ga_q=C.G.M#phrase=C.G.M
0,2015-12-31,CGM.PA,2015-12-31,2015-12-31,FY,426158000,39787000,386371000,0.9066379136376649,0.0,109142000,42303000,0.0,12271000,378081000,39035000,30438000,77292000,0.18136935127347134,48077000,0.0014572060127933772,0.0,621000.0,0.0014572060127933772,-17613000,66957000,0.15711778260645112,4.8,4.8,13958112,13958112,https://www.infogreffe.com/recherche-entreprise-dirigeants/resultats-entreprise-dirigeants.html?ga_cat=globale&ga_q=C.G.M#phrase=C.G.M,https://www.infogreffe.com/recherche-entreprise-dirigeants/resultats-entreprise-dirigeants.html?ga_cat=globale&ga_q=C.G.M#phrase=C.G.M
0,2014-12-31,CGM.PA,2014-12-31,2014-12-31,FY,493498000,91431000,402067000,0.8147287324366056,0.0,125567000,43668000,0.0,15302000,443965000,47909000,37411000,326836000,0.66228434563058,49533000,-0.018593793693186193,0.0,-9176000.0,-0.018593793693186193,1438000.0,-199756000,-0.40477570324499795,-14.3,-14.3,13962873,13962873,https://www.infogreffe.com/recherche-entreprise-dirigeants/resultats-entreprise-dirigeants.html?ga_cat=globale&ga_q=C.G.M#phrase=C.G.M,https://www.infogreffe.com/recherche-entreprise-dirigeants/resultats-entreprise-dirigeants.html?ga_cat=globale&ga_q=C.G.M#phrase=C.G.M
0,2013-12-31,CGM.PA,2013-12-31,2013-12-31,FY,902256000,61395000,840861000,0.9319539022184391,0.0,232012000,87050000,0.0,20364000,810123000,48919000,63544000,151637000,0.1680642744409569,92133000,-0.03820201805252611,0.0,-34468000,-0.03820201805252611,25483000,-58634000,-0.0649859906722704,-4.2,-4.2,13948887,13948887,https://www.infogreffe.com/recherche-entreprise-dirigeants/resultats-entreprise-dirigeants.html?ga_cat=globale&ga_q=C.G.M#phrase=C.G.M,https://www.infogreffe.com/recherche-entreprise-dirigeants/resultats-entreprise-dirigeants.html?ga_cat=globale&ga_q=C.G.M#phrase=C.G.M
0,2012-12-31,CGM.PA,2012-12-31,2012-12-31,FY,921773000,63219000,858554000,0.9314158691999006,0.0,234733000,95746000,0.0,20358000,831653000,33750000,63522000,151756000,0.16463489384045746,90120000,-0.08557963837083533,0.0,-78885000,-0.08557963837083533,7598000.0,-85351000,-0.09259438061214638,-6.1,-6.1,13964700,13964700,https://www.infogreffe.com/recherche-entreprise-dirigeants/resultats-entreprise-dirigeants.html?ga_cat=globale&ga_q=C.G.M#phrase=C.G.M,https://www.infogreffe.com/recherche-entreprise-dirigeants/resultats-entreprise-dirigeants.html?ga_cat=globale&ga_q=C.G.M#phrase=C.G.M
0,2011-12-31,CGM.PA,2011-12-31,2011-12-31,FY,911463000,298594000,612869000,0.6724014030191022,0.0,15101000,0.0,0.0,5110000.0,827559000,36433000,66523000,149192000,0.16368409908026985,83904000,0.04196879083407665,0.0,38253000,0.04196879083407665,6574000.0,32670000,0.03584347362427218,2.3,2.3,13955940,13955940,https://www.infogreffe.com/recherche-entreprise-dirigeants/resultats-entreprise-dirigeants.html?ga_cat=globale&ga_q=C.G.M#phrase=C.G.M,https://www.infogreffe.com/recherche-entreprise-dirigeants/resultats-entreprise-dirigeants.html?ga_cat=globale&ga_q=C.G.M#phrase=C.G.M
0,2010-12-31,CGM.PA,2010-12-31,2010-12-31,FY,926674000,296191000,630483000,0.6803719538910123,0.0,14660000,0.0,0.0,17022000,830259000,30450000,66807000,261249000,0.2819211502642785,96415000,-0.0451895704422483,0.0,-41876000,-0.0451895704422483,-24259000,-16758000,-0.01808402955084528,-1.2,-1.2,13965092,13965092,https://www.infogreffe.com/recherche-entreprise-dirigeants/resultats-entreprise-dirigeants.html?ga_cat=globale&ga_q=C.G.M#phrase=C.G.M,https://www.infogreffe.com/recherche-entreprise-dirigeants/resultats-entreprise-dirigeants.html?ga_cat=globale&ga_q=C.G.M#phrase=C.G.M
0,2009-12-31,CGM.PA,2009-12-31,2009-12-31,FY,874072000,72834000,801238000,0.9166727683760606,0.0,208642000,0.0,0.0,23532000,772832000,34705000,66328000,165825000,0.18971549254523654,101240000,0.06809965311782096,0.0,59524000,0.06809965311782096,5048000.0,54833000,0.06273281834906048,5.8,5.8,9480237.0,9480237.0,https://www.infogreffe.com/recherche-entreprise-dirigeants/resultats-entreprise-dirigeants.html?ga_cat=globale&ga_q=C.G.M#phrase=C.G.M,https://www.infogreffe.com/recherche-entreprise-dirigeants/resultats-entreprise-dirigeants.html?ga_cat=globale&ga_q=C.G.M#phrase=C.G.M
0,2008-12-31,CGM.PA,2008-12-31,2008-12-31,FY,848577000,50883000,797694000,0.9400372623816107,0.0,229152000,0.0,0.0,13722000,756264000,69809000,67864000,155231000,0.18293095382033686,92313000,0.015241987468432446,0.0,12934000,0.015241987468432446,12994000,33487000,0.03946253551533921,3.073044,3.073044,10931577,10931577,https://www.infogreffe.com/recherche-entreprise-dirigeants/resultats-entreprise-dirigeants.html?ga_cat=globale&ga_q=C.G.M#phrase=C.G.M,https://www.infogreffe.com/recherche-entreprise-dirigeants/resultats-entreprise-dirigeants.html?ga_cat=globale&ga_q=C.G.M#phrase=C.G.M
0,2007-12-31,CGM.PA,2007-12-31,2007-12-31,FY,752994000,34807000,718187000,0.9537751960838997,0.0,223996000,0.0,0.0,12739000,660119000,47793000,36210000,106047000,0.14083379150431477,92875000,0.023425153454077988,0.0,17639000,0.023425153454077988,17872000,44151000,0.05863393333811425,4.012029,4.012029,10931577,10931577,https://www.infogreffe.com/recherche-entreprise-dirigeants/resultats-entreprise-dirigeants.html?ga_cat=globale&ga_q=C.G.M#phrase=C.G.M,https://www.infogreffe.com/recherche-entreprise-dirigeants/resultats-entreprise-dirigeants.html?ga_cat=globale&ga_q=C.G.M#phrase=C.G.M
0,2006-12-31,CGM.PA,2006-12-31,2006-12-31,FY,541208000,25472000,515736000,0.9529349159657655,0.0,164219000,0.0,0.0,11030000,472674000,9946000.0,24764000,98551000,0.18209449971175592,68534000,0.10977480007686509,0.0,59411000,0.10977480007686509,20316000,38918000,0.07190950614181608,3.585218,3.585218,10883332,10883332,https://www.infogreffe.com/recherche-entreprise-dirigeants/resultats-entreprise-dirigeants.html?ga_cat=globale&ga_q=C.G.M#phrase=C.G.M,https://www.infogreffe.com/recherche-entreprise-dirigeants/resultats-entreprise-dirigeants.html?ga_cat=globale&ga_q=C.G.M#phrase=C.G.M
0,2005-12-31,CGM.PA,2005-12-31,2005-12-31,FY,91325069,69104.0,91255965,0.9992433183926749,0.0,0.0,0.0,-345231.0,46464602,75006574,23688782,4768956.0,65957625,0.722229128564907,16318495,0.20078599666866936,0.0,18336795,0.20078599666866936,5202082.0,13134711,0.14382371832645427,1.203609,1.203609,10872146,10872146,https://www.infogreffe.com/recherche-entreprise-dirigeants/resultats-entreprise-dirigeants.html?ga_cat=globale&ga_q=C.G.M#phrase=C.G.M,https://www.infogreffe.com/recherche-entreprise-dirigeants/resultats-entreprise-dirigeants.html?ga_cat=globale&ga_q=C.G.M#phrase=C.G.M
0,2004-12-31,CGM.PA,2004-12-31,2004-12-31,FY,434356000,70861000,363495000,0.8368596266656844,0.0,38597000,0.0,146000.0,54197000,379648000,2786000.0,22691000,79792000,0.18370184825350633,54708000,0.12504719630901842,0.0,54315000,0.12504719630901842,19935000,34102000,0.07851163561686728,2.321855,2.321855,10862087,10862087,https://www.infogreffe.com/recherche-entreprise-dirigeants/resultats-entreprise-dirigeants.html?ga_cat=globale&ga_q=C.G.M#phrase=C.G.M,https://www.infogreffe.com/recherche-entreprise-dirigeants/resultats-entreprise-dirigeants.html?ga_cat=globale&ga_q=C.G.M#phrase=C.G.M
0,2003-12-31,CGM.PA,2003-12-31,2003-12-31,FY,389010000,-633000.0,389643000,1.001627207526799,0.0,138974000,0.0,0.0,4117000.0,339455000,7702000.0,26044000,83674000,0.21509472764196294,49555000,0.10526207552505076,0.0,40948000,0.10526207552505076,14707000,18927000,0.04865427623968536,1.690174,1.690174,10931577,10931577,https://www.infogreffe.com/recherche-entreprise-dirigeants/resultats-entreprise-dirigeants.html?ga_cat=globale&ga_q=C.G.M#phrase=C.G.M,https://www.infogreffe.com/recherche-entreprise-dirigeants/resultats-entreprise-dirigeants.html?ga_cat=globale&ga_q=C.G.M#phrase=C.G.M
0,2002-12-31,CGM.PA,2002-12-31,2002-12-31,FY,340077000,828000.0,339249000,0.9975652572799689,0.0,130649000,0.0,0.0,-1349000.0,300983000,3788000.0,22029000,63193000,0.18581968201319113,39094000,0.10200925084613191,0.0,34691000,0.10200925084613191,12267000,16373000,0.04814497893124204,1.468232,1.468232,10931577,10931577,https://www.infogreffe.com/recherche-entreprise-dirigeants/resultats-entreprise-dirigeants.html?ga_cat=globale&ga_q=C.G.M#phrase=C.G.M,https://www.infogreffe.com/recherche-entreprise-dirigeants/resultats-entreprise-dirigeants.html?ga_cat=globale&ga_q=C.G.M#phrase=C.G.M
