,date,symbol,fillingDate,acceptedDate,period,revenue,costOfRevenue,grossProfit,grossProfitRatio,researchAndDevelopmentExpenses,generalAndAdministrativeExpenses,sellingAndMarketingExpenses,otherExpenses,operatingExpenses,costAndExpenses,interestExpense,depreciationAndAmortization,ebitda,ebitdaratio,operatingIncome,operatingIncomeRatio,totalOtherIncomeExpensesNet,incomeBeforeTax,incomeBeforeTaxRatio,incomeTaxExpense,netIncome,netIncomeRatio,eps,epsdiluted,weightedAverageShsOut,weightedAverageShsOutDil,link,finalLink
0,2019-12-31,NANO.PA,2019-12-31,2019-12-31,FY,68000.0,0.0,0.0,0.0,30411000,0.0,0.0,0.0,-3000.0,46847000,4793000.0,273000.0,-44352000,-652.2352941176471,-46779000,-748.7058823529412,0.0,-50912000,-748.7058823529412,3000.0,-50915000,-748.75,-2.35,-2.35,21631514,21631514,https://www.infogreffe.com/recherche-entreprise-dirigeants/resultats-entreprise-dirigeants.html?ga_cat=globale&ga_q=N.A.N.O#phrase=N.A.N.O,https://www.infogreffe.com/recherche-entreprise-dirigeants/resultats-entreprise-dirigeants.html?ga_cat=globale&ga_q=N.A.N.O#phrase=N.A.N.O
0,2018-12-31,NANO.PA,2018-12-31,2018-12-31,FY,116000.0,0.0,0.0,0.0,9535000.0,0.0,0.0,0.0,0.0,9290000.0,1449000.0,-499000.0,-28277000,-243.76724137931035,-9174000.0,-261.5948275862069,0.0,-30345000,-261.5948275862069,0.0,-30345000,-261.5948275862069,-1.55,-1.55,19633373,19633373,https://www.infogreffe.com/recherche-entreprise-dirigeants/resultats-entreprise-dirigeants.html?ga_cat=globale&ga_q=N.A.N.O#phrase=N.A.N.O,https://www.infogreffe.com/recherche-entreprise-dirigeants/resultats-entreprise-dirigeants.html?ga_cat=globale&ga_q=N.A.N.O#phrase=N.A.N.O
0,2017-12-31,NANO.PA,2017-12-31,2017-12-31,FY,251968.0,0.0,0.0,0.0,16336844,0.0,0.0,0.0,337888.0,25519010,108367.0,-21594.0,-25631009,-101.72327041529083,-25267042,-103.75614363728728,0.0,-26143228,-103.75614363728728,20.0,-26143249,-103.75622698120397,-1.5,-1.5,17482488,17482488,https://www.infogreffe.com/recherche-entreprise-dirigeants/resultats-entreprise-dirigeants.html?ga_cat=globale&ga_q=N.A.N.O#phrase=N.A.N.O,https://www.infogreffe.com/recherche-entreprise-dirigeants/resultats-entreprise-dirigeants.html?ga_cat=globale&ga_q=N.A.N.O#phrase=N.A.N.O
0,2016-12-31,NANO.PA,2016-12-31,2016-12-31,FY,1558101.0,0.0,0.0,0.0,16915243,0.0,0.0,0.0,0.0,23412794,102203.0,103566.0,-21205089,-13.609572806897628,-21854693,-13.985027928228016,0.0,-21790086,-13.985027928228016,90425.0,-21880511,-14.043063318745062,-1.43,-1.43,15278010,15278010,https://www.infogreffe.com/recherche-entreprise-dirigeants/resultats-entreprise-dirigeants.html?ga_cat=globale&ga_q=N.A.N.O#phrase=N.A.N.O,https://www.infogreffe.com/recherche-entreprise-dirigeants/resultats-entreprise-dirigeants.html?ga_cat=globale&ga_q=N.A.N.O#phrase=N.A.N.O
0,2015-12-31,NANO.PA,2015-12-31,2015-12-31,FY,265543.0,0.0,0.0,0.0,13901898,0.0,0.0,0.0,0.0,17407189,59517.0,67291.0,-16487487,-62.0897067518255,-17141646,-64.03137721574284,0.0,-17003084,-64.03137721574284,0.0,-17003084,-64.03137721574284,-1.2,-1.2,14139173,14139173,https://www.infogreffe.com/recherche-entreprise-dirigeants/resultats-entreprise-dirigeants.html?ga_cat=globale&ga_q=N.A.N.O#phrase=N.A.N.O,https://www.infogreffe.com/recherche-entreprise-dirigeants/resultats-entreprise-dirigeants.html?ga_cat=globale&ga_q=N.A.N.O#phrase=N.A.N.O
0,2014-12-31,NANO.PA,2014-12-31,2014-12-31,FY,967500.0,0.0,0.0,0.0,8075723.0,0.0,0.0,0.0,0.0,10587278,55726.0,18455.0,-9113969.0,-9.420122997416021,-9619778.0,-9.795612403100776,0.0,-9477255.0,-9.795612403100776,79271.0,-9556525.0,-9.877545219638243,-0.74,-0.74,12868856,12868856,https://www.infogreffe.com/recherche-entreprise-dirigeants/resultats-entreprise-dirigeants.html?ga_cat=globale&ga_q=N.A.N.O#phrase=N.A.N.O,https://www.infogreffe.com/recherche-entreprise-dirigeants/resultats-entreprise-dirigeants.html?ga_cat=globale&ga_q=N.A.N.O#phrase=N.A.N.O
0,2013-12-31,NANO.PA,2013-12-31,2013-12-31,FY,184938.0,0.0,0.0,0.0,6025677.0,0.0,0.0,0.0,0.0,8364357.0,24570.0,137954.0,-7886421.0,-42.643594069363786,-8179419.0,-44.04135439985292,0.0,-8144920.0,-44.04135439985292,0.0,-8144920.0,-44.04135439985292,-0.76,-0.76,10753842,10753842,https://www.infogreffe.com/recherche-entreprise-dirigeants/resultats-entreprise-dirigeants.html?ga_cat=globale&ga_q=N.A.N.O#phrase=N.A.N.O,https://www.infogreffe.com/recherche-entreprise-dirigeants/resultats-entreprise-dirigeants.html?ga_cat=globale&ga_q=N.A.N.O#phrase=N.A.N.O
0,2012-12-31,NANO.PA,2012-12-31,2012-12-31,FY,74153.0,0.0,0.0,0.0,4312015.0,0.0,0.0,0.0,0.0,5226981.0,77005.0,4835.0,-5028469.0,-67.81207773117742,-5152828.0,-70.82662872709129,0.0,-5252007.0,-70.82662872709129,78889.0,-5330896.0,-71.89049667579194,-0.65,-0.65,8224408.0,8224408.0,https://www.infogreffe.com/recherche-entreprise-dirigeants/resultats-entreprise-dirigeants.html?ga_cat=globale&ga_q=N.A.N.O#phrase=N.A.N.O,https://www.infogreffe.com/recherche-entreprise-dirigeants/resultats-entreprise-dirigeants.html?ga_cat=globale&ga_q=N.A.N.O#phrase=N.A.N.O
0,2011-12-31,NANO.PA,2011-12-31,2011-12-31,FY,1360314.0,0.0,0.0,0.0,5212691.0,0.0,0.0,0.0,0.0,5227238.0,30768.0,74986.0,-5018195.0,-3.68899754027379,-3866924.0,-3.856888189050469,0.0,-5246579.0,-3.856888189050469,0.0,-5246579.0,-3.856888189050469,-3.42,-3.42,1535476.0,1535476.0,https://www.infogreffe.com/recherche-entreprise-dirigeants/resultats-entreprise-dirigeants.html?ga_cat=globale&ga_q=N.A.N.O#phrase=N.A.N.O,https://www.infogreffe.com/recherche-entreprise-dirigeants/resultats-entreprise-dirigeants.html?ga_cat=globale&ga_q=N.A.N.O#phrase=N.A.N.O
