,date,symbol,fillingDate,acceptedDate,period,revenue,costOfRevenue,grossProfit,grossProfitRatio,researchAndDevelopmentExpenses,generalAndAdministrativeExpenses,sellingAndMarketingExpenses,otherExpenses,operatingExpenses,costAndExpenses,interestExpense,depreciationAndAmortization,ebitda,ebitdaratio,operatingIncome,operatingIncomeRatio,totalOtherIncomeExpensesNet,incomeBeforeTax,incomeBeforeTaxRatio,incomeTaxExpense,netIncome,netIncomeRatio,eps,epsdiluted,weightedAverageShsOut,weightedAverageShsOutDil,link,finalLink
0,2019-12-31,NYMX,2020-03-30 00:00:00,2020-03-30 15:36:14,FY,116000.0,58000.0,58000.0,0.5,7377000.0,6006000.0,0.0,0.0,0.0,13441000,18000.0,0.0,-12567000,-108.33620689655173,-13325000,-113.46551724137932,-12000.0,-13162000,-113.46551724137932,0.0,-13162000,-113.46551724137932,-0.19,-0.19,68845000,68845000,https://www.sec.gov/Archives/edgar/data/1018735/000164033420000668/0001640334-20-000668-index.html,https://www.sec.gov/Archives/edgar/data/1018735/000164033420000668/nymx_20f.htm
0,2018-12-31,NYMX,2019-03-29 00:00:00,2019-03-29 17:20:47,FY,299000.0,138000.0,161000.0,0.5384615384615384,6677000.0,4125000.0,0.0,0.0,0.0,10940000,18000.0,0.0,-10566000,-35.33779264214047,-10641000,-35.4314381270903,-7000.0,-10594000,-35.4314381270903,0.0,-10594000,-35.4314381270903,-0.18,-0.18,60466000,60466000,https://www.sec.gov/Archives/edgar/data/1018735/000164033419000464/0001640334-19-000464-index.html,https://www.sec.gov/Archives/edgar/data/1018735/000164033419000464/nymx_20f.htm
0,2017-12-31,NYMX,2018-03-30 00:00:00,2018-03-30 10:42:44,FY,224000.0,149000.0,75000.0,0.33482142857142855,7874000.0,5436000.0,8000.0,0.0,0.0,13459000,52000.0,0.0,-13375000,-59.70982142857143,-13235000,-59.950892857142854,-1000.0,-13429000,-59.950892857142854,0.0,-13429000,-59.950892857142854,-0.26,-0.26,52648000,52648000,https://www.sec.gov/Archives/edgar/data/1018735/000164033418000561/0001640334-18-000561-index.html,https://www.sec.gov/Archives/edgar/data/1018735/000164033418000561/nymox_20f.htm
0,2016-12-31,NYMX,2017-03-31 00:00:00,2017-03-31 11:07:16,FY,283611.0,173023.0,110588.0,0.38992845834611495,6797768.0,6182218.0,6752.0,0.0,0.0,13153009,117641.0,0.0,-12978389,-45.76123281537035,-12869398,-46.22390527870922,-10140.0,-13109608,-46.22390527870922,0.0,-13109608,-46.22390527870922,-0.28,-0.28,46155018,46155018,https://www.sec.gov/Archives/edgar/data/1018735/000117625617000083/0001176256-17-000083-index.html,https://www.sec.gov/Archives/edgar/data/1018735/000117625617000083/nymox20f.htm
0,2015-12-31,NYMX,2016-03-31 00:00:00,2016-03-30 21:42:58,FY,2761265.0,160315.0,2600950.0,0.9419414652342314,8649510.0,11611744,9528.0,0.0,0.0,20421569,91957.0,0.0,-17750143,-6.428264943784823,-17660304,-6.480313551940868,-45761.0,-17893863,-6.480313551940868,0.0,-17893863,-6.480313551940868,-0.48,-0.48,37402598,37402598,https://www.sec.gov/Archives/edgar/data/1018735/000117625616000495/0001176256-16-000495-index.html,https://www.sec.gov/Archives/edgar/data/1018735/000117625616000495/nymoxpharma20f151231.htm
0,2014-12-31,NYMX,2015-03-31,Not found...,FY,2949509.0,173667.0,2775842.0,0.9411200304864301,4761557.0,3003817.0,186616.0,0.0,0.0,7674214.0,15765.0,0.0,-4814852.0,-1.632424922249771,-4724705.0,-1.5752089585080093,191173.0,-4646093.0,-1.5752089585080093,-52000.0,-4594093.0,-1.5575789055059672,-0.13,-0.13,35253879,35253879,https://www.sec.gov/Archives/edgar/data/1018735/000117625615000122/nymoxpharma20f141231.htm,https://www.sec.gov/Archives/edgar/data/1018735/000117625615000122/nymoxpharma20f141231.htm
0,2013-12-31,NYMX,2014-03-14,Not found...,FY,3359010.0,486154.0,2872856.0,0.8552686654698854,6274903.0,2037941.0,282055.0,0.0,0.0,8243967.0,8853.0,0.0,-4872453.0,-1.4505622192253074,-4884957.0,-1.4613243187724954,-18195.0,-4908603.0,-1.4613243187724954,0.0,-4908603.0,-1.4613243187724954,-0.14,-0.14,34147666,34147666,https://www.sec.gov/Archives/edgar/data/1018735/000117625614000092/0001176256-14-000092-index.htm,https://www.sec.gov/Archives/edgar/data/1018735/000117625614000092/nymox20f131231.htm
0,2012-12-31,NYMX,2013-03-15 00:00:00,2013-03-15 10:36:46,FY,3072587.0,253925.0,2818662.0,0.9173579137059422,8572528.0,2130551.0,158431.0,0.0,0.0,10667238,10635.0,0.0,-7578058.0,-2.466344484305896,-7594651.0,-2.482464776424557,-28483.0,-7627589.0,-2.482464776424557,0.0,-7627589.0,-2.482464776424557,-0.23,-0.23,33176185,33176185,https://www.sec.gov/Archives/edgar/data/1018735/000117625613000165/0001176256-13-000165-index.html,https://www.sec.gov/Archives/edgar/data/1018735/000117625613000165/nymoxpharma20f121231.htm
0,2011-12-31,NYMX,2012-03-15 00:00:00,2012-03-15 11:06:53,FY,3113815.0,289866.0,2823949.0,0.9069096911666236,8974171.0,3475105.0,642235.0,0.0,0.0,12739142,39879.0,0.0,-9597794.0,-3.082326342444879,-9625327.0,-3.0998594971120634,0.0,-9652389.0,-3.0998594971120634,0.0,-9652389.0,-3.0998594971120634,-0.3,-0.3,32711431,32711431,https://www.sec.gov/Archives/edgar/data/1018735/000117625612000169/0001176256-12-000169-index.html,https://www.sec.gov/Archives/edgar/data/1018735/000117625612000169/nymox20f111231.htm
0,2010-12-31,NYMX,2011-03-15,Not found...,FY,692641.0,316945.0,375696.0,0.5424108593051812,4551719.0,2762709.0,147609.0,0.0,0.0,7641596.0,7078.0,10223.0,-6938732.0,-10.017789879605742,-6948955.0,0.0,0.0,0.0,0.0,0.0,-6956033.0,-10.042768187271617,-0.22,-0.22,31940584,31940584,https://www.sec.gov/Archives/edgar/data/1018735/000117625611000215/0001176256-11-000215-index.htm,https://www.sec.gov/Archives/edgar/data/1018735/000117625611000215/nymox20f101231.htm
0,2009-12-31,NYMX,2010-03-11 00:00:00,2010-03-11 12:45:19,FY,415980.0,246095.0,169885.0,0.40839703831915,3043219.0,2023344.0,138396.0,0.0,0.0,5541105.0,4949.0,228447.0,-4896678.0,-11.771426510889947,-5125125.0,0.0,0.0,0.0,0.0,0.0,-5130074.0,-12.332501562575123,-0.17,-0.17,30717822,30717822,https://www.sec.gov/Archives/edgar/data/1018735/000117625610000218/0001176256-10-000218-index.html,https://www.sec.gov/Archives/edgar/data/1018735/000117625610000218/nymox20f091231.htm
0,2008-12-31,NYMX,2009-03-13 00:00:00,2009-03-13 12:54:34,FY,428409.0,262331.0,166078.0,0.38766225732886095,2053368.0,2177991.0,0.0,0.0,0.0,5013288.0,5466.0,519598.0,-4065281.0,-9.489252093209993,-4584879.0,0.0,0.0,0.0,0.0,0.0,-4590345.0,-10.714865934189058,-0.15,-0.15,29749000,29749000,https://www.sec.gov/Archives/edgar/data/1018735/000117625609000225/0001176256-09-000225-index.html,https://www.sec.gov/Archives/edgar/data/1018735/000117625609000225/nymox20fdec31.htm
0,2007-12-31,NYMX,2008-04-28,Not found...,FY,433933.0,241443.0,192490.0,0.44359382669674813,2729862.0,2222574.0,0.0,0.0,0.0,5704670.0,19694.0,510791.0,-4759946.0,-10.96931093048927,-5270737.0,0.0,0.0,0.0,0.0,0.0,-5290431.0,-12.19181532632918,-0.18,-0.18,29005342,29005342,https://www.sec.gov/Archives/edgar/data/1018735/000089706908000789/0000897069-08-000789-index.htm,https://www.sec.gov/Archives/edgar/data/1018735/000089706908000789/cmw3502.htm
0,2006-12-31,NYMX,2007-06-26,Not found...,FY,442861.0,241398.0,201463.0,0.4549124894718659,2541096.0,2027759.0,0.0,0.0,0.0,5276519.0,60027.0,466266.0,-4367392.0,-9.861767010416362,-4833658.0,0.0,0.0,0.0,0.0,0.0,-4893685.0,-11.050160208282056,-0.18,-0.18,27187139,27503164,https://www.sec.gov/Archives/edgar/data/1018735/000089706907001446/0000897069-07-001446-index.htm,https://www.sec.gov/Archives/edgar/data/1018735/000089706907001446/cmw2903.htm
0,2005-12-31,NYMX,2006-06-30,Not found...,FY,426282.0,207344.0,218938.0,0.5135989790795764,1828516.0,1491692.0,0.0,0.0,0.0,3966999.0,43811.0,439447.0,-3101270.0,-7.275160574455407,-3540717.0,0.0,0.0,0.0,0.0,0.0,-3584528.0,-8.408818575496971,-0.14,-0.14,25603771,25936032,https://www.sec.gov/Archives/edgar/data/1018735/000089706906001616/0000897069-06-001616-index.htm,https://www.sec.gov/Archives/edgar/data/1018735/000089706906001616/dbk181.htm
0,2004-12-31,NYMX,2005-06-30,Not found...,FY,321948.0,185567.0,136381.0,0.42361188763402785,1851881.0,1555653.0,0.0,0.0,0.0,4025662.0,41911.0,432561.0,-3271153.0,-10.160501074707717,-3703714.0,0.0,0.0,0.0,0.0,0.0,-3745625.0,-11.634254600121759,-0.15,-0.15,24970833,24970833,https://www.sec.gov/Archives/edgar/data/1018735/000089706905001630/0000897069-05-001630-index.htm,https://www.sec.gov/Archives/edgar/data/1018735/000089706905001630/cmw1532.htm
0,2003-12-31,NYMX,2004-06-30,Not found...,FY,200132.0,123463.0,76669.0,0.38309215917494455,2477032.0,1524053.0,0.0,0.0,0.0,4533590.0,30241.0,409042.0,-3924416.0,-19.609137968940498,-4333458.0,0.0,0.0,0.0,0.0,0.0,-4363699.0,-21.804104291167828,-0.18,-0.18,24242772,24242772,https://www.sec.gov/Archives/edgar/data/1018735/000089706904001263/0000897069-04-001263-index.htm,https://www.sec.gov/Archives/edgar/data/1018735/000089706904001263/cmw777.htm
