,date,symbol,fillingDate,acceptedDate,period,revenue,costOfRevenue,grossProfit,grossProfitRatio,researchAndDevelopmentExpenses,generalAndAdministrativeExpenses,sellingAndMarketingExpenses,otherExpenses,operatingExpenses,costAndExpenses,interestExpense,depreciationAndAmortization,ebitda,ebitdaratio,operatingIncome,operatingIncomeRatio,totalOtherIncomeExpensesNet,incomeBeforeTax,incomeBeforeTaxRatio,incomeTaxExpense,netIncome,netIncomeRatio,eps,epsdiluted,weightedAverageShsOut,weightedAverageShsOutDil,link,finalLink
0,2019-12-31,CNAT,2020-03-11 00:00:00,2020-03-11 17:01:44,FY,21717000,0.0,0.0,1.0,23527000,10196000,0.0,53000.0,33723000,33723000,568000.0,73000.0,-10744000,-0.494728,-12006000,-0.552839,53000.0,-11385000,-0.524244,0.0,-11385000,-0.524244,-0.34324,-0.34324,33169000,33169000,https://www.sec.gov/Archives/edgar/data/1383701/000156459020010122/0001564590-20-010122-index.html,https://www.sec.gov/Archives/edgar/data/1383701/000156459020010122/cnat-10k_20191231.htm
0,2018-12-31,CNAT,2019-03-08 00:00:00,2019-03-08 17:01:48,FY,33586000,0.0,0.0,1.0,41368000,10495000,0.0,1000.0,51863000,51863000,696000.0,91000.0,-17223000,-0.512803,-18277000,-0.544185,1000.0,-18010000,-0.536235,0.0,-18010000,-0.536235,-0.59302,-0.59302,30370000,30370000,https://www.sec.gov/Archives/edgar/data/1383701/000156459019007030/0001564590-19-007030-index.html,https://www.sec.gov/Archives/edgar/data/1383701/000156459019007030/cnat-10k_20181231.htm
0,2017-12-31,CNAT,2018-03-08 00:00:00,2018-03-08 16:07:29,FY,35376800,0.0,0.0,1.0,43220450,9706830.0,0.0,-75712000,52927280,52927280,662395.0,108300.0,-16625715,-0.469961,-17550480,-0.496101,-75710.0,-17396410,-0.491746,0.0,-17396410,-0.491746,-0.60855,-0.60855,28586630,28586630,https://www.sec.gov/Archives/edgar/data/1383701/000156459018004914/0001564590-18-004914-index.html,https://www.sec.gov/Archives/edgar/data/1383701/000156459018004914/cnat-10k_20171231.htm
0,2016-12-31,CNAT,2017-03-16 00:00:00,2017-03-16 16:06:47,FY,799050.0,0.0,0.0,1.0,20293630,10337180,0.0,29914000,30630810,30630810,70000.0,105840.0,-29557600,-36.990927,-29831760,-37.334034,29910.0,-29733440,-37.210988,0.0,-29733440,-37.210988,-1.31274,-1.31274,22649910,22649910,https://www.sec.gov/Archives/edgar/data/1383701/000156459017004617/0001564590-17-004617-index.html,https://www.sec.gov/Archives/edgar/data/1383701/000156459017004617/cnat-10k_20161231.htm
0,2015-12-31,CNAT,2016-03-11 00:00:00,2016-03-11 16:06:31,FY,0.0,0.0,0.0,0.0,16297617,7833085.0,0.0,-15809000,24130702,24130702,70000.0,396335.0,-23752291,0.0,-24148626,0.0,-17924.0,-24148626,0.0,0.0,-24148626,0.0,-1.29709,-1.29709,33170000,18617537,https://www.sec.gov/Archives/edgar/data/1383701/000156459016014564/0001564590-16-014564-index.html,https://www.sec.gov/Archives/edgar/data/1383701/000156459016014564/cnat-10k_20151231.htm
0,2014-12-31,CNAT,2015-03-13,2015-03-13 16:05:05,FY,0.0,0.0,0.0,0.0,14908843,7379339.0,0.0,-19325000,22288182,22288182,70000.0,-538900.0,-22858791,0.0,-22319891,0.0,-31709.0,-22319891,0.0,0.0,-22319891,0.0,-1.44195,-1.44195,33170000,15478999,https://www.sec.gov/Archives/edgar/data/1383701/000119312515091168/0001193125-15-091168-index.htm,https://www.sec.gov/Archives/edgar/data/1383701/000119312515091168/d838509d10k.htm
0,2013-12-31,CNAT,2014-03-28,2014-03-28 16:16:27,FY,0.0,0.0,0.0,0.0,6947439.0,4650807.0,0.0,-1070000.0,11598246,11598246,462570.0,10446.0,-15606046,0.0,-15616492,0.0,-4018246.0,-15616492,0.0,0.0,-15616492,0.0,-2.12232,-2.12232,15429731,7358201.0,https://www.sec.gov/Archives/edgar/data/1383701/000119312514121420/0001193125-14-121420-index.htm,https://www.sec.gov/Archives/edgar/data/1383701/000119312514121420/d652748d10k.htm
