,date,symbol,fillingDate,acceptedDate,period,revenue,costOfRevenue,grossProfit,grossProfitRatio,researchAndDevelopmentExpenses,generalAndAdministrativeExpenses,sellingAndMarketingExpenses,otherExpenses,operatingExpenses,costAndExpenses,interestExpense,depreciationAndAmortization,ebitda,ebitdaratio,operatingIncome,operatingIncomeRatio,totalOtherIncomeExpensesNet,incomeBeforeTax,incomeBeforeTaxRatio,incomeTaxExpense,netIncome,netIncomeRatio,eps,epsdiluted,weightedAverageShsOut,weightedAverageShsOutDil,link,finalLink
0,2019-12-31,CRH.TO,2019-12-31,2019-12-31,FY,120385274,99153758,21231516,0.17636306580155311,0.0,6549321.0,0.0,-2861204.0,0.0,105703079,3288704.0,0.0,48270769,0.40096905041724623,14682195,0.08173379245704088,-1227686.0,9839545.0,0.08173379245704088,1627061.0,3771163.0,0.031325783251529585,0.053,0.052,71536310,72697539,https://www.sedar.com/ModifyCompanyDocumentSearchForm.do?lang=EN&company_search=CRH Medical Corp&document_selection=0&industry_group=A&FromDate=13&FromMonth=05&FromYear=2000&ToDate=13&ToMonth=11&ToYear=2020&Variable=Issuer,https://www.sedar.com/ModifyCompanyDocumentSearchForm.do?lang=EN&company_search=CRH Medical Corp&document_selection=0&industry_group=A&FromDate=13&FromMonth=05&FromYear=2000&ToDate=13&ToMonth=11&ToYear=2020&Variable=Issuer
0,2018-12-31,CRH.TO,2018-12-31,2018-12-31,FY,112749380,86101887,26647493,0.23634270095321144,0.0,6352363.0,0.0,-971627.0,0.0,92454250,3168762.0,0.0,50549195,0.44833235446616204,20295130,0.13949347659384026,-1138202.0,15727803,0.13949347659384026,2711886.0,4679921.0,0.041507288111029966,0.064,0.063,72582733,74085172,https://www.sedar.com/ModifyCompanyDocumentSearchForm.do?lang=EN&company_search=CRH Medical Corp&document_selection=0&industry_group=A&FromDate=13&FromMonth=05&FromYear=2000&ToDate=13&ToMonth=11&ToYear=2020&Variable=Issuer,https://www.sedar.com/ModifyCompanyDocumentSearchForm.do?lang=EN&company_search=CRH Medical Corp&document_selection=0&industry_group=A&FromDate=13&FromMonth=05&FromYear=2000&ToDate=13&ToMonth=11&ToYear=2020&Variable=Issuer
0,2017-12-31,CRH.TO,2017-12-31,2017-12-31,FY,100242080,79312974,20929106,0.20878563174267734,0.0,6303766.0,0.0,11747441,0.0,85632221,3322321.0,15481.0,49887507,0.49767030971424375,14609859,0.19922396861677252,8958025.0,19970625,0.19922396861677252,6302507.0,6558966.0,0.06543126399611819,0.089,0.087,73712670,75486210,https://www.sedar.com/ModifyCompanyDocumentSearchForm.do?lang=EN&company_search=CRH Medical Corp&document_selection=0&industry_group=A&FromDate=13&FromMonth=05&FromYear=2000&ToDate=13&ToMonth=11&ToYear=2020&Variable=Issuer,https://www.sedar.com/ModifyCompanyDocumentSearchForm.do?lang=EN&company_search=CRH Medical Corp&document_selection=0&industry_group=A&FromDate=13&FromMonth=05&FromYear=2000&ToDate=13&ToMonth=11&ToYear=2020&Variable=Issuer
0,2016-12-31,CRH.TO,2016-12-31,2016-12-31,FY,78354632,49733096,28621536,0.3652819912420749,0.0,3798052.0,0.0,-204958.0,0.0,53583920,4024240.0,52772.0,38856185,0.49590156967363463,24770712,0.2594802308560392,226693.0,20331478,0.2594802308560392,4255150.0,10564233,0.13482589006352555,0.147,0.142,71826884,74203830,https://www.sedar.com/ModifyCompanyDocumentSearchForm.do?lang=EN&company_search=CRH Medical Corp&document_selection=0&industry_group=A&FromDate=13&FromMonth=05&FromYear=2000&ToDate=13&ToMonth=11&ToYear=2020&Variable=Issuer,https://www.sedar.com/ModifyCompanyDocumentSearchForm.do?lang=EN&company_search=CRH Medical Corp&document_selection=0&industry_group=A&FromDate=13&FromMonth=05&FromYear=2000&ToDate=13&ToMonth=11&ToYear=2020&Variable=Issuer
0,2015-12-31,CRH.TO,2015-12-31,2015-12-31,FY,46048480,27472637,18575843,0.403397527996581,0.0,5053228.0,0.0,-5731294.0,0.0,32579691,6251617.0,53826.0,13847510,0.3007158976800103,13468789,0.007532452754140853,-6120936.0,346858.0,0.007532452754140853,-2912970.0,3076191.0,0.06680331250890366,0.045,0.043,67870529,70772341,https://www.sedar.com/ModifyCompanyDocumentSearchForm.do?lang=EN&company_search=CRH Medical Corp&document_selection=0&industry_group=A&FromDate=13&FromMonth=05&FromYear=2000&ToDate=13&ToMonth=11&ToYear=2020&Variable=Issuer,https://www.sedar.com/ModifyCompanyDocumentSearchForm.do?lang=EN&company_search=CRH Medical Corp&document_selection=0&industry_group=A&FromDate=13&FromMonth=05&FromYear=2000&ToDate=13&ToMonth=11&ToYear=2020&Variable=Issuer
0,2014-12-31,CRH.TO,2014-12-31,2014-12-31,FY,11984170,5684192.0,6299978.0,0.5256916415571542,0.0,2433307.0,0.0,0.0,0.0,8160941.0,264653.0,43442.0,2632273.0,0.21964583279442798,3823229.0,0.11301859035711276,-502560.0,1354434.0,0.11301859035711276,-143720.0,1498153.0,0.12501099366914856,0.031,0.03,48876822,49835377,https://www.sedar.com/ModifyCompanyDocumentSearchForm.do?lang=EN&company_search=CRH Medical Corp&document_selection=0&industry_group=A&FromDate=13&FromMonth=05&FromYear=2000&ToDate=13&ToMonth=11&ToYear=2020&Variable=Issuer,https://www.sedar.com/ModifyCompanyDocumentSearchForm.do?lang=EN&company_search=CRH Medical Corp&document_selection=0&industry_group=A&FromDate=13&FromMonth=05&FromYear=2000&ToDate=13&ToMonth=11&ToYear=2020&Variable=Issuer
0,2013-12-31,CRH.TO,2013-12-31,2013-12-31,FY,7682628.0,4166332.0,3516296.0,0.4576944243558324,0.0,1660967.0,0.0,0.0,0.0,5882833.0,0.0,55534.0,1881916.0,0.24495732449885638,1799795.0,0.2342681436612576,0.0,1799795.0,0.2342681436612576,-692851.0,2492646.0,0.32445225774305353,0.051,0.051,48746914,48824242,https://www.sedar.com/ModifyCompanyDocumentSearchForm.do?lang=EN&company_search=CRH Medical Corp&document_selection=0&industry_group=A&FromDate=13&FromMonth=05&FromYear=2000&ToDate=13&ToMonth=11&ToYear=2020&Variable=Issuer,https://www.sedar.com/ModifyCompanyDocumentSearchForm.do?lang=EN&company_search=CRH Medical Corp&document_selection=0&industry_group=A&FromDate=13&FromMonth=05&FromYear=2000&ToDate=13&ToMonth=11&ToYear=2020&Variable=Issuer
0,2012-12-31,CRH.TO,2012-12-31,2012-12-31,FY,6848643.0,3770142.0,3078501.0,0.4495052523543715,0.0,1657986.0,0.0,0.0,0.0,5516812.0,0.0,88684.0,1455083.0,0.2124629652910803,1331831.0,0.1944664074328301,0.0,1331831.0,0.1944664074328301,0.0,1331831.0,0.1944664074328301,0.027,0.027,48746914,48845345,https://www.sedar.com/ModifyCompanyDocumentSearchForm.do?lang=EN&company_search=CRH Medical Corp&document_selection=0&industry_group=A&FromDate=13&FromMonth=05&FromYear=2000&ToDate=13&ToMonth=11&ToYear=2020&Variable=Issuer,https://www.sedar.com/ModifyCompanyDocumentSearchForm.do?lang=EN&company_search=CRH Medical Corp&document_selection=0&industry_group=A&FromDate=13&FromMonth=05&FromYear=2000&ToDate=13&ToMonth=11&ToYear=2020&Variable=Issuer
0,2011-12-31,CRH.TO,2011-12-31,2011-12-31,FY,5533433.0,1257466.0,4275967.0,0.7727512016500425,0.0,3040405.0,0.0,0.0,0.0,4377913.0,0.0,80042.0,1237239.0,0.22359338226377728,1155520.0,0.2088251542939076,0.0,1155520.0,0.2088251542939076,0.0,1198145.0,0.21652832879696926,0.025,0.024,48746587,49262460,https://www.sedar.com/ModifyCompanyDocumentSearchForm.do?lang=EN&company_search=CRH Medical Corp&document_selection=0&industry_group=A&FromDate=13&FromMonth=05&FromYear=2000&ToDate=13&ToMonth=11&ToYear=2020&Variable=Issuer,https://www.sedar.com/ModifyCompanyDocumentSearchForm.do?lang=EN&company_search=CRH Medical Corp&document_selection=0&industry_group=A&FromDate=13&FromMonth=05&FromYear=2000&ToDate=13&ToMonth=11&ToYear=2020&Variable=Issuer
0,2010-12-31,CRH.TO,2010-12-31,2010-12-31,FY,3645118.0,1928577.0,1716541.0,0.4709150705134923,0.0,1867484.0,0.0,-727.0,0.0,3854058.0,0.0,57997.0,-150943.0,-0.04140963337812384,-208940.0,0.0,-727.0,0.0,0.0,0.0,-1616817.0,-0.44355683409974656,-0.03,-0.03,48583841,48583841,https://www.sedar.com/ModifyCompanyDocumentSearchForm.do?lang=EN&company_search=CRH Medical Corp&document_selection=0&industry_group=A&FromDate=13&FromMonth=05&FromYear=2000&ToDate=13&ToMonth=11&ToYear=2020&Variable=Issuer,https://www.sedar.com/ModifyCompanyDocumentSearchForm.do?lang=EN&company_search=CRH Medical Corp&document_selection=0&industry_group=A&FromDate=13&FromMonth=05&FromYear=2000&ToDate=13&ToMonth=11&ToYear=2020&Variable=Issuer
0,2009-12-31,CRH.TO,2009-12-31,2009-12-31,FY,7064858.0,7036783.0,28075.0,0.003973894450532481,0.0,1898811.0,0.0,-19979.0,0.0,9274764.0,0.0,339170.0,-1548274.0,-0.21915146772942923,-2209906.0,0.0,-342441.0,0.0,0.0,0.0,-2552347.0,-0.3612736448489127,-0.05,-0.05,47486858,47486858,https://www.sedar.com/ModifyCompanyDocumentSearchForm.do?lang=EN&company_search=CRH Medical Corp&document_selection=0&industry_group=A&FromDate=13&FromMonth=05&FromYear=2000&ToDate=13&ToMonth=11&ToYear=2020&Variable=Issuer,https://www.sedar.com/ModifyCompanyDocumentSearchForm.do?lang=EN&company_search=CRH Medical Corp&document_selection=0&industry_group=A&FromDate=13&FromMonth=05&FromYear=2000&ToDate=13&ToMonth=11&ToYear=2020&Variable=Issuer
0,2008-12-31,CRH.TO,2008-12-31,2008-12-31,FY,6655342.0,8268348.0,-1613006.0,-0.2423626013509148,0.0,2091860.0,0.0,4542.0,0.0,10648563,0.0,288355.0,-3704866.0,-0.5566755247138314,-3993221.0,0.0,4542.0,0.0,0.0,0.0,-3936605.0,-0.5914955234456771,-0.09,-0.09,44865293,44865293,https://www.sedar.com/ModifyCompanyDocumentSearchForm.do?lang=EN&company_search=CRH Medical Corp&document_selection=0&industry_group=A&FromDate=13&FromMonth=05&FromYear=2000&ToDate=13&ToMonth=11&ToYear=2020&Variable=Issuer,https://www.sedar.com/ModifyCompanyDocumentSearchForm.do?lang=EN&company_search=CRH Medical Corp&document_selection=0&industry_group=A&FromDate=13&FromMonth=05&FromYear=2000&ToDate=13&ToMonth=11&ToYear=2020&Variable=Issuer
0,2007-12-31,CRH.TO,2007-12-31,2007-12-31,FY,3245690.0,5165055.0,-1919365.0,-0.5913580779433649,0.0,1932746.0,0.0,0.0,0.0,7464671.0,0.0,366870.0,-3852111.0,-1.186838853987904,-4218981.0,0.0,538577.0,0.0,0.0,0.0,-3505775.0,-1.0801324217654797,-0.08,-0.08,43685309,43685309,https://www.sedar.com/ModifyCompanyDocumentSearchForm.do?lang=EN&company_search=CRH Medical Corp&document_selection=0&industry_group=A&FromDate=13&FromMonth=05&FromYear=2000&ToDate=13&ToMonth=11&ToYear=2020&Variable=Issuer,https://www.sedar.com/ModifyCompanyDocumentSearchForm.do?lang=EN&company_search=CRH Medical Corp&document_selection=0&industry_group=A&FromDate=13&FromMonth=05&FromYear=2000&ToDate=13&ToMonth=11&ToYear=2020&Variable=Issuer
0,2006-12-31,CRH.TO,2006-12-31,2006-12-31,FY,608895.0,5769146.0,-5160251.0,-8.474779723926128,0.0,0.0,0.0,0.0,0.0,5769146.0,0.0,0.0,-4929205.0,-8.095328422798676,-5160251.0,0.0,50942.0,0.0,0.0,0.0,-4848394.0,-7.962610959196577,-0.11171,-0.11171,42178539,42178539,https://www.sedar.com/ModifyCompanyDocumentSearchForm.do?lang=EN&company_search=CRH Medical Corp&document_selection=0&industry_group=A&FromDate=13&FromMonth=05&FromYear=2000&ToDate=13&ToMonth=11&ToYear=2020&Variable=Issuer,https://www.sedar.com/ModifyCompanyDocumentSearchForm.do?lang=EN&company_search=CRH Medical Corp&document_selection=0&industry_group=A&FromDate=13&FromMonth=05&FromYear=2000&ToDate=13&ToMonth=11&ToYear=2020&Variable=Issuer
0,2005-12-31,CRH.TO,2005-12-31,2005-12-31,FY,134903.0,105457.0,29446.0,0.21827535340207407,0.0,928343.0,102855.0,0.0,5472.0,1168119.0,0.0,128847.0,-904369.0,-6.703846467461806,-1033216.0,0.0,69113.0,0.0,0.0,0.0,-960635.0,-7.120931335848721,-0.02568,-0.02568,33424626,33424626,https://www.sedar.com/ModifyCompanyDocumentSearchForm.do?lang=EN&company_search=CRH Medical Corp&document_selection=0&industry_group=A&FromDate=13&FromMonth=05&FromYear=2000&ToDate=13&ToMonth=11&ToYear=2020&Variable=Issuer,https://www.sedar.com/ModifyCompanyDocumentSearchForm.do?lang=EN&company_search=CRH Medical Corp&document_selection=0&industry_group=A&FromDate=13&FromMonth=05&FromYear=2000&ToDate=13&ToMonth=11&ToYear=2020&Variable=Issuer
0,2004-12-31,CRH.TO,2004-12-31,2004-12-31,FY,1760169.0,1443257.0,316912.0,0.180046347822283,0.0,898776.0,64450.0,0.0,0.0,2422581.0,0.0,80548.0,-581864.0,-0.3305728029524438,-662412.0,0.0,37879.0,0.0,0.0,0.0,-629911.0,-0.35786961365641595,-0.02504,-0.02504,29865751,29865751,https://www.sedar.com/ModifyCompanyDocumentSearchForm.do?lang=EN&company_search=CRH Medical Corp&document_selection=0&industry_group=A&FromDate=13&FromMonth=05&FromYear=2000&ToDate=13&ToMonth=11&ToYear=2020&Variable=Issuer,https://www.sedar.com/ModifyCompanyDocumentSearchForm.do?lang=EN&company_search=CRH Medical Corp&document_selection=0&industry_group=A&FromDate=13&FromMonth=05&FromYear=2000&ToDate=13&ToMonth=11&ToYear=2020&Variable=Issuer
0,2003-12-31,CRH.TO,2003-12-31,2003-12-31,FY,1477562.0,1215526.0,262036.0,0.17734348880114675,0.0,891555.0,67831.0,0.0,0.0,2167228.0,0.0,60147.0,-629519.0,-0.42605251082526485,-689666.0,0.0,0.0,0.0,0.0,0.0,-696710.0,-0.47152674473220074,-0.03095,-0.03095,22035001,22035001,https://www.sedar.com/ModifyCompanyDocumentSearchForm.do?lang=EN&company_search=CRH Medical Corp&document_selection=0&industry_group=A&FromDate=13&FromMonth=05&FromYear=2000&ToDate=13&ToMonth=11&ToYear=2020&Variable=Issuer,https://www.sedar.com/ModifyCompanyDocumentSearchForm.do?lang=EN&company_search=CRH Medical Corp&document_selection=0&industry_group=A&FromDate=13&FromMonth=05&FromYear=2000&ToDate=13&ToMonth=11&ToYear=2020&Variable=Issuer
0,2000-12-31,CRH.TO,2000-12-31,2000-12-31,FY,392471.0,105258.0,287213.0,0.731806936053874,0.0,595359.0,89005.0,0.0,0.0,700617.0,0.0,0.0,-308146.0,-0.7851433609107424,-308146.0,-0.8155532510682318,0.0,-320081.0,-0.8155532510682318,800.0,-320881.0,-0.8175916182342134,-0.03,-0.03,10696033,10696033,https://www.sedar.com/ModifyCompanyDocumentSearchForm.do?lang=EN&company_search=CRH Medical Corp&document_selection=0&industry_group=A&FromDate=13&FromMonth=05&FromYear=2000&ToDate=13&ToMonth=11&ToYear=2020&Variable=Issuer,https://www.sedar.com/ModifyCompanyDocumentSearchForm.do?lang=EN&company_search=CRH Medical Corp&document_selection=0&industry_group=A&FromDate=13&FromMonth=05&FromYear=2000&ToDate=13&ToMonth=11&ToYear=2020&Variable=Issuer
0,1999-12-31,CRH.TO,1999-12-31,1999-12-31,FY,421734.0,281016.0,140718.0,0.3336652961345303,0.0,598812.0,54638.0,-1275.0,0.0,879828.0,0.0,0.0,-458094.0,-1.0862154817965828,-458094.0,-1.1621424879189253,-1275.0,-490115.0,-1.1621424879189253,800.0,-333415.0,-0.7905812668648959,-0.03,-0.03,11113833,11113833,https://www.sedar.com/ModifyCompanyDocumentSearchForm.do?lang=EN&company_search=CRH Medical Corp&document_selection=0&industry_group=A&FromDate=13&FromMonth=05&FromYear=2000&ToDate=13&ToMonth=11&ToYear=2020&Variable=Issuer,https://www.sedar.com/ModifyCompanyDocumentSearchForm.do?lang=EN&company_search=CRH Medical Corp&document_selection=0&industry_group=A&FromDate=13&FromMonth=05&FromYear=2000&ToDate=13&ToMonth=11&ToYear=2020&Variable=Issuer
