,date,symbol,fillingDate,acceptedDate,period,revenue,costOfRevenue,grossProfit,grossProfitRatio,researchAndDevelopmentExpenses,generalAndAdministrativeExpenses,sellingAndMarketingExpenses,otherExpenses,operatingExpenses,costAndExpenses,interestExpense,depreciationAndAmortization,ebitda,ebitdaratio,operatingIncome,operatingIncomeRatio,totalOtherIncomeExpensesNet,incomeBeforeTax,incomeBeforeTaxRatio,incomeTaxExpense,netIncome,netIncomeRatio,eps,epsdiluted,weightedAverageShsOut,weightedAverageShsOutDil,link,finalLink
0,2019-12-31,CYAD.BR,2019-12-31,2019-12-31,FY,6000.0,0.0,6000.0,1.0,25232000,8725000.0,0.0,-120000.0,-3363000.0,29379000,343000.0,345000.0,-27450000,-4575.0,-29373000,-4773.333333333333,821000.0,-28640000,-4773.333333333333,-8000.0,-28632000,-4772.0,-2.29,-2.29,12523166,12523166,,
0,2018-12-31,CYAD.BR,2018-12-31,2018-12-31,FY,3115000.0,0.0,3115000.0,1.0,24949000,10121000,676000.0,-998000.0,-525000.0,34502000,62000.0,267000.0,-30852000,-9.904333868378812,-31387000,-12.015088282504014,-6397000.0,-37427000,-12.015088282504014,0.0,-37427000,-12.015088282504014,-3.36,-3.36,11138988,11138988,,
0,2017-12-31,CYAD.BR,2017-12-31,2017-12-31,FY,3540000.0,515000.0,3025000.0,0.8545197740112994,22908000,9079000.0,761000.0,-23792000,-1235000.0,30335000,108000.0,229000.0,-16901000,-4.774293785310735,-26795000,-15.931073446327684,-30383000,-56396000,-15.931073446327684,-1000.0,-56395000,-15.930790960451978,-5.86,-5.86,9623720.0,9623720.0,,
0,2016-12-31,CYAD.BR,2016-12-31,2016-12-31,FY,8523000.0,53000.0,8471000.0,0.9938988619030857,27675000,9572000.0,728000.0,0.0,-2696000.0,34777000,109000.0,173000.0,-23200000,-2.722046227854042,-26253000,-2.7703860143142087,1337000.0,-23612000,-2.7703860143142087,-6000.0,-23606000,-2.7696820368414876,-2.53,-2.53,9330435.0,9330435.0,,
0,2015-12-31,CYAD.BR,2015-12-31,2015-12-31,FY,3000.0,1000.0,2000.0,0.6666666666666666,22766000,7230000.0,891000.0,0.0,-222000.0,29775000,100000.0,0.0,-28036000,-9345.333333333334,-29772000,-9704.666666666666,407000.0,-29114000,-9704.666666666666,0.0,-29114000,-9704.666666666666,-3.43,-3.43,8488047.0,8488047.0,,
0,2014-12-31,CYAD.BR,2014-12-31,2014-12-31,FY,146000.0,115000.0,31000.0,0.21232876712328766,15865000,5016000.0,394000.0,0.0,-963000.0,20033000,22000.0,0.0,-18044000,-123.58904109589041,-19887000,-112.6917808219178,3179000.0,-16453000,-112.6917808219178,0.0,-16453000,-112.6917808219178,-2.44,-2.44,6750383.0,6750383.0,,
0,2013-12-31,CYAD.BR,2013-12-31,2013-12-31,FY,0.0,2415210.0,-2415210.0,0.0,2158070.0,2987550.0,206190.0,-1020000.0,5933090.0,11078710,425420.0,0.0,-11035140,0.0,-11078710,0.0,-890160.0,-12346220,0.0,0.0,-12346220,0.0,-3.01,-3.01,4099216.0,4099216.0,,
0,2012-12-31,CYAD.BR,2012-12-31,2012-12-31,FY,54000.0,6683331.78,-6629331.78,-122.76540333333334,0.0,3713260.17,0.0,-2842.46,-10782669.19,1494914.63,0.0,1880991.87,440077.24,8.149578518518519,-1440914.63,-39.861953888888884,-2842.46,-2152545.51,-39.861953888888884,0.0,-2152545.51,-39.861953888888884,-0.339905,-0.339905,6332792.0,6332792.0,,
0,2011-12-31,CYAD.BR,2011-12-31,2011-12-31,FY,26932.07,5797851.56,-5770919.49,-214.27686360535972,0.0,2838731.42,0.0,-270.21,-2247860.08,9109517.89,0.0,2720794.99,-6361790.83,-236.21618501659918,-9082585.82,-339.1641845576668,-270.21,-9134393.56,-339.1641845576668,0.0,-9134393.56,-339.1641845576668,-1.442396,-1.442396,6332792.0,6332792.0,,
