,date,symbol,fillingDate,acceptedDate,period,revenue,costOfRevenue,grossProfit,grossProfitRatio,researchAndDevelopmentExpenses,generalAndAdministrativeExpenses,sellingAndMarketingExpenses,otherExpenses,operatingExpenses,costAndExpenses,interestExpense,depreciationAndAmortization,ebitda,ebitdaratio,operatingIncome,operatingIncomeRatio,totalOtherIncomeExpensesNet,incomeBeforeTax,incomeBeforeTaxRatio,incomeTaxExpense,netIncome,netIncomeRatio,eps,epsdiluted,weightedAverageShsOut,weightedAverageShsOutDil,link,finalLink
0,2019-12-31,POXEL.PA,2019-12-31,2019-12-31,FY,26557000,0.0,0.0,0.0,44550000,7411000.0,0.0,0.0,0.0,51228000,181000.0,0.0,-24164000,-0.9098919305644463,-24671000,-0.9693112926911925,0.0,-25742000,-0.9693112926911925,1000.0,-25743000,-0.9693489475467861,-0.99,-0.99,25936131,25936131,https://www.infogreffe.com/recherche-entreprise-dirigeants/resultats-entreprise-dirigeants.html?ga_cat=globale&ga_q=P.O.X.E.L#phrase=P.O.X.E.L,https://www.infogreffe.com/recherche-entreprise-dirigeants/resultats-entreprise-dirigeants.html?ga_cat=globale&ga_q=P.O.X.E.L#phrase=P.O.X.E.L
0,2018-12-31,POXEL.PA,2018-12-31,2018-12-31,FY,74605000,0.0,0.0,0.0,58092000,4486000.0,0.0,0.0,0.0,62066000,0.0,0.0,12601000,0.16890288854634408,12539000,0.18232021982440855,0.0,13602000,0.18232021982440855,77000.0,13525000,0.1812881174184036,0.54,0.54,24833331,24833331,https://www.infogreffe.com/recherche-entreprise-dirigeants/resultats-entreprise-dirigeants.html?ga_cat=globale&ga_q=P.O.X.E.L#phrase=P.O.X.E.L,https://www.infogreffe.com/recherche-entreprise-dirigeants/resultats-entreprise-dirigeants.html?ga_cat=globale&ga_q=P.O.X.E.L#phrase=P.O.X.E.L
0,2017-12-31,POXEL.PA,2017-12-31,2017-12-31,FY,5290148.0,0.0,0.0,0.0,24095627,3450005.0,0.0,0.0,0.0,27192325,46509.0,0.0,-22213704,-4.199070422982495,-21902177,-4.215025931221584,0.0,-22298111,-4.215025931221584,0.0,-22298111,-4.215025931221584,-0.97,-0.97,23033299,23033299,https://www.infogreffe.com/recherche-entreprise-dirigeants/resultats-entreprise-dirigeants.html?ga_cat=globale&ga_q=P.O.X.E.L#phrase=P.O.X.E.L,https://www.infogreffe.com/recherche-entreprise-dirigeants/resultats-entreprise-dirigeants.html?ga_cat=globale&ga_q=P.O.X.E.L#phrase=P.O.X.E.L
0,2016-12-31,POXEL.PA,2016-12-31,2016-12-31,FY,70265.0,0.0,70265.0,1.0,20921948,3829001.0,0.0,0.0,73507.0,24352584,479570.0,30879.0,-23971353,-341.15637942076427,-24282319,-348.4371166299011,0.0,-24482934,-348.4371166299011,0.0,-24482934,-348.4371166299011,-1.16,-1.16,21066807,21066807,https://www.infogreffe.com/recherche-entreprise-dirigeants/resultats-entreprise-dirigeants.html?ga_cat=globale&ga_q=P.O.X.E.L#phrase=P.O.X.E.L,https://www.infogreffe.com/recherche-entreprise-dirigeants/resultats-entreprise-dirigeants.html?ga_cat=globale&ga_q=P.O.X.E.L#phrase=P.O.X.E.L
0,2015-12-31,POXEL.PA,2015-12-31,2015-12-31,FY,59650.0,0.0,59650.0,1.0,9237820.0,2679846.0,0.0,0.0,40718.0,11780602,856556.0,22975.0,-11485718,-192.55185247275776,-11720952,-205.21396479463536,0.0,-12241013,-205.21396479463536,0.0,-12241013,-205.21396479463536,-0.68,-0.68,17918891,17918891,https://www.infogreffe.com/recherche-entreprise-dirigeants/resultats-entreprise-dirigeants.html?ga_cat=globale&ga_q=P.O.X.E.L#phrase=P.O.X.E.L,https://www.infogreffe.com/recherche-entreprise-dirigeants/resultats-entreprise-dirigeants.html?ga_cat=globale&ga_q=P.O.X.E.L#phrase=P.O.X.E.L
0,2014-12-31,POXEL.PA,2014-12-31,2014-12-31,FY,0.0,0.0,0.0,0.0,6996109.0,941583.0,0.0,0.0,27049.0,6895981.0,371376.0,12343.0,-13626707,0.0,-6895981.0,0.0,0.0,-14082448,0.0,0.0,-14082448,0.0,-1.41,-1.41,9976856.0,9976856.0,https://www.infogreffe.com/recherche-entreprise-dirigeants/resultats-entreprise-dirigeants.html?ga_cat=globale&ga_q=P.O.X.E.L#phrase=P.O.X.E.L,https://www.infogreffe.com/recherche-entreprise-dirigeants/resultats-entreprise-dirigeants.html?ga_cat=globale&ga_q=P.O.X.E.L#phrase=P.O.X.E.L
0,2013-12-31,POXEL.PA,2013-12-31,2013-12-31,FY,0.0,0.0,0.0,0.0,9081634.0,616971.0,0.0,0.0,19015.0,7272907.0,0.0,15391.0,-7257515.0,0.0,-7272907.0,0.0,0.0,-20452695,0.0,0.0,-20452697,0.0,-1.160243,-1.160243,17627935,17627935,https://www.infogreffe.com/recherche-entreprise-dirigeants/resultats-entreprise-dirigeants.html?ga_cat=globale&ga_q=P.O.X.E.L#phrase=P.O.X.E.L,https://www.infogreffe.com/recherche-entreprise-dirigeants/resultats-entreprise-dirigeants.html?ga_cat=globale&ga_q=P.O.X.E.L#phrase=P.O.X.E.L
0,2012-12-31,POXEL.PA,2012-12-31,2012-12-31,FY,0.0,0.0,0.0,0.0,8698535.0,555825.0,0.0,0.0,20143.0,7119630.0,0.0,15334.0,-7104295.0,0.0,-7119630.0,0.0,0.0,-7138341.0,0.0,0.0,-7138342.0,0.0,-0.404945,-0.404945,17627935,17627935,https://www.infogreffe.com/recherche-entreprise-dirigeants/resultats-entreprise-dirigeants.html?ga_cat=globale&ga_q=P.O.X.E.L#phrase=P.O.X.E.L,https://www.infogreffe.com/recherche-entreprise-dirigeants/resultats-entreprise-dirigeants.html?ga_cat=globale&ga_q=P.O.X.E.L#phrase=P.O.X.E.L
0,2011-12-31,POXEL.PA,2011-12-31,2011-12-31,FY,0.0,0.0,0.0,0.0,10365634,787997.0,0.0,0.0,18608.0,8681556.0,0.0,13684.0,-8667872.0,0.0,-8681556.0,0.0,0.0,-8623956.0,0.0,0.0,-8623956.0,0.0,-0.489221,-0.489221,17627935,17627935,https://www.infogreffe.com/recherche-entreprise-dirigeants/resultats-entreprise-dirigeants.html?ga_cat=globale&ga_q=P.O.X.E.L#phrase=P.O.X.E.L,https://www.infogreffe.com/recherche-entreprise-dirigeants/resultats-entreprise-dirigeants.html?ga_cat=globale&ga_q=P.O.X.E.L#phrase=P.O.X.E.L
