,date,symbol,fillingDate,acceptedDate,period,revenue,costOfRevenue,grossProfit,grossProfitRatio,researchAndDevelopmentExpenses,generalAndAdministrativeExpenses,sellingAndMarketingExpenses,otherExpenses,operatingExpenses,costAndExpenses,interestExpense,depreciationAndAmortization,ebitda,ebitdaratio,operatingIncome,operatingIncomeRatio,totalOtherIncomeExpensesNet,incomeBeforeTax,incomeBeforeTaxRatio,incomeTaxExpense,netIncome,netIncomeRatio,eps,epsdiluted,weightedAverageShsOut,weightedAverageShsOutDil,link,finalLink
0,2019-12-31,ITCI,2020-03-02,2020-03-02 08:02:39,FY,60610.0,0.0,60610.0,1.0,89124840,64947630,0.0,0.0,154072460,154072460,6291270.0,477120.0,-140952190,-2325.559974,-154011850,-2541.030358,0.0,-147720580,-2437.23115,1600.0,-147722180,-2437.257548,-2.6768,-2.6768,55186206000,55186206000,https://www.sec.gov/Archives/edgar/data/1567514/000119312520057888/0001193125-20-057888-index.htm,https://www.sec.gov/Archives/edgar/data/1567514/000119312520057888/d863619d10k.htm
0,2018-12-31,ITCI,2019-02-27,2019-02-27 16:32:07,FY,0.0,0.0,0.0,0.0,132166910,30099860,0.0,0.0,162266770,162266770,7140960.0,368670.0,-147616180,0.0,-162266770,0.0,0.0,-155125810,0.0,1600.0,-155127410,0.0,-2.83556,-2.83556,54707865,54707865,https://www.sec.gov/Archives/edgar/data/1567514/000119312519054119/0001193125-19-054119-index.htm,https://www.sec.gov/Archives/edgar/data/1567514/000119312519054119/d678830d10k.htm
0,2017-12-31,ITCI,2018-03-01,2018-03-01 16:11:09,FY,245840.0,0.0,245840.0,1.0,79419010,23666960,0.0,0.0,103085970,103085970,4005860.0,213870.0,-93514530,-380.387773,-102840130,-418.321388,0.0,-98834270,-402.026806,39150.0,-97773410,-397.71156,-2.11714,-2.11714,46181926,46181926,https://www.sec.gov/Archives/edgar/data/1567514/000119312518067144/0001193125-18-067144-index.htm,https://www.sec.gov/Archives/edgar/data/1567514/000119312518067144/d518852d10k.htm
0,2016-12-31,ITCI,2017-03-01,2017-03-01 16:17:05,FY,330700.0,0.0,330700.0,1.0,93831530,24758060,0.0,0.0,118589590,118589590,36781.0,196870.0,-115126949,-348.131083,-118258890,-357.601724,0.0,-115360600,-348.837617,1065670.0,-116426270,-352.060085,-2.69255,-2.69255,43240188,43240188,https://www.sec.gov/Archives/edgar/data/1567514/000119312517065749/0001193125-17-065749-index.htm,https://www.sec.gov/Archives/edgar/data/1567514/000119312517065749/d285960d10k.htm
0,2015-12-31,ITCI,2016-02-25,2016-02-25 16:49:17,FY,91360.0,0.0,91360.0,1.0,87718070,18187290,0.0,0.0,105905360,105905360,1022460.0,139630.0,-103629450,-1134.297833,-105814000,-1158.209282,0.0,-104791540,-1147.017732,1600.0,-104793140,-1147.035245,-2.90533,-2.90533,36069237,36069237,https://www.sec.gov/Archives/edgar/data/1567514/000119312516478475/0001193125-16-478475-index.htm,https://www.sec.gov/Archives/edgar/data/1567514/000119312516478475/d101832d10k.htm
0,2014-12-31,ITCI,2015-03-12,2015-03-12 17:09:02,FY,577300.0,0.0,577300.0,1.0,21226350,10337680,0.0,0.0,31564020,31564020,7073.0,25480.0,-30657307,-53.104637,-30986720,-53.675247,0.0,-30689860,-53.161025,1600.0,-30691460,-53.163797,-1.07125,-1.07125,28650067,28650067,https://www.sec.gov/Archives/edgar/data/1567514/000119312515089426/0001193125-15-089426-index.htm,https://www.sec.gov/Archives/edgar/data/1567514/000119312515089426/d857051d10k.htm
0,2013-12-31,ITCI,2014-03-25,2014-03-25 17:16:52,FY,2737002.0,29003854,-26266852,-9.596942932449446,23027578,5976276.0,0.0,0.0,29003854,58007708,612963.0,23249.0,-26243603,-9.58844860179,-26266852,-9.59694293245,0.0,-26850198,-9.816652673253436,18000.0,-26868198,-9.81665267325,-1.55661,-1.55661,17260768,17260768,https://www.sec.gov/Archives/edgar/data/1567514/000119312514114613/0001193125-14-114613-index.htm,https://www.sec.gov/Archives/edgar/data/1567514/000119312514114613/d675342d10k.htm
0,2013-03-31,ITCI,,,FY,0.0,0.0,0.0,0.0,0.0,0.0,0.0,0.0,0.0,0.0,0.0,0.0,0.0,0.0,0.0,0.0,0.0,-32100.0,0.0,0.0,-32100.0,0.0,-0.00642,-0.00642,65106103,5000000.0,,
