,date,symbol,fillingDate,acceptedDate,period,revenue,costOfRevenue,grossProfit,grossProfitRatio,researchAndDevelopmentExpenses,generalAndAdministrativeExpenses,sellingAndMarketingExpenses,otherExpenses,operatingExpenses,costAndExpenses,interestExpense,depreciationAndAmortization,ebitda,ebitdaratio,operatingIncome,operatingIncomeRatio,totalOtherIncomeExpensesNet,incomeBeforeTax,incomeBeforeTaxRatio,incomeTaxExpense,netIncome,netIncomeRatio,eps,epsdiluted,weightedAverageShsOut,weightedAverageShsOutDil,link,finalLink
0,2019-12-31,RDNT,2020-03-16,2020-03-16 16:45:30,FY,1154179000,893197000,260982000,0.2261191721561387,0.0,106495000,0.0,1084301000,191103999.99999994,1084301000,-39694000,80607000,61898000,0.053629,69878000,0.060543,-515000.0,29669000,0.025706,6229000.0,14756000,0.012785,0.29369,0.29369,49674858000,50244006000,https://www.sec.gov/Archives/edgar/data/790526/000079052620000003/0000790526-20-000003-index.htm,https://www.sec.gov/Archives/edgar/data/790526/000079052620000003/radnet10k2019document.htm
0,2018-12-31,RDNT,2019-03-18,2019-03-18 17:04:08,FY,975146000,777696000,197450000,0.2024825000564018,0.0,89851000,0.0,944260000,166563999.99999997,944260000,-32079000,72899000,73457000,0.075329,30886000,0.031673,39720000,38527000,0.039509,394000.0,32243000,0.033065,0.66236,0.66236,48114275000,48678999000,https://www.sec.gov/Archives/edgar/data/790526/000162828019003087/0001628280-19-003087-index.htm,https://www.sec.gov/Archives/edgar/data/790526/000162828019003087/radnet10k2018document.htm
0,2017-12-31,RDNT,2018-03-19,2018-03-16 21:39:33,FY,922186000,723750000,198436000,0.21518001791395663,0.0,78627000,0.0,872136000,148385999.99999997,872136000,-27069000,66796000,64090000,0.069498,50050000,0.054273,258000.0,26385000,0.028611,24310000,53000.0,5.7e-05,0.00112,0.00112,46880775000,47401921000,https://www.sec.gov/Archives/edgar/data/790526/000168316818000705/0001683168-18-000705-index.htm,https://www.sec.gov/Archives/edgar/data/790526/000168316818000705/radnet_10k-123117.htm
0,2016-12-31,RDNT,2017-03-17,2017-03-16 19:15:28,FY,884535000,701587000,182948000,0.20682957712244288,0.0,74214000,0.0,41962000,144467999.99999997,846055000,21000.0,66610000,69429000,0.078492,38480000,0.043503,2612000.0,12436000,0.014059,-4432000.0,7230000.0,0.008174,0.15497,0.15497,46244188000,46655032000,https://www.sec.gov/Archives/edgar/data/790526/000168316817000586/0001683168-17-000586-index.htm,https://www.sec.gov/Archives/edgar/data/790526/000168316817000586/radnet_10k-123116.htm
0,2015-12-31,RDNT,2016-03-15,2016-03-15 17:02:01,FY,809628000,636623000,173005000,0.21368455636415737,0.0,71666000,0.0,38972000,133887999.99999993,770510999.9999999,34000.0,60611000,62347000,0.077007,39117000,0.048315,2851000.0,14645000,0.018089,-6007000.0,7709000.0,0.009522,0.17066,0.17066,43805794000,45171372000,https://www.sec.gov/Archives/edgar/data/790526/000101968716005474/0001019687-16-005474-index.htm,https://www.sec.gov/Archives/edgar/data/790526/000101968716005474/radnet_10k-123115.htm
0,2014-12-31,RDNT,2015-03-16,2015-03-16 16:45:54,FY,717569000,538160000,179409000,0.2500233427029317,0.0,64492000,0.0,41504000,142031000.00000006,680191000.0000001,60000.0,59258000,58727000,0.081842,37378000,0.05209,2031000.0,3652000.0,0.005089,-1967000.0,1376000.0,0.001918,0.03189,0.03189,41070077000,43149196000,https://www.sec.gov/Archives/edgar/data/790526/000101968715000986/0001019687-15-000986-index.htm,https://www.sec.gov/Archives/edgar/data/790526/000101968715000986/rdnt_10k-123114.htm
0,2013-12-31,RDNT,2014-03-17,2014-03-17 15:34:53,FY,703000000,598700000,104300000,0.14836415362731153,0.0,0.0,0.0,42805000,60699999.99999993,659399999.9999999,86000.0,58900000,57576000,0.0819,43600000,0.06202,-200000.0,5900000.0,0.008393,-3510000.0,2100000.0,0.002987,0.05276,0.05276,39140480000,39814535000,https://www.sec.gov/Archives/edgar/data/790526/000101968714000870/0001019687-14-000870-index.htm,https://www.sec.gov/Archives/edgar/data/790526/000101968714000870/radnet_10k-123113.htm
0,2012-12-31,RDNT,2013-03-18,2013-03-18 14:52:23,FY,647200000,543000000,104200000,0.16100123609394315,0.0,0.0,0.0,601925000,58899999.99999998,601900000,-47300000,57700000,130110000,0.201035,45200000,0.069839,3700000.0,4400000.0,0.006799,59910000,59800000,0.092398,1.52551,1.52551,37751170000,39244686000,https://www.sec.gov/Archives/edgar/data/790526/000101968713000862/0001019687-13-000862-index.htm,https://www.sec.gov/Archives/edgar/data/790526/000101968713000862/radnet_10k-123112.htm
0,2011-12-31,RDNT,2012-03-13,2012-03-13 15:54:54,FY,585100000,477800000,107300000,0.1833874551358742,0.0,0.0,0.0,569139000,56699999.99999999,534500000,-47600000,57500000,17920000,0.030627,50700000,0.086652,5100000.0,8200000.0,0.014015,820000.0,7200000.0,0.012306,0.18557,0.18557,37367736000,38785675000,https://www.sec.gov/Archives/edgar/data/790526/000101968712000931/0001019687-12-000931-index.htm,https://www.sec.gov/Archives/edgar/data/790526/000101968712000931/rdnt_10k-123111.htm
0,2010-12-31,RDNT,2011-03-11,2011-03-11 15:13:38,FY,518700000,421000000,97700000,0.18835550414497784,0.0,0.0,0.0,510102000,65800000.00000001,486800000,-48398000,54000000,-7874000.0,-0.01518,31800000,0.061307,-500000.0,-17100000,-0.032967,-576000.0,-12900000,-0.02487,-0.34959,-0.34959,36853477000,36853477000,https://www.sec.gov/Archives/edgar/data/790526/000101968711000837/0001019687-11-000837-index.htm,https://www.sec.gov/Archives/edgar/data/790526/000101968711000837/radnet_10k-123110.htm
0,2009-12-31,RDNT,2010-03-15,2010-03-15 16:37:29,FY,527600000,397800000,129800000,0.2460197119029568,0.0,32700000,0.0,485511000,87500000,485300000,-49193000,53800000,1864000.0,0.003533,42300000,0.080174,800000.0,-6900000.0,-0.013078,-443000.0,-2300000.0,-0.004359,-0.06389,-0.06389,36047033000,36047033000,https://www.sec.gov/Archives/edgar/data/790526/000114420410013494/0001144204-10-013494-index.htm,https://www.sec.gov/Archives/edgar/data/790526/000114420410013494/v177162_10k.htm
0,2008-12-31,RDNT,2009-03-16 00:00:00,2009-03-16 15:25:58,FY,498800000,384300000,114500000,0.229551,0.0,30800000,0.0,0.0,85199999.99999999,469500000,-51800000,53500000,-10900000,-0.021852,29300000,0.058741,200000.0,-22400000,-0.044908,200000.0,-12800000,-0.025662,-0.35854,-0.35854,35700000,35700000,https://www.sec.gov/Archives/edgar/data/790526/000101968709000850/0001019687-09-000850-index.html,https://www.sec.gov/Archives/edgar/data/790526/000101968709000850/radnet_10k-123108.txt
0,2007-12-31,RDNT,2008-04-01 00:00:00,2008-04-01 09:44:54,FY,423600000,330600000,93000000,0.219547,0.0,27500000,0.0,0.0,73699999.99999999,404300000,-42400000,45300000,-14900000,-0.035175,19300000,0.045562,0.0,-23100000,-0.054533,300000.0,-18100000,-0.042729,-0.52312,-0.52312,34600000,34600000,https://www.sec.gov/Archives/edgar/data/790526/000101968708001442/0001019687-08-001442-index.html,https://www.sec.gov/Archives/edgar/data/790526/000101968708001442/radnet_10k-123107.txt
0,2006-12-31,RDNT,2007-02-07 00:00:00,2007-02-07 15:06:27,FY,57400000,46000000,11300000,0.196864,0.0,3900000.0,0.0,0.0,17200000.000000004,63200000,-5600000.0,5900000.0,-10700000,-0.186411,-5900000.0,-0.102787,100000.0,-11400000,-0.198606,0.0,-11000000,-0.191638,-0.35484,-0.35484,31000000,31000000,https://www.sec.gov/Archives/edgar/data/790526/000101968707000320/0001019687-07-000320-index.html,https://www.sec.gov/Archives/edgar/data/790526/000101968707000320/radnet_10k-103106.txt
0,2006-10-31,RDNT,,,FY,161000000,120300000,40700000,0.252795,0.0,7600000.0,0.0,0.0,26500000.000000015,146800000,-20400000,16400000,-10900000,-0.067702,14200000,0.088199,-800000.0,-7000000.0,-0.043478,0.0,-6900000.0,-0.042857,-0.32857,-0.32857,21000000,21000000,,
0,2005-10-31,RDNT,,,FY,145600000,109000000,36600000,0.251374,0.0,4900000.0,0.0,0.0,22699999.99999999,131699999.99999999,-17500000,17500000,-3600000.0,-0.024725,13900000,0.095467,0.0,-3600000.0,-0.024725,0.0,-3600000.0,-0.024725,-0.17476,-0.17476,20600000,20600000,,
0,2004-10-31,RDNT,,,FY,137300000,105800000,31400000,0.228696,0.0,3900000.0,0.0,0.0,21900000.000000007,127700000,-17300000,17900000,-8900000.0,-0.064822,9600000.0,0.06992,-1500000.0,-9100000.0,-0.066278,5200000.0,-14700000,-0.107065,-0.71359,-0.71359,20600000,20600000,,
0,2003-10-31,RDNT,,,FY,140300000,106100000,34200000,0.243763,0.0,4900000.0,0.0,0.0,21800000.00000001,127900000.00000001,-17900000,16900000,-3300000.0,-0.023521,12400000,0.088382,200000.0,-5400000.0,-0.038489,0.0,-2300000.0,-0.016393,-0.1122,-0.1122,20500000,20500000,,
0,2002-10-31,RDNT,,,FY,134100000,102300000,31800000,0.237136,0.0,6900000.0,0.0,0.0,21900000.000000007,124200000,-16600000,15000000,-7200000.0,-0.053691,9900000.0,0.073826,200000.0,-6500000.0,-0.048471,0.0,-5600000.0,-0.04176,-0.27451,-0.27451,20400000,20400000,,
0,2001-10-31,RDNT,,,FY,107600000,75500000,32100000,0.298327,0.0,3900000.0,0.0,0.0,14099999.999999994,89600000,-13500000,10700000,6600000.0,0.061338,17900000,0.166357,4300000.0,8700000.0,0.080855,-5100000.0,14500000,0.134758,0.65611,0.65611,22100000,22100000,,
0,2000-10-31,RDNT,,,FY,88000000,62200000,25800000,0.293182,0.0,2600000.0,0.0,0.0,9700000.000000004,71900000,-13500000,8600000.0,-2300000.0,-0.026136,16100000,0.182955,200000.0,2900000.0,0.032955,0.0,2600000.0,0.029545,0.13065,0.13065,19900000,19900000,,
0,1999-10-31,RDNT,,,FY,72300000,59100000,13200000,0.182573,0.0,3100000.0,0.0,0.0,12199999.999999996,71300000,-10600000,7700000.0,-12000000,-0.165975,1000000.0,0.013831,400000.0,-9200000.0,-0.127248,0.0,-9100000.0,-0.125864,-0.46667,-0.46667,19500000,19500000,,
0,1998-10-31,RDNT,,,FY,58800000,51300000,7500000.0,0.127551,0.0,2700000.0,0.0,0.0,23100000.00000001,74400000.00000001,-13400000,8600000.0,-34100000,-0.579932,-15600000,-0.265306,400000.0,-28500000,-0.484694,0.0,-29300000,-0.498299,-1.50256,-1.50256,19500000,19500000,,
0,1997-10-31,RDNT,,,FY,67000000,58700000,8300000.0,0.123881,0.0,2000000.0,0.0,0.0,14399999.99999999,73099999.99999999,6500000.0,8800000.0,14500000,0.216418,-6100000.0,-0.091045,-600000.0,-200000.0,-0.002985,0.0,-800000.0,-0.01194,-0.04124,-0.04124,19400000,19400000,,
0,1996-10-31,RDNT,,,FY,56500000,49800000,6700000.0,0.118584,0.0,2500000.0,0.0,0.0,7400000.000000006,57200000.00000001,-7500000.0,6100000.0,-9800000.0,-0.173451,-700000.0,-0.012389,900000.0,-7200000.0,-0.127434,0.0,-8400000.0,-0.148673,-0.42857,-0.42857,19600000,19600000,,
