,date,symbol,fillingDate,acceptedDate,period,revenue,costOfRevenue,grossProfit,grossProfitRatio,researchAndDevelopmentExpenses,generalAndAdministrativeExpenses,sellingAndMarketingExpenses,otherExpenses,operatingExpenses,costAndExpenses,interestExpense,depreciationAndAmortization,ebitda,ebitdaratio,operatingIncome,operatingIncomeRatio,totalOtherIncomeExpensesNet,incomeBeforeTax,incomeBeforeTaxRatio,incomeTaxExpense,netIncome,netIncomeRatio,eps,epsdiluted,weightedAverageShsOut,weightedAverageShsOutDil,link,finalLink
0,2017-12-31,ECYT,2018-02-27 00:00:00,2018-02-27 15:52:16,FY,70000.0,0.0,70000.0,1.0,25866845,13769853,0.0,16539347,56176045,56176045,0.0,922670.0,-55183375,-788.333928571,-56106045,-801.514928571,13000.0,-55064150,-786.6285714285714,0.0,-55064150,-786.630714286,-1.2543,-1.2543,65648006,43900257,https://www.sec.gov/Archives/edgar/data/1235007/000155837018001164/0001558370-18-001164-index.html,https://www.sec.gov/Archives/edgar/data/1235007/000155837018001164/ecyt-20171231x10k.htm
0,2016-12-31,ECYT,2017-03-13 00:00:00,2017-03-13 16:20:49,FY,70000.0,0.0,70000.0,1.0,27492185,17298139,0.0,-29000.0,44790324,44790324,0.0,919809.0,-43800515,-625.721642857,-44720324,-638.861771429,-29000.0,-43887573,-626.9714285714285,0.0,-43887573,-626.965328571,-1.03973,-1.03973,42210643,42210643,https://www.sec.gov/Archives/edgar/data/1235007/000155837017001674/0001558370-17-001674-index.html,https://www.sec.gov/Archives/edgar/data/1235007/000155837017001674/ecyt-20161231x10k.htm
0,2015-12-31,ECYT,2016-03-08 00:00:00,2016-03-08 16:34:25,FY,70000.0,0.0,70000.0,1.0,26309475,15733462,0.0,51000.0,42042937,42042937,0.0,886710.0,-41086227,-586.9461,-41972937,-599.613385714,51000.0,-41269749,-589.5714285714286,0.0,-41269749,-589.567842857,-0.98403,-0.98403,41939504,41939504,https://www.sec.gov/Archives/edgar/data/1235007/000114420416086648/0001144204-16-086648-index.html,https://www.sec.gov/Archives/edgar/data/1235007/000114420416086648/v432293_10k.htm
0,2014-12-31,ECYT,2015-03-13,2015-03-13 14:36:11,FY,70353483,0.0,70353483,1.0,41649389,23677366,0.0,-145000.0,65326755,65326755,1189.0,857055.0,5883783.0,0.0836317229667,5026728.0,0.0714495968878,-145000.0,5459477.0,0.07759441672707632,0.0,5459477.0,0.0776006640638,0.13074,0.13074,40242352,41758101,https://www.sec.gov/Archives/edgar/data/1235007/000114420415015921/0001144204-15-015921-index.htm,https://www.sec.gov/Archives/edgar/data/1235007/000114420415015921/v403251_10k.htm
0,2013-12-31,ECYT,2014-03-05,2014-03-05 16:45:54,FY,64870919,0.0,64870919,1.0,57898971,25313731,0.0,-154000.0,83212702,83212702,2458.0,674725.0,-17667058,-0.272341725265,-18341783,-0.282742764905,-154000.0,-18032438,-0.27796704228391733,0.0,-18032438,-0.277974141233,-0.50039,-0.50039,38810473,36036996,https://www.sec.gov/Archives/edgar/data/1235007/000114420414013535/0001144204-14-013535-index.htm,https://www.sec.gov/Archives/edgar/data/1235007/000114420414013535/v369266_10k.htm
0,2012-12-31,ECYT,2013-03-18 00:00:00,2013-03-18 14:01:03,FY,191023.0,0.0,191023.0,1.0,28827746,10000000,0.0,-948000.0,38827746,38827746,1987873.0,262518.0,-38374205,-200.887877376,-38636723,-202.262151678,-948000.0,-40531613,-0.4985871633700479,0.0,-40531613,-212.181847212,-1.39745,-1.39745,38810473,29003991,https://www.sec.gov/Archives/edgar/data/1235007/000114420413015715/0001144204-13-015715-index.html,https://www.sec.gov/Archives/edgar/data/1235007/000114420413015715/v336044_10k.htm
0,2011-12-31,ECYT,2012-03-28 00:00:00,2012-03-28 13:33:01,FY,191000.0,0.0,191000.0,1.0,28828000,10000000,0.0,-36000.0,38828000,38828000,0.0,262518000,223881000,1172.151832460733,-38637000,-202.28795811518324,-36000.0,-40532000,-212.20942408376965,0.0,-40532000,-212.20942408376965,-1.13152,-1.13152,38810473,35820871,https://www.sec.gov/Archives/edgar/data/1235007/000119312512136853/0001193125-12-136853-index.html,https://www.sec.gov/Archives/edgar/data/1235007/000119312512136853/d316117d10k.htm
