,date,symbol,fillingDate,acceptedDate,period,revenue,costOfRevenue,grossProfit,grossProfitRatio,researchAndDevelopmentExpenses,generalAndAdministrativeExpenses,sellingAndMarketingExpenses,otherExpenses,operatingExpenses,costAndExpenses,interestExpense,depreciationAndAmortization,ebitda,ebitdaratio,operatingIncome,operatingIncomeRatio,totalOtherIncomeExpensesNet,incomeBeforeTax,incomeBeforeTaxRatio,incomeTaxExpense,netIncome,netIncomeRatio,eps,epsdiluted,weightedAverageShsOut,weightedAverageShsOutDil,link,finalLink
0,2020-09-30,SRDX,2020-12-02,2020-12-02 13:10:26,FY,94864000,65505000,29359000,0.3094851576994434,50188000,28392000,0.0,-203000.0,0.0,96115000,0.0,2218000.0,967000.0,0.010193540226007759,-1251000.0,-0.015327205262270197,-203000.0,-1454000.0,-0.015327205262270197,-2577000.0,1123000.0,0.011837999662674988,0.08,0.08,13552000,13812000,https://www.sec.gov/Archives/edgar/data/924717/000156459020055870/0001564590-20-055870-index.htm,https://www.sec.gov/Archives/edgar/data/924717/000156459020055870/srdx-10k_20200930.htm
0,2019-09-30,SRDX,2019-12-03,2019-12-03 17:31:28,FY,100077000,66524000,33553000,0.33527184068267435,52885000,23950000,0.0,1089000.0,0.0,92879000,152000.0,2405000.0,14510000,0.14498835896359802,7198000.0,0.07552184817690379,512000.0,7558000.0,0.07552184817690379,-34000.0,7592000.0,0.07586158657833468,0.57,0.55,13389000,13779000,https://www.sec.gov/Archives/edgar/data/924717/000156459019045173/0001564590-19-045173-index.htm,https://www.sec.gov/Archives/edgar/data/924717/000156459019045173/srdx-10k_20190930.htm
0,2018-09-30,SRDX,2018-11-30,2018-11-30 14:34:06,FY,81336000,54970000,26366000,0.3241615029015442,40973000,24111000,0.0,1267000.0,0.0,81572000,0.0,2491000.0,13491000,0.16586751254057244,-236000.0,-0.09260352119602636,-7296000.0,-7532000.0,-0.09260352119602636,-3075000.0,-4457000.0,-0.054797383692337956,-0.34,-0.34,13157000,13157000,https://www.sec.gov/Archives/edgar/data/924717/000156459018030336/0001564590-18-030336-index.htm,https://www.sec.gov/Archives/edgar/data/924717/000156459018030336/srdx-10k_20180930.htm
0,2017-09-30,SRDX,2017-12-01,2017-12-01 17:31:54,FY,73112000,43239000,29873000,0.4085922967501915,31817000,20478000,0.0,-70000.0,0.0,66136000,0.0,2419000.0,12474000,0.1706149469307364,6976000.0,0.09619487908961594,57000.0,7033000.0,0.09619487908961594,3107000.0,3926000.0,0.05369843527738265,0.3,0.29,13153000,13389000,https://www.sec.gov/Archives/edgar/data/924717/000156459017024465/0001564590-17-024465-index.htm,https://www.sec.gov/Archives/edgar/data/924717/000156459017024465/srdx-10k_20170930.htm
0,2016-09-30,SRDX,2016-12-02,2016-12-02 14:16:22,FY,71366000,29406000,41960000,0.5879550486225934,18498000,18000000,0.0,89000.0,0.0,49828000,0.0,2422000.0,31001000,0.43439452960793656,21538000,0.23748003250847743,-4590000.0,16948000,0.23748003250847743,6963000.0,9985000.0,0.13991256340554326,0.77,0.76,12998000,13219000,https://www.sec.gov/Archives/edgar/data/924717/000156459016029755/0001564590-16-029755-index.htm,https://www.sec.gov/Archives/edgar/data/924717/000156459016029755/srdx-10k_20160930.htm
0,2015-09-30,SRDX,2015-12-04,2015-12-04 15:25:32,FY,61898000,24784000,37114000,0.5995993408510776,16165000,18025000,0.0,496000.0,0.0,42809000,0.0,0.0,23238000,0.37542408478464573,19089000,0.29469449739894665,-848000.0,18241000,0.29469449739894665,6294000.0,11947000,0.19301108274903875,1.03,1.01,13029000,13289000,https://www.sec.gov/Archives/edgar/data/924717/000156459015011278/0001564590-15-011278-index.htm,https://www.sec.gov/Archives/edgar/data/924717/000156459015011278/srdx-10k_20150930.htm
0,2014-09-30,SRDX,2014-12-05,2014-12-05 15:57:43,FY,57439000,23566000,33873000,0.5897212695207089,15550000,15297000,0.0,133000.0,0.0,38863000,0.0,0.0,21528000,0.3747976113790282,18576000,0.3215933425024809,-104000.0,18472000,0.3215933425024809,6265000.0,12031000,0.2094569891537109,0.88,0.87,13632000,13876000,https://www.sec.gov/Archives/edgar/data/924717/000119312514434817/0001193125-14-434817-index.htm,https://www.sec.gov/Archives/edgar/data/924717/000119312514434817/d795840d10k.htm
0,2013-09-30,SRDX,2013-12-11,2013-12-11 15:51:32,FY,56132000,22977000,33155000,0.5906612983681323,15079000,13859000,0.0,137000.0,0.0,36836000,0.0,0.0,21255000,0.3786610133257322,19296000,0.36271645407254327,1064000.0,20360000,0.36271645407254327,5781000.0,15167000,0.27020238010404046,1.05,1.03,14464000,14731000,https://www.sec.gov/Archives/edgar/data/924717/000119312513469798/0001193125-13-469798-index.htm,https://www.sec.gov/Archives/edgar/data/924717/000119312513469798/d602990d10k.htm
0,2012-09-30,SRDX,2012-12-14,2012-12-14 15:19:20,FY,51928000,7418000.0,44510000,0.857148359266677,14143000,14025000,0.0,228000.0,0.0,35586000,0.0,0.0,20075000,0.3865929748883069,16342000,0.3140117085194885,-576000.0,16306000,0.3140117085194885,6177000.0,10231000,0.19702280080110923,0.59,0.59,17318000,17431000,https://www.sec.gov/Archives/edgar/data/924717/000119312512503216/0001193125-12-503216-index.htm,https://www.sec.gov/Archives/edgar/data/924717/000119312512503216/d434805d10k.htm
0,2011-09-30,SRDX,2011-12-14,2011-12-14 17:16:55,FY,67781000,8315000.0,59466000,0.8773255041973415,30656000,20545000,0.0,401000.0,0.0,59516000,0.0,0.0,41193000,0.6077366813708857,8265000.0,-0.24331302282350512,-25382000,-16492000,-0.24331302282350512,-3714000.0,-12778000,-0.18851890647821662,-0.73,-0.73,17419000,17419000,https://www.sec.gov/Archives/edgar/data/924717/000119312511341075/0001193125-11-341075-index.htm,https://www.sec.gov/Archives/edgar/data/924717/000119312511341075/d259955d10k.htm
0,2010-09-30,SRDX,2010-12-14,2010-12-14 17:07:18,FY,69898000,27572000,42326000,0.6055395004148902,17916000,18451000,0.0,0.0,0.0,63939000,0.0,0.0,40395000,0.5779135311453832,5959000.0,-0.29555924346905493,-26618000,-20659000,-0.29555924346905493,430000.0,-21089000,-0.3017110646942688,-1.21,-1.21,17372000,17372000,https://www.sec.gov/Archives/edgar/data/924717/000095012310113522/0000950123-10-113522-index.htm,https://www.sec.gov/Archives/edgar/data/924717/000095012310113522/c61767e10vk.htm
0,2009-09-30,SRDX,2009-12-11,2009-12-11 17:28:34,FY,121534000,20691000,100843000,0.8297513453025491,21179000,17200000,13183000,0.0,0.0,59070000,0.0,0.0,71316000,0.5867987559036977,62464000,0.4897724093669261,-2940000.0,59524000,0.4897724093669261,21974000,37550000,0.30896703803050996,2.15,2.15,17435000,17469000,https://www.sec.gov/Archives/edgar/data/924717/000095012309070269/0000950123-09-070269-index.htm,https://www.sec.gov/Archives/edgar/data/924717/000095012309070269/c55041e10vk.htm
0,2008-09-30,SRDX,2008-12-15,2008-12-12 19:53:47,FY,97051000,8476000.0,88575000,0.9126644753789245,40498000,20816000,0.0,0.0,0.0,69790000,0.0,0.0,33701000,0.34725041473039947,27261000,0.2770914261573812,-369000.0,26892000,0.2770914261573812,12153000,14739000,0.15186860516635584,0.82,0.8,18026000,18330000,https://www.sec.gov/Archives/edgar/data/924717/000095015208010240/0000950152-08-010240-index.htm,https://www.sec.gov/Archives/edgar/data/924717/000095015208010240/c48156e10vk.htm
0,2007-09-30,SRDX,2007-12-14,2007-12-14 17:30:34,FY,73164000,5584000.0,67580000,0.9236783117380132,28465000,13643000,0.0,0.0,0.0,47692000,0.0,0.0,39102000,0.534443168771527,25472000,0.20048111092887214,-10804000,14668000,0.20048111092887214,11321000,3346000.0,0.045732874091083044,0.19,0.18,18033000,18217000,https://www.sec.gov/Archives/edgar/data/924717/000120677407002881/0001206774-07-002881-index.htm,https://www.sec.gov/Archives/edgar/data/924717/000120677407002881/surmodics_10k.htm
0,2006-09-30,SRDX,2006-12-14,2006-12-14 15:00:02,FY,69884000,3399000.0,66485000,0.9513622574552115,20391000,9931000.0,0.0,0.0,0.0,33721000,0.0,0.0,38937000,0.5571661610669109,36163000,0.508914773052487,-598000.0,35565000,0.508914773052487,15231000,20334000,0.2909678896456986,1.1,1.09,18527000,18719000,https://www.sec.gov/Archives/edgar/data/924717/000120677406002591/0001206774-06-002591-index.htm,https://www.sec.gov/Archives/edgar/data/924717/000120677406002591/surmodics_10k.htm
0,2005-09-30,SRDX,2005-12-14,2005-12-14 16:13:46,FY,62381000,2855000.0,59526000,0.9542328593642295,16072000,7705000.0,0.0,0.0,0.0,29119000,0.0,0.0,68394000,1.096391529472115,33262000,0.06973277119635786,-31399000,4350000.0,0.06973277119635786,12596000,-8246000.0,-0.13218768535291195,-0.45,-0.45,18131000,18131000,https://www.sec.gov/Archives/edgar/data/924717/000120677405002012/0001206774-05-002012-index.htm,https://www.sec.gov/Archives/edgar/data/924717/000120677405002012/d18261_10-k.htm
0,2004-09-30,SRDX,2004-12-14,2004-12-14 16:14:45,FY,49738000,3035000.0,46703000,0.9389802565442921,12633000,7099000.0,0.0,0.0,0.0,39264000,0.0,0.0,28936000,0.581768466765853,10474000,0.23816800032168564,-15125000,11846000,0.23816800032168564,4410000.0,7436000.0,0.14950339780449556,0.42,0.42,17501000,17800000,https://www.sec.gov/Archives/edgar/data/924717/000095013404019245/0000950134-04-019245-index.htm,https://www.sec.gov/Archives/edgar/data/924717/000095013404019245/c90428e10vk.htm
0,2003-09-30,SRDX,2003-12-22,2003-12-22 10:19:43,FY,43232000,2649000.0,40583000,0.9387259437453738,11790000,8153000.0,0.0,0.0,0.0,22592000,0.0,0.0,21520000,0.49777942264988895,20640000,0.5204246854182087,1859000.0,22499000,0.5204246854182087,8563000.0,13936000,0.3223538119911177,0.8,0.78,17363000,17837000,https://www.sec.gov/Archives/edgar/data/924717/000095013403016954/0000950134-03-016954-index.htm,https://www.sec.gov/Archives/edgar/data/924717/000095013403016954/c81531e10vk.htm
0,2002-09-30,SRDX,,,FY,29488000,2683000.0,26805000,0.9090138361367336,9714000.0,6382000.0,0.0,0.0,0.0,18779000,0.0,0.0,11022000,0.37377916440586,10709000,0.42040830168204013,1688000.0,12397000,0.42040830168204013,4601000.0,7796000.0,0.2643787303309821,0.46,0.44,17016000,17822000,,
0,2001-09-30,SRDX,2001-12-27 00:00:00,2001-12-27 00:00:00,FY,22693000,2440000.0,20253000,0.8924778566077645,7997000.0,4690000.0,0.0,0.0,0.0,15127000,0.0,0.0,6169000.0,0.2718459436830741,7566000.0,0.4680297889216939,3055000.0,10621000,0.4680297889216939,3807000.0,5109000.0,0.22513550434054555,0.31,0.29,16692000,17850000,https://www.sec.gov/Archives/edgar/data/924717/000095013701505324/0000950137-01-505324-index.html,https://www.sec.gov/Archives/edgar/data/924717/000095013701505324/c66723e10-k.htm
0,2000-09-30,SRDX,2000-12-29 00:00:00,2000-12-29 00:00:00,FY,18279000,681000.0,17598000,0.9627441326111932,6797000.0,4246000.0,0.0,0.0,0.0,12946000,0.0,1222000.0,5139000.0,0.2811422944362383,5333000.0,0.369221511023579,1416000.0,6749000.0,0.369221511023579,2509000.0,4240000.0,0.2319601728759779,0.135,0.125,31398000,33636000,https://www.sec.gov/Archives/edgar/data/924717/000091419000000350/0000914190-00-000350-index.html,https://www.sec.gov/Archives/edgar/data/924717/000091419000000350/0000914190-00-000350-0001.txt
0,1999-09-30,SRDX,,,FY,13500000,700000.0,12800000,0.9481481481481482,5200000.0,4300000.0,0.0,0.0,0.0,11000000,0.0,800000.0,2100000.0,0.15555555555555556,2500000.0,0.26666666666666666,1200000.0,3600000.0,0.26666666666666666,-800000.0,4400000.0,0.32592592592592595,0.295,0.27,14708026,16084154,,
0,1998-09-30,SRDX,,,FY,9800000.0,500000.0,9300000.0,0.9489795918367347,4500000.0,3100000.0,0.0,0.0,0.0,8800000.0,0.0,700000.0,1000000.0,0.10204081632653061,1000000.0,0.0,700000.0,0.0,0.0,0.0,1600000.0,0.16326530612244897,0.065,0.06,14428000,14428000,,
