,date,symbol,fillingDate,acceptedDate,period,revenue,costOfRevenue,grossProfit,grossProfitRatio,researchAndDevelopmentExpenses,generalAndAdministrativeExpenses,sellingAndMarketingExpenses,otherExpenses,operatingExpenses,costAndExpenses,interestExpense,depreciationAndAmortization,ebitda,ebitdaratio,operatingIncome,operatingIncomeRatio,totalOtherIncomeExpensesNet,incomeBeforeTax,incomeBeforeTaxRatio,incomeTaxExpense,netIncome,netIncomeRatio,eps,epsdiluted,weightedAverageShsOut,weightedAverageShsOutDil,link,finalLink
0,2019-12-31,ASMB,2020-03-04 00:00:00,2020-03-04 16:32:33,FY,15963000,0.0,0.0,0.0,85757000,32919000,0.0,5000.0,0.0,118676000,0.0,0.0,-102219000,-6.403495583536929,-102713000,-6.164755998245944,5000.0,-98408000,-6.164755998245944,-774000.0,-97634000,-6.116268871765959,-3.72,-3.72,26258790,26258790,https://www.sec.gov/Archives/edgar/data/1426800/000156459020008696/0001564590-20-008696-index.html,https://www.sec.gov/Archives/edgar/data/1426800/000156459020008696/asmb-10k_20191231.htm
0,2018-12-31,ASMB,2019-02-28 00:00:00,2019-02-28 17:18:43,FY,14804000,0.0,0.0,0.0,72741000,34798000,0.0,0.0,0.0,107539000,0.0,0.0,-92092000,-6.220751148338287,-92735000,-6.055930829505539,0.0,-89652000,-6.055930829505539,1099000.0,-90751000,-6.130167522291273,-3.98,-3.98,22801644,22801644,https://www.sec.gov/Archives/edgar/data/1426800/000114420419011361/0001144204-19-011361-index.html,https://www.sec.gov/Archives/edgar/data/1426800/000114420419011361/tv514070_10k.htm
0,2017-12-31,ASMB,2018-03-08 00:00:00,2018-03-08 06:26:24,FY,9018750.0,0.0,0.0,0.0,44225021,17020607,0.0,0.0,0.0,61245628,0.0,0.0,-51392525,-5.69840887040887,-52226878,-5.750109161469162,-615128.0,-51858797,-5.750109161469162,-9050249.0,-42808548,-4.746616548856549,-2.41,-2.41,17750380,17750380,https://www.sec.gov/Archives/edgar/data/1426800/000114420418013474/0001144204-18-013474-index.html,https://www.sec.gov/Archives/edgar/data/1426800/000114420418013474/tv486659_10k.htm
0,2016-12-31,ASMB,2017-03-02 00:00:00,2017-03-01 19:15:52,FY,0.0,0.0,0.0,0.0,33092977,12185484,0.0,0.0,0.0,45278461,0.0,0.0,-44058349,0.0,-45278461,0.0,-1139861.0,-44879234,0.0,-617672.0,-44261562,0.0,-2.57,-2.57,17226245,17226245,https://www.sec.gov/Archives/edgar/data/1426800/000114420417012234/0001144204-17-012234-index.html,https://www.sec.gov/Archives/edgar/data/1426800/000114420417012234/v460245_10k.htm
0,2015-12-31,ASMB,2016-03-11 00:00:00,2016-03-11 16:01:57,FY,0.0,0.0,0.0,0.0,18357937,11297693,0.0,0.0,0.0,29655630,0.0,0.0,-29563608,0.0,-29655630,0.0,-27033.0,-28453833,0.0,0.0,-28453833,0.0,-1.81,-1.81,15702646,15702646,https://www.sec.gov/Archives/edgar/data/1426800/000114420416087539/0001144204-16-087539-index.html,https://www.sec.gov/Archives/edgar/data/1426800/000114420416087539/v433004_10k.htm
0,2014-12-31,ASMB,2015-03-12,2015-03-12 17:17:25,FY,0.0,0.0,0.0,0.0,10716737,13239715,0.0,0.0,0.0,23956452,0.0,0.0,-23945478,0.0,-23956452,0.0,0.0,-23788799,0.0,0.0,-23788799,0.0,-3.4,-3.4,6998875.0,6998875.0,https://www.sec.gov/Archives/edgar/data/1426800/000114420415015700/v403581_10k.htm,https://www.sec.gov/Archives/edgar/data/1426800/000114420415015700/v403581_10k.htm
0,2013-12-31,ASMB,2014-03-31,2014-03-31 16:02:11,FY,0.0,0.0,0.0,0.0,15029078,4575701.0,0.0,0.0,0.0,19604779,0.0,0.0,-19397543,0.0,-19604779,0.0,0.0,-19403759,0.0,0.0,-19403759,0.0,-5.0,-5.0,3878697.0,3878697.0,https://www.sec.gov/Archives/edgar/data/1426800/000114420414019383/v371774_10k.htm,https://www.sec.gov/Archives/edgar/data/1426800/000114420414019383/v371774_10k.htm
0,2012-12-31,ASMB,2013-03-18 00:00:00,2013-03-18 06:11:51,FY,0.0,0.0,0.0,0.0,19514163,5341333.0,0.0,0.0,0.0,24855496,0.0,0.0,-24785812,0.0,-24855496,0.0,0.0,-24790430,0.0,0.0,-24790430,0.0,-9.7,-9.7,2545310.0,2545310.0,https://www.sec.gov/Archives/edgar/data/1426800/000114420413015576/0001144204-13-015576-index.html,https://www.sec.gov/Archives/edgar/data/1426800/000114420413015576/v335812_10k.htm
0,2011-12-31,ASMB,2012-03-14 00:00:00,2012-03-14 16:07:48,FY,0.0,0.0,0.0,0.0,25277682,8724391.0,0.0,0.0,0.0,34002073,116664.0,0.0,-33696000,0.0,-34002073,0.0,-302327.0,0.0,0.0,0.0,-34344730,0.0,-17.85,-17.85,1922780.0,1922780.0,https://www.sec.gov/Archives/edgar/data/1426800/000114420412014863/0001144204-12-014863-index.html,https://www.sec.gov/Archives/edgar/data/1426800/000114420412014863/v305263_10k.htm
