,date,symbol,fillingDate,acceptedDate,period,revenue,costOfRevenue,grossProfit,grossProfitRatio,researchAndDevelopmentExpenses,generalAndAdministrativeExpenses,sellingAndMarketingExpenses,otherExpenses,operatingExpenses,costAndExpenses,interestExpense,depreciationAndAmortization,ebitda,ebitdaratio,operatingIncome,operatingIncomeRatio,totalOtherIncomeExpensesNet,incomeBeforeTax,incomeBeforeTaxRatio,incomeTaxExpense,netIncome,netIncomeRatio,eps,epsdiluted,weightedAverageShsOut,weightedAverageShsOutDil,link,finalLink
0,2019-12-31,ENLV,2020-04-30,,FY,0.0,0.0,0.0,0.0,5526000.0,2895000.0,0.0,0.0,8619000.0,8619000.0,-758000.0,206000.0,-9936000.0,0.0,-8619000.0,0.0,-7000.0,-9384000.0,0.0,0.0,-9384000.0,0.0,-1.08492,-1.08492,8649490.0,8649490.0,https://www.sec.gov/Archives/edgar/data/1596812/000121390020010632/f20f2019_enlivextherap.htm,https://www.sec.gov/Archives/edgar/data/1596812/000121390020010632/f20f2019_enlivextherap.htm
0,2018-12-31,ENLV,2019-04-30,,FY,0.0,0.0,0.0,0.0,310000.0,1802000.0,0.0,0.0,2112000.0,2112000.0,2000.0,0.0,-2114000.0,0.0,-2112000.0,0.0,-6000.0,-2116000.0,0.0,-4000.0,-2112000.0,0.0,-5.02391,-5.02391,420390.0,420390.0,https://www.sec.gov/Archives/edgar/data/1596812/000121390019007437/f20f2018_enlivextherap.htm,https://www.sec.gov/Archives/edgar/data/1596812/000121390019007437/f20f2018_enlivextherap.htm
0,2017-12-31,ENLV,2018-04-23,,FY,0.0,0.0,0.0,0.0,2520000.0,2960000.0,0.0,480000.0,5960000.0,5960000.0,40000.0,12000.0,-5868000.0,0.0,-5960000.0,0.0,-10000.0,-5920000.0,0.0,30000.0,-5950000.0,0.0,-14.5122,-14.5122,410000.0,410000.0,https://www.sec.gov/Archives/edgar/data/1596812/000114420418021827/tv489181_20f.htm,https://www.sec.gov/Archives/edgar/data/1596812/000114420418021827/tv489181_20f.htm
0,2016-12-31,ENLV,2017-02-24 00:00:00,2017-02-24 17:24:48,FY,0.0,0.0,0.0,0.0,8880000.0,5900000.0,0.0,1090000.0,15870000,15870000,70000.0,38000.0,-15692000,0.0,-15870000,0.0,-10000.0,-15810000,0.0,220000.0,-16020000,0.0,-40.05,-40.05,400000.0,400000.0,https://www.sec.gov/Archives/edgar/data/1596812/000114420417011029/0001144204-17-011029-index.html,https://www.sec.gov/Archives/edgar/data/1596812/000114420417011029/v460184_20f.htm
0,2015-12-31,ENLV,2016-03-29 00:00:00,2016-03-29 16:40:33,FY,0.0,0.0,0.0,0.0,7690000.0,7110000.0,0.0,670000.0,15480000,15480000,120000.0,17000.0,-15213000,0.0,-15480000,0.0,10000.0,-15340000,0.0,20000.0,-15370000,0.0,-42.69444,-42.69444,360000.0,360000.0,https://www.sec.gov/Archives/edgar/data/1596812/000114420416090954/0001144204-16-090954-index.html,https://www.sec.gov/Archives/edgar/data/1596812/000114420416090954/v434244_20f.htm
0,2014-12-31,ENLV,,,FY,0.0,0.0,0.0,0.0,4440000.0,2640000.0,0.0,0.0,7080000.0,7080000.0,50000.0,5000.0,-6965000.0,0.0,-7080000.0,0.0,10000.0,-7020000.0,0.0,0.0,-7020000.0,0.0,-19.5,-19.5,360000.0,360000.0,,
