,date,symbol,fillingDate,acceptedDate,period,revenue,costOfRevenue,grossProfit,grossProfitRatio,researchAndDevelopmentExpenses,generalAndAdministrativeExpenses,sellingAndMarketingExpenses,otherExpenses,operatingExpenses,costAndExpenses,interestExpense,depreciationAndAmortization,ebitda,ebitdaratio,operatingIncome,operatingIncomeRatio,totalOtherIncomeExpensesNet,incomeBeforeTax,incomeBeforeTaxRatio,incomeTaxExpense,netIncome,netIncomeRatio,eps,epsdiluted,weightedAverageShsOut,weightedAverageShsOutDil,link,finalLink
0,2019-12-31,TRIB,,,FY,90435000,52315000,38120000,0.421518,5325000.0,30335000,0.0,-91000.0,62232000,114547000,-6118000.0,4894000.0,-31144000,-0.34438,-24112000,-0.266622,233000.0,-29997000,-0.331697,-1006000.0,-28914000,-0.319721,-0.34583,-0.34583,83606810,83606810,,
0,2018-12-31,TRIB,2019-05-14,Not found...,FY,97035000,55586000,41449000,0.427155,5290000.0,26652000,0.0,-102000.0,61676000,117262000,-4344000.0,4121000.0,-21788000,-0.224538,-20227000,-0.208451,1388000.0,-23183000,-0.238914,525000.0,-22090000,-0.22765,-0.26419,-0.26419,83612910,83612910,https://www.sec.gov/Archives/edgar/data/888721/000117891319001463/zk1922964.htm,https://www.sec.gov/Archives/edgar/data/888721/000117891319001463/zk1922964.htm
0,2017-12-31,TRIB,2018-04-20,Not found...,FY,99140000,57250000,41890000,0.422534,5029000.0,32246000,0.0,0.0,79557999.99999999,136808000,-4597000.0,5199000.0,-38454000,-0.387876,-37668000,-0.379948,2390000.0,-39875000,-0.402209,1214000.0,-40270000,-0.406193,-0.46562,-0.46562,86486410,86486410,https://www.sec.gov/Archives/edgar/data/888721/000117891318001216/zk1821471.htm,https://www.sec.gov/Archives/edgar/data/888721/000117891318001216/zk1821471.htm
0,2016-12-31,TRIB,2017-04-24,Not found...,FY,99611000,56127000,43484000,0.436538,4626000.0,30366000,0.0,-239000.0,83332000,139459000,-4562000.0,6132000.0,-95498000,-0.958709,-39848000,-0.400036,2270000.0,-42140000,-0.423046,3557000.0,-100625000,-1.01018,-1.09543,-1.09543,91858810,91858810,https://www.sec.gov/Archives/edgar/data/888721/000119312517133793/d358834d20f.htm,https://www.sec.gov/Archives/edgar/data/888721/000119312517133793/d358834d20f.htm
0,2015-12-31,TRIB,2016-04-08,Not found...,FY,100195000,53683000,46512000,0.464215,5001000.0,28225000,0.0,-288000.0,33005999.99999999,86688999.99999999,-3578000.0,5641999.999999999,22780000,0.227357,13506000,0.134797,13015000,22943000,0.228983,-1080000.0,21796000,0.217536,0.19881,0.19881,109631170,109631170,https://www.sec.gov/Archives/edgar/data/888721/000119312516535157/d171555d20f.htm,https://www.sec.gov/Archives/edgar/data/888721/000119312516535157/d171555d20f.htm
0,2014-12-31,TRIB,2015-03-25,Not found...,FY,104872000,55496000,49376000,0.470822,4230000.0,30071000,0.0,-424000.0,33937999.99999999,89434000,-35000.0,4495000.0,20821000,0.198537,15438000,0.147208,0.0,15403000,0.146874,-853000.0,17214000,0.164143,0.18145,0.18145,94870990,94870990,https://www.sec.gov/Archives/edgar/data/888721/000119312515104123/d870315d20f.htm,https://www.sec.gov/Archives/edgar/data/888721/000119312515104123/d870315d20f.htm
0,2013-12-31,TRIB,2014-04-09,Not found...,FY,91200000,46000000,45200000,0.495614,3500000.0,33100000,0.0,-500000.0,36200000,82200000,1200000.0,3590000.0,13816000,0.151491,9000000.0,0.098684,-500000.0,10200000,0.111842,-574000.0,9600000.0,0.105263,0.10245,0.10245,93700000,93700000,https://www.sec.gov/Archives/edgar/data/888721/000119312514136374/d710080d20f.htm,https://www.sec.gov/Archives/edgar/data/888721/000119312514136374/d710080d20f.htm
0,2012-12-31,TRIB,2013-04-05,Not found...,FY,82500000,40300000,42300000,0.512727,3000000.0,22400000,0.0,-500000.0,25000000,65300000,2200000.0,2830000.0,20313000,0.246218,17200000,0.208485,-500000.0,19400000,0.235152,-2017000.0,17300000,0.209697,0.19265,0.19265,89800000,89800000,https://www.sec.gov/Archives/edgar/data/888721/000119312513143194/d516156d20f.htm,https://www.sec.gov/Archives/edgar/data/888721/000119312513143194/d516156d20f.htm
0,2011-12-31,TRIB,2012-04-06,Not found...,FY,77900000,37800000,40100000,0.514763,3200000.0,22000000,0.0,-900000.0,24400000.000000007,62200000.00000001,2400000.0,2599999.9999999995,17993000,0.230976,15800000,0.202824,-900000.0,18200000,0.233633,-2607000.0,15600000,0.200257,0.17548,0.17548,88900000,88900000,https://www.sec.gov/Archives/edgar/data/888721/000119312512152885/d329490d20f.htm,https://www.sec.gov/Archives/edgar/data/888721/000119312512152885/d329490d20f.htm
0,2010-12-31,TRIB,2011-04-14,Not found...,FY,89600000,45700000,43900000,0.489955,4600000.0,26900000,0.0,-1600000.0,-16600000,29100000,900000.0,2820000.0000000005,63178000,0.705112,60500000,0.675223,-1600000.0,61400000,0.685268,-942000.0,60400000,0.674107,0.69666,0.69666,86700000,86700000,https://www.sec.gov/Archives/edgar/data/888721/000095012311035540/c15519e20vf.htm,https://www.sec.gov/Archives/edgar/data/888721/000095012311035540/c15519e20vf.htm
0,2009-12-31,TRIB,2010-04-15,Not found...,FY,125900000,68900000,57000000,0.45274,7300000.0,36000000,0.0,-400000.0,42899999.99999999,111799999.99999999,-1200000.0,3750000.0,13259000,0.105314,14100000,0.111994,-400000.0,12900000,0.102462,-1091000.0,11800000,0.093725,0.14081,0.14081,83800000,83800000,https://www.sec.gov/Archives/edgar/data/888721/000095012310035132/c99241e20vf.htm,https://www.sec.gov/Archives/edgar/data/888721/000095012310035132/c99241e20vf.htm
0,2008-12-31,TRIB,2009-04-07,Not found...,FY,140100000,77600000,62500000,0.44611,7500000.0,47900000,0.0,-1200000.0,142100000,219700000,-2100000.0,8050000.0,-64058000,-0.457231,-79600000,-0.568166,-1200000.0,-81700000,-0.583155,3892000.0,-73900000,-0.52748,-0.90786,-0.90786,81400000,81400000,https://www.sec.gov/Archives/edgar/data/888721/000136231009004973/c83351e20vf.htm,https://www.sec.gov/Archives/edgar/data/888721/000136231009004973/c83351e20vf.htm
0,2007-12-31,TRIB,2008-04-02,Not found...,FY,143600000,88400000,55200000,0.384401,6700000.0,51100000,0.0,-400000.0,84600000,173000000,-2700000.0,7760000.0,-36949000,-0.257305,-29400000,-0.204735,-400000.0,-32100000,-0.223538,-3309000.0,-38700000,-0.269499,-0.50921,-0.50921,76000000,76000000,https://www.sec.gov/Archives/edgar/data/888721/000136231008001761/c72862e20vf.htm,https://www.sec.gov/Archives/edgar/data/888721/000136231008001761/c72862e20vf.htm
0,2006-12-31,TRIB,2007-05-08,Not found...,FY,118700000,67900000,50800000,0.42797,6700000.0,42500000,0.0,-300000.0,48800000,116700000,-1500000.0,6430000.0,13854000,0.116714,1900000.0,0.016007,-300000.0,500000.0,0.004212,2824000.0,6100000.0,0.05139,0.0846,0.0846,72100000,72100000,https://www.sec.gov/Archives/edgar/data/888721/000089109207001819/e27199_20f.htm,https://www.sec.gov/Archives/edgar/data/888721/000089109207001819/e27199_20f.htm
0,2005-12-31,TRIB,,,FY,98600000,51400000,47200000,0.478702,6100000.0,34700000,0.0,-200000.0,40500000.00000001,91900000.00000001,-700000.0,4230000.0,9530000.0,0.096653,6600000.0,0.066937,-1100000.0,6000000.0,0.060852,700000.0,5300000.0,0.053753,0.08067,0.08067,65700000,65700000,,
0,2004-12-31,TRIB,,,FY,80000000,40000000,40000000,0.5,4700000.0,29300000,0.0,-300000.0,33800000,73800000,-500000.0,2740000.0,7940000.0,0.09925,6200000.0,0.0775,-300000.0,5700000.0,0.07125,0.0,5700000.0,0.07125,0.08702,0.08702,65500000,65500000,,
0,2003-12-31,TRIB,,,FY,65700000,32900000,32800000,0.499239,5200000.0,16700000,0.0,0.0,23100000,56000000,-1700000.0,2220000.0,7820000.0,0.119026,9700000.0,0.147641,0.0,8000000.0,0.121766,2200000.0,5100000.0,0.077626,0.10079,0.10079,50600000,50600000,,
0,2002-12-31,TRIB,,,FY,52000000,25700000,26300000,0.505769,4500000.0,15200000,0.0,0.0,19700000,45400000,-900000.0,3500000.0,8400000.0,0.161538,6600000.0,0.126923,0.0,5700000.0,0.109615,800000.0,5000000.0,0.096154,0.11765,0.11765,42500000,42500000,,
0,2001-12-31,TRIB,,,FY,37100000,18100000,19000000,0.512129,2800000.0,9600000.0,0.0,0.0,15899999.999999998,34000000,-700000.0,2880000.0,2880000.0,0.077628,3000000.0,0.080863,0.0,2400000.0,0.06469,0.0,700000.0,0.018868,0.01703,0.01703,41100000,41100000,,
0,2000-12-31,TRIB,,,FY,29700000,15400000,14300000,0.481481,2700000.0,5200000.0,0.0,0.0,9100000.0,24500000,-300000.0,1960000.0,3460000.0,0.116498,5200000.0,0.175084,0.0,4900000.0,0.164983,100000.0,1700000.0,0.057239,0.04198,0.04198,40500000,40500000,,
0,1999-12-31,TRIB,,,FY,26100000,14500000,11600000,0.444444,2400000.0,4000000.0,0.0,0.0,7000000.0,21500000,-700000.0,1510000.0,1810000.0,0.069349,4600000.0,0.176245,0.0,4900000.0,0.187739,0.0,1000000.0,0.038314,0.03448,0.03448,29000000,29000000,,
0,1998-12-31,TRIB,,,FY,23200000,15200000,8000000.0,0.344828,2600000.0,2500000.0,0.0,0.0,5000000.0,20200000,-400000.0,750000.0,1950000.0,0.084052,3000000.0,0.12931,0.0,2600000.0,0.112069,0.0,1600000.0,0.068966,0.06061,0.06061,26400000,26400000,,
0,1997-12-31,TRIB,,,FY,17800000,12100000,5800000.0,0.325843,1900000.0,3500000.0,0.0,-800000.0,4400000.0,16500000,0.0,470000.0,-830000.0,-0.046629,1300000.0,0.073034,-800000.0,1300000.0,0.073034,0.0,-1300000.0,-0.073034,-0.06806,-0.06806,19100000,19100000,,
0,1996-12-31,TRIB,,,FY,6800000.0,5000000.0,1800000.0,0.264706,1400000.0,1400000.0,0.0,-600000.0,2900000.0000000005,7900000.0,300000.0,180000.0,-2120000.0,-0.311765,-1100000.0,-0.161765,-600000.0,-800000.0,-0.117647,0.0,-2600000.0,-0.382353,-0.16149,-0.16149,16100000,16100000,,
0,1995-12-31,TRIB,,,FY,10000000,8000000.0,2000000.0,0.2,1500000.0,2300000.0,0.0,-900000.0,2900000.0000000005,10900000,100000.0,0.0,-2300000.0,-0.23,-900000.0,-0.09,-900000.0,-800000.0,-0.08,0.0,-2400000.0,-0.24,-0.21622,-0.21622,11100000,11100000,,
0,1994-12-31,TRIB,,,FY,5100000.0,4600000.0,500000.0,0.098039,1000000.0,2300000.0,0.0,-700000.0,2500000.0,7100000.0,500000.0,0.0,-3100000.0,-0.607843,-2100000.0,-0.411765,-700000.0,-3200000.0,-0.627451,0.0,-3600000.0,-0.705882,-0.55385,-0.55385,6500000.0,6500000.0,,
