,date,symbol,fillingDate,acceptedDate,period,revenue,costOfRevenue,grossProfit,grossProfitRatio,researchAndDevelopmentExpenses,generalAndAdministrativeExpenses,sellingAndMarketingExpenses,otherExpenses,operatingExpenses,costAndExpenses,interestExpense,depreciationAndAmortization,ebitda,ebitdaratio,operatingIncome,operatingIncomeRatio,totalOtherIncomeExpensesNet,incomeBeforeTax,incomeBeforeTaxRatio,incomeTaxExpense,netIncome,netIncomeRatio,eps,epsdiluted,weightedAverageShsOut,weightedAverageShsOutDil,link,finalLink
0,2019-12-31,VNRX,2020-02-20 00:00:00,2020-02-20 16:16:04,FY,17100.0,0.0,0.0,1.0,9672570.0,5485040.0,965713.0,0.0,16060020,16060020,-126572.0,676820.0,-15548812,-909.287251,-16042920,-938.182456,-41930.0,-16099060,-941.465497,0.0,-16099060,-941.465497,-0.4109,-0.4109,39180370,39180370,https://www.sec.gov/Archives/edgar/data/93314/000107878220000134/0001078782-20-000134-index.html,https://www.sec.gov/Archives/edgar/data/93314/000107878220000134/f10k123119_10k.htm
0,2018-12-31,VNRX,2019-03-13 00:00:00,2019-03-13 16:18:42,FY,0.0,0.0,0.0,0.0,10304190,6953600.0,1169756.0,0.0,17897700,17897700,110924.0,636380.0,-17261316,0.0,-17897700,0.0,0.0,-18008620,0.0,0.0,-18008620,0.0,-0.57372,-0.57372,31389220,31389220,https://www.sec.gov/Archives/edgar/data/93314/000107878219000220/0001078782-19-000220-index.html,https://www.sec.gov/Archives/edgar/data/93314/000107878219000220/f10k123118_10k.htm
0,2017-12-31,VNRX,2018-03-01 00:00:00,2018-03-01 16:22:35,FY,0.0,0.0,0.0,0.0,7514540.0,6655760.0,763407.0,0.0,14696070,14696070,73133.0,528170.0,-14167907,0.0,-14696070,0.0,0.0,-14769210,0.0,0.0,-14769210,0.0,-0.55966,-0.55966,26389580,26389580,https://www.sec.gov/Archives/edgar/data/93314/000107878218000250/0001078782-18-000250-index.html,https://www.sec.gov/Archives/edgar/data/93314/000107878218000250/f10k123117_10k.htm
0,2016-12-31,VNRX,2017-03-10 00:00:00,2017-03-09 17:35:56,FY,0.0,0.0,0.0,0.0,6454340.0,4525230.0,0.0,4687433.0,12430210,12430210,-20380.0,309410.0,-11616250,0.0,-12430210,0.0,545310.0,-11905280,0.0,0.0,-11905280,0.0,-0.51652,-0.51652,23049090,23049090,https://www.sec.gov/Archives/edgar/data/93314/000107878217000302/0001078782-17-000302-index.html,https://www.sec.gov/Archives/edgar/data/93314/000107878217000302/f10k123116_10k.htm
0,2015-12-31,VNRX,2016-03-11 00:00:00,2016-03-10 19:08:07,FY,0.0,0.0,0.0,0.0,6101720.0,3904000.0,0.0,3234985.0,10005720,10005720,339740.0,236340.0,-8958760.0,0.0,-10005720,0.0,131130.0,-9534850.0,0.0,-4600.0,-9530240.0,0.0,-0.53747,-0.53747,17731810,17731810,https://www.sec.gov/Archives/edgar/data/93314/000107878216002414/0001078782-16-002414-index.html,https://www.sec.gov/Archives/edgar/data/93314/000107878216002414/f10k123115_10k.htm
0,2014-12-31,VNRX,,,FY,0.0,0.0,0.0,1.0,4044020.0,1908180.0,0.0,1609126.0,5952200.0,5952200.0,-2420100.0,142130.0,-10491500,-391.970510653,-5952200.0,-401.583699696,0.0,-8213530.0,0.0,0.0,-8213530.0,-555.531214068,-0.61134,-0.61134,13435250,13435250,,
0,2013-12-31,VNRX,,,FY,0.0,0.0,0.0,0.0,2503765.0,434006.0,0.0,1638141.0,4575912.0,4575912.0,0.0,397229.0,-4178683.0,0.0,-4575912.0,0.0,0.0,-3710289.0,0.0,0.0,-3710289.0,0.0,-0.34252,-0.34252,10832369,10832369,,
0,2012-12-31,VNRX,2013-04-01 00:00:00,2013-04-01 12:26:40,FY,0.0,0.0,0.0,0.0,0.0,0.0,0.0,0.0,0.0,0.0,0.0,70000.0,70000.0,0.0,0.0,0.0,0.0,0.0,0.0,0.0,0.0,0.0,0.0,0.0,9359934.0,9359934.0,https://www.sec.gov/Archives/edgar/data/93314/000107878213000597/0001078782-13-000597-index.html,https://www.sec.gov/Archives/edgar/data/93314/000107878213000597/f10k123112_10k.htm
