,date,symbol,fillingDate,acceptedDate,period,revenue,costOfRevenue,grossProfit,grossProfitRatio,researchAndDevelopmentExpenses,generalAndAdministrativeExpenses,sellingAndMarketingExpenses,otherExpenses,operatingExpenses,costAndExpenses,interestExpense,depreciationAndAmortization,ebitda,ebitdaratio,operatingIncome,operatingIncomeRatio,totalOtherIncomeExpensesNet,incomeBeforeTax,incomeBeforeTaxRatio,incomeTaxExpense,netIncome,netIncomeRatio,eps,epsdiluted,weightedAverageShsOut,weightedAverageShsOutDil,link,finalLink
0,2019-12-31,MEDS,2020-03-30,2020-03-30 08:01:48,FY,7436260.0,2565500.0,4870760.0,0.6550013044191569,0.0,4377020.0,0.0,368520.0,4924040.0,7489540.0,53227.0,5000.0,-226203.0,-0.030419,-53280.0,-0.007165,72080.0,-284430.0,-0.038249,0.0,-284430.0,-0.038249,-0.04797,-0.04797,0.0,0.0,https://www.sec.gov/Archives/edgar/data/1382574/000149315220005026/0001493152-20-005026-index.htm,https://www.sec.gov/Archives/edgar/data/1382574/000149315220005026/form10-k.htm
0,2018-12-31,MEDS,2019-03-22 00:00:00,2019-03-22 15:06:37,FY,3831780.0,449050.0,3382730.0,0.882809,0.0,3470350.0,0.0,0.0,3477789.9999999995,3926839.9999999995,57541.0,0.0,66581.0,0.017376,-95060.0,-0.024808,161640.0,9040.0,0.002359,0.0,9040.0,0.002359,0.00155,0.00155,5826530.0,5826530.0,https://www.sec.gov/Archives/edgar/data/1382574/000149315219003756/0001493152-19-003756-index.html,https://www.sec.gov/Archives/edgar/data/1382574/000149315219003756/form10-k.htm
0,2017-12-31,MEDS,2018-03-02 00:00:00,2018-03-02 13:37:52,FY,2931280.0,0.0,0.0,43.4263703704,0.0,2536190.0,0.0,0.0,2552740.0,2552740.0,157056.0,0.0,446036.0,0.152164,378540.0,0.129138,67500.0,288980.0,0.098585,0.0,288980.0,0.098585,0.05087,0.05087,5681160.0,5681160.0,https://www.sec.gov/Archives/edgar/data/1382574/000107878218000252/0001078782-18-000252-index.html,https://www.sec.gov/Archives/edgar/data/1382574/000107878218000252/f10k123117_10k.htm
0,2016-12-31,MEDS,2017-03-30 00:00:00,2017-03-30 16:52:30,FY,2481870.0,16360.0,2465510.0,0.993408,0.0,3449530.0,0.0,0.0,3487110.0,3503470.0,151500.0,0.0,-2608630.0,-1.051074,-1021600.0,-0.411625,0.0,-1173110.0,-0.472672,0.0,-2760130.0,-1.112117,-0.52498,-0.52498,5257580.0,5257580.0,https://www.sec.gov/Archives/edgar/data/1382574/000107878217000381/0001078782-17-000381-index.html,https://www.sec.gov/Archives/edgar/data/1382574/000107878217000381/f10k123116_10k.htm
0,2015-12-31,MEDS,2016-03-28 00:00:00,2016-03-28 16:30:27,FY,2912530.0,189840.0,2722690.0,0.93482,0.0,2859760.0,0.0,0.0,2859759.9999999995,3049599.9999999995,130136.0,3800.0,-983244.0,-0.337591,-137070.0,-0.047062,0.0,-256580.0,-0.088095,0.0,-1117180.0,-0.383577,-0.21404,-0.21404,5219390.0,5219390.0,https://www.sec.gov/Archives/edgar/data/1382574/000107878216002504/0001078782-16-002504-index.html,https://www.sec.gov/Archives/edgar/data/1382574/000107878216002504/f10k123115_10k.htm
0,2007-12-31,MEDS,2008-03-31,,FY,0.0,0.0,0.0,0.0,0.0,0.0,0.0,0.0,0.0,0.0,0.0,0.0,-28186.0,0.0,-28186.0,0.0,0.0,-28186.0,0.0,0.0,-28186.0,0.0,0.0,0.0,0.0,0.0,https://www.sec.gov/Archives/edgar/data/1382574/000109690608000550/0001096906-08-000550-index.htm,https://www.sec.gov/Archives/edgar/data/1382574/000109690608000550/bluebird12310710ksba.htm
