,date,symbol,fillingDate,acceptedDate,period,revenue,costOfRevenue,grossProfit,grossProfitRatio,researchAndDevelopmentExpenses,generalAndAdministrativeExpenses,sellingAndMarketingExpenses,otherExpenses,operatingExpenses,costAndExpenses,interestExpense,depreciationAndAmortization,ebitda,ebitdaratio,operatingIncome,operatingIncomeRatio,totalOtherIncomeExpensesNet,incomeBeforeTax,incomeBeforeTaxRatio,incomeTaxExpense,netIncome,netIncomeRatio,eps,epsdiluted,weightedAverageShsOut,weightedAverageShsOutDil,link,finalLink
0,2019-12-31,HSDT,2020-03-12 00:00:00,2020-03-12 16:34:18,FY,1496000.0,846000.0,650000.0,0.434492,8061000.0,16521000,0.0,64000.0,24646000,25492000,14120000,191000.0,4530000.0,3.028075,-23996000,-16.040107,95000.0,-9781000.0,-6.538102,0.0,-9781000.0,-6.538102,-0.37116,-0.37116,26352640,26352640,https://www.sec.gov/Archives/edgar/data/1610853/000156459020010496/0001564590-20-010496-index.html,https://www.sec.gov/Archives/edgar/data/1610853/000156459020010496/hsdt-10k_20191231.htm
0,2018-12-31,HSDT,2019-03-14 00:00:00,2019-03-14 16:32:01,FY,478000.0,0.0,478000.0,1.0,9939000.0,17214000,0.0,0.0,27153000,27153000,-2011000.0,59000.0,-30575000,-63.964435,-26675000,-55.805439,63000.0,-28623000,-59.880753,0.0,-28623000,-59.880753,-1.25616,-1.25616,22786190,22786190,https://www.sec.gov/Archives/edgar/data/1610853/000156459019007839/0001564590-19-007839-index.html,https://www.sec.gov/Archives/edgar/data/1610853/000156459019007839/hsdt-10k_20181231.htm
0,2017-12-31,HSDT,2018-03-12 00:00:00,2018-03-12 17:29:19,FY,0.0,0.0,0.0,0.0,14390000,8470000.0,0.0,0.0,22850000,22850000,-5170000.0,17000.0,-33173000,0.0,-22850000,0.0,0.0,-28020000,0.0,0.0,-28020000,0.0,-1.50403,-1.50403,18630000,18630000,https://www.sec.gov/Archives/edgar/data/1610853/000156459018005321/0001564590-18-005321-index.html,https://www.sec.gov/Archives/edgar/data/1610853/000156459018005321/hsdt-10k_20171231.htm
0,2016-12-31,HSDT,,,FY,0.0,0.0,0.0,0.0,4720000.0,5650000.0,0.0,0.0,10370000,10370000,-1780000.0,0.0,-13820000,0.0,-10370000,0.0,110000.0,-12040000,0.0,0.0,-12040000,0.0,-0.72226,-0.72226,16670000,16670000,,
0,2016-03-31,HSDT,2016-06-28 00:00:00,2016-06-27 21:40:34,FY,0.0,0.0,0.0,0.0,3650000.0,5670000.0,0.0,0.0,9050000.0,9050000.0,2020000.0,0.0,-4860000.0,0.0,-9050000.0,0.0,150000.0,-6880000.0,0.0,0.0,-6880000.0,0.0,-0.51729,-0.51729,13300000,13300000,https://www.sec.gov/Archives/edgar/data/1610853/000106299316010330/0001062993-16-010330-index.html,https://www.sec.gov/Archives/edgar/data/1610853/000106299316010330/form10k.htm
0,2015-03-31,HSDT,2015-06-29 00:00:00,2015-06-29 13:14:15,FY,0.0,0.0,0.0,0.0,4500000.0,3830000.0,0.0,0.0,9810000.0,9810000.0,-50000.0,0.0,-9890000.0,0.0,-9810000.0,0.0,20000.0,-9840000.0,0.0,0.0,-9840000.0,0.0,-0.8624,-0.8624,11410000,11410000,https://www.sec.gov/Archives/edgar/data/1610853/000106299315003610/0001062993-15-003610-index.html,https://www.sec.gov/Archives/edgar/data/1610853/000106299315003610/form10k.htm
