,date,symbol,fillingDate,acceptedDate,period,revenue,costOfRevenue,grossProfit,grossProfitRatio,researchAndDevelopmentExpenses,generalAndAdministrativeExpenses,sellingAndMarketingExpenses,otherExpenses,operatingExpenses,costAndExpenses,interestExpense,depreciationAndAmortization,ebitda,ebitdaratio,operatingIncome,operatingIncomeRatio,totalOtherIncomeExpensesNet,incomeBeforeTax,incomeBeforeTaxRatio,incomeTaxExpense,netIncome,netIncomeRatio,eps,epsdiluted,weightedAverageShsOut,weightedAverageShsOutDil,link,finalLink
0,2018-12-31,LPT,2019-02-27,2019-02-26 18:25:36,FY,704900000,288800000,416100000,0.590296,0.0,53800000,0.0,11994000,357599999.99999994,646404000,89630000,175800000,752394000,1.067377,58500000,0.08299,0.0,152000000,0.215633,7364000.0,479600000,0.68038,3.23617,3.23617,148200000,148200000,https://www.sec.gov/Archives/edgar/data/921112/000162828019002017/lpt1231201810k.htm,https://www.sec.gov/Archives/edgar/data/921112/000162828019002017/lpt1231201810k.htm
0,2017-12-31,LPT,2018-03-01,2018-02-28 19:06:24,FY,719800000,242000000,477800000,0.663795,0.0,57000000,0.0,5066000.0,241200000,483134000,88857000,183900000,557049000,0.773894,236600000,0.328702,5100000.0,255900000,0.355515,1992000.0,282300000,0.392192,1.9139,1.9139,147500000,147500000,https://www.sec.gov/Archives/edgar/data/921112/000162828018002551/lpt1231201710k.htm,https://www.sec.gov/Archives/edgar/data/921112/000162828018002551/lpt1231201710k.htm
0,2016-12-31,LPT,2017-03-01,2017-03-01 12:15:46,FY,746700000,214400000,532300000,0.71287,0.0,68200000,0.0,423408000,304300000.00000006,491606000,115077000,207700000,681548000,0.912747,228000000,0.305344,0.0,346100000,0.463506,1971000.0,356800000,0.477836,2.42886,2.42886,146900000,146900000,https://www.sec.gov/Archives/edgar/data/921112/000162828017002031/lpt1231201610k.htm,https://www.sec.gov/Archives/edgar/data/921112/000162828017002031/lpt1231201610k.htm
0,2015-12-31,LPT,2016-02-26,2016-02-26 13:57:37,FY,808800000,238100000,570700000,0.705613,0.0,68700000,0.0,482931000,313500000,551641000,135779000,229800000,606812000,0.750262,257100000,0.317878,0.0,244500000,0.3023,3233000.0,238000000,0.294263,1.59946,1.59946,148800000,148800000,https://www.sec.gov/Archives/edgar/data/921112/000162828016011773/lry1231201510k.htm,https://www.sec.gov/Archives/edgar/data/921112/000162828016011773/lry1231201510k.htm
0,2014-12-31,LPT,2015-02-26,2015-02-26 16:05:00,FY,792600000,239900000,552700000,0.697325,0.0,63300000,0.0,78290000,295300000.00000006,535208000,151887000,236100000,608854000,0.768173,257400000,0.324754,0.0,168200000,0.212213,2967000.0,217900000,0.274918,1.47329,1.47329,147900000,147900000,https://www.sec.gov/Archives/edgar/data/921112/000162828015001086/lry1231201410k.htm,https://www.sec.gov/Archives/edgar/data/921112/000162828015001086/lry1231201410k.htm
0,2013-12-31,LPT,2014-02-28,2014-02-28 15:02:38,FY,645900000,194500000,451400000,0.69887,0.0,74600000,0.0,78290000,248399999.99999997,442883000,127115000,205100000,544714000,0.843341,203000000,0.31429,0.0,94500000,0.146307,2799000.0,209700000,0.324663,1.60199,1.60199,130900000,130900000,https://www.sec.gov/Archives/edgar/data/921112/000144530514000732/lry1231201310k.htm,https://www.sec.gov/Archives/edgar/data/921112/000144530514000732/lry1231201310k.htm
0,2012-12-31,LPT,2013-02-26,2013-02-26 16:28:45,FY,685600000,213500000,472100000,0.688594,0.0,64700000,0.0,379117000,230300000,443847000,119630000,167400000,425406000,0.620487,241700000,0.352538,0.0,135500000,0.197637,976000.0,137400000,0.200408,1.16737,1.16737,117700000,117700000,https://www.sec.gov/Archives/edgar/data/921112/000144530513000344/lry1231201210k.htm,https://www.sec.gov/Archives/edgar/data/921112/000144530513000344/lry1231201210k.htm
0,2011-12-31,LPT,2012-02-24,2012-02-24 16:21:57,FY,667600000,204900000,462700000,0.69308,0.0,59400000,0.0,362233000,216700000.00000003,421603000,122018000,171700000,478738000,0.717103,246000000,0.368484,0.0,137400000,0.205812,1020000.0,184000000,0.275614,1.59307,1.59307,115500000,115500000,https://www.sec.gov/Archives/edgar/data/921112/000092111212000003/lry1231201110k.htm,https://www.sec.gov/Archives/edgar/data/921112/000092111212000003/lry1231201110k.htm
0,2010-12-31,LPT,2011-02-25,2011-02-25 17:40:05,FY,746800000,240400000,506400000,0.678093,0.0,52900000,0.0,413835000,226700000.00000003,466685000,0.0,174000000,301800000,0.404124,279800000,0.374665,0.0,145100000,0.194296,0.0,127800000,0.17113,1.125,1.125,113600000,113600000,https://www.sec.gov/Archives/edgar/data/921112/000095012311018924/c12029e10vk.htm,https://www.sec.gov/Archives/edgar/data/921112/000095012311018924/c12029e10vk.htm
0,2009-12-31,LPT,2010-02-26,2010-02-26 15:32:00,FY,744300000,236600000,507600000,0.681983,0.0,51300000,0.0,407408000,318799999.99999994,458658000,149569000,172600000,378569000,0.508624,188900000,0.253796,0.0,52500000,0.070536,0.0,56400000,0.075776,0.52222,0.52222,108000000,108000000,https://www.sec.gov/Archives/edgar/data/921112/000095012310018051/c96894e10vk.htm,https://www.sec.gov/Archives/edgar/data/921112/000095012310018051/c96894e10vk.htm
0,2008-12-31,LPT,2009-02-27,2009-02-27 17:24:19,FY,746000000,238200000,507800000,0.680697,0.0,54400000,0.0,412203000,224500000,466581000,155675000,175200000,482775000,0.647151,283300000,0.379759,0.0,152200000,0.204021,0.0,151900000,0.203619,1.6194,1.6194,93800000,93800000,https://www.sec.gov/Archives/edgar/data/921112/000089322009000427/w72905e10vk.htm,https://www.sec.gov/Archives/edgar/data/921112/000089322009000427/w72905e10vk.htm
0,2007-12-31,LPT,2008-02-29,2008-02-29 12:47:50,FY,698700000,221100000,477600000,0.683555,0.0,54100000,0.0,379465000,212500000.00000003,433581000,129301000,163700000,457801000,0.655218,265200000,0.379562,0.0,149100000,0.213396,0.0,164800000,0.235867,1.79521,1.79521,91800000,91800000,https://www.sec.gov/Archives/edgar/data/921112/000089322008000565/w50228e10vk.htm,https://www.sec.gov/Archives/edgar/data/921112/000089322008000565/w50228e10vk.htm
0,2006-12-31,LPT,2007-03-01,2007-02-28 18:17:25,FY,666700000,210700000,456000000,0.683966,0.0,46000000,0.0,355399000,190700000,401390000,119584000,152000000,538184000,0.807236,265300000,0.39793,0.0,173000000,0.259487,0.0,266600000,0.39988,2.94586,2.94586,90500000,90500000,https://www.sec.gov/Archives/edgar/data/921112/000089322007000517/w31008e10vk.htm,https://www.sec.gov/Archives/edgar/data/921112/000089322007000517/w31008e10vk.htm
0,2005-12-31,LPT,2006-03-14,2006-03-14 17:24:48,FY,680700000,211700000,469000000,0.688997,0.0,38100000,0.0,358229000,184700000,396367000,129617000,150700000,529717000,0.778195,284400000,0.417805,0.0,247700000,0.36389,0.0,249400000,0.366388,2.82127,2.82127,88400000,88400000,https://www.sec.gov/Archives/edgar/data/921112/000089322006000535/w17499e10vk.htm,https://www.sec.gov/Archives/edgar/data/921112/000089322006000535/w17499e10vk.htm
0,2004-12-31,LPT,2005-03-11,2005-03-11 10:59:02,FY,655400000,201400000,454000000,0.692707,0.0,33300000,0.0,336871000,168799999.99999997,370180000,123352000,136700000,421452000,0.643045,285200000,0.435154,0.0,168900000,0.257705,0.0,161400000,0.246262,1.87674,1.87674,86000000,86000000,https://www.sec.gov/Archives/edgar/data/921112/000089322005000529/w06575e10vk.htm,https://www.sec.gov/Archives/edgar/data/921112/000089322005000529/w06575e10vk.htm
0,2003-12-31,LPT,2004-03-11,2004-03-11 15:42:24,FY,625000000,186500000,438600000,0.70176,0.0,28400000,0.0,309060000,151000000,337462000,123907000,123100000,410607000,0.656971,287600000,0.46016,0.0,171500000,0.2744,0.0,163600000,0.26176,2.04756,2.04756,79900000,79900000,https://www.sec.gov/Archives/edgar/data/921112/000089322004000400/w94572e10vk.htm,https://www.sec.gov/Archives/edgar/data/921112/000089322004000400/w94572e10vk.htm
0,2002-12-31,LPT,,,FY,597400000,172700000,424700000,0.710914,0.0,22500000,0.0,0.0,132900000.00000003,0.0,0.0,110900000,0.0,0.0,300400000,0.502846,0.0,174500000,0.292099,0.0,161700000,0.270673,2.11927,2.11927,76300000,76300000,,
0,2001-12-31,LPT,,,FY,580300000,167900000,412400000,0.710667,0.0,21100000,0.0,0.0,123700000.00000001,0.0,0.0,102600000,0.0,0.0,295600000,0.509392,0.0,185700000,0.320007,0.0,166500000,0.286921,2.26223,2.26223,73600000,73600000,,
0,2000-12-31,LPT,,,FY,528600000,148700000,379900000,0.718691,0.0,19300000,0.0,0.0,114900000.00000003,0.0,0.0,93500000,0.0,0.0,269400000,0.509648,0.0,179500000,0.339576,0.0,159300000,0.301362,2.33578,2.33578,68200000,68200000,,
0,1999-12-31,LPT,,,FY,466500000,129400000,337100000,0.722615,0.0,16100000,0.0,0.0,101799999.99999999,0.0,0.0,84500000,0.0,0.0,241300000,0.517256,0.0,154800000,0.331833,0.0,141300000,0.302894,2.11844,2.11844,66700000,66700000,,
0,1998-12-31,LPT,,,FY,383600000,108300000,275200000,0.717414,0.0,15500000,0.0,0.0,83500000.00000001,0.0,0.0,67900000,0.0,0.0,195300000,0.509124,0.0,116700000,0.304223,0.0,108600000,0.283107,1.77162,1.77162,61300000,61300000,,
0,1997-12-31,LPT,,,FY,226000000,61100000,165000000,0.730088,0.0,10700000,0.0,0.0,51400000,0.0,0.0,40800000,0.0,0.0,120000000,0.530973,-100000.0,66100000,0.292478,0.0,60400000,0.267257,1.48039,1.48039,40800000,40800000,,
0,1996-12-31,LPT,,,FY,150100000,40900000,109200000,0.727515,0.0,8000000.0,0.0,0.0,36199999.99999999,0.0,0.0,28200000,0.0,0.0,77200000,0.514324,-1000000.0,37600000,0.2505,0.0,33700000,0.224517,1.13468,1.13468,29700000,29700000,,
0,1995-12-31,LPT,,,FY,114500000,29300000,85200000,0.744105,0.0,5200000.0,0.0,0.0,27700000,0.0,0.0,22500000,0.0,0.0,60000000,0.524017,0.0,22300000,0.19476,0.0,19500000,0.170306,0.8945,0.8945,21800000,21800000,,
0,1994-12-31,LPT,,,FY,79500000,19500000,60000000,0.754717,0.0,6900000.0,0.0,0.0,22900000,0.0,0.0,16000000,0.0,0.0,40600000,0.510692,0.0,7600000.0,0.095597,0.0,55700000,0.700629,2.65238,2.65238,21000000,21000000,,
