,date,symbol,fillingDate,acceptedDate,period,revenue,costOfRevenue,grossProfit,grossProfitRatio,researchAndDevelopmentExpenses,generalAndAdministrativeExpenses,sellingAndMarketingExpenses,otherExpenses,operatingExpenses,costAndExpenses,interestExpense,depreciationAndAmortization,ebitda,ebitdaratio,operatingIncome,operatingIncomeRatio,totalOtherIncomeExpensesNet,incomeBeforeTax,incomeBeforeTaxRatio,incomeTaxExpense,netIncome,netIncomeRatio,eps,epsdiluted,weightedAverageShsOut,weightedAverageShsOutDil,link,finalLink
0,2019-12-31,ALREA.PA,2019-12-31,2019-12-31,FY,165358000,130050000,35308000,0.21352459512088923,0.0,0.0,0.0,0.0,1226000.0,149644000,3793000.0,3457000.0,18217000,0.11016703153158601,15714000,0.06632276636147026,0.0,10967000,0.06632276636147026,2013000.0,7556000.0,0.04569479553453719,2.903598,2.903598,2598059.0,2598059.0,https://www.infogreffe.com/recherche-entreprise-dirigeants/resultats-entreprise-dirigeants.html?ga_cat=globale&ga_q=A.L.R.E.A#phrase=A.L.R.E.A,https://www.infogreffe.com/recherche-entreprise-dirigeants/resultats-entreprise-dirigeants.html?ga_cat=globale&ga_q=A.L.R.E.A#phrase=A.L.R.E.A
0,2018-12-31,ALREA.PA,2018-12-31,2018-12-31,FY,133568000,105510000,28058000,0.2100652850982271,0.0,0.0,0.0,0.0,1483000.0,123352000,472000.0,1950000.0,11342000,0.08491554863440345,10216000,0.06678246286535697,0.0,8920000.0,0.06678246286535697,1506000.0,4266000.0,0.03193878773358888,1.64637,1.64637,2598059.0,2598059.0,https://www.infogreffe.com/recherche-entreprise-dirigeants/resultats-entreprise-dirigeants.html?ga_cat=globale&ga_q=A.L.R.E.A#phrase=A.L.R.E.A,https://www.infogreffe.com/recherche-entreprise-dirigeants/resultats-entreprise-dirigeants.html?ga_cat=globale&ga_q=A.L.R.E.A#phrase=A.L.R.E.A
0,2017-12-31,ALREA.PA,2017-12-31,2017-12-31,FY,128865000,111123000,17742000,0.13767896636014434,0.0,0.0,0.0,0.0,422000.0,124065000,249000.0,1805000.0,8518000.0,0.06610018236138594,4800000.0,0.05315640398867032,0.0,6850000.0,0.05315640398867032,-119000.0,3909000.0,0.030334070538936095,1.506678,1.506678,2598059.0,2598059.0,https://www.infogreffe.com/recherche-entreprise-dirigeants/resultats-entreprise-dirigeants.html?ga_cat=globale&ga_q=A.L.R.E.A#phrase=A.L.R.E.A,https://www.infogreffe.com/recherche-entreprise-dirigeants/resultats-entreprise-dirigeants.html?ga_cat=globale&ga_q=A.L.R.E.A#phrase=A.L.R.E.A
0,2016-12-31,ALREA.PA,2016-12-31,2016-12-31,FY,84241000,68860000,15381000,0.18258330266734726,0.0,0.0,0.0,0.0,1047000.0,81666000,655000.0,520000.0,4890000.0,0.0580477439726499,2575000.0,0.04559537517360905,0.0,3841000.0,0.04559537517360905,1382000.0,3022000.0,0.03587326836101186,1.167426,1.167426,2598059.0,2598059.0,https://www.infogreffe.com/recherche-entreprise-dirigeants/resultats-entreprise-dirigeants.html?ga_cat=globale&ga_q=A.L.R.E.A#phrase=A.L.R.E.A,https://www.infogreffe.com/recherche-entreprise-dirigeants/resultats-entreprise-dirigeants.html?ga_cat=globale&ga_q=A.L.R.E.A#phrase=A.L.R.E.A
0,2015-12-31,ALREA.PA,2015-12-31,2015-12-31,FY,87474000,77044000,10430000,0.11923542995632988,0.0,0.0,0.0,0.0,267000.0,84469000,436000.0,461000.0,3796000.0,0.043395751880558796,3005000.0,0.03754258408212726,0.0,3284000.0,0.03754258408212726,747000.0,2027000.0,0.023172599858243593,0.778284,0.778284,2598059.0,2598059.0,https://www.infogreffe.com/recherche-entreprise-dirigeants/resultats-entreprise-dirigeants.html?ga_cat=globale&ga_q=A.L.R.E.A#phrase=A.L.R.E.A,https://www.infogreffe.com/recherche-entreprise-dirigeants/resultats-entreprise-dirigeants.html?ga_cat=globale&ga_q=A.L.R.E.A#phrase=A.L.R.E.A
0,2014-12-31,ALREA.PA,2014-12-31,2014-12-31,FY,70359000,62057000,8302000.0,0.11799485495814324,0.0,0.0,0.0,0.0,205000.0,67239000,342000.0,460000.0,3722000.0,0.052900126494123,3120000.0,0.04066288605579954,0.0,2861000.0,0.04066288605579954,727000.0,1199000.0,0.017041174547676913,0.538812,0.538812,2237317.0,2342767.0,https://www.infogreffe.com/recherche-entreprise-dirigeants/resultats-entreprise-dirigeants.html?ga_cat=globale&ga_q=A.L.R.E.A#phrase=A.L.R.E.A,https://www.infogreffe.com/recherche-entreprise-dirigeants/resultats-entreprise-dirigeants.html?ga_cat=globale&ga_q=A.L.R.E.A#phrase=A.L.R.E.A
0,2013-12-31,ALREA.PA,2013-12-31,2013-12-31,FY,56224000,49709000,6515000.0,0.11587578258394991,0.0,0.0,0.0,0.0,1025000.0,53488000,556000.0,343000.0,3568000.0,0.06346044393853159,2736000.0,0.04656374501992032,0.0,2618000.0,0.04656374501992032,686000.0,1342000.0,0.02386881047239613,0.728394,0.718416,1852255.0,1914141.0,https://www.infogreffe.com/recherche-entreprise-dirigeants/resultats-entreprise-dirigeants.html?ga_cat=globale&ga_q=A.L.R.E.A#phrase=A.L.R.E.A,https://www.infogreffe.com/recherche-entreprise-dirigeants/resultats-entreprise-dirigeants.html?ga_cat=globale&ga_q=A.L.R.E.A#phrase=A.L.R.E.A
0,2012-12-31,ALREA.PA,2012-12-31,2012-12-31,FY,42120000,248000.0,41872000,0.9941120607787275,0.0,36904000,0.0,0.0,250000.0,41105000,528000.0,262000.0,1303000.0,0.030935422602089268,1015000.0,0.014672364672364673,0.0,618000.0,0.014672364672364673,5000.0,75000.0,0.0017806267806267807,0.040491,0.039182,1852255.0,1914141.0,https://www.infogreffe.com/recherche-entreprise-dirigeants/resultats-entreprise-dirigeants.html?ga_cat=globale&ga_q=A.L.R.E.A#phrase=A.L.R.E.A,https://www.infogreffe.com/recherche-entreprise-dirigeants/resultats-entreprise-dirigeants.html?ga_cat=globale&ga_q=A.L.R.E.A#phrase=A.L.R.E.A
0,2010-04-30,ALREA.PA,2010-04-30,2010-04-30,FY,41622000,12670000,28952000,0.6955936764211235,0.0,17338000,0.0,0.0,447000.0,39174000,-1000.0,947000.0,4162000.0,0.09999519484887799,2448000.0,0.041804814761424246,0.0,1740000.0,0.041804814761424246,567000.0,1119000.0,0.026884820527605595,0.604128,0.584596,1852255.0,1914141.0,https://www.infogreffe.com/recherche-entreprise-dirigeants/resultats-entreprise-dirigeants.html?ga_cat=globale&ga_q=A.L.R.E.A#phrase=A.L.R.E.A,https://www.infogreffe.com/recherche-entreprise-dirigeants/resultats-entreprise-dirigeants.html?ga_cat=globale&ga_q=A.L.R.E.A#phrase=A.L.R.E.A
