,date,symbol,fillingDate,acceptedDate,period,revenue,costOfRevenue,grossProfit,grossProfitRatio,researchAndDevelopmentExpenses,generalAndAdministrativeExpenses,sellingAndMarketingExpenses,otherExpenses,operatingExpenses,costAndExpenses,interestExpense,depreciationAndAmortization,ebitda,ebitdaratio,operatingIncome,operatingIncomeRatio,totalOtherIncomeExpensesNet,incomeBeforeTax,incomeBeforeTaxRatio,incomeTaxExpense,netIncome,netIncomeRatio,eps,epsdiluted,weightedAverageShsOut,weightedAverageShsOutDil,link,finalLink
0,2019-12-31,FR,2020-02-13,2020-02-13 16:19:29,FY,425984000,116585000,309399000,0.7263160118689904,0.0,28569000,0.0,237814000,149798000,266383000,50273000,122533000,414987000,0.974184,159601000,0.374664,71451000,247287000,0.580508,3406000.0,238775000,0.560526,1.8847,1.8847,126392000,126392000,https://www.sec.gov/Archives/edgar/data/921825/000092182520000011/0000921825-20-000011-index.htm,https://www.sec.gov/Archives/edgar/data/921825/000092182520000011/fr-20191231x10k.htm
0,2018-12-31,FR,2019-02-20,2019-02-19 20:27:12,FY,403954000,116854000,287100000,0.7107244884318511,0.0,27749000,0.0,236069000,147003000.00000003,263857000.00000003,50775000,121602000,335524000,0.8306,140097000,0.346814,97548000,167242000,0.414012,-92000.0,163239000,0.404103,1.31442,1.31442,123804000,123804000,https://www.sec.gov/Archives/edgar/data/921825/000092182519000003/0000921825-19-000003-index.htm,https://www.sec.gov/Archives/edgar/data/921825/000092182519000003/fr-20181231x10k.htm
0,2017-12-31,FR,2018-02-26,2018-02-23 17:51:50,FY,396402000,113494000,282908000,0.7136896382964768,0.0,28079000,0.0,229858000,146218000,259712000,57199000,123330000,383178000,0.96664,136690000,0.344827,92528000,209494000,0.528489,1193000.0,201456000,0.508211,1.69594,1.69594,118272000,118272000,https://www.sec.gov/Archives/edgar/data/921825/000092182518000003/0000921825-18-000003-index.htm,https://www.sec.gov/Archives/edgar/data/921825/000092182518000003/fr-20171231x10k.htm
0,2016-12-31,FR,2017-02-24,2017-02-24 14:54:18,FY,378020000,109226000,268794000,0.7110576159991535,0.0,26703000,0.0,230097000,147574000,256800000,59430000,123917000,305668000,0.808603,121220000,0.320671,88162000,126773000,0.335361,1089000.0,121232000,0.320703,1.05081,1.05081,115030000,115030000,https://www.sec.gov/Archives/edgar/data/921825/000092182517000002/0000921825-17-000002-index.htm,https://www.sec.gov/Archives/edgar/data/921825/000092182517000002/fr-20161231x10k.htm
0,2015-12-31,FR,2016-02-25,2016-02-24 18:41:11,FY,365823000,114112000,251711000,0.6880677267421677,0.0,25362000,0.0,230471000,141721000,255833000,67424000,121314000,262657000,0.717989,109990000,0.300665,84576000,76822000,0.209998,117000.0,73802000,0.201742,0.6662,0.6662,110352000,110352000,https://www.sec.gov/Archives/edgar/data/921825/000092182516000037/0000921825-16-000037-index.htm,https://www.sec.gov/Archives/edgar/data/921825/000092182516000037/fr-20151231x10k.htm
0,2014-12-31,FR,2015-02-26,2015-02-25 17:35:55,FY,346709000,111917000,234792000,0.6772019186118619,0.0,23418000,0.0,227356000,139512000,251429000,72178000,123675000,245201000,0.707224,95280000,0.274813,84990000,23420000,0.067549,238000.0,49110000,0.141646,0.44514,0.44514,109922000,109922000,https://www.sec.gov/Archives/edgar/data/921825/000092182515000011/0000921825-15-000011-index.htm,https://www.sec.gov/Archives/edgar/data/921825/000092182515000011/fr-20141231x10k.htm
0,2013-12-31,FR,2014-02-28,2014-02-28 17:18:38,FY,328200000,107400000,220800000,0.6727605118829981,0.0,23200000,0.0,-81014000,141900000,249300000,73558000,124900000,238545000,0.726828,79000000,0.240707,-200000.0,5600000.0,0.017063,-213000.0,40300000,0.122791,0.37664,0.37664,106995000,106995000,https://www.sec.gov/Archives/edgar/data/921825/000092182514000008/0000921825-14-000008-index.htm,https://www.sec.gov/Archives/edgar/data/921825/000092182514000008/fr-20131231x10k.htm
0,2012-12-31,FR,2013-03-01,2013-03-01 12:05:05,FY,327300000,105100000,222200000,0.6788878704552398,0.0,25100000,0.0,-94104000,155500000.00000003,260600000.00000003,83506000,135200000,222928000,0.681112,66600000,0.203483,71708000,-15500000,-0.047357,5522000.0,-1300000.0,-0.003972,-0.01421,-0.01421,91468000,91468000,https://www.sec.gov/Archives/edgar/data/921825/000119312513086804/0001193125-13-086804-index.htm,https://www.sec.gov/Archives/edgar/data/921825/000119312513086804/d449358d10k.htm
0,2011-12-31,FR,2012-02-29,2012-02-29 17:29:16,FY,317800000,108600000,209200000,0.658275645059786,0.0,20600000,0.0,-107677000,140400000,249000000,-100200000,132300000,24250000,0.076306,68800000,0.216488,-300000.0,-31800000,-0.100063,-450000.0,-7400000.0,-0.023285,-0.09181,-0.09181,80616000,80616000,https://www.sec.gov/Archives/edgar/data/921825/000119312512089719/0001193125-12-089719-index.htm,https://www.sec.gov/Archives/edgar/data/921825/000119312512089719/d270035d10k.htm
0,2010-12-31,FR,2011-02-24,2011-02-24 17:00:58,FY,288500000,94700000,193800000,0.6717504332755633,0.0,26600000,0.0,500000.0,169400000.00000003,264100000.00000003,106102000,145200000,45539000,0.157847,24400000,0.084575,-200000.0,-81400000,-0.282149,-2963000.0,-202800000,-0.702946,-3.21905,-3.21905,62953000,62953000,https://www.sec.gov/Archives/edgar/data/921825/000095012311017925/0000950123-11-017925-index.htm,https://www.sec.gov/Archives/edgar/data/921825/000095012311017925/c62329e10vk.htm
0,2009-12-31,FR,2010-03-03,2010-03-02 17:58:24,FY,412000000,123800000,288200000,0.6995145631067962,0.0,37800000,0.0,52700000,218000000,341800000,115421000,164800000,284105000,0.689575,70200000,0.170388,0.0,-48000000,-0.116505,-1816000.0,5700000.0,0.013835,0.11704,0.11704,48695000,48695000,https://www.sec.gov/Archives/edgar/data/921825/000095012310020117/0000950123-10-020117-index.htm,https://www.sec.gov/Archives/edgar/data/921825/000095012310020117/c55884e10vk.htm
0,2008-12-31,FR,2009-03-02,2009-03-02 16:40:35,FY,526300000,125000000,401300000,0.7624928747862436,0.0,84600000,0.0,142600000,412799999.99999994,537800000,111559000,185400000,333971000,0.634564,-11500000,-0.021851,3100000.0,-122300000,-0.232377,-4188000.0,41200000,0.078282,0.9537,0.9537,43193000,43193000,https://www.sec.gov/Archives/edgar/data/921825/000095013709001437/0000950137-09-001437-index.htm,https://www.sec.gov/Archives/edgar/data/921825/000095013709001437/c48884e10vk.htm
0,2007-12-31,FR,2008-02-26,2008-02-25 19:09:15,FY,434900000,129400000,305500000,0.7024603357093585,0.0,92100000,0.0,34600000,280700000.00000006,410100000.00000006,119314000,176200000,412570000,0.948655,24800000,0.057025,-142000.0,-95800000,-0.220281,-38044000,155100000,0.356634,3.51701,3.51701,44086000,44086000,https://www.sec.gov/Archives/edgar/data/921825/000095013708002703/0000950137-08-002703-index.htm,https://www.sec.gov/Archives/edgar/data/921825/000095013708002703/c23671e10vk.htm
0,2006-12-31,FR,2007-03-01,2007-03-01 16:13:37,FY,396000000,130200000,265800000,0.6712121212121213,0.0,77500000,0.0,13400000,236800000,367000000,121141000,162300000,345401000,0.872225,29000000,0.073232,-2100000.0,-89700000,-0.226515,-50140000,112100000,0.283081,2.54773,2.54773,-1000.0,-1000.0,https://www.sec.gov/Archives/edgar/data/921825/000095013707003121/0000950137-07-003121-index.htm,https://www.sec.gov/Archives/edgar/data/921825/000095013707003121/c12587e10vk.htm
0,2005-12-31,FR,2006-03-16,2006-03-16 17:07:34,FY,367100000,121800000,245300000,0.6682102969218197,0.0,55800000,0.0,14800000,190099999.99999997,311899999.99999994,108339000,133000000,306685000,0.835426,55200000,0.150368,-10700000,-37200000,-0.101335,-21754000,87100000,0.237265,2.05425,2.05425,42431000,42431000,https://www.sec.gov/Archives/edgar/data/921825/000095013706003167/0000950137-06-003167-index.htm,https://www.sec.gov/Archives/edgar/data/921825/000095013706003167/c03084e10vk.htm
0,2004-12-31,FR,2005-03-31,2005-03-31 14:23:49,FY,319700000,87600000,232100000,0.7259931185486393,0.0,43100000,0.0,9600000.0,148400000,236000000,99245000,105300000,307245000,0.961042,83700000,0.261808,-1600000.0,-9900000.0,-0.030967,-7900000.0,110600000,0.345949,2.70416,2.70416,40557000,40557000,https://www.sec.gov/Archives/edgar/data/921825/000095013705003955/0000950137-05-003955-index.htm,https://www.sec.gov/Archives/edgar/data/921825/000095013705003955/c93058e10vk.htm
0,2003-12-31,FR,,,FY,341400000,87700000,253700000,0.743117,0.0,30300000,0.0,10400000,124700000,212400000,-97100000,91700000,108400000,0.317516,129000000,0.377856,0.0,39400000,0.115407,0.0,113800000,0.333333,2.94057,2.94057,38700000,38700000,,
0,2002-12-31,FR,,,FY,346600000,85200000,261300000,0.753895,0.0,22400000,0.0,9100000.0,105800000,191000000,-92300000,82800000,110100000,0.317657,155600000,0.448932,0.0,69900000,0.201673,0.0,119600000,0.345066,3.02785,3.02785,39500000,39500000,,
0,2001-12-31,FR,,,FY,384500000,92800000,291700000,0.758648,0.0,20800000,0.0,19400000,116500000.00000001,209300000,-84400000,81400000,119400000,0.310533,175200000,0.455657,9500000.0,150200000,0.390637,0.0,122400000,0.318336,3.09091,3.09091,39600000,39600000,,
0,2000-12-31,FR,,,FY,386100000,91300000,294800000,0.763533,0.0,18600000,0.0,12900000,98500000.00000001,189800000,-85700000,70500000,102700000,0.265993,196300000,0.508418,2900000.0,133700000,0.346283,0.0,117900000,0.305361,3.03085,3.03085,38900000,38900000,,
0,1999-12-31,FR,,,FY,374200000,84300000,289900000,0.774719,0.0,14100000,0.0,9900000.0,92399999.99999999,176700000,-81200000,68500000,112000000,0.299305,197400000,0.527525,0.0,142100000,0.379743,0.0,124700000,0.333244,3.27297,3.27297,38100000,38100000,,
0,1998-12-31,FR,,,FY,349700000,84500000,265200000,0.758364,0.0,13900000,0.0,9500000.0,99100000,183600000,-72800000,65700000,68600000,0.196168,166100000,0.474979,0.0,85600000,0.244781,0.0,75700000,0.216471,2.0133,2.0133,37600000,37600000,,
0,1997-12-31,FR,,,FY,223200000,50800000,159600000,0.715054,0.0,6800000.0,0.0,5800000.0,52200000,103000000,-52700000,39699999.99999999,38899999.99999999,0.174283,120200000,0.53853,0.0,71400000,0.319892,0.0,51900000,0.232527,1.63208,1.63208,31800000,31800000,,
0,1996-12-31,FR,,,FY,140100000,33800000,106200000,0.75803,0.0,4900000.0,0.0,3600000.0,36600000.00000001,70400000.00000001,-32200000,28000000,31500000,0.224839,69700000,0.497502,0.0,40900000,0.291934,0.0,35700000,0.254818,1.43952,1.43952,24800000,24800000,,
