,date,symbol,fillingDate,acceptedDate,period,revenue,costOfRevenue,grossProfit,grossProfitRatio,researchAndDevelopmentExpenses,generalAndAdministrativeExpenses,sellingAndMarketingExpenses,otherExpenses,operatingExpenses,costAndExpenses,interestExpense,depreciationAndAmortization,ebitda,ebitdaratio,operatingIncome,operatingIncomeRatio,totalOtherIncomeExpensesNet,incomeBeforeTax,incomeBeforeTaxRatio,incomeTaxExpense,netIncome,netIncomeRatio,eps,epsdiluted,weightedAverageShsOut,weightedAverageShsOutDil,link,finalLink
0,2019-12-31,AHH,2020-02-25,2020-02-24 21:00:25,FY,257198000,150831000,106367000,0.41356075863731445,0.0,12392000,0.0,206868000,63730000.00000002,214561000.00000003,-11455000,54941000,67048000,0.260686,42637000,0.165775,585000.0,31767000,0.123512,-491000.0,24053000,0.093519,0.45281,0.45281,53119000,53119000,https://www.sec.gov/Archives/edgar/data/1569187/000156918720000006/0001569187-20-000006-index.htm,https://www.sec.gov/Archives/edgar/data/1569187/000156918720000006/ahh-12312019x10k.htm
0,2018-12-31,AHH,2019-02-28,2019-02-28 06:03:29,FY,193317000,112233000,81084000,0.4194354350626174,0.0,11431000,0.0,154117000,49072000,161305000,19087000,39913000,76174000,0.394037,32012000,0.165593,388000.0,23463000,0.121371,-29000.0,17203000,0.088989,0.26567,0.26567,46766000,46766000,https://www.sec.gov/Archives/edgar/data/1569187/000156918719000006/0001569187-19-000006-index.htm,https://www.sec.gov/Archives/edgar/data/1569187/000156918719000006/ahh-12312018x10k.htm
0,2017-12-31,AHH,2018-02-23,2018-02-23 06:04:27,FY,302771000,222540000,80231000,0.26498905113105287,0.0,10435000,0.0,260619000,48563999.99999999,271104000,17439000,37321000,76532000,0.252772,31667000,0.104591,131000.0,30650000,0.101232,725000.0,21047000,0.069515,0.34973,0.34973,41575000,41575000,https://www.sec.gov/Archives/edgar/data/1569187/000156918718000007/0001569187-18-000007-index.htm,https://www.sec.gov/Archives/edgar/data/1569187/000156918718000007/ahh-12312017x10k.htm
0,2016-12-31,AHH,2017-03-01,2017-03-01 06:13:27,FY,258385000,184908000,73477000,0.2843702227296476,0.0,9552000.0,0.0,222154000,46880000.00000002,231788000.00000003,16466000,35328000,80211000,0.310432,26597000,0.102936,147000.0,43098000,0.166798,343000.0,28074000,0.108652,0.55898,0.55898,48844155,48844155,https://www.sec.gov/Archives/edgar/data/1569187/000156918717000008/0001569187-17-000008-index.htm,https://www.sec.gov/Archives/edgar/data/1569187/000156918717000008/ahh-12312016x10k.htm
0,2015-12-31,AHH,2016-03-02,2016-03-02 06:13:38,FY,252440000,192330000,60110000,0.23811598795753447,0.0,8397000.0,0.0,217459000,34037999.99999998,226367999.99999997,13333000,23153000,56094000,0.222207,26072000,0.10328,119000.0,31149000,0.123392,-34000.0,19642000,0.077809,0.47464,0.47464,40607142,40607142,https://www.sec.gov/Archives/edgar/data/1569187/000155837016003756/0001558370-16-003756-index.htm,https://www.sec.gov/Archives/edgar/data/1569187/000155837016003756/ahh-20151231x10k.htm
0,2014-12-31,AHH,2015-03-16,2015-03-16 16:49:34,FY,168067000,121164000,46903000,0.2790732267488561,0.0,7711000.0,0.0,138977000,25523999.99999999,146688000,10648000,17569000,35978000,0.214069,21379000,0.127205,120000.0,12829000,0.076333,70000.0,7691000.0,0.045762,0.36718,0.36718,34483783,34483783,https://www.sec.gov/Archives/edgar/data/1569187/000119312515093904/0001193125-15-093904-index.htm,https://www.sec.gov/Archives/edgar/data/1569187/000119312515093904/d887811d10k.htm
0,2013-12-31,AHH,2014-03-31,2014-03-31 16:07:12,FY,140000000,98000000,42000000,0.3,0.0,6900000.0,0.0,113440000,24799999.999999996,122800000,12303000,14900000,36876000,0.2634,17300000,0.123571,300000.0,14700000,0.105,273000.0,9400000.0,0.067143,0.49474,0.49474,38623333,38623333,https://www.sec.gov/Archives/edgar/data/1569187/000119312514123859/0001193125-14-123859-index.htm,https://www.sec.gov/Archives/edgar/data/1569187/000119312514123859/d638313d10k.htm
