,date,symbol,fillingDate,acceptedDate,period,revenue,costOfRevenue,grossProfit,grossProfitRatio,researchAndDevelopmentExpenses,generalAndAdministrativeExpenses,sellingAndMarketingExpenses,otherExpenses,operatingExpenses,costAndExpenses,interestExpense,depreciationAndAmortization,ebitda,ebitdaratio,operatingIncome,operatingIncomeRatio,totalOtherIncomeExpensesNet,incomeBeforeTax,incomeBeforeTaxRatio,incomeTaxExpense,netIncome,netIncomeRatio,eps,epsdiluted,weightedAverageShsOut,weightedAverageShsOutDil,link,finalLink
0,2019-12-31,PLYM,2020-02-27 00:00:00,2020-02-27 07:07:13,FY,75290000,27237000,48053000,0.6382388099349183,0.0,7481000.0,0.0,0.0,0.0,72099000,13918000,37381000,39542000,0.5251959091512817,3191000.0,-0.15856023376278391,-181000.0,-11938000,-0.15856023376278391,0.0,-10420000,-0.1383981936512153,-2.88,-2.883914,8503375.0,8503375.0,https://www.sec.gov/Archives/edgar/data/1515816/000117152020000141/0001171520-20-000141-index.html,https://www.sec.gov/Archives/edgar/data/1515816/000117152020000141/eps8813.htm
0,2018-12-31,PLYM,2019-03-08 00:00:00,2019-03-08 06:31:48,FY,49217000,17449000,31768000,0.6454680293394559,0.0,6032000.0,0.0,0.0,0.0,50269000,14252000,26788000,24254000,0.49279720421805473,-1052000.0,-0.4302375195562509,-4389000.0,-21175000,-0.4302375195562509,0.0,-18716000,-0.3802751081943231,-5.76,-5.76,4821876.0,4821876.0,https://www.sec.gov/Archives/edgar/data/1515816/000117152019000138/0001171520-19-000138-index.html,https://www.sec.gov/Archives/edgar/data/1515816/000117152019000138/eps8427.htm
0,2017-12-31,PLYM,2018-03-08 00:00:00,2018-03-08 17:21:52,FY,24818000,8205000.0,16613000,0.6693931823676363,0.0,5189000.0,0.0,0.0,0.0,27392000,10713000,13998000,10556000,0.4253364493512773,-2574000.0,-0.5651946168103795,128000.0,-14027000,-0.5651946168103795,0.0,-8707000.0,-0.35083407204448386,-4.45,-4.45,2150000.0,2150000.0,https://www.sec.gov/Archives/edgar/data/1515816/000117152018000145/0001171520-18-000145-index.html,https://www.sec.gov/Archives/edgar/data/1515816/000117152018000145/eps7838.htm
0,2016-12-31,PLYM,,,FY,19658000,5927000.0,13731000,0.6984942517041408,0.0,3742000.0,0.0,0.0,0.0,21343000,40679000,11674000,10219000,0.519839251195442,-1685000.0,-1.998575643503917,3076000.0,-39288000,-1.998575643503917,0.0,-36987000,-1.8815240614508089,-10.199,-10.199,3626702.0,3626702.0,,
0,2015-12-31,PLYM,2016-03-30 00:00:00,2016-03-30 16:52:36,FY,19290000,5751000.0,13539000,0.7018662519440124,0.0,4688000.0,0.0,0.0,0.0,22575000,44676000,12136000,7828000.0,0.4058061171591498,-3285000.0,-2.522809745982374,234000.0,-48665000,-2.522809745982374,0.0,-48665000,-2.522809745982374,-13.418527,-13.418527,3626702.0,3626702.0,https://www.sec.gov/Archives/edgar/data/1515816/000117152016000898/0001171520-16-000898-index.html,https://www.sec.gov/Archives/edgar/data/1515816/000117152016000898/eps6665.htm
0,2014-12-31,PLYM,2015-03-13,2015-03-13 16:10:37,FY,2664000.0,604000.0,2060000.0,0.7732732732732732,0.0,3302000.0,0.0,332000.0,0.0,5548000.0,13279000,1642000.0,-735000.0,-0.2759009009009009,-2884000.0,-6.917792792792793,-2266000.0,-18429000,-6.917792792792793,0.0,-18429000,-6.917792792792793,-5.081476,-5.081476,3626702.0,3626702.0,https://www.sec.gov/Archives/edgar/data/1515816/000117152015000223/eps6166.htm,https://www.sec.gov/Archives/edgar/data/1515816/000117152015000223/eps6166.htm
0,2013-12-31,PLYM,2014-04-15,2014-04-15 13:22:30,FY,0.0,0.0,0.0,0.0,0.0,2883693.0,291585.0,0.0,0.0,2883693.0,0.0,0.0,-2883693.0,0.0,-2883693.0,0.0,-588546.0,-3472224.0,0.0,0.0,-3472224.0,0.0,-0.957405,-0.957405,3626702.0,3626702.0,https://www.sec.gov/Archives/edgar/data/1515816/000117152014000297/eps5599.htm,https://www.sec.gov/Archives/edgar/data/1515816/000117152014000297/eps5599.htm
0,2012-12-31,PLYM,2013-04-15,2013-04-15 16:32:40,FY,0.0,0.0,0.0,0.0,0.0,2073841.0,165170.0,0.0,0.0,2073841.0,0.0,0.0,-2074046.0,0.0,-2073841.0,0.0,-92837.0,-2166678.0,0.0,0.0,-2166678.0,0.0,-0.597424,-0.597424,3626702.0,3626702.0,https://www.sec.gov/Archives/edgar/data/1515816/000117152013000288/eps5116.htm,https://www.sec.gov/Archives/edgar/data/1515816/000117152013000288/eps5116.htm
