,date,symbol,fillingDate,acceptedDate,period,revenue,costOfRevenue,grossProfit,grossProfitRatio,researchAndDevelopmentExpenses,generalAndAdministrativeExpenses,sellingAndMarketingExpenses,otherExpenses,operatingExpenses,costAndExpenses,interestExpense,depreciationAndAmortization,ebitda,ebitdaratio,operatingIncome,operatingIncomeRatio,totalOtherIncomeExpensesNet,incomeBeforeTax,incomeBeforeTaxRatio,incomeTaxExpense,netIncome,netIncomeRatio,eps,epsdiluted,weightedAverageShsOut,weightedAverageShsOutDil,link,finalLink
0,2020-09-30,FMC,2020-11-03,2020-11-03 12:46:13,Q3,1084000000,618000000,466000000,0.42988929889298894,71000000,187000000,0.0,0.0,258000000,888000000,-196000000,41000000,52000000,0.04797047970479705,11000000,0.01014760147601476,11000000,196000000,0.18081180811808117,18000000,112000000,0.1033210332103321,1.0,1.0,112000000,112000000,https://www.sec.gov/Archives/edgar/data/37785/000003778520000122/0000037785-20-000122-index.htm,https://www.sec.gov/Archives/edgar/data/37785/000003778520000122/fmc-20200930.htm
0,2020-06-30,FMC,2020-08-05,2020-08-05 13:30:01,Q2,1155300000,632600000,522700000,0.45243659655500734,64300000,158000000,0.0,3300000.0,254799999.99999994,887400000,-40700000,40100000,213000000,0.184368,267900000,0.231888,-2200000.0,225000000,0.194755,29200000,184400000,0.159612,1.4124,1.4124,130558000,130558000,https://www.sec.gov/Archives/edgar/data/37785/000003778520000105/0000037785-20-000105-index.htm,https://www.sec.gov/Archives/edgar/data/37785/000003778520000105/fmc-20200630.htm
0,2020-03-31,FMC,2020-05-06 00:00:00,2020-05-06 13:25:18,Q1,1250000000,688500000,561500000,0.4492,67300000,176400000,0.0,6800000.0,270100000,958600000,-40800000,39100000,239200000,0.19136,291400000,0.23312,-2200000.0,248400000,0.19872,34700000,206200000,0.16496,1.58049,1.58049,130466000,130466000,https://www.sec.gov/Archives/edgar/data/37785/000003778520000079/0000037785-20-000079-index.html,https://www.sec.gov/Archives/edgar/data/37785/000003778520000079/fmc-20200331.htm
0,2019-12-31,FMC,2020-02-28 00:00:00,2020-02-28 14:19:04,Q4,1197300000,641300000,556000000,0.464378,76400000,198600000,0.0,96400000,443900000.0000001,1085200000,160400000,39000000,232100000,0.193853,112100000,0.093627,-2600000.0,66600000,0.055625,35900000,-3200000.0,-0.002673,-0.02467,-0.02467,129726000,129726000,https://www.sec.gov/Archives/edgar/data/37785/000003778520000035/0000037785-20-000035-index.html,https://www.sec.gov/Archives/edgar/data/37785/000003778520000035/fmc-20191231.htm
0,2019-09-30,FMC,2019-10-30 00:00:00,2019-10-30 13:30:24,Q3,1014300000,581900000,432400000,0.426304,77400000,172300000,0.0,4200000.0,272500000,854400000,-41600000,36599999.99999999,94100000,0.092773,159900000,0.157646,1200000.0,119500000,0.117815,8700000.0,90400000,0.089126,0.68693,0.68693,131600000,131600000,https://www.sec.gov/Archives/edgar/data/37785/000003778519000116/0000037785-19-000116-index.html,https://www.sec.gov/Archives/edgar/data/37785/000003778519000116/fmc-20190930.htm
0,2019-06-30,FMC,2019-07-31,2019-07-31 14:08:15,Q2,1206100000,655600000,550500000,0.45643,73100000,176800000,0.0,5600000.0,282699999.99999994,938299999.9999999,-39500000,37200000,202800000,0.168145,267800000,0.222038,-3300000.0,225000000,0.186552,30600000,174500000,0.144681,1.31928,1.31928,132269000,132269000,https://www.sec.gov/Archives/edgar/data/37785/000003778519000092/fmc06301910q.htm,https://www.sec.gov/Archives/edgar/data/37785/000003778519000092/fmc06301910q.htm
0,2019-03-31,FMC,2019-05-08 00:00:00,2019-05-08 09:10:32,Q1,1192100000,647400000,544700000,0.456925,71200000,167400000,0.0,2600000.0,262900000,910300000,-34500000,37300000,254800000,0.21374,281800000,0.23639,-3400000.0,243900000,0.204597,36300000,215700000,0.180941,1.6192,1.6192,133214000,133214000,https://www.sec.gov/Archives/edgar/data/37785/000003778519000071/0000037785-19-000071-index.html,https://www.sec.gov/Archives/edgar/data/37785/000003778519000071/fmc03311910q.htm
0,2018-12-31,FMC,2019-02-28 00:00:00,2019-02-28 15:53:53,Q4,1099400000,607700000,491700000,0.447244,76800000,180400000,0.0,12900000,312199999.99999994,919899999.9999999,134500000,56799999.99999998,213099999.99999997,0.193833,179500000,0.163271,-2000000.0,146100000,0.132891,-10600000,32400000,0.029471,0.24035,0.24035,134805000,134805000,https://www.sec.gov/Archives/edgar/data/37785/000003778519000039/0000037785-19-000039-index.html,https://www.sec.gov/Archives/edgar/data/37785/000003778519000039/fmc201810k.htm
0,2018-09-30,FMC,2018-11-06 00:00:00,2018-11-06 16:12:40,Q3,923600000,527100000,396500000,0.429298,70100000,177700000,0.0,2200000.0,290799999.99999994,817900000,-33400000,37800000.00000001,99200000.00000001,0.107406,105700000,0.114443,600000.0,72900000,0.07893,22000000,72800000,0.078822,0.53372,0.53372,136400000,136400000,https://www.sec.gov/Archives/edgar/data/37785/000003778518000076/0000037785-18-000076-index.html,https://www.sec.gov/Archives/edgar/data/37785/000003778518000076/fmc09301810q.htm
0,2018-06-30,FMC,2018-08-02 00:00:00,2018-08-02 16:27:45,Q2,1154400000,625600000,528800000,0.458073,75900000,172100000,0.0,4100000.0,395500000,1021100000,-34400000,38800000,133000000,0.115211,133300000,0.115471,-200000.0,98700000,0.085499,-1100000.0,129700000,0.112353,0.95228,0.95228,136200000,136200000,https://www.sec.gov/Archives/edgar/data/37785/000003778518000053/0000037785-18-000053-index.html,https://www.sec.gov/Archives/edgar/data/37785/000003778518000053/fmc06301810q.htm
0,2018-03-31,FMC,2018-05-03 00:00:00,2018-05-03 15:44:53,Q1,1107900000,575500000,532400000,0.480549,64900000,172900000,0.0,2500000.0,207399999.99999997,782900000,-33800000,34800000,328700000,0.296687,325000000,0.293348,-500000.0,290700000,0.262388,60500000,267200000,0.241177,1.96182,1.96182,136200000,136200000,https://www.sec.gov/Archives/edgar/data/37785/000003778518000040/0000037785-18-000040-index.html,https://www.sec.gov/Archives/edgar/data/37785/000003778518000040/fmc03311810q.htm
0,2017-12-31,FMC,2018-02-28 00:00:00,2018-02-28 15:21:58,Q4,979600000,594800000,384800000,0.392813,51100000,149600000,0.0,8300000.0,311800000.00000006,906600000.0000001,80000000,41800000,599000000,0.611474,73000000,0.07452,-30000000,15100000,0.015414,-52900000,530100000,0.541139,3.94126,3.94126,134500000,134500000,https://www.sec.gov/Archives/edgar/data/37785/000003778518000019/0000037785-18-000019-index.html,https://www.sec.gov/Archives/edgar/data/37785/000003778518000019/fmc201710k.htm
0,2017-09-30,FMC,2017-11-07 00:00:00,2017-11-07 15:33:13,Q3,646200000,380300000,265900000,0.411483,30200000,105700000,0.0,2700000.0,191800000,572100000,-18400000,25100000,50300000,0.07784,74100000,0.11467,3600000.0,59300000,0.091767,-11600000,55200000,0.085422,0.40618,0.40618,135900000,135900000,https://www.sec.gov/Archives/edgar/data/37785/000003778517000067/0000037785-17-000067-index.html,https://www.sec.gov/Archives/edgar/data/37785/000003778517000067/fmc09301710q.htm
0,2017-09-29,FMC,2017-11-07 00:00:00,2017-11-07 15:33:13,Q3,647000000,380000000,267000000,0.4126738794435858,30000000,151000000,0.0,0.0,181000000,569000000,0.0,-46100000,24900000,0.147828863346,71000000,0.111031289911,7000000.0,77000000,0.0849297573436,-11000000,49500000,0.08500772797527048,-0.71156,-0.71156,-69565217,-69565217,https://www.sec.gov/Archives/edgar/data/37785/000003778517000067/0000037785-17-000067-index.html,https://www.sec.gov/Archives/edgar/data/37785/000003778517000067/fmc09301710q.htm
0,2017-06-30,FMC,2017-08-02 00:00:00,2017-08-02 16:21:02,Q2,656800000,422400000,234400000,0.356882,32000000,109800000,0.0,3300000.0,168500000,590900000,-17100000,22500000,83400000,0.126979,65900000,0.100335,3200000.0,52000000,0.079172,3300000.0,74700000,0.113733,0.55088,0.55088,135600000,135600000,https://www.sec.gov/Archives/edgar/data/37785/000003778517000048/0000037785-17-000048-index.html,https://www.sec.gov/Archives/edgar/data/37785/000003778517000048/fmc06301710q.htm
0,2017-03-31,FMC,2017-05-03 00:00:00,2017-05-03 15:24:47,Q1,596000000,379800000,216200000,0.362752,28200000,105100000,0.0,2300000.0,144800000,524600000,-15600000,23600000,-106800000,-0.179195,71400000,0.119799,-1400000.0,54400000,0.091275,9400000.0,-124200000,-0.208389,-0.92687,-0.92687,134000000,134000000,https://www.sec.gov/Archives/edgar/data/37785/000003778517000032/0000037785-17-000032-index.html,https://www.sec.gov/Archives/edgar/data/37785/000003778517000032/fmc03311710q.htm
0,2016-12-31,FMC,2017-02-28 00:00:00,2017-02-28 15:06:20,Q4,688400000,423200000,265200000,0.385241,36500000,137900000,0.0,19700000,222800000,646000000,83300000,25399999.99999999,127299999.99999999,0.184922,42400000,0.061592,-13900000,12100000,0.017577,2700000.0,15900000,0.023097,0.11804,0.11804,134700000,134700000,https://www.sec.gov/Archives/edgar/data/37785/000003778517000011/0000037785-17-000011-index.html,https://www.sec.gov/Archives/edgar/data/37785/000003778517000011/fmc201610k.htm
0,2016-09-30,FMC,2016-11-03 00:00:00,2016-11-03 16:18:11,Q3,628800000,414200000,214600000,0.341285,30600000,99900000,0.0,8100000.0,144400000.00000003,558600000,-15000000,25600000,96800000,0.153944,70200000,0.111641,-200000.0,55000000,0.087468,6500000.0,79700000,0.126749,0.59169,0.59169,134700000,134700000,https://www.sec.gov/Archives/edgar/data/37785/000003778516000111/0000037785-16-000111-index.html,https://www.sec.gov/Archives/edgar/data/37785/000003778516000111/fmc930201610q.htm
0,2016-06-30,FMC,2016-08-03,2016-08-03 15:46:26,Q2,615300000,379900000,235400000,0.382578,33200000,110600000,0.0,2500000.0,152200000.00000006,532100000.00000006,-15200000,24700000.000000004,95200000,0.154721,83200000,0.135219,-700000.0,67300000,0.109378,20500000,65200000,0.105965,0.4844,0.4844,134600000,134600000,https://www.sec.gov/Archives/edgar/data/37785/000003778516000099/fmc630201610q.htm,https://www.sec.gov/Archives/edgar/data/37785/000003778516000099/fmc630201610q.htm
0,2016-03-31,FMC,2016-05-03 00:00:00,2016-05-03 16:55:12,Q1,606400000,390400000,216000000,0.356201,34200000,110100000,0.0,6600000.0,158100000.00000003,548500000,-15800000,24900000,77800000,0.128298,57900000,0.095482,4300000.0,46400000,0.076517,20400000,48300000,0.07965,0.35964,0.35964,134300000,134300000,https://www.sec.gov/Archives/edgar/data/37785/000003778516000087/0000037785-16-000087-index.html,https://www.sec.gov/Archives/edgar/data/37785/000003778516000087/fmc331201610q.htm
0,2015-12-31,FMC,2016-02-26 00:00:00,2016-02-26 14:18:26,Q4,899300000,600700000,298600000,0.332036,40900000,147000000,0.0,13400000,337500000,938200000,81400000,23500000,4600000.0,0.005115,-38900000,-0.043256,-17500000,-76500000,-0.085066,103800000,-204100000,-0.226954,-1.52655,-1.52655,133700000,133700000,https://www.sec.gov/Archives/edgar/data/37785/000003778516000081/0000037785-16-000081-index.html,https://www.sec.gov/Archives/edgar/data/37785/000003778516000081/fmc201510k.htm
0,2015-09-30,FMC,2015-11-02 00:00:00,2015-11-02 15:40:40,Q3,830700000,610400000,220300000,0.265198,37200000,137000000,0.0,2900000.0,246399999.99999997,856800000,-20200000,38000000,-9700000.0,-0.011677,-26100000,-0.031419,26600000,-19700000,-0.023715,-25100000,-2400000.0,-0.002889,-0.01794,-0.01794,133800000,133800000,https://www.sec.gov/Archives/edgar/data/37785/000003778515000077/0000037785-15-000077-index.html,https://www.sec.gov/Archives/edgar/data/37785/000003778515000077/fmc930201510q.htm
0,2015-06-30,FMC,2015-08-06 00:00:00,2015-08-06 16:06:24,Q2,887100000,581300000,305800000,0.344719,39000000,164000000,0.0,3500000.0,205300000.00000006,786600000.0000001,-24600000,31400000.000000004,766900000,0.864502,100500000,0.11329,0.0,75900000,0.08556,17800000,742300000,0.836772,5.52307,5.52307,134400000,134400000,https://www.sec.gov/Archives/edgar/data/37785/000003778515000052/0000037785-15-000052-index.html,https://www.sec.gov/Archives/edgar/data/37785/000003778515000052/fmc630201510q.htm
0,2015-03-31,FMC,2015-05-11 00:00:00,2015-05-11 07:25:23,Q1,659400000,408700000,250700000,0.380194,26600000,117800000,0.0,1900000.0,331800000,740500000,-14100000,22800000,-87200000,-0.132241,-81100000,-0.122991,-15000000,-110200000,-0.167122,-49100000,-46800000,-0.070974,-0.35004,-0.35004,133700000,133700000,https://www.sec.gov/Archives/edgar/data/37785/000003778515000032/0000037785-15-000032-index.html,https://www.sec.gov/Archives/edgar/data/37785/000003778515000032/fmc331201510q.htm
0,2014-12-31,FMC,2015-02-27,2015-02-27 12:33:13,Q4,887800000,569500000,318300000,0.358527,37800000,136500000,0.0,23700000,285700000.00000006,855200000,59700000,33199999.99999999,151000000,0.170083,32600000,0.03672,21500000,40500000,0.045618,-18400000,76500000,0.086168,0.56962,0.56962,134300000,134300000,https://www.sec.gov/Archives/edgar/data/37785/000003778515000008/fmc201410k.htm,https://www.sec.gov/Archives/edgar/data/37785/000003778515000008/fmc201410k.htm
0,2014-09-30,FMC,2014-10-30 00:00:00,2014-10-30 13:27:43,Q3,819100000,535600000,283500000,0.346112,30200000,119500000,0.0,17300000,196299999.99999994,731900000,-12900000,32300000,79300000,0.096814,87200000,0.106458,-17000000,57300000,0.069955,3600000.0,56300000,0.068734,0.41921,0.41921,134300000,134300000,https://www.sec.gov/Archives/edgar/data/37785/000003778514000045/0000037785-14-000045-index.html,https://www.sec.gov/Archives/edgar/data/37785/000003778514000045/fmc930201410q.htm
0,2014-06-30,FMC,2014-08-01 00:00:00,2014-08-01 14:44:07,Q2,794900000,478800000,316100000,0.39766,32500000,119600000,0.0,-28800000,169900000.00000003,648700000,-13200000,41800000.00000001,174100000,0.219021,146200000,0.183923,1400000.0,134400000,0.169078,36400000,109100000,0.13725,0.8028,0.8028,135900000,135900000,https://www.sec.gov/Archives/edgar/data/37785/000003778514000035/0000037785-14-000035-index.html,https://www.sec.gov/Archives/edgar/data/37785/000003778514000035/fmc630201410q.htm
0,2014-03-31,FMC,2014-05-07 00:00:00,2014-05-07 12:35:20,Q1,756900000,463900000,293000000,0.387105,25800000,114600000,0.0,0.0,148700000.00000006,612600000,-11300000,23900000,112800000,0.149029,144300000,0.190646,-1400000.0,131600000,0.173867,34600000,65600000,0.086669,0.48846,0.48846,134300000,134300000,https://www.sec.gov/Archives/edgar/data/37785/000003778514000023/0000037785-14-000023-index.html,https://www.sec.gov/Archives/edgar/data/37785/000003778514000023/fmc331201410q.htm
0,2013-12-31,FMC,2014-02-18,2014-02-18 14:53:36,Q4,1130700000,775800000,354900000,0.313876,33000000,141700000,0.0,0.0,175300000.00000006,951100000.0000001,42400000,35500000,140500000,0.124259,179600000,0.15884,0.0,168400000,0.148934,35500000,27100000,0.023967,0.20164,0.20164,134400000,134400000,https://www.sec.gov/Archives/edgar/data/37785/000003778514000006/fmc201310k.htm,https://www.sec.gov/Archives/edgar/data/37785/000003778514000006/fmc201310k.htm
0,2013-09-30,FMC,2013-10-29 00:00:00,2013-10-29 15:15:31,Q3,957400000,653000000,304400000,0.317944,29000000,124900000,0.0,0.0,186000000,839000000,-9900000.0,34200000,74200000,0.077502,118400000,0.123668,0.0,108500000,0.113328,32000000,17900000,0.018696,0.13259,0.13259,135000000,135000000,https://www.sec.gov/Archives/edgar/data/37785/000003778513000050/0000037785-13-000050-index.html,https://www.sec.gov/Archives/edgar/data/37785/000003778513000050/fmc930201310q.htm
0,2013-06-30,FMC,2013-07-30 00:00:00,2013-07-30 14:04:51,Q2,876000000,548500000,327500000,0.373858,27700000,127300000,0.0,0.0,158799999.99999994,707300000,-11200000,28900000,171400000,0.195662,168700000,0.19258,-2100000.0,155400000,0.177397,35700000,118000000,0.134703,0.86069,0.86069,137100000,137100000,https://www.sec.gov/Archives/edgar/data/37785/000003778513000032/0000037785-13-000032-index.html,https://www.sec.gov/Archives/edgar/data/37785/000003778513000032/fmc630201310q.htm
0,2013-03-31,FMC,2013-05-01 00:00:00,2013-05-01 13:58:53,Q1,910700000,557100000,353600000,0.388273,28000000,121900000,0.0,0.0,159199999.99999994,716299999.9999999,-10800000,28600000,194100000,0.213133,194400000,0.213462,0.0,183600000,0.201603,45400000,130900000,0.143736,0.94786,0.94786,138100000,138100000,https://www.sec.gov/Archives/edgar/data/37785/000003778513000016/0000037785-13-000016-index.html,https://www.sec.gov/Archives/edgar/data/37785/000003778513000016/fmc331201310q.htm
0,2012-12-31,FMC,2013-02-19 00:00:00,2013-02-19 12:33:44,Q4,915500000,594000000,321500000,0.351174,29600000,132400000,0.0,0.0,180399999.99999997,774400000,45400000,31300000.00000001,200200000,0.218678,141100000,0.154123,0.0,130300000,0.142327,21300000,102200000,0.111633,0.73684,0.73684,138700000,138700000,https://www.sec.gov/Archives/edgar/data/37785/000003778513000008/0000037785-13-000008-index.html,https://www.sec.gov/Archives/edgar/data/37785/000003778513000008/fmc201210k.htm
0,2012-09-30,FMC,2012-10-31 00:00:00,2012-10-31 16:37:08,Q3,821900000,523900000,298000000,0.362575,28100000,118700000,0.0,0.0,152300000.00000006,676200000.0000001,-10000000,17899999.99999999,127799999.99999999,0.155493,145700000,0.177272,0.0,135700000,0.165105,29900000,90000000,0.109502,0.65029,0.65029,138400000,138400000,https://www.sec.gov/Archives/edgar/data/37785/000003778512000026/0000037785-12-000026-index.html,https://www.sec.gov/Archives/edgar/data/37785/000003778512000026/fmc930201210q.htm
0,2012-06-30,FMC,2012-08-01 00:00:00,2012-08-01 11:43:49,Q2,731800000,430300000,301500000,0.411998,25800000,109500000,0.0,0.0,137200000,567500000,-9400000.0,34500000,168500000,0.230254,164300000,0.224515,0.0,154900000,0.21167,38500000,104900000,0.143345,0.75305,0.75305,139300000,139300000,https://www.sec.gov/Archives/edgar/data/37785/000003778512000019/0000037785-12-000019-index.html,https://www.sec.gov/Archives/edgar/data/37785/000003778512000019/fmc630201210q.htm
0,2012-03-31,FMC,2012-05-01,2012-05-01 15:50:41,Q1,940700000,593400000,347300000,0.369193,28500000,129100000,0.0,0.0,159300000.00000006,752700000.0000001,-11200000,32200000,184900000,0.196556,188000000,0.199851,0.0,176800000,0.187945,44800000,119100000,0.126608,0.85376,0.85376,139500000,139500000,https://www.sec.gov/Archives/edgar/data/37785/000003778512000004/fmc201110k.htm,https://www.sec.gov/Archives/edgar/data/37785/000003778512000004/fmc201110k.htm
0,2011-12-31,FMC,2012-02-21 00:00:00,2012-02-21 08:23:32,Q4,908600000,615500000,293100000,0.322584,29700000,117100000,0.0,27200000,179200000.00000006,794700000,39500000,32300000,190100000,0.209223,113900000,0.125358,27200000,130700000,0.143848,40400000,77900000,0.085736,0.55014,0.55014,141600000,141600000,https://www.sec.gov/Archives/edgar/data/37785/000003778512000004/0000037785-12-000004-index.html,https://www.sec.gov/Archives/edgar/data/37785/000003778512000004/fmc201110k.htm
0,2011-09-30,FMC,2011-11-02 00:00:00,2011-11-02 13:47:24,Q3,862100000,574700000,287400000,0.333372,27800000,110600000,0.0,0.0,151799999.99999994,726500000,-8600000.0,31599999.999999993,139600000,0.16193,135600000,0.15729,0.0,127000000,0.147315,29800000,86800000,0.100684,0.60657,0.60657,143100000,143100000,https://www.sec.gov/Archives/edgar/data/37785/000003778511000033/0000037785-11-000033-index.html,https://www.sec.gov/Archives/edgar/data/37785/000003778511000033/fmc930201110q.htm
0,2011-06-30,FMC,2011-08-03 00:00:00,2011-08-03 14:54:32,Q2,812200000,513400000,298800000,0.36789,25000000,108900000,0.0,0.0,143200000.00000006,656600000,-8800000.0,32300000.000000004,156400000,0.192563,155600000,0.191578,0.0,146800000,0.180744,25700000,107200000,0.131987,0.74238,0.74238,144400000,144400000,https://www.sec.gov/Archives/edgar/data/37785/000003778511000024/0000037785-11-000024-index.html,https://www.sec.gov/Archives/edgar/data/37785/000003778511000024/fmc630201110q.htm
0,2011-03-31,FMC,2011-05-05 00:00:00,2011-05-05 09:44:21,Q1,795000000,506900000,288100000,0.36239,22700000,105900000,0.0,0.0,133100000.00000001,640000000,-9000000.0,30400000,156000000,0.196226,155000000,0.194969,0.0,146000000,0.183648,40600000,94000000,0.118239,0.65187,0.65187,144200000,144200000,https://www.sec.gov/Archives/edgar/data/37785/000003778511000006/0000037785-11-000006-index.html,https://www.sec.gov/Archives/edgar/data/37785/000003778511000006/fmc331201110q.htm
0,2010-12-31,FMC,2011-02-22,2011-02-22 08:57:34,Q4,810500000,546100000,264400000,0.326218,30700000,124800000,0.0,0.0,271699999.99999994,817799999.9999999,39500000,34599999.99999999,45799999.99999999,0.056508,-7300000.0,-0.009007,0.0,-16800000,-0.020728,25200000,-53500000,-0.066009,-0.37256,-0.37256,143600000,143600000,https://www.sec.gov/Archives/edgar/data/37785/000119312511041464/d10k.htm,https://www.sec.gov/Archives/edgar/data/37785/000119312511041464/d10k.htm
0,2010-09-30,FMC,2010-11-02 00:00:00,2010-11-02 15:27:34,Q3,772500000,517800000,254700000,0.329709,24000000,99900000,0.0,0.0,127600000.00000001,645400000,-8600000.0,32500000,139100000,0.180065,127100000,0.164531,0.0,118500000,0.153398,32300000,82900000,0.107314,0.56742,0.56742,146100000,146100000,https://www.sec.gov/Archives/edgar/data/37785/000119312510244206/0001193125-10-244206-index.html,https://www.sec.gov/Archives/edgar/data/37785/000119312510244206/d10q.htm
0,2010-06-30,FMC,2010-08-04 00:00:00,2010-08-04 14:46:44,Q2,776800000,512200000,264600000,0.340628,22300000,95600000,0.0,0.0,133199999.99999993,645399999.9999999,-9400000.0,32600000,122700000,0.157956,131400000,0.169156,0.0,122000000,0.157055,33800000,65700000,0.084578,0.44755,0.44755,146800000,146800000,https://www.sec.gov/Archives/edgar/data/37785/000119312510177006/0001193125-10-177006-index.html,https://www.sec.gov/Archives/edgar/data/37785/000119312510177006/d10q.htm
0,2010-03-31,FMC,2010-05-05 00:00:00,2010-05-05 13:05:30,Q1,756500000,489500000,267000000,0.352941,23500000,90900000,0.0,0.0,131100000.00000001,620600000,-9100000.0,33900000,142900000,0.188896,135900000,0.179643,0.0,126800000,0.167614,40700000,77400000,0.102313,0.52761,0.52761,146700000,146700000,https://www.sec.gov/Archives/edgar/data/37785/000119312510108357/0001193125-10-108357-index.html,https://www.sec.gov/Archives/edgar/data/37785/000119312510108357/d10q.htm
0,2009-12-31,FMC,2010-02-22 00:00:00,2010-02-22 15:54:59,Q4,722100000,502400000,219700000,0.304251,28600000,87700000,0.0,0.0,164200000.00000006,666600000,-55000000,33700000,19600000,0.027143,55500000,0.076859,0.0,48100000,0.066611,-21200000,62100000,0.085999,0.42418,0.42418,146400000,146400000,https://www.sec.gov/Archives/edgar/data/37785/000119312510036348/0001193125-10-036348-index.html,https://www.sec.gov/Archives/edgar/data/37785/000119312510036348/d10k.htm
0,2009-09-30,FMC,2009-11-04 00:00:00,2009-11-04 14:54:58,Q3,713300000,510000000,203300000,0.285013,23200000,79800000,0.0,0.0,135299999.99999994,645300000,-68000000,32300000,19500000,0.027338,68000000,0.095332,0.0,62700000,0.087901,27200000,28000000,0.039254,0.19139,0.19139,146300000,146300000,https://www.sec.gov/Archives/edgar/data/37785/000119312509223626/0001193125-09-223626-index.html,https://www.sec.gov/Archives/edgar/data/37785/000119312509223626/d10q.htm
0,2009-06-30,FMC,2009-08-05 00:00:00,2009-08-05 16:21:15,Q2,700300000,477300000,223000000,0.318435,21000000,74700000,0.0,0.0,125800000.00000001,603100000,-97000000,30900000.000000004,16800000.000000004,0.02399,97200000,0.138798,0.0,90500000,0.12923,13600000,69300000,0.098958,0.47239,0.47239,146700000,146700000,https://www.sec.gov/Archives/edgar/data/37785/000119312509165435/0001193125-09-165435-index.html,https://www.sec.gov/Archives/edgar/data/37785/000119312509165435/d10q.htm
0,2009-03-31,FMC,2009-05-08 00:00:00,2009-05-08 11:30:26,Q1,690500000,453900000,236600000,0.34265,20000000,80100000,0.0,0.0,122600000.00000001,576500000,-114000000,30300000,18800000,0.027227,114000000,0.165098,0.0,108700000,0.157422,33400000,69100000,0.100072,0.47071,0.47071,146800000,146800000,https://www.sec.gov/Archives/edgar/data/37785/000119312509104841/0001193125-09-104841-index.html,https://www.sec.gov/Archives/edgar/data/37785/000119312509104841/d10q.htm
0,2008-12-31,FMC,2009-02-23 00:00:00,2009-02-23 16:13:02,Q4,737700000,518000000,219700000,0.297818,25600000,81200000,0.0,0.0,139799999.99999994,657800000,-81000000,29900000.000000007,12600000.000000006,0.01708,79900000,0.10831,0.0,74100000,0.100447,17400000,46300000,0.062763,0.31284,0.31284,148000000,148000000,https://www.sec.gov/Archives/edgar/data/37785/000119312509035095/0001193125-09-035095-index.html,https://www.sec.gov/Archives/edgar/data/37785/000119312509035095/d10k.htm
0,2008-09-30,FMC,2008-10-31 00:00:00,2008-10-31 15:58:43,Q3,820800000,580800000,240000000,0.292398,23400000,81900000,0.0,0.0,120900000.00000009,701700000.0000001,-119000000,32599999.999999993,16899999.999999993,0.02059,119100000,0.145102,0.0,113900000,0.138767,23300000,80000000,0.097466,0.52632,0.52632,152000000,152000000,https://www.sec.gov/Archives/edgar/data/37785/000119312508221565/0001193125-08-221565-index.html,https://www.sec.gov/Archives/edgar/data/37785/000119312508221565/d10q.htm
0,2008-06-30,FMC,2008-08-01 00:00:00,2008-08-01 11:11:12,Q2,806600000,536400000,270200000,0.334986,23000000,90000000,0.0,0.0,123700000.00000004,660100000,-147000000,30700000.000000004,10600000.000000004,0.013142,146500000,0.181627,0.0,141400000,0.175304,42500000,84400000,0.104637,0.54628,0.54628,154500000,154500000,https://www.sec.gov/Archives/edgar/data/37785/000119312508163467/0001193125-08-163467-index.html,https://www.sec.gov/Archives/edgar/data/37785/000119312508163467/d10q.htm
0,2008-03-31,FMC,2008-05-02 00:00:00,2008-05-02 16:21:53,Q1,750200000,499200000,251000000,0.334577,21800000,83700000,0.0,0.0,97199999.99999999,596400000,-153000000,31000000,14100000,0.018795,153800000,0.205012,0.0,142500000,0.189949,42200000,93900000,0.125167,0.61332,0.61332,153100000,153100000,https://www.sec.gov/Archives/edgar/data/37785/000119312508100769/0001193125-08-100769-index.html,https://www.sec.gov/Archives/edgar/data/37785/000119312508100769/d10q.htm
0,2007-12-31,FMC,2008-02-25,2008-02-25 10:10:18,Q4,674300000,478700000,195600000,0.290079,27200000,86200000,0.0,0.0,136300000,615000000,-60000000,32999999.999999985,16099999.999999985,0.023877,59300000,0.087943,0.0,48100000,0.071333,2200000.0,40900000,0.060655,0.26524,0.26524,154200000,154200000,https://www.sec.gov/Archives/edgar/data/37785/000119312508036999/d10k.htm,https://www.sec.gov/Archives/edgar/data/37785/000119312508036999/d10k.htm
0,2007-09-30,FMC,2007-11-06 00:00:00,2007-11-06 17:07:32,Q3,626600000,440200000,186400000,0.297478,20500000,73800000,0.0,0.0,118599999.99999997,558800000,-68000000,32300000,15900000,0.025375,67800000,0.108203,0.0,55900000,0.089212,14500000,37100000,0.059208,0.23982,0.23982,154700000,154700000,https://www.sec.gov/Archives/edgar/data/37785/000119312507236872/0001193125-07-236872-index.html,https://www.sec.gov/Archives/edgar/data/37785/000119312507236872/d10q.htm
0,2007-06-30,FMC,2007-08-03 00:00:00,2007-08-03 11:53:06,Q2,657900000,447900000,210000000,0.319197,23700000,77900000,0.0,0.0,194300000.00000006,642200000.0000001,-16000000,33900000.00000001,18500000.000000007,0.02812,15700000,0.023864,0.0,6300000.0,0.009576,-8000000.0,8600000.0,0.013072,0.05531,0.05531,155500000,155500000,https://www.sec.gov/Archives/edgar/data/37785/000119312507170347/0001193125-07-170347-index.html,https://www.sec.gov/Archives/edgar/data/37785/000119312507170347/d10q.htm
0,2007-03-31,FMC,2007-05-08 00:00:00,2007-05-08 09:51:56,Q1,674100000,463300000,210800000,0.312713,23200000,77400000,0.0,0.0,125900000.00000003,589200000,-84000000,34500000,16600000,0.024625,84900000,0.125946,0.0,75400000,0.111853,20300000,45800000,0.067942,0.29284,0.29284,156400000,156400000,https://www.sec.gov/Archives/edgar/data/37785/000119312507105398/0001193125-07-105398-index.html,https://www.sec.gov/Archives/edgar/data/37785/000119312507105398/d10q.htm
0,2006-12-31,FMC,2007-02-26,2007-02-26 15:20:32,Q4,587300000,415600000,171700000,0.292355,26700000,77400000,0.0,0.0,111299999.99999996,526899999.99999994,-61000000,33800000.00000001,5000000.00000001,0.008514,60400000,0.102844,0.0,51900000,0.088371,20000000,12200000,0.020773,0.07791,0.07791,156600000,156600000,https://www.sec.gov/Archives/edgar/data/37785/000119312507039630/d10k.htm,https://www.sec.gov/Archives/edgar/data/37785/000119312507039630/d10k.htm
0,2006-09-30,FMC,2006-11-03,2006-11-03 15:50:22,Q3,572200000,412600000,159600000,0.278923,25600000,69500000,0.0,0.0,95899999.99999999,508500000,-64000000,32400000.000000007,19500000.000000007,0.034079,63700000,0.111325,0.0,54600000,0.095421,16000000,35100000,0.061342,0.22215,0.22215,158000000,158000000,https://www.sec.gov/Archives/edgar/data/37785/000119312506223645/d10q.htm,https://www.sec.gov/Archives/edgar/data/37785/000119312506223645/d10q.htm
0,2006-06-30,FMC,2006-08-07,2006-08-07 16:04:28,Q2,592300000,407900000,184400000,0.311329,22600000,70500000,0.0,0.0,130800000.00000007,538700000.0000001,-53000000,33499999.99999999,34099999.99999999,0.057572,53600000,0.090495,0.0,42600000,0.071923,7300000.0,46300000,0.07817,0.2901,0.2901,159600000,159600000,https://www.sec.gov/Archives/edgar/data/37785/000119312506163760/d10q.htm,https://www.sec.gov/Archives/edgar/data/37785/000119312506163760/d10q.htm
0,2006-03-31,FMC,2006-05-08,2006-05-08 15:12:26,Q1,594100000,400400000,193700000,0.326039,22000000,67500000,0.0,0.0,120600000.00000001,521000000,-73000000,32100000,21800000,0.036694,73100000,0.123043,0.0,63300000,0.106548,25000000,37700000,0.063457,0.2377,0.2377,158600000,158600000,https://www.sec.gov/Archives/edgar/data/37785/000119312506048313/d10k.htm,https://www.sec.gov/Archives/edgar/data/37785/000119312506048313/d10k.htm
0,2005-12-31,FMC,2006-03-08,2006-03-08 15:42:21,Q4,522200000,360100000,162100000,0.310417,23200000,73300000,0.0,0.0,114099999.99999997,474199999.99999994,-50000000,32500000.000000015,56800000.000000015,0.108771,48000000,0.091919,0.0,94200000,0.180391,49000000,25300000,0.048449,0.15427,0.15427,164000000,164000000,https://www.sec.gov/Archives/edgar/data/37785/000119312506048313/d10k.htm,https://www.sec.gov/Archives/edgar/data/37785/000119312506048313/d10k.htm
0,2005-09-30,FMC,2005-11-04,2005-11-04 16:53:21,Q3,510000000,367800000,142200000,0.278824,22900000,63100000,0.0,0.0,138800000,506600000,-60000000,33700000,-35900000,-0.070392,3400000.0,0.006667,0.0,-8200000.0,-0.016078,-5200000.0,-4400000.0,-0.008627,-0.02904,-0.02904,151500000,151500000,https://www.sec.gov/Archives/edgar/data/37785/000119312505217009/d10q.htm,https://www.sec.gov/Archives/edgar/data/37785/000119312505217009/d10q.htm
0,2005-06-30,FMC,2005-08-05,2005-08-05 11:25:32,Q2,565600000,387400000,178200000,0.315064,23700000,68500000,0.0,0.0,119400000.00000003,506800000.00000006,-61000000,35499999.99999999,24899999.99999999,0.044024,58800000,0.10396,0.0,52500000,0.092822,19200000,31200000,0.055163,0.19911,0.19911,156700000,156700000,https://www.sec.gov/Archives/edgar/data/37785/000119312505158717/d10q.htm,https://www.sec.gov/Archives/edgar/data/37785/000119312505158717/d10q.htm
0,2005-03-31,FMC,2005-05-06,2005-05-06 11:04:07,Q1,552400000,390200000,162200000,0.293628,24600000,65500000,0.0,0.0,93400000.00000003,483600000.00000006,-68000000,34600000,50400000,0.091238,68800000,0.124547,0.0,54800000,0.099203,19300000,64500000,0.116763,0.41667,0.41667,154800000,154800000,https://www.sec.gov/Archives/edgar/data/37785/000119312505049229/d10k.htm,https://www.sec.gov/Archives/edgar/data/37785/000119312505049229/d10k.htm
0,2004-12-31,FMC,2005-03-14,2005-03-14 13:56:20,Q4,513700000,359300000,154400000,0.300565,26300000,68100000,0.0,0.0,105099999.99999997,464399999.99999994,-59000000,34300000.00000001,6600000.00000001,0.012848,49300000,0.09597,0.0,34200000,0.066576,-63200000,94500000,0.18396,0.61684,0.61684,153200000,153200000,https://www.sec.gov/Archives/edgar/data/37785/000119312505049229/d10k.htm,https://www.sec.gov/Archives/edgar/data/37785/000119312505049229/d10k.htm
0,2004-09-30,FMC,2004-11-09,2004-11-09 12:30:01,Q3,497500000,359700000,137800000,0.276985,22500000,60400000,0.0,0.0,83300000.00000001,443000000,-55000000,33300000,15000000,0.030151,54500000,0.109548,0.0,37300000,0.074975,7200000.0,29500000,0.059296,0.19498,0.19498,151300000,151300000,https://www.sec.gov/Archives/edgar/data/37785/000119312504190800/d10q.htm,https://www.sec.gov/Archives/edgar/data/37785/000119312504190800/d10q.htm
0,2004-06-30,FMC,2004-08-06,2004-08-06 11:07:31,Q2,534300000,377600000,156700000,0.293281,20700000,61400000,0.0,0.0,83099999.99999997,460699999.99999994,-73000000,33500000,2800000.0,0.005241,73600000,0.13775,0.0,52400000,0.098072,11600000,30700000,0.057458,0.20549,0.20549,149400000,149400000,https://www.sec.gov/Archives/edgar/data/37785/000119312504133844/d10q.htm,https://www.sec.gov/Archives/edgar/data/37785/000119312504133844/d10q.htm
0,2004-03-31,FMC,2004-05-07,2004-05-07 15:23:59,Q1,505700000,377600000,128100000,0.253312,23900000,64900000,0.0,0.0,90099999.99999997,467699999.99999994,-38000000,33200000,600000.0,0.001186,38000000,0.075143,0.0,7200000.0,0.014238,-100000.0,5500000.0,0.010876,0.0378,0.0378,145500000,145500000,https://www.sec.gov/Archives/edgar/data/37785/000119312504039049/d10k.htm,https://www.sec.gov/Archives/edgar/data/37785/000119312504039049/d10k.htm
0,2003-12-31,FMC,2004-03-11,2004-03-11 14:31:07,Q4,506900000,360200000,146700000,0.289406,25200000,62600000,0.0,0.0,91600000.00000001,451800000,-55000000,31899999.99999999,-14300000.00000001,-0.028211,55100000,0.1087,0.0,22100000,0.043598,2500000.0,6300000.0,0.012428,0.04424,0.04424,142400000,142400000,https://www.sec.gov/Archives/edgar/data/37785/000119312504039049/d10k.htm,https://www.sec.gov/Archives/edgar/data/37785/000119312504039049/d10k.htm
0,2003-09-30,FMC,2003-11-12,2003-11-12 11:04:57,Q3,470500000,344400000,126100000,0.268013,20100000,57200000,0.0,0.0,68400000.00000003,412800000.00000006,-58000000,31300000.000000004,-41199999.99999999,-0.087566,57700000,0.122635,0.0,-14500000,-0.030818,-11100000,-3400000.0,-0.007226,-0.02415,-0.02415,140800000,140800000,https://www.sec.gov/Archives/edgar/data/37785/000119312503077851/d10q.htm,https://www.sec.gov/Archives/edgar/data/37785/000119312503077851/d10q.htm
0,2003-06-30,FMC,2003-08-13,2003-08-12 18:25:49,Q2,510000000,370700000,139300000,0.273137,22000000,60300000,0.0,0.0,82300000.00000001,453000000,-57000000,30900000,1900000.0,0.003725,57000000,0.111765,0.0,28000000,0.054902,6300000.0,21700000,0.042549,0.15271,0.15271,142100000,142100000,https://www.sec.gov/Archives/edgar/data/37785/000119312503034602/d10q.htm,https://www.sec.gov/Archives/edgar/data/37785/000119312503034602/d10q.htm
0,2003-03-31,FMC,2003-05-13,2003-05-13 16:38:08,Q1,434000000,325200000,108800000,0.250691,20100000,56800000,0.0,0.0,76900000.00000003,402100000.00000006,-31000000,30500000,1900000.0,0.004378,31900000,0.073502,0.0,2400000.0,0.00553,500000.0,1900000.0,0.004378,0.01331,0.01331,142700000,142700000,https://www.sec.gov/Archives/edgar/data/37785/000095013003003620/d10q.htm,https://www.sec.gov/Archives/edgar/data/37785/000095013003003620/d10q.htm
0,2002-12-31,FMC,,,Q4,459700000,329800000,129900000,0.282576,21600000,52800000,0.0,0.0,90099999.99999997,419899999.99999994,-24700000,29799999.999999996,16899999.999999996,0.036763,39800000,0.086578,0.0,15100000,0.032848,2400000.0,9400000.0,0.020448,0.06564,0.06564,143200000,143200000,,
0,2002-09-30,FMC,2002-11-14 00:00:00,2002-11-14 16:48:09,Q3,476600000,350100000,126500000,0.265422,19400000,55700000,0.0,0.0,75099999.99999997,425199999.99999994,-13100000,33600000,58800000,0.123374,51400000,0.107847,0.0,38300000,0.080361,10100000,28200000,0.059169,0.19611,0.19611,143800000,143800000,https://www.sec.gov/Archives/edgar/data/37785/000102140802014174/0001021408-02-014174-index.html,https://www.sec.gov/Archives/edgar/data/37785/000102140802014174/d10q.txt
0,2002-06-30,FMC,2002-08-14 00:00:00,2002-08-14 14:47:19,Q2,482400000,353100000,129300000,0.268035,20400000,57700000,0.0,0.0,85500000,438600000,-20700000,29200000,31600000,0.065506,43800000,0.090796,0.0,23100000,0.047886,3900000.0,19200000,0.039801,0.14286,0.14286,134400000,134400000,https://www.sec.gov/Archives/edgar/data/37785/000102140802010936/0001021408-02-010936-index.html,https://www.sec.gov/Archives/edgar/data/37785/000102140802010936/d10q.txt
0,2002-03-31,FMC,2002-05-15 00:00:00,2002-05-15 16:04:29,Q1,434200000,326900000,107300000,0.247121,20600000,57900000,0.0,0.0,85500000,412400000,-11800000,26200000,24400000,0.056195,21800000,0.050207,0.0,10000000,0.023031,1000000.0,9000000.0,0.020728,0.06944,0.06944,129600000,129600000,https://www.sec.gov/Archives/edgar/data/37785/000102140802007225/0001021408-02-007225-index.html,https://www.sec.gov/Archives/edgar/data/37785/000102140802007225/d10q.txt
0,2001-12-31,FMC,2002-03-11 00:00:00,2002-03-11 00:00:00,Q4,489800000,359400000,130400000,0.266231,25900000,61900000,0.0,0.0,183700000.00000006,543100000,-11000000,36300000,-36000000,-0.073499,-53300000,-0.10882,0.0,-64300000,-0.131278,-28600000,-32700000,-0.066762,-0.26118,-0.26118,125200000,125200000,https://www.sec.gov/Archives/edgar/data/37785/000093066102000678/0000930661-02-000678-index.html,https://www.sec.gov/Archives/edgar/data/37785/000093066102000678/d10k.txt
0,2001-09-30,FMC,2001-11-07 00:00:00,2001-11-07 00:00:00,Q3,482800000,367400000,115400000,0.239022,25000000,55800000,0.0,0.0,89300000.00000001,456700000,-10600000,29899999.99999999,42199999.99999999,0.087407,26100000,0.05406,0.0,15500000,0.032104,1600000.0,21300000,0.044118,0.16641,0.16641,128000000,128000000,https://www.sec.gov/Archives/edgar/data/37785/000095013101503999/0000950131-01-503999-index.html,https://www.sec.gov/Archives/edgar/data/37785/000095013101503999/d10q.txt
0,2001-06-30,FMC,2001-08-14 00:00:00,2001-08-14 00:00:00,Q2,523200000,364200000,159000000,0.303899,25300000,63900000,0.0,0.0,587300000,951500000,-15600000,33800000.00000001,-426600000,-0.815367,-428300000,-0.818616,0.0,-443900000,-0.848433,-145000000,-299800000,-0.573012,-2.4061,-2.4061,124600000,124600000,https://www.sec.gov/Archives/edgar/data/37785/000095013101502965/0000950131-01-502965-index.html,https://www.sec.gov/Archives/edgar/data/37785/000095013101502965/d10q.txt
0,2001-03-31,FMC,2001-05-15 00:00:00,2001-05-15 00:00:00,Q1,447200000,326300000,120900000,0.270349,23600000,61700000,0.0,0.0,86300000.00000001,412600000,-14800000,31600000,-4300000.0,-0.009615,34600000,0.07737,0.0,19800000,0.044275,5400000.0,-26500000,-0.059258,-0.21492,-0.21492,123300000,123300000,https://www.sec.gov/Archives/edgar/data/37785/000095013101501490/0000950131-01-501490-index.html,https://www.sec.gov/Archives/edgar/data/37785/000095013101501490/d10q.txt
0,2000-12-31,FMC,,,Q4,-922800000,-721400000,-201400000,0.218249,-13400000,-166700000,0.0,0.0,-191399999.99999997,-912800000,10400000,-11899999.999999978,50600000.00000002,-0.054833,-10000000,0.010837,0.0,400000.0,-0.000433,2100000.0,50000000,-0.054183,0.38344,0.38344,130400000,130400000,,
0,2000-09-30,FMC,2000-11-14 00:00:00,2000-11-14 00:00:00,Q3,958600000,696600000,262000000,0.273315,35300000,125100000,0.0,0.0,160399999.99999997,857000000,-26700000,45999999.999999985,27499999.999999985,0.028688,101600000,0.105988,0.0,74900000,0.078135,18400000,-10200000,-0.010641,-0.0807,-0.0807,126400000,126400000,https://www.sec.gov/Archives/edgar/data/37785/000095013100006417/0000950131-00-006417-index.html,https://www.sec.gov/Archives/edgar/data/37785/000095013100006417/0000950131-00-006417-0001.htm
0,2000-06-30,FMC,2000-08-14 00:00:00,2000-08-14 00:00:00,Q2,1010900000,714000000,296900000,0.293699,39200000,134800000,0.0,0.0,230600000.00000003,944600000,-26400000,50000000,63500000,0.062815,66300000,0.065585,0.0,39900000,0.03947,1900000.0,38000000,0.03759,0.30159,0.30159,126000000,126000000,https://www.sec.gov/Archives/edgar/data/37785/000095013100004874/0000950131-00-004874-index.html,https://www.sec.gov/Archives/edgar/data/37785/000095013100004874/0000950131-00-004874-0001.htm
0,2000-03-31,FMC,2000-05-11 00:00:00,2000-05-11 00:00:00,Q1,1003600000,761700000,241900000,0.241032,36700000,138100000,0.0,0.0,174799999.99999994,936500000,-23700000,45700000,65400000,0.065165,67100000,0.066859,0.0,43400000,0.043244,10600000,32800000,0.032682,0.26198,0.26198,125200000,125200000,https://www.sec.gov/Archives/edgar/data/37785/000095013100003284/0000950131-00-003284-index.html,https://www.sec.gov/Archives/edgar/data/37785/0000950131-00-003284.txt
0,1999-12-31,FMC,,,Q4,1031200000,753300000,277900000,0.269492,39700000,140500000,0.0,0.0,180200000.00000006,933500000,-26600000,-18400000.000000007,4699999.999999994,0.004558,97700000,0.094744,0.0,71100000,0.068949,18400000,31300000,0.030353,0.25,0.25,125200000,125200000,,
0,1999-09-30,FMC,1999-11-15 00:00:00,1999-11-15 00:00:00,Q3,1034300000,775000000,259300000,0.250701,36800000,135800000,0.0,0.0,160899999.99999997,935900000,-28700000,49200000,90200000,0.087209,98400000,0.095137,0.0,69700000,0.067389,5600000.0,64100000,0.061974,0.49613,0.49613,129200000,129200000,https://www.sec.gov/Archives/edgar/data/37785/000095013199006376/0000950131-99-006376-index.html,https://www.sec.gov/Archives/edgar/data/37785/0000950131-99-006376.txt
0,1999-06-30,FMC,1999-08-10 00:00:00,1999-08-10 00:00:00,Q2,1070400000,761500000,308900000,0.288584,38800000,149400000,0.0,0.0,188200000.00000006,949700000,-28000000,54200000,136900000,0.127896,120700000,0.112762,0.0,92700000,0.086603,23800000,86900000,0.081185,0.66235,0.66235,131200000,131200000,https://www.sec.gov/Archives/edgar/data/37785/000095013199004770/0000950131-99-004770-index.html,https://www.sec.gov/Archives/edgar/data/37785/0000950131-99-004770.txt
0,1999-03-31,FMC,1999-05-17 00:00:00,1999-05-17 00:00:00,Q1,974700000,718600000,256100000,0.262748,37100000,149700000,0.0,0.0,186799999.99999994,905400000,-28500000,43500000,55800000,0.057248,69300000,0.071099,0.0,40800000,0.041859,10500000,30300000,0.031086,0.22955,0.22955,132000000,132000000,https://www.sec.gov/Archives/edgar/data/37785/000095013199003236/0000950131-99-003236-index.html,https://www.sec.gov/Archives/edgar/data/37785/0000950131-99-003236.txt
0,1998-12-31,FMC,,,Q4,1115900000,841700000,274200000,0.245721,44800000,153200000,0.0,0.0,198000000,1039700000,-28900000,61400000.00000001,37100000.00000001,0.033247,76200000,0.068286,0.0,47300000,0.042387,11900000,-7300000.0,-0.006542,-0.0544,-0.0544,134200000,134200000,,
0,1998-09-30,FMC,1998-10-30 00:00:00,1998-10-30 00:00:00,Q3,1110700000,824600000,286100000,0.257585,37000000,143300000,0.0,0.0,180299999.99999994,1004900000,-31000000,51699999.99999999,95499999.99999999,0.085982,105800000,0.095255,0.0,74800000,0.067345,19300000,55500000,0.049968,0.39986,0.39986,138800000,138800000,https://www.sec.gov/Archives/edgar/data/37785/000095013198005737/0000950131-98-005737-index.html,https://www.sec.gov/Archives/edgar/data/37785/0000950131-98-005737.txt
0,1998-06-30,FMC,1998-08-13 00:00:00,1998-08-13 00:00:00,Q2,1129400000,820400000,309000000,0.273597,37800000,150900000,0.0,0.0,188700000.00000006,1009100000,-29100000,49200000,111300000,0.098548,120300000,0.106517,0.0,91200000,0.080751,23600000,67600000,0.059855,0.47339,0.47339,142800000,142800000,https://www.sec.gov/Archives/edgar/data/37785/000095013198004808/0000950131-98-004808-index.html,https://www.sec.gov/Archives/edgar/data/37785/0000950131-98-004808.txt
0,1998-03-31,FMC,1998-05-13 00:00:00,1998-05-13 00:00:00,Q1,1022400000,757300000,265100000,0.259292,38100000,165300000,0.0,0.0,203400000.0000001,960700000.0000001,-25500000,53200000,27800000,0.027191,61700000,0.060348,0.0,36200000,0.035407,9400000.0,-9300000.0,-0.009096,-0.06494,-0.06494,143200000,143200000,https://www.sec.gov/Archives/edgar/data/37785/000095013198003275/0000950131-98-003275-index.html,https://www.sec.gov/Archives/edgar/data/37785/0000950131-98-003275.txt
0,1997-12-31,FMC,,,Q4,1029000000,773800000,298600000,0.290185,47200000,159600000,0.0,0.0,471700000.00000006,1245500000,-108800000,57800000.00000001,-228800000,-0.222352,-216500000,-0.210398,-700000.0,-326000000,-0.316812,-78000000,-99800000,-0.096987,-0.67799,-0.67799,147200000,147200000,,
0,1997-09-30,FMC,1997-11-14 00:00:00,1997-11-14 00:00:00,Q3,1074700000,779300000,280100000,0.260631,43800000,148400000,0.0,0.0,192200000.00000006,971500000,-27800000,60800000,113300000,0.105425,103200000,0.096027,-2900000.0,72500000,0.067461,17400000,62900000,0.058528,0.40951,0.40951,153600000,153600000,https://www.sec.gov/Archives/edgar/data/37785/000095013197006852/0000950131-97-006852-index.html,https://www.sec.gov/Archives/edgar/data/37785/0000950131-97-006852.txt
0,1997-06-30,FMC,1997-08-05 00:00:00,1997-08-05 00:00:00,Q2,1152900000,830400000,303900000,0.263596,41900000,169600000,0.0,0.0,211500000.0000001,1041900000.0000001,-28700000,63599999.99999999,126400000,0.109637,111000000,0.096279,-2900000.0,79400000,0.06887,18900000,72600000,0.062972,0.47638,0.47638,152400000,152400000,https://www.sec.gov/Archives/edgar/data/37785/000095013197004763/0000950131-97-004763-index.html,https://www.sec.gov/Archives/edgar/data/37785/0000950131-97-004763.txt
0,1997-03-31,FMC,1997-05-15 00:00:00,1997-05-15 00:00:00,Q1,1002400000,753300000,239600000,0.239026,41100000,147700000,0.0,0.0,188800000.00000006,942100000.0000001,-30100000,56200000,72700000,0.072526,60300000,0.060156,-2400000.0,27800000,0.027733,6500000.0,40100000,0.040004,0.26312,0.26312,152400000,152400000,https://www.sec.gov/Archives/edgar/data/37785/000095013197003469/0000950131-97-003469-index.html,https://www.sec.gov/Archives/edgar/data/37785/0000950131-97-003469.txt
0,1996-12-31,FMC,1997-03-26 00:00:00,1997-03-26 00:00:00,Q4,1137000000,841700000,250300000,0.220141,48100000,166000000,0.0,0.0,214099999.9999999,1055799999.9999999,-32100000,59500000,98300000,0.086456,81200000,0.071416,8300000.0,57400000,0.050484,26300000,44600000,0.039226,0.29323,0.29323,152100000,152100000,https://www.sec.gov/Archives/edgar/data/37785/000095013197002068/0000950131-97-002068-index.html,https://www.sec.gov/Archives/edgar/data/37785/0000950131-97-002068.txt
0,1996-09-30,FMC,1996-11-08 00:00:00,1996-11-08 00:00:00,Q3,1033800000,744400000,279400000,0.270265,45100000,145400000,0.0,0.0,190500000,934900000,-25600000,41400000.00000001,88600000,0.085703,98900000,0.095666,-3700000.0,69600000,0.067324,18200000,54600000,0.052815,0.35827,0.35827,152400000,152400000,https://www.sec.gov/Archives/edgar/data/37785/000095013196005589/0000950131-96-005589-index.html,https://www.sec.gov/Archives/edgar/data/37785/0000950131-96-005589.txt
0,1996-06-30,FMC,1996-08-14 00:00:00,1996-08-14 00:00:00,Q2,726400000,543000000,197600000,0.272026,39400000,111800000,0.0,0.0,151200000.00000006,694200000,-22700000,62700000,101600000,0.139868,32200000,0.044328,19300000,28800000,0.039648,5300000.0,56300000,0.077506,0.36942,0.36942,152400000,152400000,https://www.sec.gov/Archives/edgar/data/37785/000095013196003960/0000950131-96-003960-index.html,https://www.sec.gov/Archives/edgar/data/37785/0000950131-96-003960.txt
0,1996-03-31,FMC,1996-04-29 00:00:00,1996-04-29 00:00:00,Q1,1133100000,800300000,294000000,0.259465,43900000,162800000,0.0,0.0,206700000.00000006,1007000000,-22600000,59800000,115600000,0.102021,126100000,0.111288,-23500000,80000000,0.070603,23200000,55200000,0.048716,0.36316,0.36316,152000000,152000000,https://www.sec.gov/Archives/edgar/data/37785/000095013196001763/0000950131-96-001763-index.html,https://www.sec.gov/Archives/edgar/data/37785/0000950131-96-001763.txt
0,1995-12-31,FMC,1996-03-15 00:00:00,1996-03-15 00:00:00,Q4,1201500000,908300000,276100000,0.229796,49200000,174900000,0.0,0.0,224100000.00000015,1132400000.0000002,-25500000,24599999.999999993,37699999.99999999,0.031377,69100000,0.057511,-8400000.0,35200000,0.029297,10100000,28500000,0.02372,0.18837,0.18837,151300000,151300000,https://www.sec.gov/Archives/edgar/data/37785/000095013196001103/0000950131-96-001103-index.html,https://www.sec.gov/Archives/edgar/data/37785/0000950131-96-001103.txt
0,1995-09-30,FMC,1995-11-13 00:00:00,1995-11-13 00:00:00,Q3,1158800000,836900000,304300000,0.262599,57400000,163800000,0.0,0.0,355699999.99999994,1192600000,-23700000,59800000.00000001,62100000.00000001,0.05359,-33800000,-0.029168,84000000,26500000,0.022868,-31100000,57100000,0.049275,0.37765,0.37765,151200000,151200000,https://www.sec.gov/Archives/edgar/data/37785/000095013195003192/0000950131-95-003192-index.html,https://www.sec.gov/Archives/edgar/data/37785/0000950131-95-003192.txt
0,1995-06-30,FMC,1995-08-11 00:00:00,1995-08-11 00:00:00,Q2,1126400000,793600000,325000000,0.28853,42900000,151200000,0.0,0.0,194100000.00000003,987700000,-18500000,50999999.99999999,143300000,0.127219,138700000,0.123136,-8100000.0,112100000,0.099521,33200000,77600000,0.068892,0.51459,0.51459,150800000,150800000,https://www.sec.gov/Archives/edgar/data/37785/000095013195002170/0000950131-95-002170-index.html,https://www.sec.gov/Archives/edgar/data/37785/0000950131-95-002170.txt
0,1995-03-31,FMC,1995-05-11 00:00:00,1995-05-11 00:00:00,Q1,1021000000,728500000,278100000,0.27238,38300000,141400000,0.0,0.0,179700000.00000006,908200000,-16300000,58600000,118200000,0.115769,112800000,0.11048,-17100000,79400000,0.077767,23500000,52400000,0.051322,0.34933,0.34933,150000000,150000000,https://www.sec.gov/Archives/edgar/data/37785/000095013195001229/0000950131-95-001229-index.html,https://www.sec.gov/Archives/edgar/data/37785/0000950131-95-001229.txt
0,1994-12-31,FMC,,,Q4,1044300000,787800000,251600000,0.240927,49200000,149700000,0.0,-3900000.0,195000000,982800000,-16700000,47599999.99999999,68600000,0.06569,61600000,0.058987,-7300000.0,37700000,0.036101,12400000,25300000,0.024227,0.16822,0.16822,150400000,150400000,,
0,1994-09-30,FMC,1994-11-14 00:00:00,1994-11-14 00:00:00,Q3,1015300000,750100000,261100000,0.257165,40600000,149000000,0.0,-4300000.0,185399999.99999997,935500000,-18200000,56300000.00000001,86000000.00000001,0.084704,79800000,0.078597,-13700000,47900000,0.047178,13200000,34700000,0.034177,0.23149,0.23149,149900000,149900000,https://www.sec.gov/Archives/edgar/data/37785/000095013194001770/0000950131-94-001770-index.html,https://www.sec.gov/Archives/edgar/data/37785/0000950131-94-001770.txt
0,1994-06-30,FMC,1994-08-12 00:00:00,1994-08-12 00:00:00,Q2,1063300000,748800000,306800000,0.288536,38900000,146500000,0.0,-4700000.0,180600000.00000003,929400000,-16700000,55600000,137900000,0.129691,133900000,0.125929,-18200000,99000000,0.093106,31700000,67300000,0.063294,0.4535,0.4535,148400000,148400000,https://www.sec.gov/Archives/edgar/data/37785/000003778594000016/0000037785-94-000016-index.html,https://www.sec.gov/Archives/edgar/data/37785/0000037785-94-000016.txt
0,1994-03-31,FMC,1994-05-13 00:00:00,1994-05-13 00:00:00,Q1,928400000,654900000,255000000,0.274666,38200000,142400000,0.0,-4700000.0,175899999.99999997,830800000,-16400000,53900000,105300000,0.113421,97500000,0.105019,-13300000,67800000,0.073029,21700000,46100000,0.049655,0.31128,0.31128,148100000,148100000,https://www.sec.gov/Archives/edgar/data/37785/000003778594000008/0000037785-94-000008-index.html,https://www.sec.gov/Archives/edgar/data/37785/0000037785-94-000008.txt
