,date,symbol,fillingDate,acceptedDate,period,revenue,costOfRevenue,grossProfit,grossProfitRatio,researchAndDevelopmentExpenses,generalAndAdministrativeExpenses,sellingAndMarketingExpenses,otherExpenses,operatingExpenses,costAndExpenses,interestExpense,depreciationAndAmortization,ebitda,ebitdaratio,operatingIncome,operatingIncomeRatio,totalOtherIncomeExpensesNet,incomeBeforeTax,incomeBeforeTaxRatio,incomeTaxExpense,netIncome,netIncomeRatio,eps,epsdiluted,weightedAverageShsOut,weightedAverageShsOutDil,link,finalLink
0,2020-09-30,DOW,2020-10-23,2020-10-23 07:56:01,Q3,9712000000,8371000000,1341000000,0.13807660626029655,193000000,372000000,0.0,0.0,565000000,8936000000,-202000000,724000000,767000000,0.07897446457990115,43000000,0.004427512355848435,0.0,42000000,0.0043245469522240525,43000000,-1000000.0,-0.00010296540362438221,-0.02,-0.02,740000000,740000000,https://www.sec.gov/Archives/edgar/data/1751788/000175178820000034/0001751788-20-000034-index.htm,https://www.sec.gov/Archives/edgar/data/1751788/000175178820000034/dow-20200930.htm
0,2020-06-30,DOW,2020-07-24,2020-07-24 08:10:38,Q2,8354000000,7604000000,750000000,0.08977735216662676,182000000,357000000,0.0,0.0,691000000,8295000000,-200000000,700000000,309000000,0.036988,59000000,0.007062,42000000,-183000000,-0.021906,34000000,-225000000,-0.026933,-0.30434,-0.30434,739300000,739300000,https://www.sec.gov/Archives/edgar/data/1751788/000175178820000024/0001751788-20-000024-index.htm,https://www.sec.gov/Archives/edgar/data/1751788/000175178820000024/dow-20200630.htm
0,2020-03-31,DOW,2020-05-01,2020-05-01 08:09:26,Q1,9770000000,8234000000,1536000000,0.1572159672466735,179000000,334000000,0.0,0.0,774000000,9008000000,-215000000,724000000,886000000,0.090686,762000000,0.077994,-76000000,396000000,0.040532,138000000,239000000,0.024463,0.3221,0.3221,742000000,742000000,https://www.sec.gov/Archives/edgar/data/1751788/000175178820000014/0001751788-20-000014-index.htm,https://www.sec.gov/Archives/edgar/data/1751788/000175178820000007/dowinc201910k.htm
0,2019-12-31,DOW,2020-02-07,2020-02-07 09:13:19,Q4,10204000000,8718000000,1486000000,0.14562916503332027,173000000,332000000,0.0,0.0,3554000000,12272000000,-247000000,713000000,-1743000000,-0.170815,-2068000000,-0.202666,92000000,-2196000000,-0.21521,114000000,-2323000000,-0.227656,-3.11598,-3.11598,745512290,745512290,https://www.sec.gov/Archives/edgar/data/1751788/000175178820000007/0001751788-20-000007-index.htm,https://www.sec.gov/Archives/edgar/data/1751788/000175178820000007/dowinc201910k.htm
0,2019-09-30,DOW,2019-10-25,2019-10-25 08:02:31,Q3,10764000000,9377000000,1387000000,0.1288554440728354,194000000,388000000,0.0,0.0,993000000,10370000000,-258000000,739000000,904000000,0.083984,394000000,0.036603,301000000,437000000,0.040598,90000000,333000000,0.030936,0.44909,0.44909,741495910,741495910,https://www.sec.gov/Archives/edgar/data/1751788/000175178819000031/0001751788-19-000031-index.htm,https://www.sec.gov/Archives/edgar/data/1751788/000175178819000031/dowinc-q3x9302019.htm
0,2019-06-30,DOW,2019-07-25,2019-07-25 16:45:11,Q2,11014000000,9420000000,1594000000,0.14472489558743418,208000000,422000000,0.0,0.0,1147000000,10567000000,-247000000,743000000,696000000,0.063192,447000000,0.040585,-1000000.0,215000000,0.019521,125000000,75000000,0.00681,0.10091,0.10091,743212010,743212010,https://www.sec.gov/Archives/edgar/data/1751788/000175178819000023/0001751788-19-000023-index.htm,https://www.sec.gov/Archives/edgar/data/1751788/000175178819000023/dowinc-q2x6302019.htm
0,2019-03-31,DOW,2019-05-03 00:00:00,2019-05-03 09:02:23,Q1,10969000000,9138000000,1831000000,0.166925,190000000,448000000,0.0,0.0,1362000000,10500000000,247000000,743000000,1687000000,0.153797,469000000,0.042757,76000000,297000000,0.027076,141000000,556000000,0.050688,0.74411,0.74411,747200000,747200000,https://www.sec.gov/Archives/edgar/data/1751788/000175178819000009/0001751788-19-000009-index.html,https://www.sec.gov/Archives/edgar/data/29915/000175178819000009/dowinc-q1x3312019.htm
0,2018-12-31,DOW,2019-02-11 00:00:00,2019-02-11 10:35:48,Q4,11944000000,10098000000,1846000000,0.154555,178000000,406000000,0.0,0.0,1126000000,11224000000,-234000000,726000000,1437000000,0.120311,720000000,0.060281,59000000,545000000,0.04563,54000000,891000000,0.074598,1.19898,1.19898,743128840,743128840,https://www.sec.gov/Archives/edgar/data/29915/000002991519000008/0000029915-19-000008-index.html,https://www.sec.gov/Archives/edgar/data/29915/000002991519000008/dow201810k.htm
0,2018-09-30,DOW,2018-11-02 00:00:00,2018-11-02 09:14:12,Q3,12634000000,10456000000,2178000000,0.172392,193000000,409000000,0.0,0.0,1080000000,11536000000,-101000000,732000000,1924000000,0.152287,1098000000,0.086908,-3000000.0,994000000,0.078677,280000000,1013000000,0.08018,1.35247,1.35247,749000000,749000000,https://www.sec.gov/Archives/edgar/data/29915/000002991518000026/0000029915-18-000026-index.html,https://www.sec.gov/Archives/edgar/data/29915/000002991518000026/dow-q3x9302018.htm
