,date,symbol,fillingDate,acceptedDate,period,revenue,costOfRevenue,grossProfit,grossProfitRatio,researchAndDevelopmentExpenses,generalAndAdministrativeExpenses,sellingAndMarketingExpenses,otherExpenses,operatingExpenses,costAndExpenses,interestExpense,depreciationAndAmortization,ebitda,ebitdaratio,operatingIncome,operatingIncomeRatio,totalOtherIncomeExpensesNet,incomeBeforeTax,incomeBeforeTaxRatio,incomeTaxExpense,netIncome,netIncomeRatio,eps,epsdiluted,weightedAverageShsOut,weightedAverageShsOutDil,link,finalLink
0,2020-09-30,CDE,2020-10-28,2020-10-28 16:42:26,Q3,229728000,112772000,116956000,0.5091064215071737,0.0,7757000.0,0.0,-9165000.0,7757000.0,180594000,5096000.0,32216000,59072000,0.25713887728095836,26856000,0.1169034684496448,-9165000.0,39969000,0.17398401587964898,-13113000,26856000,0.1169034684496448,0.06,0.06,229116666,229116666,https://www.sec.gov/Archives/edgar/data/215466/000021546620000144/0000215466-20-000144-index.htm,https://www.sec.gov/Archives/edgar/data/215466/000021546620000144/cde-20200930.htm
0,2020-06-30,CDE,2020-07-29,2020-07-29 17:24:11,Q2,154249000,87911000,66338000,0.43007085945451834,11855000,14446000,0.0,2908000.0,69126000,157037000,5765000.0,27875999.999999996,35276000,0.228695,-2788000.0,-0.018075,-79000.0,1635000.0,0.0106,2844000.0,-1209000.0,-0.007838,-0.00502,-0.00502,240945000,240945000,https://www.sec.gov/Archives/edgar/data/215466/000021546620000120/0000215466-20-000120-index.htm,https://www.sec.gov/Archives/edgar/data/215466/000021546620000120/cde-20200630.htm
0,2020-03-31,CDE,2020-04-22 00:00:00,2020-04-22 16:42:04,Q1,173167000,108536000,64631000,0.373229,6386000.0,13020000,0.0,2847000.0,67084000,175620000,5128000.0,36162000,25451000,0.146974,-2453000.0,-0.014166,593000.0,-15839000,-0.091467,-3939000.0,-11900000,-0.06872,-0.04953,-0.04953,240255000,240255000,https://www.sec.gov/Archives/edgar/data/215466/000021546620000102/0000215466-20-000102-index.html,https://www.sec.gov/Archives/edgar/data/215466/000021546620000102/cde-03312010q.htm
0,2019-12-31,CDE,2020-02-19 00:00:00,2020-02-19 16:50:58,Q4,195040000,146631000,48409000,0.2482,7201000.0,12436000,0.0,457566000,319355000,465986000,5512000.0,48117999.99999999,-214474000,-1.099641,-270946000,-1.389182,1507000.0,-268104000,-1.37461,2857000.0,-270961000,-1.389259,-1.13395,-1.13395,238954000,238954000,https://www.sec.gov/Archives/edgar/data/215466/000021546620000032/0000215466-20-000032-index.html,https://www.sec.gov/Archives/edgar/data/215466/000021546620000032/cde-12311910k.htm
0,2019-09-30,CDE,2019-11-04 00:00:00,2019-11-04 16:39:12,Q3,199469000,140952000,58517000,0.293364,5893000.0,14486000,0.0,197374000,67439000,208391000,5980000.0,45678000.00000001,37599000.00000001,0.188495,-8922000.0,-0.044729,-589000.0,-14059000,-0.070482,218000.0,-14277000,-0.071575,-0.06321,-0.06321,225860000,225860000,https://www.sec.gov/Archives/edgar/data/215466/000021546619000130/0000215466-19-000130-index.html,https://www.sec.gov/Archives/edgar/data/215466/000021546619000130/cde-09301910q.htm
0,2019-06-30,CDE,2019-08-07,2019-08-07 16:50:25,Q2,162123000,131948000,30175000,0.186124,5719000.0,12084000,0.0,185205000,61078999.99999998,193026999.99999997,6825000.0,43204000,7719000.0,0.047612,-30904000,-0.190621,1165000.0,-42310000,-0.260975,-5546000.0,-36764000,-0.226766,-0.17691,-0.17691,207809000,207809000,https://www.sec.gov/Archives/edgar/data/215466/000021546619000113/cde-06301910q.htm,https://www.sec.gov/Archives/edgar/data/215466/000021546619000113/cde-06301910q.htm
0,2019-03-31,CDE,2019-05-01 00:00:00,2019-05-01 16:51:15,Q1,154870000,131650000,23220000,0.149932,3714000.0,13908000,0.0,181674000,59446000,191096000,6454000.0,41876000,20471000,0.132182,-36226000,-0.233912,493000.0,-33552000,-0.216646,-8658000.0,-19201000,-0.123981,-0.09486,-0.09486,202422000,202422000,https://www.sec.gov/Archives/edgar/data/215466/000021546619000092/0000215466-19-000092-index.html,https://www.sec.gov/Archives/edgar/data/215466/000021546619000092/cde-03311910q.htm
0,2018-12-31,CDE,2019-02-20 00:00:00,2019-02-20 17:11:14,Q4,143855000,116507000,27348000,0.190108,4128000.0,11239000,0.0,161765000,58936999.99999998,175443999.99999997,6563000.0,37053000.00000001,7853000.00000001,0.05459,-31589000,-0.219589,2184000.0,-35763000,-0.248604,-36231000,468000.0,0.003253,0.00234,0.00234,199619000,199619000,https://www.sec.gov/Archives/edgar/data/215466/000021546619000057/0000215466-19-000057-index.html,https://www.sec.gov/Archives/edgar/data/215466/000021546619000057/cde-12311810k.htm
0,2018-09-30,CDE,2018-10-31 00:00:00,2018-10-31 16:45:30,Q3,148795000,116857000,31938000,0.214644,8157000.0,15850000,0.0,164319000,73789999.99999999,190647000,5818000.0,31220000,-12221000,-0.082133,-41852000,-0.281273,828000.0,-49259000,-0.331053,3785000.0,-53044000,-0.35649,-0.28634,-0.28634,185246000,185246000,https://www.sec.gov/Archives/edgar/data/215466/000021546618000143/0000215466-18-000143-index.html,https://www.sec.gov/Archives/edgar/data/215466/000021546618000143/cde-09301810q.htm
0,2018-06-30,CDE,2018-07-25 00:00:00,2018-07-25 16:46:04,Q2,170000000,108200000,61700000,0.362941,6400000.0,11300000,0.0,147754000,47200000,155400000,6018000.0,29400000.000000004,42018000,0.247165,14600000,0.085882,3300000.0,6600000.0,0.038824,3700000.0,2900000.0,0.017059,0.01547,0.01547,187500000,187500000,https://www.sec.gov/Archives/edgar/data/215466/000021546618000118/0000215466-18-000118-index.html,https://www.sec.gov/Archives/edgar/data/215466/000021546618000118/cde-06301810q.htm
0,2018-03-31,CDE,2018-04-25 00:00:00,2018-04-25 16:46:33,Q1,163300000,99300000,63900000,0.391304,6700000.0,13000000,0.0,141025000,50500000.000000015,149800000,5965000.0,30800000,49865000,0.305358,13400000,0.082058,1400000.0,12600000,0.077159,11900000,1200000.0,0.007348,0.0064,0.0064,187600000,187600000,https://www.sec.gov/Archives/edgar/data/215466/000021546618000085/0000215466-18-000085-index.html,https://www.sec.gov/Archives/edgar/data/215466/000021546618000085/cde-03311810q.htm
0,2017-12-31,CDE,2018-02-07 00:00:00,2018-02-07 17:21:09,Q4,214600000,122000000,92600000,0.4315,7500000.0,15100000,0.0,112132000,67800000.00000001,189800000,5499000.0,44700000,-25401000,-0.118364,24800000,0.115564,1100000.0,19300000,0.089935,-83200000,7600000.0,0.035415,0.04153,0.04153,183000000,183000000,https://www.sec.gov/Archives/edgar/data/215466/000021546618000038/0000215466-18-000038-index.html,https://www.sec.gov/Archives/edgar/data/215466/000021546618000038/cde-12311710k.htm
0,2017-09-30,CDE,2017-10-25 00:00:00,2017-10-25 17:05:09,Q3,159900000,101600000,58400000,0.365228,9800000.0,12400000,0.0,170529000,53400000.00000001,155000000,3606000.0,32399999.99999999,33605999.99999999,0.210169,5000000.0,0.03127,400000.0,2600000.0,0.01626,14300000,-16700000,-0.10444,-0.09314,-0.09314,179300000,179300000,https://www.sec.gov/Archives/edgar/data/215466/000021546617000127/0000215466-17-000127-index.html,https://www.sec.gov/Archives/edgar/data/215466/000021546617000127/cde-09301710q.htm
0,2017-06-30,CDE,2017-07-27 00:00:00,2017-07-26 17:49:32,Q2,149500000,102200000,47300000,0.316388,7800000.0,11100000,0.0,170746000,56700000,158900000,3749000.0,30700000.000000004,22349000.000000004,0.149492,-9400000.0,-0.062876,300000.0,-11100000,-0.074247,-1100000.0,-11000000,-0.073579,-0.06138,-0.06138,179200000,179200000,https://www.sec.gov/Archives/edgar/data/215466/000021546617000099/0000215466-17-000099-index.html,https://www.sec.gov/Archives/edgar/data/215466/000021546617000099/cde-06301710q.htm
0,2017-03-31,CDE,2017-04-26 00:00:00,2017-04-26 16:53:21,Q1,185600000,114500000,71100000,0.383082,5300000.0,14000000,0.0,182649000,36800000.00000001,151300000,3586000.0,38700000,71886000,0.387317,34300000,0.184806,500000.0,29200000,0.157328,10900000,18700000,0.100754,0.10213,0.10213,183100000,183100000,https://www.sec.gov/Archives/edgar/data/215466/000021546617000078/0000215466-17-000078-index.html,https://www.sec.gov/Archives/edgar/data/215466/000021546617000078/cde-03311710q.htm
0,2016-12-31,CDE,2017-02-09 00:00:00,2017-02-08 18:48:48,Q4,65300000,27900000,37300000,0.57121,5300000.0,7800000.0,0.0,141463000,51400000,79300000,6857000.0,23299999.999999996,41757000,0.639464,-14100000,-0.215926,-300000.0,-21400000,-0.327718,19900000,-8300000.0,-0.127106,-0.04523,-0.04523,183500000,183500000,https://www.sec.gov/Archives/edgar/data/215466/000021546617000056/0000215466-17-000056-index.html,https://www.sec.gov/Archives/edgar/data/215466/000021546617000056/cde-12311610k.htm
0,2016-09-30,CDE,2016-10-26 00:00:00,2016-10-26 16:37:26,Q3,176200000,105400000,70800000,0.401816,3700000.0,11600000,0.0,141367000,50199999.99999999,155600000,8068000.0,27700000.000000004,50868000,0.288695,20700000,0.11748,400000.0,15100000,0.085698,-54500000,69600000,0.395006,0.41978,0.41978,165800000,165800000,https://www.sec.gov/Archives/edgar/data/215466/000021546616000236/0000215466-16-000236-index.html,https://www.sec.gov/Archives/edgar/data/215466/000021546616000236/cde-09301610q.htm
0,2016-06-30,CDE,2016-07-27,2016-07-27 16:47:23,Q2,182000000,100500000,81500000,0.447802,2200000.0,11800000,0.0,144567000,51500000,152000000,10875000,37500000,62075000,0.341071,30000000,0.164835,1000000.0,13700000,0.075275,-800000.0,14500000,0.07967,0.09183,0.09183,157900000,157900000,https://www.sec.gov/Archives/edgar/data/215466/000021546616000208/cde-06301610q.htm,https://www.sec.gov/Archives/edgar/data/215466/000021546616000208/cde-06301610q.htm
0,2016-03-31,CDE,2016-04-27 00:00:00,2016-04-27 16:48:12,Q1,148400000,101600000,46800000,0.315364,1700000.0,12500000,0.0,139900000,46599999.99999999,148200000,11120000,28000000,20820000,0.140296,200000.0,0.001348,-200000.0,-18300000,-0.123315,2100000.0,-20400000,-0.137466,-0.13582,-0.13582,150200000,150200000,https://www.sec.gov/Archives/edgar/data/215466/000021546616000187/0000215466-16-000187-index.html,https://www.sec.gov/Archives/edgar/data/215466/000021546616000187/cde-03311610q.htm
0,2015-12-31,CDE,2016-02-10 00:00:00,2016-02-10 17:20:28,Q4,164300000,125300000,39100000,0.237979,1700000.0,12700000,0.0,480300000,350000000,475300000,11758000,36200000.00000002,-272842000,-1.660633,-311000000,-1.892879,16200000,-320800000,-1.952526,-17800000,-303000000,-1.844187,-2.08822,-2.08822,145100000,145100000,https://www.sec.gov/Archives/edgar/data/215466/000021546616000166/0000215466-16-000166-index.html,https://www.sec.gov/Archives/edgar/data/215466/000021546616000166/cde-12311510k.htm
0,2015-09-30,CDE,2015-11-02 00:00:00,2015-11-02 17:30:45,Q3,162600000,120200000,42300000,0.260148,2100000.0,11600000,0.0,162783000,49300000,169500000,12446000,35500000,25446000,0.156494,-6900000.0,-0.042435,-8900000.0,-22500000,-0.138376,-8300000.0,-14200000,-0.087331,-0.10503,-0.10503,135200000,135200000,https://www.sec.gov/Archives/edgar/data/215466/000021546615000102/0000215466-15-000102-index.html,https://www.sec.gov/Archives/edgar/data/215466/000021546615000102/cde-09301510q.htm
0,2015-06-30,CDE,2015-08-04 00:00:00,2015-08-04 17:23:57,Q2,166300000,119100000,47200000,0.283824,3600000.0,10700000,0.0,163918000,51800000.00000001,170900000,10734000,38999999.99999999,32733999.99999999,0.196837,-4600000.0,-0.027661,0.0,-16900000,-0.101624,-300000.0,-16700000,-0.100421,-0.1053,-0.1053,158600000,158600000,https://www.sec.gov/Archives/edgar/data/215466/000021546615000086/0000215466-15-000086-index.html,https://www.sec.gov/Archives/edgar/data/215466/000021546615000086/cde-06301510q.htm
0,2015-03-31,CDE,2015-05-04 00:00:00,2015-05-04 17:07:58,Q1,153000000,115100000,37900000,0.247712,4300000.0,15600000,0.0,159181000,54400000.00000001,169500000,10765000,33100000,10665000,0.069706,-16600000,-0.108497,0.0,-33200000,-0.216993,100000.0,-33300000,-0.217647,-0.32456,-0.32456,102600000,102600000,https://www.sec.gov/Archives/edgar/data/215466/000021546615000040/0000215466-15-000040-index.html,https://www.sec.gov/Archives/edgar/data/215466/000021546615000040/cde-03311510q.htm
0,2014-12-31,CDE,2015-02-20,2015-02-20 16:00:38,Q4,140600000,126500000,14200000,0.100996,5800000.0,15100000,0.0,1649577000,1534100000,1660600000,10566000,38600000.00000001,-1470434000,-10.458279,-1520000000,-10.810811,0.0,-1519600000,-10.807966,-409600000,-1110000000,-7.894737,-10.82927,-10.82927,102500000,102500000,https://www.sec.gov/Archives/edgar/data/215466/000021546615000031/cde-12311410k.htm,https://www.sec.gov/Archives/edgar/data/215466/000021546615000031/cde-12311410k.htm
0,2014-09-30,CDE,2014-11-05 00:00:00,2014-11-05 16:32:40,Q3,170900000,125900000,45000000,0.263312,6600000.0,12800000,0.0,178725000,62400000.00000001,188300000,11615000,42000000,40515000,0.237068,-17400000,-0.101814,0.0,-13100000,-0.076653,-16600000,3500000.0,0.02048,0.03411,0.03411,102600000,102600000,https://www.sec.gov/Archives/edgar/data/215466/000021546614000103/0000215466-14-000103-index.html,https://www.sec.gov/Archives/edgar/data/215466/000021546614000103/cde-09301410q.htm
0,2014-06-30,CDE,2014-08-06 00:00:00,2014-08-06 16:51:17,Q2,164600000,118700000,45900000,0.278858,5200000.0,18200000,0.0,174021000,65700000,184400000,12311000,41300000,13111000,0.079654,-19800000,-0.120292,0.0,-40500000,-0.246051,2600000.0,-43100000,-0.261847,-0.4209,-0.4209,102400000,102400000,https://www.sec.gov/Archives/edgar/data/215466/000021546614000083/0000215466-14-000083-index.html,https://www.sec.gov/Archives/edgar/data/215466/000021546614000083/cde-06301410q.htm
0,2014-03-31,CDE,2014-05-07 00:00:00,2014-05-07 17:24:47,Q1,159600000,106900000,52700000,0.330201,4200000.0,20900000,0.0,158556000,68100000,175000000,13054000,40500000,11654000,0.07302,-15400000,-0.096491,0.0,-41900000,-0.262531,-4700000.0,-37200000,-0.233083,-0.36328,-0.36328,102400000,102400000,https://www.sec.gov/Archives/edgar/data/215466/000021546614000065/0000215466-14-000065-index.html,https://www.sec.gov/Archives/edgar/data/215466/000021546614000065/cde-03311410q.htm
0,2013-12-31,CDE,2014-02-26,2014-02-26 16:47:21,Q4,168800000,164100000,4700000.0,0.027844,5400000.0,16300000,0.0,0.0,794800000,958900000,10979000,63900000.00000001,-696421000,-4.125717,-790000000,-4.680095,0.0,-771300000,-4.569313,-189800000,-581500000,-3.444905,-5.94581,-5.94581,97800000,97800000,https://www.sec.gov/Archives/edgar/data/215466/000021546614000042/cde-1231201310k.htm,https://www.sec.gov/Archives/edgar/data/215466/000021546614000042/cde-1231201310k.htm
0,2013-09-30,CDE,2013-11-06 00:00:00,2013-11-06 17:28:00,Q3,200800000,192600000,8200000.0,0.040837,3300000.0,20200000,0.0,7261000.0,24400000.000000007,217000000,9662000.0,62400000.00000001,23762000.000000007,0.118337,-16100000,-0.080179,0.0,-48200000,-0.24004,-2000000.0,-46300000,-0.230578,-0.45933,-0.45933,100800000,100800000,https://www.sec.gov/Archives/edgar/data/215466/000021546613000138/0000215466-13-000138-index.html,https://www.sec.gov/Archives/edgar/data/215466/000021546613000138/cde-09302013xq3.htm
0,2013-06-30,CDE,2013-08-08 00:00:00,2013-08-08 16:10:35,Q2,204500000,142400000,62100000,0.303667,6800000.0,16800000,0.0,39879000,129700000.00000001,272100000,10930000,56899999.99999999,56529999.99999999,0.27643,-67600000,-0.330562,0.0,-11400000,-0.055746,23700000,-35000000,-0.171149,-0.3507,-0.3507,99800000,99800000,https://www.sec.gov/Archives/edgar/data/215466/000021546613000118/0000215466-13-000118-index.html,https://www.sec.gov/Archives/edgar/data/215466/000021546613000118/cde-06302013xq2.htm
0,2013-03-31,CDE,2013-05-09 00:00:00,2013-05-09 14:11:43,Q1,171800000,88100000,83700000,0.487194,6800000.0,15400000,0.0,11445000,72100000,160200000,9732000.0,49700000,82932000,0.482724,11600000,0.06752,0.0,23500000,0.136787,11200000,12300000,0.071595,0.13667,0.13667,90000000,90000000,https://www.sec.gov/Archives/edgar/data/215466/000021546613000076/0000215466-13-000076-index.html,https://www.sec.gov/Archives/edgar/data/215466/000021546613000076/cde-03312013xq1.htm
0,2012-12-31,CDE,2013-02-21 00:00:00,2013-02-21 17:20:54,Q4,205900000,157600000,48300000,0.23458,6400000.0,6200000.0,0.0,5803000.0,14000000,171600000,4591000.0,52400000.00000001,108591000,0.527397,34300000,0.166586,0.0,51600000,0.250607,14000000,37600000,0.182613,0.42058,0.42058,89400000,89400000,https://www.sec.gov/Archives/edgar/data/215466/000021546613000048/0000215466-13-000048-index.html,https://www.sec.gov/Archives/edgar/data/215466/000021546613000048/cde-1231201210kq4.htm
0,2012-09-30,CDE,2012-11-06 00:00:00,2012-11-06 15:10:04,Q3,230600000,177800000,52800000,0.228968,7000000.0,10500000,0.0,8527000.0,18799999.99999998,196599999.99999997,7351000.0,52900000.00000001,61951000.00000001,0.268651,34000000,0.147441,0.0,1700000.0,0.007372,17500000,-15800000,-0.068517,-0.17673,-0.17673,89400000,89400000,https://www.sec.gov/Archives/edgar/data/215466/000021546612000044/0000215466-12-000044-index.html,https://www.sec.gov/Archives/edgar/data/215466/000021546612000044/cde-09302012xq3.htm
0,2012-06-30,CDE,2012-08-07 00:00:00,2012-08-07 12:16:24,Q2,254400000,192800000,61600000,0.242138,6300000.0,8900000.0,0.0,11391000,20000000,212800000,7557000.0,60999999.99999999,115456999.99999999,0.45384,41600000,0.163522,0.0,46800000,0.183962,23900000,23000000,0.090409,0.25641,0.25641,89700000,89700000,https://www.sec.gov/Archives/edgar/data/215466/000021546612000021/0000215466-12-000021-index.html,https://www.sec.gov/Archives/edgar/data/215466/000021546612000021/cde-06302012xq2.htm
0,2012-03-31,CDE,2012-05-07,2012-05-07 15:36:49,Q1,204600000,145100000,59400000,0.290323,6600000.0,8700000.0,0.0,7635000.0,15300000.000000011,160400000,6670000.0,52600000,78670000,0.384506,44200000,0.216031,0.0,19400000,0.094819,15400000,4000000.0,0.01955,0.04454,0.04454,89800000,89800000,https://www.sec.gov/Archives/edgar/data/215466/000119312512075636/d241365d10k.htm,https://www.sec.gov/Archives/edgar/data/215466/000119312512075636/d241365d10k.htm
0,2011-12-31,CDE,2012-02-23 00:00:00,2012-02-23 17:25:30,Q4,246900000,166900000,80000000,0.324018,7500000.0,10600000,0.0,94580000,22000000,188900000,-20400000,58199999.99999999,101999999.99999999,0.413123,58000000,0.234913,26600000,64200000,0.260024,52800000,11400000,0.046173,0.12695,0.12695,89800000,89800000,https://www.sec.gov/Archives/edgar/data/215466/000119312512075636/0001193125-12-075636-index.html,https://www.sec.gov/Archives/edgar/data/215466/000119312512075636/d241365d10k.htm
0,2011-09-30,CDE,2011-11-07 00:00:00,2011-11-07 07:33:14,Q3,343600000,199900000,143700000,0.418219,4800000.0,11500000,0.0,-68725000,16299999.999999983,216199999.99999997,-67900000,58600000.00000001,49400000.00000001,0.143772,127400000,0.37078,0.0,58700000,0.170838,27600000,31100000,0.090512,0.34671,0.34671,89700000,89700000,https://www.sec.gov/Archives/edgar/data/215466/000119312511298648/0001193125-11-298648-index.html,https://www.sec.gov/Archives/edgar/data/215466/000119312511298648/d245931d10q.htm
0,2011-06-30,CDE,2011-08-08 00:00:00,2011-08-08 10:38:08,Q2,231100000,134700000,96300000,0.416703,4100000.0,12900000,0.0,-19326000,17100000.000000022,151800000.00000003,-18900000,57700000,98800000,0.427521,79300000,0.343141,0.0,60000000,0.259628,21400000,38600000,0.167027,0.43032,0.43032,89700000,89700000,https://www.sec.gov/Archives/edgar/data/215466/000095012311074168/0000950123-11-074168-index.html,https://www.sec.gov/Archives/edgar/data/215466/000095012311074168/v59559e10vq.htm
0,2011-03-31,CDE,2011-05-09 00:00:00,2011-05-09 12:31:19,Q1,199600000,142500000,57100000,0.286072,2800000.0,15800000,0.0,-13139000,18599999.999999993,161100000,-12700000,50000000,62700000,0.314128,38500000,0.192886,0.0,25400000,0.127255,12900000,12500000,0.062625,0.13935,0.13935,89700000,89700000,https://www.sec.gov/Archives/edgar/data/215466/000095012311047199/0000950123-11-047199-index.html,https://www.sec.gov/Archives/edgar/data/215466/000095012311047199/v58921e10vq.htm
0,2010-12-31,CDE,2011-03-01,2011-03-01 17:18:57,Q4,207600000,133000000,74600000,0.359345,4700000.0,6500000.0,0.0,-64843000,11199999.999999989,144200000,-57300000,46100000.00000001,-12599999.99999999,-0.060694,63400000,0.305395,0.0,-1400000.0,-0.006744,3700000.0,-5100000.0,-0.024566,-0.05717,-0.05717,89200000,89200000,https://www.sec.gov/Archives/edgar/data/215466/000095012311020796/v58041e10vk.htm,https://www.sec.gov/Archives/edgar/data/215466/000095012311020796/v58041e10vk.htm
0,2010-09-30,CDE,2010-11-04 00:00:00,2010-11-04 17:14:45,Q3,118600000,98200000,20400000,0.172007,3800000.0,6000000.0,0.0,-30501000,9899999.99999999,108099999.99999999,-29700000,37900000.00000001,-11199999.999999994,-0.094435,10500000,0.088533,0.0,-20000000,-0.168634,3200000.0,-22600000,-0.190556,-0.25336,-0.25336,89200000,89200000,https://www.sec.gov/Archives/edgar/data/215466/000095012310101030/0000950123-10-101030-index.html,https://www.sec.gov/Archives/edgar/data/215466/000095012310101030/v57000e10vq.htm
0,2010-06-30,CDE,2010-08-09 00:00:00,2010-08-09 16:44:20,Q2,101000000,88600000,12400000,0.122772,3200000.0,7400000.0,0.0,-72389000,10600000.00000001,99200000.00000001,-238000.0,30999999.999999996,-29338000.000000004,-0.290475,1900000.0,0.018812,0.0,-54200000,-0.536634,-9400000.0,-50700000,-0.50198,-0.57288,-0.57288,88500000,88500000,https://www.sec.gov/Archives/edgar/data/215466/000095012310075098/0000950123-10-075098-index.html,https://www.sec.gov/Archives/edgar/data/215466/000095012310075098/v56700e10vq.htm
0,2010-03-31,CDE,2010-05-10 00:00:00,2010-05-10 13:03:29,Q1,88300000,79500000,8800000.0,0.09966,2500000.0,7100000.0,0.0,168000.0,9599999.999999994,89100000,-8300000.0,28800000,600000.0,0.006795,-900000.0,-0.010193,0.0,-17000000,-0.192525,-7000000.0,-12900000,-0.146093,-0.1577,-0.1577,81800000,81800000,https://www.sec.gov/Archives/edgar/data/215466/000095012310046978/0000950123-10-046978-index.html,https://www.sec.gov/Archives/edgar/data/215466/000095012310046978/v56037e10vq.htm
0,2009-12-31,CDE,2010-02-26 00:00:00,2010-02-26 11:09:07,Q4,98800000,85100000,13700000,0.138664,4400000.0,5600000.0,0.0,-67229000,10100000.00000001,95200000.00000001,19778000,27999999.999999993,4277999.999999993,0.0433,3700000.0,0.037449,0.0,-38400000,-0.388664,-16000000,-27500000,-0.27834,-0.35995,-0.35995,76400000,76400000,https://www.sec.gov/Archives/edgar/data/215466/000095012310017695/0000950123-10-017695-index.html,https://www.sec.gov/Archives/edgar/data/215466/000095012310017695/v55047e10vk.htm
0,2009-09-30,CDE,2009-11-05 00:00:00,2009-11-05 16:34:34,Q3,90300000,87300000,3000000.0,0.033223,2400000.0,4800000.0,0.0,-20728000,7100000.000000008,94400000.00000001,-7634000.0,28700000.000000004,-9633999.999999996,-0.106689,-4100000.0,-0.045404,0.0,-50100000,-0.554817,-13400000,-17300000,-0.191584,-0.22733,-0.22733,76100000,76100000,https://www.sec.gov/Archives/edgar/data/215466/000095012309058442/0000950123-09-058442-index.html,https://www.sec.gov/Archives/edgar/data/215466/000095012309058442/v54213e10vq.htm
0,2009-06-30,CDE,2009-08-06 00:00:00,2009-08-06 16:32:02,Q2,67900000,68100000,-200000.0,-0.002946,3200000.0,5400000.0,0.0,22404000,8600000.00000001,76700000.00000001,5958000.0,21099999.999999996,34758000,0.5119,-8800000.0,-0.129602,0.0,6300000.0,0.092784,-3900000.0,11600000,0.170839,0.18153,0.18153,63900000,63900000,https://www.sec.gov/Archives/edgar/data/215466/000095012309031216/0000950123-09-031216-index.html,https://www.sec.gov/Archives/edgar/data/215466/000095012309031216/v53349e10vq.htm
0,2009-03-31,CDE,2009-05-11 00:00:00,2009-05-11 17:15:17,Q1,43400000,32200000,11200000,0.258065,3100000.0,7700000.0,0.0,6579000.0,10799999.999999996,43000000,765000.0,9300000.0,16465000,0.379378,400000.0,0.009217,0.0,6200000.0,0.142857,300000.0,6100000.0,0.140553,0.09967,0.09967,61200000,61200000,https://www.sec.gov/Archives/edgar/data/215466/000095013409010307/0000950134-09-010307-index.html,https://www.sec.gov/Archives/edgar/data/215466/000095013409010307/v52504e10vq.htm
0,2008-12-31,CDE,2009-03-02 00:00:00,2009-03-02 17:23:51,Q4,-1900000.0,-200000.0,-1600000.0,0.842105,3500000.0,5500000.0,0.0,174000.0,9000000.0,8800000.0,4139000.0,10700000,3739000.0,-1.967895,-10700000,5.631579,0.0,-10300000,5.421053,-15200000,4100000.0,-2.157895,0.07335,0.07335,55900000,55900000,https://www.sec.gov/Archives/edgar/data/215466/000095014809000027/0000950148-09-000027-index.html,https://www.sec.gov/Archives/edgar/data/215466/000095014809000027/v51311e10vk.htm
0,2008-09-30,CDE,2008-11-03 00:00:00,2008-10-31 20:24:46,Q3,36500000,36100000,400000.0,0.010959,5800000.0,5400000.0,0.0,1112000.0,11199999.999999996,47299999.99999999,2691000.0,4699999.999999999,-1009000.000000001,-0.027644,-10800000,-0.29589,0.0,-9900000.0,-0.271233,-4400000.0,-4000000.0,-0.109589,-0.07273,-0.07273,55000000,55000000,https://www.sec.gov/Archives/edgar/data/215466/000095013308003501/0000950133-08-003501-index.html,https://www.sec.gov/Archives/edgar/data/215466/000095013308003501/w71366e10vq.htm
0,2008-06-30,CDE,2008-08-08 00:00:00,2008-08-08 17:02:04,Q2,37300000,28300000,9000000.0,0.241287,4700000.0,17700000,0.0,0.0,22400000.000000004,50700000,-700000.0,6300000.0,-1600000.0,-0.042895,-13400000,-0.359249,0.0,-14100000,-0.378016,-1800000.0,-5400000.0,-0.144772,-0.09712,-0.09712,55600000,55600000,https://www.sec.gov/Archives/edgar/data/215466/000089706908001269/0000897069-08-001269-index.html,https://www.sec.gov/Archives/edgar/data/215466/000089706908001269/cmw3673.htm
0,2008-03-31,CDE,2008-05-12 00:00:00,2008-05-12 17:08:14,Q1,57300000,30900000,26300000,0.458988,3700000.0,14300000,0.0,510000.0,18100000,49000000,821000.0,5700000.0,15321000,0.267382,8300000.0,0.144852,0.0,8800000.0,0.153578,4100000.0,4700000.0,0.082024,0.08545,0.08545,55000000,55000000,https://www.sec.gov/Archives/edgar/data/215466/000095013308001949/0000950133-08-001949-index.html,https://www.sec.gov/Archives/edgar/data/215466/000095013308001949/w58032e10vq.htm
0,2007-12-31,CDE,2008-02-29,2008-02-29 17:17:28,Q4,59900000,35300000,24600000,0.410684,3200000.0,7300000.0,0.0,17830000,10700000.000000004,46000000,365000.0,4300000.000000001,24465000,0.408431,13900000,0.232053,0.0,19800000,0.330551,5500000.0,14300000,0.238731,0.42687,0.42687,33500000,33500000,https://www.sec.gov/Archives/edgar/data/215466/000095013308000901/w50513e10vk.htm,https://www.sec.gov/Archives/edgar/data/215466/000095013308000901/w50513e10vk.htm
0,2007-09-30,CDE,2007-11-02 00:00:00,2007-11-02 16:00:11,Q3,52900000,42100000,10700000,0.202268,3300000.0,4700000.0,0.0,0.0,8100000.000000001,50200000,3400000.0,3899999.9999999986,13399999.999999998,0.253308,2700000.0,0.05104,0.0,6100000.0,0.115312,2500000.0,3600000.0,0.068053,0.11921,0.11921,30200000,30200000,https://www.sec.gov/Archives/edgar/data/215466/000089706907001970/0000897069-07-001970-index.html,https://www.sec.gov/Archives/edgar/data/215466/000089706907001970/cmw3092.htm
0,2007-06-30,CDE,2007-08-08 00:00:00,2007-08-08 15:59:34,Q2,51700000,32500000,19200000,0.371373,2500000.0,5700000.0,0.0,0.0,8299999.999999997,40800000,4300000.0,5800000.000000001,25200000,0.487427,10800000,0.208897,0.0,15100000,0.29207,3200000.0,11900000,0.230174,0.39404,0.39404,30200000,30200000,https://www.sec.gov/Archives/edgar/data/215466/000089706907001605/0000897069-07-001605-index.html,https://www.sec.gov/Archives/edgar/data/215466/000089706907001605/tse101.htm
0,2007-03-31,CDE,2007-05-09 00:00:00,2007-05-09 10:59:08,Q1,50900000,28000000,22800000,0.447937,2900000.0,6200000.0,0.0,0.0,9700000.000000004,37700000,4600000.0,7000000.0,29300000,0.575639,13200000,0.259332,0.0,17700000,0.347741,3700000.0,14000000,0.275049,0.46358,0.46358,30200000,30200000,https://www.sec.gov/Archives/edgar/data/215466/000089706907001130/0000897069-07-001130-index.html,https://www.sec.gov/Archives/edgar/data/215466/000089706907001130/cmw2824.htm
0,2006-12-31,CDE,,,Q4,67100000,35700000,31400000,0.467958,3000000.0,5700000.0,0.0,0.0,9799999.999999996,45500000,5700000.0,7000000.0,40000000,0.596125,21500000,0.320417,0.0,27300000,0.406855,4100000.0,23200000,0.345753,0.76568,0.76568,30300000,30300000,,
0,2006-09-30,CDE,,,Q3,50600000,28500000,22200000,0.438735,2600000.0,4000000.0,0.0,0.0,7700000.000000003,36200000,5600000.0,6500000.0,32200000,0.636364,14400000,0.284585,0.0,20100000,0.397233,1700000.0,18400000,0.363636,0.60927,0.60927,30200000,30200000,,
0,2006-06-30,CDE,,,Q2,54000000,28600000,25500000,0.472222,1900000.0,4500000.0,0.0,0.0,7299999.999999997,35900000,4800000.0,7000000.000000001,47200000,0.874074,18200000,0.337037,0.0,23000000,0.425926,2800000.0,32600000,0.603704,1.07947,1.07947,30200000,30200000,,
0,2006-03-31,CDE,,,Q1,44900000,26400000,18400000,0.4098,2000000.0,5100000.0,0.0,0.0,7600000.000000001,34000000,2500000.0,6300000.0,22800000,0.507795,10900000,0.242762,0.0,13400000,0.298441,-300000.0,14300000,0.318486,0.51625,0.51625,27700000,27700000,,
0,2005-12-31,CDE,,,Q4,51300000,33700000,17600000,0.34308,2400000.0,8000000.0,0.0,-2400000.0,8599999.999999994,42299999.99999999,3000000.0,5999999.999999998,19599999.999999996,0.382066,9000000.0,0.175439,0.0,12000000,0.233918,700000.0,9900000.0,0.192982,0.396,0.396,25000000,25000000,,
0,2005-09-30,CDE,,,Q3,39300000,28800000,10500000,0.267176,2500000.0,4300000.0,0.0,0.0,7499999.999999996,36300000,2100000.0,4400000.0,10300000,0.262087,2900000.0,0.073791,0.0,5000000.0,0.127226,300000.0,3500000.0,0.089059,0.13158,0.13158,26600000,26600000,,
0,2005-06-30,CDE,,,Q2,33500000,23200000,10300000,0.307463,2900000.0,8900000.0,0.0,0.0,12300000,35500000,1300000.0,4400000.0,3900000.0,0.116418,-2000000.0,-0.059701,0.0,-700000.0,-0.020896,-100000.0,-1700000.0,-0.050746,-0.07083,-0.07083,24000000,24000000,,
0,2005-03-31,CDE,,,Q1,32200000,21500000,10700000,0.332298,2700000.0,5500000.0,0.0,2400000.0,12799999.999999996,34300000,1900000.0,4100000.0,5600000.0,0.173913,-2100000.0,-0.065217,0.0,-100000.0,-0.003106,700000.0,-1100000.0,-0.034161,-0.04583,-0.04583,24000000,24000000,,
0,2004-12-31,CDE,,,Q4,21000000,11900000,9100000.0,0.433333,1000000.0,17800000,0.0,-7600000.0,10900000,22800000,3200000.0,2300000.000000001,8000000.000000001,0.380952,-1800000.0,-0.085714,0.0,1300000.0,0.061905,-5800000.0,8300000.0,0.395238,0.37054,0.37054,22400000,22400000,,
0,2004-09-30,CDE,,,Q3,32000000,25700000,6300000.0,0.196875,2000000.0,4500000.0,0.0,600000.0,24300000,50000000,0.0,4900000.0,-13200000,-0.4125,-18100000,-0.565625,0.0,-18100000,-0.565625,0.0,-18100000,-0.565625,-0.90955,-0.90955,19900000,19900000,,
0,2004-06-30,CDE,,,Q2,27100000,21100000,5200000.0,0.191882,3000000.0,3100000.0,0.0,4600000.0,11399999.999999998,32500000,0.0,4800000.0,-600000.0,-0.02214,-5400000.0,-0.199262,0.0,-5400000.0,-0.199262,0.0,-5400000.0,-0.199262,-0.25352,-0.25352,21300000,21300000,,
0,2004-03-31,CDE,,,Q1,29100000,21800000,7900000.0,0.271478,1900000.0,3600000.0,0.0,2400000.0,8899999.999999998,30700000,0.0,4800000.0,3100000.0,0.106529,-1700000.0,-0.058419,0.0,-1700000.0,-0.058419,0.0,-1700000.0,-0.058419,-0.07981,-0.07981,21300000,21300000,,
0,2003-12-31,CDE,,,Q4,31200000,25800000,4500000.0,0.144231,1600000.0,4000000.0,0.0,3000000.0,18300000,44100000,0.0,3600000.0000000014,-9299999.999999998,-0.298077,-12900000,-0.413462,0.0,-12900000,-0.413462,0.0,-12900000,-0.413462,-0.61137,-0.61137,21100000,21100000,,
0,2003-09-30,CDE,,,Q3,23900000,22100000,1500000.0,0.062762,1200000.0,2800000.0,0.0,4600000.0,19500000,41600000,0.0,3300000.000000001,-14300000,-0.598326,-17600000,-0.736402,0.0,-17600000,-0.736402,0.0,-17600000,-0.736402,-0.96175,-0.96175,18300000,18300000,,
0,2003-06-30,CDE,,,Q2,26600000,23700000,2400000.0,0.090226,1100000.0,2400000.0,0.0,400000.0,7000000.0,30700000,0.0,4699999.999999999,599999.999999999,0.022556,-4100000.0,-0.154135,0.0,-4100000.0,-0.154135,0.0,-4100000.0,-0.154135,-0.28472,-0.28472,14400000,14400000,,
0,2003-03-31,CDE,,,Q1,28800000,22900000,5600000.0,0.194444,1100000.0,3100000.0,0.0,400000.0,35300000.00000001,58200000.00000001,0.0,5000000.0,-26700000,-0.927083,-29400000,-1.020833,0.0,-29400000,-1.020833,0.0,-31700000,-1.100694,-2.36567,-2.36567,13400000,13400000,,
0,2002-12-31,CDE,,,Q4,28800000,29300000,-3800000.0,-0.131944,1500000.0,3100000.0,0.0,300000.0,45600000.00000001,74900000.00000001,0.0,5400000.0,-40700000,-1.413194,-46100000,-1.600694,0.0,-46100000,-1.600694,0.0,-46100000,-1.600694,-4.43269,-4.43269,10400000,10400000,,
0,2002-09-30,CDE,2002-11-14 00:00:00,2002-11-14 14:12:46,Q3,26500000,27400000,-2900000.0,-0.109434,800000.0,1200000.0,0.0,2000000.0,11500000,38900000,0.0,2699999.999999999,-9600000.0,-0.362264,-12300000,-0.464151,0.0,-12300000,-0.464151,0.0,-12300000,-0.464151,-1.39773,-1.39773,8800000.0,8800000.0,https://www.sec.gov/Archives/edgar/data/215466/000089706902000898/0000897069-02-000898-index.html,https://www.sec.gov/Archives/edgar/data/215466/000089706902000898/sdc259.txt
0,2002-06-30,CDE,2002-08-19 00:00:00,2002-08-19 17:14:49,Q2,22200000,19800000,-200000.0,-0.009009,1000000.0,2500000.0,0.0,1000000.0,13200000,33000000,0.0,3500000.0000000005,-7400000.0,-0.333333,-10900000,-0.490991,0.0,-10900000,-0.490991,0.0,-10900000,-0.490991,-1.60294,-1.60294,6800000.0,6800000.0,https://www.sec.gov/Archives/edgar/data/215466/000089706902000622/0000897069-02-000622-index.html,https://www.sec.gov/Archives/edgar/data/215466/000089706902000622/sdc182a.txt
0,2002-03-31,CDE,2002-05-15 00:00:00,2002-05-15 14:32:02,Q1,17000000,19900000,-3400000.0,-0.2,600000.0,2100000.0,0.0,800000.0,9000000.0,28900000,0.0,1900000.0,-10000000,-0.588235,-11900000,-0.7,0.0,-11900000,-0.7,0.0,-11900000,-0.7,-2.28846,-2.28846,5200000.0,5200000.0,https://www.sec.gov/Archives/edgar/data/215466/000089706902000382/0000897069-02-000382-index.html,https://www.sec.gov/Archives/edgar/data/215466/000089706902000382/slp297.txt
0,2001-12-31,CDE,2002-03-29 00:00:00,2002-03-29 00:00:00,Q4,16800000,20300000,-3600000.0,-0.214286,1100000.0,1500000.0,0.0,-500000.0,14800000,35100000,0.0,3300000.000000001,-15000000,-0.892857,-18300000,-1.089286,0.0,-18300000,-1.089286,0.0,-18300000,-1.089286,-4.06667,-4.06667,4500000.0,4500000.0,https://www.sec.gov/Archives/edgar/data/215466/000089706902000251/0000897069-02-000251-index.html,https://www.sec.gov/Archives/edgar/data/215466/000089706902000251/pdm286a.txt
0,2001-09-30,CDE,2001-11-14 00:00:00,2001-11-14 00:00:00,Q3,17000000,18700000,-2500000.0,-0.147059,1900000.0,2200000.0,0.0,3100000.0,-28600000,-9900000.0,0.0,2599999.9999999995,29500000,1.735294,26900000,1.582353,0.0,26900000,1.582353,0.0,26900000,1.582353,3.78873,3.78873,7100000.0,7100000.0,https://www.sec.gov/Archives/edgar/data/215466/000089706901500575/0000897069-01-500575-index.html,https://www.sec.gov/Archives/edgar/data/215466/000089706901500575/sdc72a.txt
0,2001-06-30,CDE,2001-08-14 00:00:00,2001-08-14 00:00:00,Q2,20000000,20400000,-2200000.0,-0.11,1900000.0,2200000.0,0.0,600000.0,3300000.000000001,23700000,0.0,2600000.0000000005,-999999.9999999995,-0.05,-3600000.0,-0.18,0.0,-3600000.0,-0.18,0.0,-3600000.0,-0.18,-0.83721,-0.83721,4300000.0,4300000.0,https://www.sec.gov/Archives/edgar/data/215466/000089706901500368/0000897069-01-500368-index.html,https://www.sec.gov/Archives/edgar/data/215466/000089706901500368/pdm105a.txt
0,2001-03-31,CDE,2001-04-02 00:00:00,2001-04-02 00:00:00,Q1,18000000,21100000,-3100000.0,-0.172222,1400000.0,2300000.0,0.0,600000.0,5000000.0,26100000,0.0,2800000.0,-5300000.0,-0.294444,-8100000.0,-0.45,0.0,-8100000.0,-0.45,0.0,-8100000.0,-0.45,-2.18919,-2.18919,3700000.0,3700000.0,https://www.sec.gov/Archives/edgar/data/215466/000089706901500046/0000897069-01-500046-index.html,https://www.sec.gov/Archives/edgar/data/215466/000089706901500046/exh21.txt
0,2000-12-31,CDE,2001-04-02 00:00:00,2001-04-02 00:00:00,Q4,24100000,28300000,-4500000.0,-0.186722,3000000.0,2200000.0,0.0,0.0,29700000,58000000,0.0,11100000.000000002,-7999999.999999999,-0.33195,-33900000,-1.406639,0.0,-33900000,-1.406639,0.0,-19100000,-0.792531,-5.16216,-5.16216,3700000.0,3700000.0,https://www.sec.gov/Archives/edgar/data/215466/000089706901500046/0000897069-01-500046-index.html,https://www.sec.gov/Archives/edgar/data/215466/000089706901500046/exh21.txt
0,2000-09-30,CDE,2000-11-14 00:00:00,2000-11-14 00:00:00,Q3,29700000,29300000,-2800000.0,-0.094276,1800000.0,2300000.0,0.0,0.0,8900000.000000002,38200000,0.0,4799999.999999999,-3600000.000000001,-0.121212,-8400000.0,-0.282828,0.0,-8400000.0,-0.282828,100000.0,-8500000.0,-0.286195,-2.2973,-2.2973,3700000.0,3700000.0,https://www.sec.gov/Archives/edgar/data/215466/000095013300004518/0000950133-00-004518-index.html,https://www.sec.gov/Archives/edgar/data/215466/000095013300004518/w42650e10-q.txt
0,2000-06-30,CDE,2000-08-14 00:00:00,2000-08-14 00:00:00,Q2,29500000,31500000,-3500000.0,-0.118644,2400000.0,2100000.0,0.0,0.0,9500000.0,41000000,0.0,5900000.0,-4500000.0,-0.152542,-11500000,-0.389831,0.0,-11500000,-0.389831,100000.0,-10500000,-0.355932,-2.83784,-2.83784,3700000.0,3700000.0,https://www.sec.gov/Archives/edgar/data/215466/000090445600000044/0000904456-00-000044-index.html,https://www.sec.gov/Archives/edgar/data/215466/000090445600000044/0000904456-00-000044-0001.txt
0,2000-03-31,CDE,2000-05-15 00:00:00,2000-05-15 00:00:00,Q1,17900000,18400000,-3500000.0,-0.195531,2100000.0,3100000.0,0.0,0.0,9300000.0,27700000,0.0,4900000.0,-4800000.0,-0.268156,-9800000.0,-0.547486,0.0,-9800000.0,-0.547486,100000.0,-9800000.0,-0.547486,-3.16129,-3.16129,3100000.0,3100000.0,https://www.sec.gov/Archives/edgar/data/215466/000090445600000026/0000904456-00-000026-index.html,https://www.sec.gov/Archives/edgar/data/215466/0000904456-00-000026.txt
0,1999-12-31,CDE,,,Q4,29500000,28900000,-4400000.0,-0.149153,3200000.0,2400000.0,0.0,0.0,25600000,54500000,0.0,8700000.000000002,-14899999.999999998,-0.505085,-25000000,-0.847458,0.0,-25000000,-0.847458,100000.0,-23700000,-0.80339,-8.17241,-8.17241,2900000.0,2900000.0,,
0,1999-09-30,CDE,1999-11-15 00:00:00,1999-11-15 00:00:00,Q3,38500000,20400000,1500000.0,0.038961,1400000.0,2000000.0,0.0,0.0,10900000.000000002,31300000.000000004,0.0,3300000.000000001,13000000,0.337662,7100000.0,0.184416,0.0,7100000.0,0.184416,100000.0,9600000.0,0.249351,4.0,4.0,2400000.0,2400000.0,https://www.sec.gov/Archives/edgar/data/215466/000095013399003597/0000950133-99-003597-index.html,https://www.sec.gov/Archives/edgar/data/215466/0000950133-99-003597.txt
0,1999-06-30,CDE,1999-08-13 00:00:00,1999-08-13 00:00:00,Q2,21600000,19400000,1100000.0,0.050926,2100000.0,2200000.0,0.0,0.0,9200000.000000004,28600000.000000004,0.0,5800000.0,-1100000.0,-0.050926,-6900000.0,-0.319444,0.0,-6900000.0,-0.319444,100000.0,-7000000.0,-0.324074,-3.18182,-3.18182,2200000.0,2200000.0,https://www.sec.gov/Archives/edgar/data/215466/000090445699000077/0000904456-99-000077-index.html,https://www.sec.gov/Archives/edgar/data/215466/0000904456-99-000077.txt
0,1999-03-31,CDE,1999-05-17 00:00:00,1999-05-17 00:00:00,Q1,19400000,17800000,400000.0,0.020619,1800000.0,2600000.0,0.0,0.0,8700000.0,26500000,0.0,4200000.0,-3000000.0,-0.154639,-7200000.0,-0.371134,0.0,-7200000.0,-0.371134,100000.0,-7300000.0,-0.376289,-3.31818,-3.31818,2200000.0,2200000.0,https://www.sec.gov/Archives/edgar/data/215466/000090445699000058/0000904456-99-000058-index.html,https://www.sec.gov/Archives/edgar/data/215466/0000904456-99-000058.txt
0,1998-12-31,CDE,,,Q4,26800000,25500000,-2400000.0,-0.089552,2600000.0,3400000.0,0.0,0.0,177800000,203300000,0.0,8600000.000000002,-162100000,-6.048507,-176500000,-6.585821,0.0,-176500000,-6.585821,400000.0,-171100000,-6.384328,-77.77273,-77.77273,2200000.0,2200000.0,,
0,1998-09-30,CDE,1998-11-16 00:00:00,1998-11-16 00:00:00,Q3,25900000,23400000,500000.0,0.019305,2300000.0,3100000.0,0.0,0.0,8700000.000000004,32100000.000000004,0.0,5699999.999999999,5799999.999999999,0.223938,-6300000.0,-0.243243,0.0,-6300000.0,-0.243243,100000.0,0.0,0.0,-4.07,-4.07,2200000.0,2200000.0,https://www.sec.gov/Archives/edgar/data/215466/000090445698000208/0000904456-98-000208-index.html,https://www.sec.gov/Archives/edgar/data/215466/0000904456-98-000208.txt
0,1998-06-30,CDE,1998-08-14 00:00:00,1998-08-14 00:00:00,Q2,34600000,30000000,2200000.0,0.063584,2600000.0,3000000.0,0.0,0.0,9299999.999999996,39300000,0.0,7799999.999999999,2999999.999999999,0.086705,-4700000.0,-0.135838,0.0,-4700000.0,-0.135838,400000.0,-5200000.0,-0.150289,-2.36364,-2.36364,2200000.0,2200000.0,https://www.sec.gov/Archives/edgar/data/215466/000090445698000188/0000904456-98-000188-index.html,https://www.sec.gov/Archives/edgar/data/215466/0000904456-98-000188.txt
0,1998-03-31,CDE,1998-05-15 00:00:00,1998-05-15 00:00:00,Q1,24800000,19800000,1400000.0,0.056452,1800000.0,2700000.0,0.0,0.0,62900000.00000001,82700000,0.0,8900000.0,-49100000,-1.979839,-58000000,-2.33871,0.0,-58000000,-2.33871,0.0,-58000000,-2.33871,-26.36364,-26.36364,2200000.0,2200000.0,https://www.sec.gov/Archives/edgar/data/215466/000090445698000155/0000904456-98-000155-index.html,https://www.sec.gov/Archives/edgar/data/215466/0000904456-98-000155.txt
0,1997-12-31,CDE,,,Q4,34700000,31400000,3000000.0,0.086455,1600000.0,3900000.0,0.0,0.0,9399999.999999998,40800000,0.0,10199999.999999996,4199999.999999996,0.121037,-6100000.0,-0.175793,0.0,-6100000.0,-0.175793,-200000.0,-5800000.0,-0.167147,-2.63636,-2.63636,2200000.0,2200000.0,,
0,1997-09-30,CDE,1997-11-14 00:00:00,1997-11-14 00:00:00,Q3,41400000,40700000,-2100000.0,-0.050725,2400000.0,2700000.0,0.0,0.0,7000000.0,47700000,0.0,11100000.000000002,4800000.000000001,0.115942,-6300000.0,-0.152174,0.0,-6300000.0,-0.152174,0.0,-6300000.0,-0.152174,-2.86364,-2.86364,2200000.0,2200000.0,https://www.sec.gov/Archives/edgar/data/215466/000090445697000191/0000904456-97-000191-index.html,https://www.sec.gov/Archives/edgar/data/215466/0000904456-97-000191.txt
0,1997-06-30,CDE,1997-08-14 00:00:00,1997-08-14 00:00:00,Q2,43500000,35500000,-1800000.0,-0.041379,2500000.0,3600000.0,0.0,0.0,8200000.000000003,43700000,0.0,6500000.0,6200000.0,0.142529,-300000.0,-0.006897,0.0,-300000.0,-0.006897,0.0,-300000.0,-0.006897,-0.13636,-0.13636,2200000.0,2200000.0,https://www.sec.gov/Archives/edgar/data/215466/000090445697000141/0000904456-97-000141-index.html,https://www.sec.gov/Archives/edgar/data/215466/0000904456-97-000141.txt
0,1997-03-31,CDE,1997-05-15 00:00:00,1997-05-15 00:00:00,Q1,32300000,27000000,-2500000.0,-0.077399,1500000.0,3300000.0,0.0,0.0,7000000.0,34000000,0.0,7000000.0,5300000.0,0.164087,-1700000.0,-0.052632,0.0,-1700000.0,-0.052632,0.0,-1700000.0,-0.052632,-0.77273,-0.77273,2200000.0,2200000.0,https://www.sec.gov/Archives/edgar/data/215466/000090445697000093/0000904456-97-000093-index.html,https://www.sec.gov/Archives/edgar/data/215466/0000904456-97-000093.txt
0,1996-12-31,CDE,,,Q4,33800000,26700000,3200000.0,0.094675,2500000.0,3200000.0,0.0,0.0,6800000.000000001,33500000,0.0,3000000.0,3300000.0,0.097633,300000.0,0.008876,0.0,300000.0,0.008876,0.0,300000.0,0.008876,0.13636,0.13636,2200000.0,2200000.0,,
0,1996-09-30,CDE,1996-11-06 00:00:00,1996-11-06 00:00:00,Q3,26600000,18500000,3100000.0,0.116541,2500000.0,3300000.0,0.0,0.0,6800000.000000001,25300000,0.0,3699999.999999999,4999999.999999999,0.18797,1200000.0,0.045113,0.0,1200000.0,0.045113,-600000.0,1900000.0,0.071429,0.86364,0.86364,2200000.0,2200000.0,https://www.sec.gov/Archives/edgar/data/215466/000090863496000249/0000908634-96-000249-index.html,https://www.sec.gov/Archives/edgar/data/215466/0000908634-96-000249.txt
0,1996-06-30,CDE,1996-08-14 00:00:00,1996-08-14 00:00:00,Q2,21000000,18500000,200000.0,0.009524,1700000.0,3100000.0,0.0,0.0,59900000.00000001,78400000,0.0,2300000.0,-55200000,-2.628571,-57500000,-2.738095,0.0,-57500000,-2.738095,-600000.0,-56900000,-2.709524,-25.86364,-25.86364,2200000.0,2200000.0,https://www.sec.gov/Archives/edgar/data/215466/000090863496000217/0000908634-96-000217-index.html,https://www.sec.gov/Archives/edgar/data/215466/0000908634-96-000217.txt
0,1996-03-31,CDE,1996-05-14 00:00:00,1996-05-14 00:00:00,Q1,24500000,19600000,3000000.0,0.122449,1000000.0,3000000.0,0.0,0.0,4699999.999999999,24300000,0.0,3200000.0,3400000.0,0.138776,200000.0,0.008163,0.0,200000.0,0.008163,100000.0,100000.0,0.004082,0.04762,0.04762,2100000.0,2100000.0,https://www.sec.gov/Archives/edgar/data/215466/000090863496000129/0000908634-96-000129-index.html,https://www.sec.gov/Archives/edgar/data/215466/0000908634-96-000129.txt
0,1995-12-31,CDE,,,Q4,23700000,19100000,3800000.0,0.160338,1300000.0,2800000.0,0.0,0.0,6099999.999999998,25199999.999999996,0.0,4099999.999999998,2799999.999999998,0.118143,-1400000.0,-0.059072,0.0,-1400000.0,-0.059072,-200000.0,-1100000.0,-0.046414,-0.64706,-0.64706,1700000.0,1700000.0,,
0,1995-09-30,CDE,1995-11-03 00:00:00,1995-11-03 00:00:00,Q3,29000000,19200000,5700000.0,0.196552,1500000.0,2700000.0,0.0,0.0,6699999.999999999,25900000,0.0,4300000.000000001,7400000.000000001,0.255172,3100000.0,0.106897,0.0,3100000.0,0.106897,1100000.0,2000000.0,0.068966,1.25,1.25,1600000.0,1600000.0,https://www.sec.gov/Archives/edgar/data/215466/000090863495000108/0000908634-95-000108-index.html,https://www.sec.gov/Archives/edgar/data/215466/0000908634-95-000108.txt
0,1995-06-30,CDE,1995-08-09 00:00:00,1995-08-09 00:00:00,Q2,25700000,17900000,5700000.0,0.22179,900000.0,3200000.0,0.0,0.0,7300000.000000001,25200000,0.0,4800000.0,7400000.0,0.287938,400000.0,0.015564,0.0,400000.0,0.015564,-800000.0,3400000.0,0.132296,2.125,2.125,1600000.0,1600000.0,https://www.sec.gov/Archives/edgar/data/215466/000090863495000069/0000908634-95-000069-index.html,https://www.sec.gov/Archives/edgar/data/215466/0000908634-95-000069.txt
0,1995-03-31,CDE,1995-05-15 00:00:00,1995-05-15 00:00:00,Q1,20300000,16000000,1900000.0,0.093596,1100000.0,2800000.0,0.0,0.0,7500000.0,23500000,0.0,3700000.0,700000.0,0.034483,-3200000.0,-0.157635,0.0,-3200000.0,-0.157635,200000.0,-3200000.0,-0.157635,-2.0,-2.0,1600000.0,1600000.0,https://www.sec.gov/Archives/edgar/data/215466/000090863495000020/0000908634-95-000020-index.html,https://www.sec.gov/Archives/edgar/data/215466/0000908634-95-000020.txt
0,1994-12-31,CDE,1995-03-29 00:00:00,1995-03-29 00:00:00,Q4,22700000,17600000,1700000.0,0.07489,1000000.0,2900000.0,0.0,0.0,7099999.999999998,24699999.999999996,0.0,4100000.0,2400000.0,0.105727,-2100000.0,-0.092511,200000.0,-1900000.0,-0.0837,0.0,-1700000.0,-0.07489,-1.13333,-1.13333,1500000.0,1500000.0,https://www.sec.gov/Archives/edgar/data/215466/000095013395000152/0000950133-95-000152-index.html,https://www.sec.gov/Archives/edgar/data/215466/0000950133-95-000152.txt
0,1994-09-30,CDE,1994-11-14 00:00:00,1994-11-14 00:00:00,Q3,25900000,16400000,4300000.0,0.166023,900000.0,2700000.0,0.0,0.0,7100000.000000001,23500000,0.0,4600000.0,6200000.0,0.239382,2400000.0,0.092664,-1000000.0,1400000.0,0.054054,0.0,1600000.0,0.061776,1.06667,1.06667,1500000.0,1500000.0,https://www.sec.gov/Archives/edgar/data/215466/000090863494000016/0000908634-94-000016-index.html,https://www.sec.gov/Archives/edgar/data/215466/0000908634-94-000016.txt
0,1994-06-30,CDE,1994-08-15 00:00:00,1994-08-15 00:00:00,Q2,22200000,16500000,3000000.0,0.135135,1200000.0,2800000.0,0.0,0.0,7300000.000000001,23800000,0.0,4400000.0,3000000.0,0.135135,-1700000.0,-0.076577,0.0,-1700000.0,-0.076577,-100000.0,-1300000.0,-0.058559,-0.86667,-0.86667,1500000.0,1500000.0,https://www.sec.gov/Archives/edgar/data/215466/000095013394000171/0000950133-94-000171-index.html,https://www.sec.gov/Archives/edgar/data/215466/0000950133-94-000171.txt
