,date,symbol,fillingDate,acceptedDate,period,revenue,costOfRevenue,grossProfit,grossProfitRatio,researchAndDevelopmentExpenses,generalAndAdministrativeExpenses,sellingAndMarketingExpenses,otherExpenses,operatingExpenses,costAndExpenses,interestExpense,depreciationAndAmortization,ebitda,ebitdaratio,operatingIncome,operatingIncomeRatio,totalOtherIncomeExpensesNet,incomeBeforeTax,incomeBeforeTaxRatio,incomeTaxExpense,netIncome,netIncomeRatio,eps,epsdiluted,weightedAverageShsOut,weightedAverageShsOutDil,link,finalLink
0,2020-09-30,LN.TO,2020-09-30,2020-09-30,Q3,0.0,43607.0,-43607.0,0.0,0.0,568330.0,0.0,0.0,0.0,611937.0,7345.0,0.0,-537176.0,0.0,-611937.0,0.0,-28951.0,-617079.0,0.0,0.0,-617079.0,0.0,-0.01,-0.01,111537248,111537248,https://www.sedar.com/ModifyCompanyDocumentSearchForm.do?lang=EN&company_search=Loncor Resources Inc&document_selection=0&industry_group=A&FromDate=13&FromMonth=05&FromYear=2000&ToDate=13&ToMonth=11&ToYear=2020&Variable=Issuer,https://www.sedar.com/ModifyCompanyDocumentSearchForm.do?lang=EN&company_search=Loncor Resources Inc&document_selection=0&industry_group=A&FromDate=13&FromMonth=05&FromYear=2000&ToDate=13&ToMonth=11&ToYear=2020&Variable=Issuer
0,2020-06-30,LN.TO,2020-06-30,2020-06-30,Q2,0.0,49111.0,-49111.0,0.0,0.0,384070.0,0.0,0.0,0.0,433181.0,8670.0,0.0,-346398.0,0.0,-433181.0,0.0,-33519.0,-437698.0,0.0,0.0,-437698.0,0.0,-0.004284,-0.004284,102178911,102178911,https://www.sedar.com/ModifyCompanyDocumentSearchForm.do?lang=EN&company_search=Loncor Resources Inc&document_selection=0&industry_group=A&FromDate=13&FromMonth=05&FromYear=2000&ToDate=13&ToMonth=11&ToYear=2020&Variable=Issuer,https://www.sedar.com/ModifyCompanyDocumentSearchForm.do?lang=EN&company_search=Loncor Resources Inc&document_selection=0&industry_group=A&FromDate=13&FromMonth=05&FromYear=2000&ToDate=13&ToMonth=11&ToYear=2020&Variable=Issuer
0,2020-03-31,LN.TO,2020-03-31,2020-03-31,Q1,0.0,49134.0,-49134.0,0.0,0.0,688086.0,0.0,15147.0,0.0,737220.0,9223.0,0.0,-672375.0,0.0,-737220.0,0.0,81185.0,-664694.0,0.0,0.0,-664694.0,0.0,-0.01,-0.01,99499841,99499841,https://www.sedar.com/ModifyCompanyDocumentSearchForm.do?lang=EN&company_search=Loncor Resources Inc&document_selection=0&industry_group=A&FromDate=13&FromMonth=05&FromYear=2000&ToDate=13&ToMonth=11&ToYear=2020&Variable=Issuer,https://www.sedar.com/ModifyCompanyDocumentSearchForm.do?lang=EN&company_search=Loncor Resources Inc&document_selection=0&industry_group=A&FromDate=13&FromMonth=05&FromYear=2000&ToDate=13&ToMonth=11&ToYear=2020&Variable=Issuer
0,2019-12-31,LN.TO,2019-12-31,2019-12-31,Q4,0.0,49134.0,-49134.0,0.0,0.0,903800.0,0.0,0.0,0.0,952934.0,7548.0,0.0,-862839.0,0.0,-952934.0,0.0,182923.0,-843372.0,0.0,0.0,-843372.0,0.0,-0.007561348474367953,-0.007561348474367953,111537248,111537248,https://www.sedar.com/ModifyCompanyDocumentSearchForm.do?lang=EN&company_search=Loncor Resources Inc&document_selection=0&industry_group=A&FromDate=13&FromMonth=05&FromYear=2000&ToDate=13&ToMonth=11&ToYear=2020&Variable=Issuer,https://www.sedar.com/ModifyCompanyDocumentSearchForm.do?lang=EN&company_search=Loncor Resources Inc&document_selection=0&industry_group=A&FromDate=13&FromMonth=05&FromYear=2000&ToDate=13&ToMonth=11&ToYear=2020&Variable=Issuer
0,2019-09-30,LN.TO,2019-09-30,2019-09-30,Q3,0.0,49160.0,-49160.0,0.0,0.0,220181.0,0.0,0.0,0.0,269341.0,9665.0,0.0,-192409.0,0.0,-269341.0,0.0,-105070.0,-356304.0,0.0,0.0,-356304.0,0.0,-0.003802,-0.003802,93702633,93702633,https://www.sedar.com/ModifyCompanyDocumentSearchForm.do?lang=EN&company_search=Loncor Resources Inc&document_selection=0&industry_group=A&FromDate=13&FromMonth=05&FromYear=2000&ToDate=13&ToMonth=11&ToYear=2020&Variable=Issuer,https://www.sedar.com/ModifyCompanyDocumentSearchForm.do?lang=EN&company_search=Loncor Resources Inc&document_selection=0&industry_group=A&FromDate=13&FromMonth=05&FromYear=2000&ToDate=13&ToMonth=11&ToYear=2020&Variable=Issuer
0,2019-06-30,LN.TO,2019-06-30,2019-06-30,Q2,0.0,49186.0,-49186.0,0.0,0.0,195189.0,0.0,0.0,0.0,244375.0,10060.0,0.0,-172523.0,0.0,-244375.0,0.0,-1941.0,-233710.0,0.0,0.0,-233710.0,0.0,-0.002494,-0.002494,93694866,93694866,https://www.sedar.com/ModifyCompanyDocumentSearchForm.do?lang=EN&company_search=Loncor Resources Inc&document_selection=0&industry_group=A&FromDate=13&FromMonth=05&FromYear=2000&ToDate=13&ToMonth=11&ToYear=2020&Variable=Issuer,https://www.sedar.com/ModifyCompanyDocumentSearchForm.do?lang=EN&company_search=Loncor Resources Inc&document_selection=0&industry_group=A&FromDate=13&FromMonth=05&FromYear=2000&ToDate=13&ToMonth=11&ToYear=2020&Variable=Issuer
0,2019-03-31,LN.TO,2019-03-31,2019-03-31,Q1,0.0,0.0,0.0,0.0,0.0,169149.0,25006.0,0.0,0.0,218363.0,12567.0,49214.0,-144855.0,0.0,-218363.0,0.0,-10723.0,-217359.0,0.0,0.0,-217359.0,0.0,-0.00232,-0.00232,93694866,93694866,https://www.sedar.com/ModifyCompanyDocumentSearchForm.do?lang=EN&company_search=Loncor Resources Inc&document_selection=0&industry_group=A&FromDate=13&FromMonth=05&FromYear=2000&ToDate=13&ToMonth=11&ToYear=2020&Variable=Issuer,https://www.sedar.com/ModifyCompanyDocumentSearchForm.do?lang=EN&company_search=Loncor Resources Inc&document_selection=0&industry_group=A&FromDate=13&FromMonth=05&FromYear=2000&ToDate=13&ToMonth=11&ToYear=2020&Variable=Issuer
0,2018-12-31,LN.TO,2018-12-31,2018-12-31,Q4,0.0,0.0,0.0,0.0,0.0,233479.0,0.0,0.0,0.0,234520.0,913.0,0.0,-228587.0,0.0,-234520.0,0.0,-30530.0,-261071.0,0.0,0.0,-261071.0,0.0,-0.0023406620181268952,-0.0023406620181268952,111537248,111537248,https://www.sedar.com/ModifyCompanyDocumentSearchForm.do?lang=EN&company_search=Loncor Resources Inc&document_selection=0&industry_group=A&FromDate=13&FromMonth=05&FromYear=2000&ToDate=13&ToMonth=11&ToYear=2020&Variable=Issuer,https://www.sedar.com/ModifyCompanyDocumentSearchForm.do?lang=EN&company_search=Loncor Resources Inc&document_selection=0&industry_group=A&FromDate=13&FromMonth=05&FromYear=2000&ToDate=13&ToMonth=11&ToYear=2020&Variable=Issuer
0,2018-09-30,LN.TO,2018-09-30,2018-09-30,Q3,0.0,0.0,0.0,0.0,0.0,197526.0,0.0,0.0,0.0,198599.0,414.0,1073.0,-193345.0,0.0,-198599.0,0.0,-7103.0,-201935.0,0.0,0.0,-201935.0,0.0,-0.002331,-0.002331,86647052,86961337,https://www.sedar.com/ModifyCompanyDocumentSearchForm.do?lang=EN&company_search=Loncor Resources Inc&document_selection=0&industry_group=A&FromDate=13&FromMonth=05&FromYear=2000&ToDate=13&ToMonth=11&ToYear=2020&Variable=Issuer,https://www.sedar.com/ModifyCompanyDocumentSearchForm.do?lang=EN&company_search=Loncor Resources Inc&document_selection=0&industry_group=A&FromDate=13&FromMonth=05&FromYear=2000&ToDate=13&ToMonth=11&ToYear=2020&Variable=Issuer
0,2018-06-30,LN.TO,2018-06-30,2018-06-30,Q2,0.0,0.0,0.0,0.0,0.0,97870.0,0.0,0.0,-32.0,98975.0,791.0,1105.0,-97856.0,0.0,-98975.0,0.0,33316.0,-66436.0,0.0,0.0,-66436.0,0.0,-0.000709,-0.000709,93694866,93694866,https://www.sedar.com/ModifyCompanyDocumentSearchForm.do?lang=EN&company_search=Loncor Resources Inc&document_selection=0&industry_group=A&FromDate=13&FromMonth=05&FromYear=2000&ToDate=13&ToMonth=11&ToYear=2020&Variable=Issuer,https://www.sedar.com/ModifyCompanyDocumentSearchForm.do?lang=EN&company_search=Loncor Resources Inc&document_selection=0&industry_group=A&FromDate=13&FromMonth=05&FromYear=2000&ToDate=13&ToMonth=11&ToYear=2020&Variable=Issuer
0,2018-03-31,LN.TO,2018-03-31,2018-03-31,Q1,0.0,0.0,0.0,0.0,0.0,213127.0,0.0,0.0,0.0,213910.0,3134.0,783.0,-213096.0,0.0,-213910.0,0.0,81693.0,-135320.0,0.0,0.0,-135320.0,0.0,-0.001705,-0.001705,79344866,79344866,https://www.sedar.com/ModifyCompanyDocumentSearchForm.do?lang=EN&company_search=Loncor Resources Inc&document_selection=0&industry_group=A&FromDate=13&FromMonth=05&FromYear=2000&ToDate=13&ToMonth=11&ToYear=2020&Variable=Issuer,https://www.sedar.com/ModifyCompanyDocumentSearchForm.do?lang=EN&company_search=Loncor Resources Inc&document_selection=0&industry_group=A&FromDate=13&FromMonth=05&FromYear=2000&ToDate=13&ToMonth=11&ToYear=2020&Variable=Issuer
0,2017-12-31,LN.TO,,,Q4,0.0,0.0,0.0,0.0,0.0,138393.0,0.0,0.0,0.0,139213.0,2392.0,820.0,69354.0,0.0,-139213.0,0.0,284950.0,143385.0,0.0,0.0,143385.0,0.0,0.0012855346762724502,0.0012855346762724502,111537248,111537248,https://www.sedar.com/ModifyCompanyDocumentSearchForm.do?lang=EN&company_search=Loncor Resources Inc&document_selection=0&industry_group=A&FromDate=13&FromMonth=05&FromYear=2000&ToDate=13&ToMonth=11&ToYear=2020&Variable=Issuer,https://www.sedar.com/ModifyCompanyDocumentSearchForm.do?lang=EN&company_search=Loncor Resources Inc&document_selection=0&industry_group=A&FromDate=13&FromMonth=05&FromYear=2000&ToDate=13&ToMonth=11&ToYear=2020&Variable=Issuer
0,2017-09-30,LN.TO,,,Q3,0.0,0.0,0.0,0.0,0.0,116084.0,46255.0,0.0,0.0,116942.0,845.0,858.0,-116062.0,0.0,-116942.0,0.0,198602.0,80837.0,0.0,0.0,80837.0,0.0,0.001019,0.001019,79344866,79344866,https://www.sedar.com/ModifyCompanyDocumentSearchForm.do?lang=EN&company_search=Loncor Resources Inc&document_selection=0&industry_group=A&FromDate=13&FromMonth=05&FromYear=2000&ToDate=13&ToMonth=11&ToYear=2020&Variable=Issuer,https://www.sedar.com/ModifyCompanyDocumentSearchForm.do?lang=EN&company_search=Loncor Resources Inc&document_selection=0&industry_group=A&FromDate=13&FromMonth=05&FromYear=2000&ToDate=13&ToMonth=11&ToYear=2020&Variable=Issuer
0,2017-06-30,LN.TO,,,Q2,0.0,0.0,0.0,0.0,0.0,169372.0,57517.0,0.0,0.0,170175.0,120.0,803.0,-169336.0,0.0,-170175.0,0.0,65335.0,-104924.0,0.0,0.0,-104924.0,0.0,-0.001322,-0.001322,79344866,79344866,https://www.sedar.com/ModifyCompanyDocumentSearchForm.do?lang=EN&company_search=Loncor Resources Inc&document_selection=0&industry_group=A&FromDate=13&FromMonth=05&FromYear=2000&ToDate=13&ToMonth=11&ToYear=2020&Variable=Issuer,https://www.sedar.com/ModifyCompanyDocumentSearchForm.do?lang=EN&company_search=Loncor Resources Inc&document_selection=0&industry_group=A&FromDate=13&FromMonth=05&FromYear=2000&ToDate=13&ToMonth=11&ToYear=2020&Variable=Issuer
0,2017-03-31,LN.TO,,,Q1,0.0,0.0,0.0,0.0,0.0,139858.0,35695.0,0.0,0.0,140704.0,144.0,846.0,-139799.0,0.0,-140704.0,0.0,-39796.0,-180585.0,0.0,0.0,-180585.0,0.0,-0.002312,-0.002312,78097644,78097644,https://www.sedar.com/ModifyCompanyDocumentSearchForm.do?lang=EN&company_search=Loncor Resources Inc&document_selection=0&industry_group=A&FromDate=13&FromMonth=05&FromYear=2000&ToDate=13&ToMonth=11&ToYear=2020&Variable=Issuer,https://www.sedar.com/ModifyCompanyDocumentSearchForm.do?lang=EN&company_search=Loncor Resources Inc&document_selection=0&industry_group=A&FromDate=13&FromMonth=05&FromYear=2000&ToDate=13&ToMonth=11&ToYear=2020&Variable=Issuer
0,2016-12-31,LN.TO,,,Q4,0.0,0.0,0.0,0.0,0.0,78260.0,4088.0,0.0,0.0,79151.0,161.0,891.0,-78253.0,0.0,-79151.0,0.0,13292.0,-66013.0,0.0,0.0,-66013.0,0.0,-0.0005918471289519354,-0.0005918471289519354,111537248,111537248,https://www.sedar.com/ModifyCompanyDocumentSearchForm.do?lang=EN&company_search=Loncor Resources Inc&document_selection=0&industry_group=A&FromDate=13&FromMonth=05&FromYear=2000&ToDate=13&ToMonth=11&ToYear=2020&Variable=Issuer,https://www.sedar.com/ModifyCompanyDocumentSearchForm.do?lang=EN&company_search=Loncor Resources Inc&document_selection=0&industry_group=A&FromDate=13&FromMonth=05&FromYear=2000&ToDate=13&ToMonth=11&ToYear=2020&Variable=Issuer
0,2016-09-30,LN.TO,,,Q3,0.0,0.0,0.0,0.0,0.0,130954.0,28235.0,0.0,0.0,131891.0,79.0,937.0,-130846.0,0.0,-131891.0,0.0,53717.0,-78145.0,0.0,0.0,-78145.0,0.0,-0.00102,-0.001851,76594866,76594866,https://www.sedar.com/ModifyCompanyDocumentSearchForm.do?lang=EN&company_search=Loncor Resources Inc&document_selection=0&industry_group=A&FromDate=13&FromMonth=05&FromYear=2000&ToDate=13&ToMonth=11&ToYear=2020&Variable=Issuer,https://www.sedar.com/ModifyCompanyDocumentSearchForm.do?lang=EN&company_search=Loncor Resources Inc&document_selection=0&industry_group=A&FromDate=13&FromMonth=05&FromYear=2000&ToDate=13&ToMonth=11&ToYear=2020&Variable=Issuer
0,2016-06-30,LN.TO,,,Q2,0.0,0.0,0.0,0.0,0.0,137858.0,25387.0,0.0,0.0,138845.0,75.0,987.0,-137747.0,0.0,-138845.0,0.0,-12786.0,-151595.0,0.0,0.0,-151595.0,0.0,-0.001998,-0.001998,75885144,75885144,https://www.sedar.com/ModifyCompanyDocumentSearchForm.do?lang=EN&company_search=Loncor Resources Inc&document_selection=0&industry_group=A&FromDate=13&FromMonth=05&FromYear=2000&ToDate=13&ToMonth=11&ToYear=2020&Variable=Issuer,https://www.sedar.com/ModifyCompanyDocumentSearchForm.do?lang=EN&company_search=Loncor Resources Inc&document_selection=0&industry_group=A&FromDate=13&FromMonth=05&FromYear=2000&ToDate=13&ToMonth=11&ToYear=2020&Variable=Issuer
0,2016-03-31,LN.TO,,,Q1,0.0,0.0,0.0,0.0,0.0,157471.0,18779.0,0.0,0.0,158509.0,503.0,1038.0,-157415.0,0.0,-158509.0,0.0,-42901.0,-201857.0,0.0,0.0,-201857.0,0.0,-0.003678,-0.003678,54875421,54875421,https://www.sedar.com/ModifyCompanyDocumentSearchForm.do?lang=EN&company_search=Loncor Resources Inc&document_selection=0&industry_group=A&FromDate=13&FromMonth=05&FromYear=2000&ToDate=13&ToMonth=11&ToYear=2020&Variable=Issuer,https://www.sedar.com/ModifyCompanyDocumentSearchForm.do?lang=EN&company_search=Loncor Resources Inc&document_selection=0&industry_group=A&FromDate=13&FromMonth=05&FromYear=2000&ToDate=13&ToMonth=11&ToYear=2020&Variable=Issuer
0,2015-12-31,LN.TO,2015-12-31,2015-12-31,Q4,0.0,0.0,0.0,0.0,0.0,100969.0,6424.0,0.0,0.0,100969.0,60.0,0.0,-2263824.0,0.0,-100969.0,0.0,-2130443.0,-2232636.0,0.0,0.0,-2232636.0,0.0,-0.020016954336187314,-0.020016954336187314,111537248,111537248,https://www.sedar.com/ModifyCompanyDocumentSearchForm.do?lang=EN&company_search=Loncor Resources Inc&document_selection=0&industry_group=A&FromDate=13&FromMonth=05&FromYear=2000&ToDate=13&ToMonth=11&ToYear=2020&Variable=Issuer,https://www.sedar.com/ModifyCompanyDocumentSearchForm.do?lang=EN&company_search=Loncor Resources Inc&document_selection=0&industry_group=A&FromDate=13&FromMonth=05&FromYear=2000&ToDate=13&ToMonth=11&ToYear=2020&Variable=Issuer
0,2015-09-30,LN.TO,2015-09-30,2015-09-30,Q3,0.0,0.0,0.0,0.0,0.0,90353.0,26208.0,0.0,0.0,97584.0,47.0,7231.0,-89148.0,0.0,-97584.0,0.0,70655.0,-25771.0,0.0,0.0,-25771.0,0.0,-0.00061,-0.00061,42219866,42219866,https://www.sedar.com/ModifyCompanyDocumentSearchForm.do?lang=EN&company_search=Loncor Resources Inc&document_selection=0&industry_group=A&FromDate=13&FromMonth=05&FromYear=2000&ToDate=13&ToMonth=11&ToYear=2020&Variable=Issuer,https://www.sedar.com/ModifyCompanyDocumentSearchForm.do?lang=EN&company_search=Loncor Resources Inc&document_selection=0&industry_group=A&FromDate=13&FromMonth=05&FromYear=2000&ToDate=13&ToMonth=11&ToYear=2020&Variable=Issuer
0,2015-06-30,LN.TO,2015-06-30,2015-06-30,Q2,0.0,0.0,0.0,0.0,0.0,77728.0,16074.0,0.0,0.0,85122.0,844.0,7394.0,-77692.0,0.0,-85122.0,0.0,-8060.0,-93990.0,0.0,0.0,-93990.0,0.0,-0.002226,-0.002226,42219866,42219866,https://www.sedar.com/ModifyCompanyDocumentSearchForm.do?lang=EN&company_search=Loncor Resources Inc&document_selection=0&industry_group=A&FromDate=13&FromMonth=05&FromYear=2000&ToDate=13&ToMonth=11&ToYear=2020&Variable=Issuer,https://www.sedar.com/ModifyCompanyDocumentSearchForm.do?lang=EN&company_search=Loncor Resources Inc&document_selection=0&industry_group=A&FromDate=13&FromMonth=05&FromYear=2000&ToDate=13&ToMonth=11&ToYear=2020&Variable=Issuer
0,2015-03-31,LN.TO,2015-03-31,2015-03-31,Q1,0.0,0.0,0.0,0.0,0.0,139596.0,14432.0,0.0,0.0,147053.0,207.0,7457.0,-139560.0,0.0,-147053.0,0.0,82374.0,-64850.0,0.0,0.0,-64850.0,0.0,0.0,0.0,38865933,38865933,https://www.sedar.com/ModifyCompanyDocumentSearchForm.do?lang=EN&company_search=Loncor Resources Inc&document_selection=0&industry_group=A&FromDate=13&FromMonth=05&FromYear=2000&ToDate=13&ToMonth=11&ToYear=2020&Variable=Issuer,https://www.sedar.com/ModifyCompanyDocumentSearchForm.do?lang=EN&company_search=Loncor Resources Inc&document_selection=0&industry_group=A&FromDate=13&FromMonth=05&FromYear=2000&ToDate=13&ToMonth=11&ToYear=2020&Variable=Issuer
0,2014-12-31,LN.TO,2014-12-31,2014-12-31,Q4,0.0,0.0,0.0,0.0,0.0,245368.0,12055.0,0.0,0.0,253566.0,115.0,8198.0,-245341.0,0.0,-253566.0,0.0,-2116974.0,-2370628.0,0.0,0.0,-2370628.0,0.0,-0.021254137451912028,-0.021254137451912028,111537248,111537248,https://www.sedar.com/ModifyCompanyDocumentSearchForm.do?lang=EN&company_search=Loncor Resources Inc&document_selection=0&industry_group=A&FromDate=13&FromMonth=05&FromYear=2000&ToDate=13&ToMonth=11&ToYear=2020&Variable=Issuer,https://www.sedar.com/ModifyCompanyDocumentSearchForm.do?lang=EN&company_search=Loncor Resources Inc&document_selection=0&industry_group=A&FromDate=13&FromMonth=05&FromYear=2000&ToDate=13&ToMonth=11&ToYear=2020&Variable=Issuer
0,2014-09-30,LN.TO,2014-09-30,2014-09-30,Q3,0.0,0.0,0.0,0.0,0.0,113316.0,19221.0,0.0,0.0,121585.0,232.0,8269.0,-113288.0,0.0,-121585.0,0.0,31967.0,-89822.0,0.0,0.0,-89822.0,0.0,0.0,0.0,36719866,36719866,https://www.sedar.com/ModifyCompanyDocumentSearchForm.do?lang=EN&company_search=Loncor Resources Inc&document_selection=0&industry_group=A&FromDate=13&FromMonth=05&FromYear=2000&ToDate=13&ToMonth=11&ToYear=2020&Variable=Issuer,https://www.sedar.com/ModifyCompanyDocumentSearchForm.do?lang=EN&company_search=Loncor Resources Inc&document_selection=0&industry_group=A&FromDate=13&FromMonth=05&FromYear=2000&ToDate=13&ToMonth=11&ToYear=2020&Variable=Issuer
0,2014-06-30,LN.TO,2014-06-30,2014-06-30,Q2,0.0,0.0,0.0,0.0,0.0,170654.0,8340.0,0.0,0.0,178997.0,170.0,8343.0,-170534.0,0.0,-178997.0,0.0,-24446.0,-203493.0,0.0,0.0,-203493.0,0.0,0.0,0.0,36719866,36719866,https://www.sedar.com/ModifyCompanyDocumentSearchForm.do?lang=EN&company_search=Loncor Resources Inc&document_selection=0&industry_group=A&FromDate=13&FromMonth=05&FromYear=2000&ToDate=13&ToMonth=11&ToYear=2020&Variable=Issuer,https://www.sedar.com/ModifyCompanyDocumentSearchForm.do?lang=EN&company_search=Loncor Resources Inc&document_selection=0&industry_group=A&FromDate=13&FromMonth=05&FromYear=2000&ToDate=13&ToMonth=11&ToYear=2020&Variable=Issuer
0,2014-03-31,LN.TO,2014-03-31,2014-03-31,Q1,0.0,0.0,0.0,0.0,0.0,234307.0,8203.0,0.0,0.0,242729.0,112.0,8422.0,-234089.0,0.0,-242729.0,0.0,3856.0,-238767.0,0.0,0.0,-238767.0,0.0,0.0,0.0,36719866,36719866,https://www.sedar.com/ModifyCompanyDocumentSearchForm.do?lang=EN&company_search=Loncor Resources Inc&document_selection=0&industry_group=A&FromDate=13&FromMonth=05&FromYear=2000&ToDate=13&ToMonth=11&ToYear=2020&Variable=Issuer,https://www.sedar.com/ModifyCompanyDocumentSearchForm.do?lang=EN&company_search=Loncor Resources Inc&document_selection=0&industry_group=A&FromDate=13&FromMonth=05&FromYear=2000&ToDate=13&ToMonth=11&ToYear=2020&Variable=Issuer
0,2013-12-31,LN.TO,2013-12-31,2013-12-31,Q4,0.0,0.0,0.0,0.0,0.0,438239.0,5932.0,0.0,0.0,446743.0,83.0,8504.0,-437462.0,0.0,-446743.0,0.0,-7944713.0,-8390762.0,0.0,0.0,-7577624.0,0.0,-0.06793805778675838,-0.06793805778675838,111537248,111537248,https://www.sedar.com/ModifyCompanyDocumentSearchForm.do?lang=EN&company_search=Loncor Resources Inc&document_selection=0&industry_group=A&FromDate=13&FromMonth=05&FromYear=2000&ToDate=13&ToMonth=11&ToYear=2020&Variable=Issuer,https://www.sedar.com/ModifyCompanyDocumentSearchForm.do?lang=EN&company_search=Loncor Resources Inc&document_selection=0&industry_group=A&FromDate=13&FromMonth=05&FromYear=2000&ToDate=13&ToMonth=11&ToYear=2020&Variable=Issuer
0,2013-09-30,LN.TO,2013-09-30,2013-09-30,Q3,0.0,0.0,0.0,0.0,0.0,403386.0,11642.0,0.0,0.0,412189.0,215.0,8803.0,-398856.0,0.0,-412189.0,0.0,-17829840,-18237714,0.0,0.0,-18237714,0.0,-0.5,-0.5,36719866,36719866,https://www.sedar.com/ModifyCompanyDocumentSearchForm.do?lang=EN&company_search=Loncor Resources Inc&document_selection=0&industry_group=A&FromDate=13&FromMonth=05&FromYear=2000&ToDate=13&ToMonth=11&ToYear=2020&Variable=Issuer,https://www.sedar.com/ModifyCompanyDocumentSearchForm.do?lang=EN&company_search=Loncor Resources Inc&document_selection=0&industry_group=A&FromDate=13&FromMonth=05&FromYear=2000&ToDate=13&ToMonth=11&ToYear=2020&Variable=Issuer
0,2013-06-30,LN.TO,2013-06-30,2013-06-30,Q2,0.0,0.0,0.0,0.0,0.0,552004.0,18557.0,0.0,0.0,560899.0,2027.0,8895.0,-539502.0,0.0,-560899.0,0.0,-89515.0,-639939.0,0.0,0.0,-639939.0,0.0,-0.02,-0.02,36719866,36719866,https://www.sedar.com/ModifyCompanyDocumentSearchForm.do?lang=EN&company_search=Loncor Resources Inc&document_selection=0&industry_group=A&FromDate=13&FromMonth=05&FromYear=2000&ToDate=13&ToMonth=11&ToYear=2020&Variable=Issuer,https://www.sedar.com/ModifyCompanyDocumentSearchForm.do?lang=EN&company_search=Loncor Resources Inc&document_selection=0&industry_group=A&FromDate=13&FromMonth=05&FromYear=2000&ToDate=13&ToMonth=11&ToYear=2020&Variable=Issuer
0,2013-03-31,LN.TO,2013-03-31,2013-03-31,Q1,0.0,0.0,0.0,0.0,0.0,593399.0,36906.0,0.0,0.0,602390.0,860.0,8991.0,-569837.0,0.0,-602390.0,0.0,-189486.0,-769174.0,0.0,0.0,-769174.0,0.0,-0.02,-0.02,36719866,36719866,https://www.sedar.com/ModifyCompanyDocumentSearchForm.do?lang=EN&company_search=Loncor Resources Inc&document_selection=0&industry_group=A&FromDate=13&FromMonth=05&FromYear=2000&ToDate=13&ToMonth=11&ToYear=2020&Variable=Issuer,https://www.sedar.com/ModifyCompanyDocumentSearchForm.do?lang=EN&company_search=Loncor Resources Inc&document_selection=0&industry_group=A&FromDate=13&FromMonth=05&FromYear=2000&ToDate=13&ToMonth=11&ToYear=2020&Variable=Issuer
0,2012-12-31,LN.TO,2012-12-31,2012-12-31,Q4,0.0,0.0,0.0,0.0,0.0,587807.0,19174.0,0.0,0.0,596899.0,113.0,9092.0,-555811.0,0.0,-596899.0,0.0,-241416.0,-806432.0,0.0,0.0,-861755.0,0.0,-0.007726163371002304,-0.007726163371002304,111537248,111537248,https://www.sedar.com/ModifyCompanyDocumentSearchForm.do?lang=EN&company_search=Loncor Resources Inc&document_selection=0&industry_group=A&FromDate=13&FromMonth=05&FromYear=2000&ToDate=13&ToMonth=11&ToYear=2020&Variable=Issuer,https://www.sedar.com/ModifyCompanyDocumentSearchForm.do?lang=EN&company_search=Loncor Resources Inc&document_selection=0&industry_group=A&FromDate=13&FromMonth=05&FromYear=2000&ToDate=13&ToMonth=11&ToYear=2020&Variable=Issuer
0,2012-09-30,LN.TO,2012-09-30,2012-09-30,Q3,0.0,0.0,0.0,0.0,0.0,612856.0,48308.0,0.0,0.0,622054.0,266.0,9198.0,-604760.0,0.0,-622054.0,0.0,113851.0,-500373.0,0.0,0.0,-500373.0,0.0,-0.02,-0.02,29672366,29672366,https://www.sedar.com/ModifyCompanyDocumentSearchForm.do?lang=EN&company_search=Loncor Resources Inc&document_selection=0&industry_group=A&FromDate=13&FromMonth=05&FromYear=2000&ToDate=13&ToMonth=11&ToYear=2020&Variable=Issuer,https://www.sedar.com/ModifyCompanyDocumentSearchForm.do?lang=EN&company_search=Loncor Resources Inc&document_selection=0&industry_group=A&FromDate=13&FromMonth=05&FromYear=2000&ToDate=13&ToMonth=11&ToYear=2020&Variable=Issuer
0,2012-06-30,LN.TO,2012-06-30,2012-06-30,Q2,0.0,0.0,0.0,0.0,0.0,700917.0,82871.0,0.0,165968.0,875981.0,416.0,9096.0,-1017470.0,0.0,-875981.0,0.0,150585.0,0.0,0.0,0.0,-706353.0,0.0,-0.02,-0.02,29672366,29718418,https://www.sedar.com/ModifyCompanyDocumentSearchForm.do?lang=EN&company_search=Loncor Resources Inc&document_selection=0&industry_group=A&FromDate=13&FromMonth=05&FromYear=2000&ToDate=13&ToMonth=11&ToYear=2020&Variable=Issuer,https://www.sedar.com/ModifyCompanyDocumentSearchForm.do?lang=EN&company_search=Loncor Resources Inc&document_selection=0&industry_group=A&FromDate=13&FromMonth=05&FromYear=2000&ToDate=13&ToMonth=11&ToYear=2020&Variable=Issuer
0,2012-03-31,LN.TO,2012-03-31,2012-03-31,Q1,0.0,0.0,0.0,0.0,0.0,758736.0,75957.0,0.0,0.0,761867.0,361.0,3131.0,-1484849.0,0.0,-761867.0,0.0,726113.0,0.0,0.0,0.0,-13342.0,0.0,0.0,0.0,29379646,29710767,https://www.sedar.com/ModifyCompanyDocumentSearchForm.do?lang=EN&company_search=Loncor Resources Inc&document_selection=0&industry_group=A&FromDate=13&FromMonth=05&FromYear=2000&ToDate=13&ToMonth=11&ToYear=2020&Variable=Issuer,https://www.sedar.com/ModifyCompanyDocumentSearchForm.do?lang=EN&company_search=Loncor Resources Inc&document_selection=0&industry_group=A&FromDate=13&FromMonth=05&FromYear=2000&ToDate=13&ToMonth=11&ToYear=2020&Variable=Issuer
0,2011-12-31,LN.TO,2011-12-31,2011-12-31,Q4,0.0,0.0,0.0,0.0,0.0,973025.0,68304.0,0.0,0.0,976269.0,564.0,3244.0,-949089.0,0.0,-976269.0,0.0,1925306.0,972409.0,0.0,0.0,779386.0,0.0,0.0069876746465898105,0.0069876746465898105,111537248,111537248,https://www.sedar.com/ModifyCompanyDocumentSearchForm.do?lang=EN&company_search=Loncor Resources Inc&document_selection=0&industry_group=A&FromDate=13&FromMonth=05&FromYear=2000&ToDate=13&ToMonth=11&ToYear=2020&Variable=Issuer,https://www.sedar.com/ModifyCompanyDocumentSearchForm.do?lang=EN&company_search=Loncor Resources Inc&document_selection=0&industry_group=A&FromDate=13&FromMonth=05&FromYear=2000&ToDate=13&ToMonth=11&ToYear=2020&Variable=Issuer
0,2011-09-30,LN.TO,2011-09-30,2011-09-30,Q3,0.0,0.0,0.0,0.0,0.0,884632.0,79794.0,0.0,0.0,887994.0,252.0,3362.0,-856952.0,0.0,-887994.0,0.0,3243769.0,2383203.0,0.0,0.0,2383203.0,0.0,0.08,0.08,29031243,29870418,https://www.sedar.com/ModifyCompanyDocumentSearchForm.do?lang=EN&company_search=Loncor Resources Inc&document_selection=0&industry_group=A&FromDate=13&FromMonth=05&FromYear=2000&ToDate=13&ToMonth=11&ToYear=2020&Variable=Issuer,https://www.sedar.com/ModifyCompanyDocumentSearchForm.do?lang=EN&company_search=Loncor Resources Inc&document_selection=0&industry_group=A&FromDate=13&FromMonth=05&FromYear=2000&ToDate=13&ToMonth=11&ToYear=2020&Variable=Issuer
0,2011-06-30,LN.TO,2011-06-30,2011-06-30,Q2,0.0,0.0,0.0,0.0,0.0,1045967.0,43572.0,0.0,0.0,1049352.0,114.0,3385.0,-1017460.0,0.0,-1049352.0,0.0,530376.0,-490583.0,0.0,0.0,-490583.0,0.0,-0.02,-0.02,28905882,29671523,https://www.sedar.com/ModifyCompanyDocumentSearchForm.do?lang=EN&company_search=Loncor Resources Inc&document_selection=0&industry_group=A&FromDate=13&FromMonth=05&FromYear=2000&ToDate=13&ToMonth=11&ToYear=2020&Variable=Issuer,https://www.sedar.com/ModifyCompanyDocumentSearchForm.do?lang=EN&company_search=Loncor Resources Inc&document_selection=0&industry_group=A&FromDate=13&FromMonth=05&FromYear=2000&ToDate=13&ToMonth=11&ToYear=2020&Variable=Issuer
0,2011-03-31,LN.TO,2011-03-31,2011-03-31,Q1,0.0,0.0,0.0,0.0,0.0,1678480.0,136769.0,0.0,0.0,1681997.0,136.0,3517.0,-1648906.0,0.0,-1681997.0,0.0,-486287.0,-2138846.0,0.0,0.0,-2138846.0,0.0,-0.08,-0.08,27060333,27060333,https://www.sedar.com/ModifyCompanyDocumentSearchForm.do?lang=EN&company_search=Loncor Resources Inc&document_selection=0&industry_group=A&FromDate=13&FromMonth=05&FromYear=2000&ToDate=13&ToMonth=11&ToYear=2020&Variable=Issuer,https://www.sedar.com/ModifyCompanyDocumentSearchForm.do?lang=EN&company_search=Loncor Resources Inc&document_selection=0&industry_group=A&FromDate=13&FromMonth=05&FromYear=2000&ToDate=13&ToMonth=11&ToYear=2020&Variable=Issuer
0,2010-12-31,LN.TO,2010-12-31,2010-12-31,Q4,0.0,0.0,0.0,0.0,0.0,827012.0,8107.0,0.0,0.0,827224.0,798.0,0.0,-816983.0,0.0,-827224.0,0.0,-843734.0,-1661727.0,0.0,0.0,-1576780.0,0.0,-0.014136802084268745,-0.014136802084268745,111537248,111537248,https://www.sedar.com/ModifyCompanyDocumentSearchForm.do?lang=EN&company_search=Loncor Resources Inc&document_selection=0&industry_group=A&FromDate=13&FromMonth=05&FromYear=2000&ToDate=13&ToMonth=11&ToYear=2020&Variable=Issuer,https://www.sedar.com/ModifyCompanyDocumentSearchForm.do?lang=EN&company_search=Loncor Resources Inc&document_selection=0&industry_group=A&FromDate=13&FromMonth=05&FromYear=2000&ToDate=13&ToMonth=11&ToYear=2020&Variable=Issuer
0,2010-09-30,LN.TO,2010-09-30,2010-09-30,Q3,0.0,0.0,0.0,0.0,0.0,535393.0,6490.0,0.0,0.0,535606.0,196.0,0.0,-523777.0,0.0,-535606.0,0.0,166959.0,-357227.0,0.0,0.0,-357227.0,0.0,-0.02,-0.02,21459873,21459873,https://www.sedar.com/ModifyCompanyDocumentSearchForm.do?lang=EN&company_search=Loncor Resources Inc&document_selection=0&industry_group=A&FromDate=13&FromMonth=05&FromYear=2000&ToDate=13&ToMonth=11&ToYear=2020&Variable=Issuer,https://www.sedar.com/ModifyCompanyDocumentSearchForm.do?lang=EN&company_search=Loncor Resources Inc&document_selection=0&industry_group=A&FromDate=13&FromMonth=05&FromYear=2000&ToDate=13&ToMonth=11&ToYear=2020&Variable=Issuer
0,2010-06-30,LN.TO,2010-06-30,2010-06-30,Q2,0.0,0.0,0.0,0.0,0.0,657364.0,0.0,0.0,223852.0,881429.0,174.0,0.0,-881216.0,0.0,-881429.0,0.0,0.0,0.0,0.0,0.0,-871980.0,0.0,-0.04,-0.04,19835586,19835586,https://www.sedar.com/ModifyCompanyDocumentSearchForm.do?lang=EN&company_search=Loncor Resources Inc&document_selection=0&industry_group=A&FromDate=13&FromMonth=05&FromYear=2000&ToDate=13&ToMonth=11&ToYear=2020&Variable=Issuer,https://www.sedar.com/ModifyCompanyDocumentSearchForm.do?lang=EN&company_search=Loncor Resources Inc&document_selection=0&industry_group=A&FromDate=13&FromMonth=05&FromYear=2000&ToDate=13&ToMonth=11&ToYear=2020&Variable=Issuer
0,2010-03-31,LN.TO,2010-03-31,2010-03-31,Q1,0.0,0.0,0.0,0.0,0.0,586419.0,0.0,0.0,-211718.0,374914.0,63.0,0.0,-374701.0,0.0,-374914.0,0.0,0.0,0.0,0.0,0.0,-373447.0,0.0,-0.02,-0.02,18193251,18193251,https://www.sedar.com/ModifyCompanyDocumentSearchForm.do?lang=EN&company_search=Loncor Resources Inc&document_selection=0&industry_group=A&FromDate=13&FromMonth=05&FromYear=2000&ToDate=13&ToMonth=11&ToYear=2020&Variable=Issuer,https://www.sedar.com/ModifyCompanyDocumentSearchForm.do?lang=EN&company_search=Loncor Resources Inc&document_selection=0&industry_group=A&FromDate=13&FromMonth=05&FromYear=2000&ToDate=13&ToMonth=11&ToYear=2020&Variable=Issuer
0,2009-12-31,LN.TO,2009-12-31,2009-12-31,Q4,1129.0,0.0,1129.0,1.0,0.0,385177.0,0.0,0.0,89220.0,474609.0,31777.0,0.0,-470654.0,-416.8768821966342,-473480.0,0.0,-2614.0,0.0,0.0,0.0,-508862.0,-450.71922054915854,-0.004562260671878869,-0.004562260671878869,111537248,111537248,https://www.sedar.com/ModifyCompanyDocumentSearchForm.do?lang=EN&company_search=Loncor Resources Inc&document_selection=0&industry_group=A&FromDate=13&FromMonth=05&FromYear=2000&ToDate=13&ToMonth=11&ToYear=2020&Variable=Issuer,https://www.sedar.com/ModifyCompanyDocumentSearchForm.do?lang=EN&company_search=Loncor Resources Inc&document_selection=0&industry_group=A&FromDate=13&FromMonth=05&FromYear=2000&ToDate=13&ToMonth=11&ToYear=2020&Variable=Issuer
0,2009-09-30,LN.TO,2009-09-30,2009-09-30,Q3,0.0,0.0,0.0,0.0,0.0,105598.0,0.0,0.0,35955.0,141553.0,38384.0,0.0,-141553.0,0.0,-141553.0,0.0,0.0,0.0,0.0,0.0,-179265.0,0.0,-0.02,-0.02,13974449,13974449,https://www.sedar.com/ModifyCompanyDocumentSearchForm.do?lang=EN&company_search=Loncor Resources Inc&document_selection=0&industry_group=A&FromDate=13&FromMonth=05&FromYear=2000&ToDate=13&ToMonth=11&ToYear=2020&Variable=Issuer,https://www.sedar.com/ModifyCompanyDocumentSearchForm.do?lang=EN&company_search=Loncor Resources Inc&document_selection=0&industry_group=A&FromDate=13&FromMonth=05&FromYear=2000&ToDate=13&ToMonth=11&ToYear=2020&Variable=Issuer
0,2009-06-30,LN.TO,2009-06-30,2009-06-30,Q2,1065.0,0.0,1065.0,1.0,0.0,103730.0,0.0,0.0,66780.0,170619.0,37646.0,0.0,-167921.0,-157.67230046948356,-169554.0,0.0,-1524.0,0.0,0.0,0.0,-207838.0,-195.1530516431925,-0.02,-0.02,10391900,10391900,https://www.sedar.com/ModifyCompanyDocumentSearchForm.do?lang=EN&company_search=Loncor Resources Inc&document_selection=0&industry_group=A&FromDate=13&FromMonth=05&FromYear=2000&ToDate=13&ToMonth=11&ToYear=2020&Variable=Issuer,https://www.sedar.com/ModifyCompanyDocumentSearchForm.do?lang=EN&company_search=Loncor Resources Inc&document_selection=0&industry_group=A&FromDate=13&FromMonth=05&FromYear=2000&ToDate=13&ToMonth=11&ToYear=2020&Variable=Issuer
0,2009-03-31,LN.TO,2009-03-31,2009-03-31,Q1,0.0,0.0,0.0,0.0,0.0,116564.0,0.0,0.0,-43646.0,79277.0,37653.0,0.0,-72918.0,0.0,-79277.0,0.0,0.0,0.0,0.0,0.0,-114926.0,0.0,0.0,0.0,13876623,13876623,https://www.sedar.com/ModifyCompanyDocumentSearchForm.do?lang=EN&company_search=Loncor Resources Inc&document_selection=0&industry_group=A&FromDate=13&FromMonth=05&FromYear=2000&ToDate=13&ToMonth=11&ToYear=2020&Variable=Issuer,https://www.sedar.com/ModifyCompanyDocumentSearchForm.do?lang=EN&company_search=Loncor Resources Inc&document_selection=0&industry_group=A&FromDate=13&FromMonth=05&FromYear=2000&ToDate=13&ToMonth=11&ToYear=2020&Variable=Issuer
0,2008-12-31,LN.TO,2008-12-31,2008-12-31,Q4,166003.0,0.0,166003.0,1.0,0.0,280669.0,0.0,0.0,-22387.0,264640.0,12758.0,0.0,-92279.0,-0.5558875442010084,-98637.0,0.0,0.0,0.0,0.0,0.0,-105377.0,-0.6347897327156738,-0.0009447695894379607,-0.0009447695894379607,111537248,111537248,https://www.sedar.com/ModifyCompanyDocumentSearchForm.do?lang=EN&company_search=Loncor Resources Inc&document_selection=0&industry_group=A&FromDate=13&FromMonth=05&FromYear=2000&ToDate=13&ToMonth=11&ToYear=2020&Variable=Issuer,https://www.sedar.com/ModifyCompanyDocumentSearchForm.do?lang=EN&company_search=Loncor Resources Inc&document_selection=0&industry_group=A&FromDate=13&FromMonth=05&FromYear=2000&ToDate=13&ToMonth=11&ToYear=2020&Variable=Issuer
0,2008-09-30,LN.TO,2008-09-30,2008-09-30,Q3,0.0,0.0,0.0,0.0,0.0,82084.0,0.0,0.0,-7497.0,80947.0,97.0,0.0,-74587.0,0.0,-80947.0,0.0,0.0,0.0,0.0,0.0,-72927.0,0.0,0.0,0.0,12376623,12376623,https://www.sedar.com/ModifyCompanyDocumentSearchForm.do?lang=EN&company_search=Loncor Resources Inc&document_selection=0&industry_group=A&FromDate=13&FromMonth=05&FromYear=2000&ToDate=13&ToMonth=11&ToYear=2020&Variable=Issuer,https://www.sedar.com/ModifyCompanyDocumentSearchForm.do?lang=EN&company_search=Loncor Resources Inc&document_selection=0&industry_group=A&FromDate=13&FromMonth=05&FromYear=2000&ToDate=13&ToMonth=11&ToYear=2020&Variable=Issuer
0,2008-06-30,LN.TO,2008-06-30,2008-06-30,Q2,0.0,0.0,0.0,0.0,0.0,113323.0,0.0,0.0,20515.0,140196.0,154.0,0.0,-133838.0,0.0,-140196.0,0.0,0.0,0.0,0.0,0.0,-129608.0,0.0,-0.02,-0.02,6480400.0,6480400.0,https://www.sedar.com/ModifyCompanyDocumentSearchForm.do?lang=EN&company_search=Loncor Resources Inc&document_selection=0&industry_group=A&FromDate=13&FromMonth=05&FromYear=2000&ToDate=13&ToMonth=11&ToYear=2020&Variable=Issuer,https://www.sedar.com/ModifyCompanyDocumentSearchForm.do?lang=EN&company_search=Loncor Resources Inc&document_selection=0&industry_group=A&FromDate=13&FromMonth=05&FromYear=2000&ToDate=13&ToMonth=11&ToYear=2020&Variable=Issuer
0,2008-03-31,LN.TO,2008-03-31,2008-03-31,Q1,0.0,0.0,0.0,0.0,0.0,100340.0,0.0,0.0,-33893.0,72806.0,90.0,0.0,-66447.0,0.0,-72806.0,0.0,0.0,0.0,0.0,0.0,-63210.0,0.0,0.0,0.0,11618381,11618381,https://www.sedar.com/ModifyCompanyDocumentSearchForm.do?lang=EN&company_search=Loncor Resources Inc&document_selection=0&industry_group=A&FromDate=13&FromMonth=05&FromYear=2000&ToDate=13&ToMonth=11&ToYear=2020&Variable=Issuer,https://www.sedar.com/ModifyCompanyDocumentSearchForm.do?lang=EN&company_search=Loncor Resources Inc&document_selection=0&industry_group=A&FromDate=13&FromMonth=05&FromYear=2000&ToDate=13&ToMonth=11&ToYear=2020&Variable=Issuer
0,2007-06-30,LN.TO,,,Q2,0.0,0.0,0.0,0.0,0.0,81441.991545,0.0,0.0,0.0,88279.004227,4.697041,0.0,-50300.610615,0.0,-88279.004227,0.0,-31141.38093,0.0,0.0,0.0,-104906.528887,0.0,-0.019915,-0.019915,10076623,10076623,https://www.sedar.com/ModifyCompanyDocumentSearchForm.do?lang=EN&company_search=Loncor Resources Inc&document_selection=0&industry_group=A&FromDate=13&FromMonth=05&FromYear=2000&ToDate=13&ToMonth=11&ToYear=2020&Variable=Issuer,https://www.sedar.com/ModifyCompanyDocumentSearchForm.do?lang=EN&company_search=Loncor Resources Inc&document_selection=0&industry_group=A&FromDate=13&FromMonth=05&FromYear=2000&ToDate=13&ToMonth=11&ToYear=2020&Variable=Issuer
0,2007-03-31,LN.TO,,,Q1,0.0,0.0,0.0,0.0,0.0,84311.719834,0.0,0.0,0.0,91158.980583,0.0,0.0,-80933.599168,0.0,-91158.980583,0.0,-3378.120666,0.0,0.0,0.0,-86502.253814,0.0,-0.008669,-0.008669,10076623,10076623,https://www.sedar.com/ModifyCompanyDocumentSearchForm.do?lang=EN&company_search=Loncor Resources Inc&document_selection=0&industry_group=A&FromDate=13&FromMonth=05&FromYear=2000&ToDate=13&ToMonth=11&ToYear=2020&Variable=Issuer,https://www.sedar.com/ModifyCompanyDocumentSearchForm.do?lang=EN&company_search=Loncor Resources Inc&document_selection=0&industry_group=A&FromDate=13&FromMonth=05&FromYear=2000&ToDate=13&ToMonth=11&ToYear=2020&Variable=Issuer
0,2006-12-31,LN.TO,2006-12-31,2006-12-31,Q4,1782.948463,690.067781,1092.880682,0.6129625755761399,0.0,196764.503104,0.0,0.0,0.0,-2859766.184015,325.410898,0.0,2797066.567871,1568.7871107416302,2861549.132478,0.0,71294.587784,0.0,0.0,0.0,-109929.492917,-61.65601260960284,-0.0009855854872535496,-0.0009855854872535496,111537248,111537248,https://www.sedar.com/ModifyCompanyDocumentSearchForm.do?lang=EN&company_search=Loncor Resources Inc&document_selection=0&industry_group=A&FromDate=13&FromMonth=05&FromYear=2000&ToDate=13&ToMonth=11&ToYear=2020&Variable=Issuer,https://www.sedar.com/ModifyCompanyDocumentSearchForm.do?lang=EN&company_search=Loncor Resources Inc&document_selection=0&industry_group=A&FromDate=13&FromMonth=05&FromYear=2000&ToDate=13&ToMonth=11&ToYear=2020&Variable=Issuer
0,2006-09-30,LN.TO,2006-09-30,2006-09-30,Q3,145569.586244,150.456744,145419.1295,0.9989664273432239,0.0,200676.159771,0.0,0.0,550.779151,208233.924413,171.950564,0.0,-55288.375425,-0.37980718947931225,-62664.338169,0.0,-519.433996,0.0,0.0,0.0,-62424.32384,-0.42882806395675227,-0.019882,-0.019882,9823876.0,9823876.0,https://www.sedar.com/ModifyCompanyDocumentSearchForm.do?lang=EN&company_search=Loncor Resources Inc&document_selection=0&industry_group=A&FromDate=13&FromMonth=05&FromYear=2000&ToDate=13&ToMonth=11&ToYear=2020&Variable=Issuer,https://www.sedar.com/ModifyCompanyDocumentSearchForm.do?lang=EN&company_search=Loncor Resources Inc&document_selection=0&industry_group=A&FromDate=13&FromMonth=05&FromYear=2000&ToDate=13&ToMonth=11&ToYear=2020&Variable=Issuer
0,2006-06-30,LN.TO,2006-06-30,2006-06-30,Q2,22026.566146,20067.31287,1959.253276,0.08894955586873436,0.0,196393.825166,0.0,0.0,7960.868785,231279.842039,372.464549,0.0,-200105.008078,-9.084711922486331,-209253.275893,0.0,-2290.432597,0.0,0.0,0.0,-192370.310537,-8.733558797222427,-0.019925,-0.019925,9695408.0,9695408.0,https://www.sedar.com/ModifyCompanyDocumentSearchForm.do?lang=EN&company_search=Loncor Resources Inc&document_selection=0&industry_group=A&FromDate=13&FromMonth=05&FromYear=2000&ToDate=13&ToMonth=11&ToYear=2020&Variable=Issuer,https://www.sedar.com/ModifyCompanyDocumentSearchForm.do?lang=EN&company_search=Loncor Resources Inc&document_selection=0&industry_group=A&FromDate=13&FromMonth=05&FromYear=2000&ToDate=13&ToMonth=11&ToYear=2020&Variable=Issuer
0,2006-03-31,LN.TO,2006-03-31,2006-03-31,Q1,2629.95368,84.062446,2545.891233,0.9680365294494463,0.0,57886.429919,0.0,0.0,4753.817121,69768.399382,429.747813,0.0,-57789.500772,-21.97358121227443,-67138.445703,0.0,-2304.855035,0.0,0.0,0.0,-63571.796191,-24.17221134898467,-0.0199,-0.0199,9309957.0,9309957.0,https://www.sedar.com/ModifyCompanyDocumentSearchForm.do?lang=EN&company_search=Loncor Resources Inc&document_selection=0&industry_group=A&FromDate=13&FromMonth=05&FromYear=2000&ToDate=13&ToMonth=11&ToYear=2020&Variable=Issuer,https://www.sedar.com/ModifyCompanyDocumentSearchForm.do?lang=EN&company_search=Loncor Resources Inc&document_selection=0&industry_group=A&FromDate=13&FromMonth=05&FromYear=2000&ToDate=13&ToMonth=11&ToYear=2020&Variable=Issuer
0,2005-12-31,LN.TO,2005-12-31,2005-12-31,Q4,-17144.86435,-72401.399092,55256.534741,-3.222920497530796,0.0,432013.04096,0.0,0.0,0.0,329015.832506,263.59894,0.0,-157889.03674,9.209115541354517,-346160.696856,0.0,-180843.988637,0.0,0.0,0.0,-318011.489743,18.548498445425146,-0.002851168514961029,-0.002851168514961029,111537248,111537248,https://www.sedar.com/ModifyCompanyDocumentSearchForm.do?lang=EN&company_search=Loncor Resources Inc&document_selection=0&industry_group=A&FromDate=13&FromMonth=05&FromYear=2000&ToDate=13&ToMonth=11&ToYear=2020&Variable=Issuer,https://www.sedar.com/ModifyCompanyDocumentSearchForm.do?lang=EN&company_search=Loncor Resources Inc&document_selection=0&industry_group=A&FromDate=13&FromMonth=05&FromYear=2000&ToDate=13&ToMonth=11&ToYear=2020&Variable=Issuer
0,2005-09-30,LN.TO,2005-09-30,2005-09-30,Q3,148574.3775,50931.062659,97643.314841,0.6572015746187461,0.0,197383.563411,0.0,0.0,9958.284952,268402.356685,0.0,0.0,-162082.31196,-1.090916985063592,-119827.979185,0.0,52383.778437,0.0,0.0,0.0,-120324.259235,-0.8098587472459712,-0.019954,-0.019954,7776623.0,7776623.0,https://www.sedar.com/ModifyCompanyDocumentSearchForm.do?lang=EN&company_search=Loncor Resources Inc&document_selection=0&industry_group=A&FromDate=13&FromMonth=05&FromYear=2000&ToDate=13&ToMonth=11&ToYear=2020&Variable=Issuer,https://www.sedar.com/ModifyCompanyDocumentSearchForm.do?lang=EN&company_search=Loncor Resources Inc&document_selection=0&industry_group=A&FromDate=13&FromMonth=05&FromYear=2000&ToDate=13&ToMonth=11&ToYear=2020&Variable=Issuer
0,2005-06-30,LN.TO,2005-06-30,2005-06-30,Q2,348068.634494,153905.178606,194163.455887,0.5578309466730964,0.0,271684.189904,0.0,0.0,-197880.069222,243375.726507,484.882126,0.0,182909.455437,0.5254982417559747,104692.907987,0.0,-62513.877098,0.0,0.0,0.0,-330572.879253,-0.9497347548524899,-0.039999,-0.039999,7776623.0,7776623.0,https://www.sedar.com/ModifyCompanyDocumentSearchForm.do?lang=EN&company_search=Loncor Resources Inc&document_selection=0&industry_group=A&FromDate=13&FromMonth=05&FromYear=2000&ToDate=13&ToMonth=11&ToYear=2020&Variable=Issuer,https://www.sedar.com/ModifyCompanyDocumentSearchForm.do?lang=EN&company_search=Loncor Resources Inc&document_selection=0&industry_group=A&FromDate=13&FromMonth=05&FromYear=2000&ToDate=13&ToMonth=11&ToYear=2020&Variable=Issuer
0,2005-03-31,LN.TO,2005-03-31,2005-03-31,Q1,59567.661404,2024.468877,57543.192527,0.9660139607752999,0.0,241419.360172,0.0,0.0,16569.397371,275502.190626,731.586344,0.0,-231495.412086,-3.88625987036743,-215934.529222,0.0,31049.84707,0.0,0.0,0.0,-216223.857155,-3.62988662067033,-0.020005,-0.020005,7776623.0,7776623.0,https://www.sedar.com/ModifyCompanyDocumentSearchForm.do?lang=EN&company_search=Loncor Resources Inc&document_selection=0&industry_group=A&FromDate=13&FromMonth=05&FromYear=2000&ToDate=13&ToMonth=11&ToYear=2020&Variable=Issuer,https://www.sedar.com/ModifyCompanyDocumentSearchForm.do?lang=EN&company_search=Loncor Resources Inc&document_selection=0&industry_group=A&FromDate=13&FromMonth=05&FromYear=2000&ToDate=13&ToMonth=11&ToYear=2020&Variable=Issuer
0,2004-12-31,LN.TO,2004-12-31,2004-12-31,Q4,239507.411424,49504.390703,190003.020721,0.7933074788430561,0.0,429904.160006,0.0,0.0,0.0,483844.422326,744.723503,0.0,-768804.718598,-3.2099412457720775,-244337.010902,0.0,539921.744697,0.0,0.0,0.0,914220.010817,3.817084429168483,0.008196544447797384,0.008196544447797384,111537248,111537248,https://www.sedar.com/ModifyCompanyDocumentSearchForm.do?lang=EN&company_search=Loncor Resources Inc&document_selection=0&industry_group=A&FromDate=13&FromMonth=05&FromYear=2000&ToDate=13&ToMonth=11&ToYear=2020&Variable=Issuer,https://www.sedar.com/ModifyCompanyDocumentSearchForm.do?lang=EN&company_search=Loncor Resources Inc&document_selection=0&industry_group=A&FromDate=13&FromMonth=05&FromYear=2000&ToDate=13&ToMonth=11&ToYear=2020&Variable=Issuer
0,2004-09-30,LN.TO,2004-09-30,2004-09-30,Q3,261833.665031,3584.709679,258248.955352,0.9863092101675481,0.0,507274.875316,0.0,0.0,20279.260064,547748.554936,0.0,0.0,-480359.025999,-1.8345961201823588,-285914.889906,0.0,211053.845971,0.0,0.0,0.0,-286150.381782,-1.092870856572706,-0.039962,-0.039962,7776623.0,7776623.0,https://www.sedar.com/ModifyCompanyDocumentSearchForm.do?lang=EN&company_search=Loncor Resources Inc&document_selection=0&industry_group=A&FromDate=13&FromMonth=05&FromYear=2000&ToDate=13&ToMonth=11&ToYear=2020&Variable=Issuer,https://www.sedar.com/ModifyCompanyDocumentSearchForm.do?lang=EN&company_search=Loncor Resources Inc&document_selection=0&industry_group=A&FromDate=13&FromMonth=05&FromYear=2000&ToDate=13&ToMonth=11&ToYear=2020&Variable=Issuer
0,2004-06-30,LN.TO,2004-06-30,2004-06-30,Q2,372747.457169,112243.091602,260504.365568,0.6988763050096138,0.0,285355.84626,0.0,0.0,-10239.581146,405218.428396,307.53998,0.0,-125300.469687,-0.33615378797926987,-32470.971226,0.0,110698.640823,0.0,0.0,0.0,-32777.761109,-0.08793557267417894,-0.019953,-0.019953,7776623.0,7776623.0,https://www.sedar.com/ModifyCompanyDocumentSearchForm.do?lang=EN&company_search=Loncor Resources Inc&document_selection=0&industry_group=A&FromDate=13&FromMonth=05&FromYear=2000&ToDate=13&ToMonth=11&ToYear=2020&Variable=Issuer,https://www.sedar.com/ModifyCompanyDocumentSearchForm.do?lang=EN&company_search=Loncor Resources Inc&document_selection=0&industry_group=A&FromDate=13&FromMonth=05&FromYear=2000&ToDate=13&ToMonth=11&ToYear=2020&Variable=Issuer
0,2004-03-31,LN.TO,2004-03-31,2004-03-31,Q1,243294.031513,68608.62403,174685.407483,0.7180012037149623,0.0,284213.175516,0.0,0.0,0.0,370668.537698,429.37112,0.0,-223117.402114,-0.91706895038269,-127374.506185,0.0,113590.39673,0.0,0.0,0.0,-128763.289151,-0.5292496833985003,-0.019829,-0.019829,6989436.0,6989436.0,https://www.sedar.com/ModifyCompanyDocumentSearchForm.do?lang=EN&company_search=Loncor Resources Inc&document_selection=0&industry_group=A&FromDate=13&FromMonth=05&FromYear=2000&ToDate=13&ToMonth=11&ToYear=2020&Variable=Issuer,https://www.sedar.com/ModifyCompanyDocumentSearchForm.do?lang=EN&company_search=Loncor Resources Inc&document_selection=0&industry_group=A&FromDate=13&FromMonth=05&FromYear=2000&ToDate=13&ToMonth=11&ToYear=2020&Variable=Issuer
0,2003-12-31,LN.TO,2003-12-31,2003-12-31,Q4,284392.774983,0.0,284392.774983,1.0,0.0,554162.727493,0.0,0.0,0.0,491244.671963,618.796743,0.0,-82492.4265,-0.29006512737509277,-206851.896981,0.0,-107279.448846,0.0,0.0,0.0,-296321.08508,-1.041943084164895,-0.002656700702172605,-0.002656700702172605,111537248,111537248,https://www.sedar.com/ModifyCompanyDocumentSearchForm.do?lang=EN&company_search=Loncor Resources Inc&document_selection=0&industry_group=A&FromDate=13&FromMonth=05&FromYear=2000&ToDate=13&ToMonth=11&ToYear=2020&Variable=Issuer,https://www.sedar.com/ModifyCompanyDocumentSearchForm.do?lang=EN&company_search=Loncor Resources Inc&document_selection=0&industry_group=A&FromDate=13&FromMonth=05&FromYear=2000&ToDate=13&ToMonth=11&ToYear=2020&Variable=Issuer
0,2003-09-30,LN.TO,2003-09-30,2003-09-30,Q3,318423.718911,0.0,318423.718911,1.0,0.0,309122.373666,0.0,0.0,6754.328228,333223.633123,282.508856,0.0,-34060.066412,-0.10696460216118464,-14799.914212,0.0,36607.083429,0.0,0.0,0.0,-15076.506652,-0.04734731038115258,-0.019968,-0.019968,6710163.0,6710163.0,https://www.sedar.com/ModifyCompanyDocumentSearchForm.do?lang=EN&company_search=Loncor Resources Inc&document_selection=0&industry_group=A&FromDate=13&FromMonth=05&FromYear=2000&ToDate=13&ToMonth=11&ToYear=2020&Variable=Issuer,https://www.sedar.com/ModifyCompanyDocumentSearchForm.do?lang=EN&company_search=Loncor Resources Inc&document_selection=0&industry_group=A&FromDate=13&FromMonth=05&FromYear=2000&ToDate=13&ToMonth=11&ToYear=2020&Variable=Issuer
0,2003-06-30,LN.TO,2003-06-30,2003-06-30,Q2,284673.863012,0.0,0.0,0.0,0.0,342817.26529,0.0,0.0,0.0,359851.668176,0.0,0.0,-31715.7058,-0.11141066996608351,-75177.805164,0.0,-26394.601256,0.0,0.0,0.0,-116767.880741,-0.4101812491864693,-0.020045,-0.020045,6160163.0,6160163.0,https://www.sedar.com/ModifyCompanyDocumentSearchForm.do?lang=EN&company_search=Loncor Resources Inc&document_selection=0&industry_group=A&FromDate=13&FromMonth=05&FromYear=2000&ToDate=13&ToMonth=11&ToYear=2020&Variable=Issuer,https://www.sedar.com/ModifyCompanyDocumentSearchForm.do?lang=EN&company_search=Loncor Resources Inc&document_selection=0&industry_group=A&FromDate=13&FromMonth=05&FromYear=2000&ToDate=13&ToMonth=11&ToYear=2020&Variable=Issuer
0,2003-03-31,LN.TO,2003-03-31,2003-03-31,Q1,138169.207919,0.0,0.0,0.0,0.0,298702.802872,0.0,0.0,0.0,315702.625734,0.0,0.0,-149240.349371,-1.0801274149193234,-177533.417815,0.0,-11293.245582,0.0,0.0,0.0,-210603.768957,-1.524245323027862,-0.02003,-0.02003,6035163.0,6035163.0,https://www.sedar.com/ModifyCompanyDocumentSearchForm.do?lang=EN&company_search=Loncor Resources Inc&document_selection=0&industry_group=A&FromDate=13&FromMonth=05&FromYear=2000&ToDate=13&ToMonth=11&ToYear=2020&Variable=Issuer,https://www.sedar.com/ModifyCompanyDocumentSearchForm.do?lang=EN&company_search=Loncor Resources Inc&document_selection=0&industry_group=A&FromDate=13&FromMonth=05&FromYear=2000&ToDate=13&ToMonth=11&ToYear=2020&Variable=Issuer
0,2002-12-31,LN.TO,2002-12-31,2002-12-31,Q4,310172.020369,0.0,310172.020369,1.0,0.0,322456.879508,0.0,0.0,0.0,208016.449711,-364.230017,0.0,232671.984194,0.7501385325381666,102155.570658,0.0,-263459.09594,0.0,0.0,0.0,-139154.68943,-0.44863714420292616,-0.0012476073412713213,-0.0012476073412713213,111537248,111537248,https://www.sedar.com/ModifyCompanyDocumentSearchForm.do?lang=EN&company_search=Loncor Resources Inc&document_selection=0&industry_group=A&FromDate=13&FromMonth=05&FromYear=2000&ToDate=13&ToMonth=11&ToYear=2020&Variable=Issuer,https://www.sedar.com/ModifyCompanyDocumentSearchForm.do?lang=EN&company_search=Loncor Resources Inc&document_selection=0&industry_group=A&FromDate=13&FromMonth=05&FromYear=2000&ToDate=13&ToMonth=11&ToYear=2020&Variable=Issuer
0,2002-09-30,LN.TO,2002-09-30,2002-09-30,Q3,327973.913865,0.0,327973.913865,1.0,0.0,454499.228128,0.0,0.0,-23052.833874,497567.814499,3041.492076,0.0,-126405.353572,-0.385412827753218,-169593.900633,0.0,23052.833874,0.0,0.0,0.0,-172627.201411,-0.5263443039621025,-0.020037,-0.020037,5514246.0,5514246.0,https://www.sedar.com/ModifyCompanyDocumentSearchForm.do?lang=EN&company_search=Loncor Resources Inc&document_selection=0&industry_group=A&FromDate=13&FromMonth=05&FromYear=2000&ToDate=13&ToMonth=11&ToYear=2020&Variable=Issuer,https://www.sedar.com/ModifyCompanyDocumentSearchForm.do?lang=EN&company_search=Loncor Resources Inc&document_selection=0&industry_group=A&FromDate=13&FromMonth=05&FromYear=2000&ToDate=13&ToMonth=11&ToYear=2020&Variable=Issuer
0,2002-06-30,LN.TO,2002-06-30,2002-06-30,Q2,125061.655127,0.0,125061.655127,1.0,0.0,382069.897791,0.0,0.0,4036.927135,452168.150346,1769.86482,0.0,-256992.445443,-2.0549259897610055,-327106.495219,0.0,-4036.927135,0.0,0.0,0.0,-328869.106495,-2.629655797862532,-0.060007,-0.060007,5514330.0,5514330.0,https://www.sedar.com/ModifyCompanyDocumentSearchForm.do?lang=EN&company_search=Loncor Resources Inc&document_selection=0&industry_group=A&FromDate=13&FromMonth=05&FromYear=2000&ToDate=13&ToMonth=11&ToYear=2020&Variable=Issuer,https://www.sedar.com/ModifyCompanyDocumentSearchForm.do?lang=EN&company_search=Loncor Resources Inc&document_selection=0&industry_group=A&FromDate=13&FromMonth=05&FromYear=2000&ToDate=13&ToMonth=11&ToYear=2020&Variable=Issuer
0,2002-03-31,LN.TO,2002-03-31,2002-03-31,Q1,139938.554141,0.0,139938.554141,1.0,0.0,341833.970782,0.0,0.0,509.122829,410888.456957,256.44241,0.0,-201894.789642,-1.442738856931263,-270949.902815,0.0,-509.749828,0.0,0.0,0.0,-271188.162267,-1.9379088481488445,-0.179823,-0.179823,14543163,14543163,https://www.sedar.com/ModifyCompanyDocumentSearchForm.do?lang=EN&company_search=Loncor Resources Inc&document_selection=0&industry_group=A&FromDate=13&FromMonth=05&FromYear=2000&ToDate=13&ToMonth=11&ToYear=2020&Variable=Issuer,https://www.sedar.com/ModifyCompanyDocumentSearchForm.do?lang=EN&company_search=Loncor Resources Inc&document_selection=0&industry_group=A&FromDate=13&FromMonth=05&FromYear=2000&ToDate=13&ToMonth=11&ToYear=2020&Variable=Issuer
