,date,symbol,fillingDate,acceptedDate,period,revenue,costOfRevenue,grossProfit,grossProfitRatio,researchAndDevelopmentExpenses,generalAndAdministrativeExpenses,sellingAndMarketingExpenses,otherExpenses,operatingExpenses,costAndExpenses,interestExpense,depreciationAndAmortization,ebitda,ebitdaratio,operatingIncome,operatingIncomeRatio,totalOtherIncomeExpensesNet,incomeBeforeTax,incomeBeforeTaxRatio,incomeTaxExpense,netIncome,netIncomeRatio,eps,epsdiluted,weightedAverageShsOut,weightedAverageShsOutDil,link,finalLink
0,2020-09-30,SXT,2020-11-03,2020-11-03 12:30:08,Q3,323566000,217920000,105646000,0.32650525704183997,0.0,0.0,64491000,0.0,64491000,282411000,-3497000.0,12309000,53464000,0.16523367720959556,41155000,0.1271919793797865,0.0,37658000,0.11638429254000729,0.0,37658000,0.11638429254000729,0.78,0.78,42307000,42349000,https://www.sec.gov/Archives/edgar/data/310142/000114036120024396/0001140361-20-024396-index.htm,https://www.sec.gov/Archives/edgar/data/310142/000114036120024396/brhc10013774_10q.htm
0,2020-06-30,SXT,2020-08-06,2020-08-06 12:01:09,Q2,323090000,220876000,102214000,0.3163638614627503,0.0,60089000,60089000,0.0,60088999.99999997,280964999.99999994,3608000.0,12117999.999999998,54243000,0.167888,42125000,0.130382,0.0,38517000,0.119214,7897000.0,30620000,0.094772,0.7235,0.7235,42322000,42322000,https://www.sec.gov/Archives/edgar/data/310142/000114036120017631/0001140361-20-017631-index.htm,https://www.sec.gov/Archives/edgar/data/310142/000114036120017631/brhc10013774_10q.htm
0,2020-03-31,SXT,2020-05-04 00:00:00,2020-05-04 12:22:36,Q1,350677000,238784000,111893000,0.319077,0.0,77332000,77332000,0.0,77332000,316116000,4307000.0,12404000,46965000,0.133927,34561000,0.098555,0.0,30254000,0.086273,9481000.0,20773000,0.059237,0.49101,0.49101,42307000,42307000,https://www.sec.gov/Archives/edgar/data/310142/000114036120010569/0001140361-20-010569-index.html,https://www.sec.gov/Archives/edgar/data/310142/000114036120010569/form10q.htm
0,2019-12-31,SXT,2020-02-21 00:00:00,2020-02-21 11:15:30,Q4,318585000,233105000,85480000,0.268311,0.0,99946000,99946000,0.0,99946000,333051000,4569000.0,13308999.999999996,-1157000.000000003,-0.003632,-14466000,-0.045407,0.0,-19035000,-0.059749,-2073000.0,-16962000,-0.053242,-0.40129,-0.40129,42269000,42269000,https://www.sec.gov/Archives/edgar/data/310142/000114036120003752/0001140361-20-003752-index.html,https://www.sec.gov/Archives/edgar/data/310142/000114036120003752/form10k.htm
0,2019-09-30,SXT,2019-11-05 00:00:00,2019-11-05 10:30:36,Q3,317650000,215250000,102400000,0.322367,0.0,63612000,63612000,0.0,63612000.00000002,278862000,4936000.0,13965000.000000004,52753000,0.166073,38788000,0.122109,0.0,33852000,0.10657,1981000.0,31871000,0.100334,0.75347,0.75347,42299000,42299000,https://www.sec.gov/Archives/edgar/data/310142/000114036119019782/0001140361-19-019782-index.html,https://www.sec.gov/Archives/edgar/data/310142/000114036119019782/form10q.htm
0,2019-06-30,SXT,2019-08-05,2019-08-05 12:15:54,Q2,339186000,227418000,111768000,0.329518,0.0,64400000,64400000,0.0,64399999.99999998,291818000,5200000.0,14068999.999999998,61437000,0.181131,47368000,0.139652,0.0,42168000,0.124321,7837000.0,34331000,0.101216,0.81161,0.81161,42300000,42300000,https://www.sec.gov/Archives/edgar/data/310142/000114036119014201/form10q.htm,https://www.sec.gov/Archives/edgar/data/310142/000114036119014201/form10q.htm
0,2019-03-31,SXT,2019-05-06 00:00:00,2019-05-06 12:19:11,Q1,347513000,232288000,115225000,0.33157,0.0,65805000,65805000,0.0,65805000,298093000,5402000.0,13672000,63092000,0.181553,49420000,0.142211,0.0,44018000,0.126666,11211000,32807000,0.094405,0.77604,0.77604,42275000,42275000,https://www.sec.gov/Archives/edgar/data/310142/000114036119008445/0001140361-19-008445-index.html,https://www.sec.gov/Archives/edgar/data/310142/000114036119008445/form10q.htm
0,2018-12-31,SXT,2019-02-22 00:00:00,2019-02-22 11:40:52,Q4,324563000,218548000,106015000,0.326639,0.0,60763000,262751000,0.0,60762999.99999998,279311000,5336000.0,14186999.999999998,77000000,0.237242,45252000,0.139424,0.0,39916000,0.122984,24627000,32850000,0.101213,0.77691,0.77691,42283000,42283000,https://www.sec.gov/Archives/edgar/data/310142/000114036119003673/0001140361-19-003673-index.html,https://www.sec.gov/Archives/edgar/data/310142/000114036119003673/form10k.htm
0,2018-09-30,SXT,2018-11-06 00:00:00,2018-11-06 11:29:06,Q3,342734000,227161000,115573000,0.337209,0.0,65309000,-136679000,0.0,65309000.00000003,292470000.00000006,5407000.0,13057000.000000002,56260000,0.164151,50264000,0.146656,0.0,44857000,0.13088,-9397000.0,47193000,0.137696,1.11533,1.11533,42313000,42313000,https://www.sec.gov/Archives/edgar/data/310142/000114036118042461/0001140361-18-042461-index.html,https://www.sec.gov/Archives/edgar/data/310142/000114036118042461/form10q.htm
0,2018-06-30,SXT,2018-08-06 00:00:00,2018-08-06 10:08:24,Q2,363000000,241600000,121500000,0.334711,0.0,69300000,69289000,0.0,69299999.99999999,310900000,5555000.0,13400000,65555000,0.180592,52200000,0.143802,0.0,46600000,0.128375,7500000.0,39100000,0.107713,0.92217,0.92217,42400000,42400000,https://www.sec.gov/Archives/edgar/data/310142/000114036118035516/0001140361-18-035516-index.html,https://www.sec.gov/Archives/edgar/data/310142/000114036118035516/form10q.htm
0,2018-03-31,SXT,2018-05-07 00:00:00,2018-05-07 10:30:06,Q1,356500000,233400000,123100000,0.345302,0.0,67400000,67390000,0.0,67400000,300800000,5555000.0,12600000,68255000,0.191459,55700000,0.156241,0.0,50100000,0.140533,11900000,38200000,0.107153,0.88837,0.88837,43000000,43000000,https://www.sec.gov/Archives/edgar/data/310142/000114036118021868/0001140361-18-021868-index.html,https://www.sec.gov/Archives/edgar/data/310142/000114036118021868/form10q.htm
0,2017-12-31,SXT,2018-02-23 00:00:00,2018-02-23 11:09:06,Q4,328900000,216800000,112100000,0.340833,0.0,61800000,65206000,0.0,64699999.99999999,281500000,4909000.0,11899999.999999998,40809000,0.124077,47400000,0.144117,0.0,42500000,0.129219,10600000,13400000,0.040742,0.30805,0.30805,43500000,43500000,https://www.sec.gov/Archives/edgar/data/310142/000114036118009754/0001140361-18-009754-index.html,https://www.sec.gov/Archives/edgar/data/310142/000114036118009754/form10k.htm
0,2017-09-30,SXT,2017-11-07 00:00:00,2017-11-07 10:22:06,Q3,353500000,227700000,125800000,0.35587,0.0,67800000,70725000,0.0,73800000.00000001,301500000,4946000.0,12200000.000000004,64246000,0.181743,52000000,0.1471,0.0,47100000,0.133239,14900000,32200000,0.091089,0.73349,0.73349,43900000,43900000,https://www.sec.gov/Archives/edgar/data/310142/000114036117041246/0001140361-17-041246-index.html,https://www.sec.gov/Archives/edgar/data/310142/000114036117041246/form10q.htm
0,2017-06-30,SXT,2017-08-07 00:00:00,2017-08-07 10:12:52,Q2,338500000,219300000,119200000,0.352142,0.0,67400000,74845000,0.0,74800000.00000001,294100000,4717000.0,12299999.999999998,56717000,0.167554,44400000,0.131167,0.0,39700000,0.117282,8900000.0,30800000,0.09099,0.69526,0.69526,44300000,44300000,https://www.sec.gov/Archives/edgar/data/310142/000114036117030303/0001140361-17-030303-index.html,https://www.sec.gov/Archives/edgar/data/310142/000114036117030303/form10q.htm
0,2017-03-31,SXT,2017-05-08 00:00:00,2017-05-08 10:56:14,Q1,341400000,220100000,121300000,0.355302,0.0,77000000,96908000,0.0,97299999.99999999,317400000,4811000.0,12100000,36111000,0.105773,24000000,0.070299,0.0,19200000,0.056239,6000000.0,13200000,0.038664,0.29663,0.29663,44500000,44500000,https://www.sec.gov/Archives/edgar/data/310142/000114036117018693/0001140361-17-018693-index.html,https://www.sec.gov/Archives/edgar/data/310142/000114036117018693/form10q.htm
0,2016-12-31,SXT,2017-02-23 00:00:00,2017-02-23 10:48:30,Q4,330200000,216400000,113800000,0.34464,0.0,75900000,69313000,0.0,70600000,287000000,4303000.0,11799999.999999996,55103000,0.166878,43300000,0.131133,0.0,39000000,0.11811,7600000.0,31400000,0.095094,0.70089,0.70089,44800000,44800000,https://www.sec.gov/Archives/edgar/data/310142/000114036117008738/0001140361-17-008738-index.html,https://www.sec.gov/Archives/edgar/data/310142/000114036117008738/form10k.htm
0,2016-09-30,SXT,2016-11-07 00:00:00,2016-11-07 10:39:08,Q3,349700000,227100000,122600000,0.350586,0.0,68400000,71412000,0.0,71400000,298500000,4584000.0,11900000.000000002,62984000,0.180109,51200000,0.146411,0.0,46600000,0.133257,10900000,35600000,0.101802,0.79464,0.79464,44800000,44800000,https://www.sec.gov/Archives/edgar/data/310142/000114036116084977/0001140361-16-084977-index.html,https://www.sec.gov/Archives/edgar/data/310142/000114036116084977/form10q.htm
0,2016-06-30,SXT,2016-08-08 00:00:00,2016-08-08 10:04:04,Q2,360800000,236200000,124600000,0.345344,0.0,67400000,80769000,0.0,81000000,317200000,4637000.0,11700000.000000002,58737000,0.162797,43700000,0.12112,0.0,39000000,0.108093,14300000,28100000,0.077882,0.62723,0.62723,44800000,44800000,https://www.sec.gov/Archives/edgar/data/310142/000114036116075115/0001140361-16-075115-index.html,https://www.sec.gov/Archives/edgar/data/310142/000114036116075115/form10q.htm
0,2016-03-31,SXT,2016-05-06 00:00:00,2016-05-06 10:08:40,Q1,342500000,226000000,116500000,0.340146,0.0,65600000,68324000,0.0,68899999.99999999,294900000,4800000.0,11600000,59100000,0.172555,47500000,0.138686,0.0,42700000,0.124672,11500000,31200000,0.091095,0.69333,0.69333,45000000,45000000,https://www.sec.gov/Archives/edgar/data/310142/000114036116063687/0001140361-16-063687-index.html,https://www.sec.gov/Archives/edgar/data/310142/000114036116063687/form10q.htm
0,2015-12-31,SXT,2016-02-25 00:00:00,2016-02-25 17:05:19,Q4,339200000,230100000,109100000,0.321639,0.0,62400000,74465000,0.0,77500000.00000003,307600000.00000006,4629000.0,11500000,42929000,0.12656,31600000,0.09316,0.0,27000000,0.079599,7600000.0,19200000,0.056604,0.42762,0.42762,44900000,44900000,https://www.sec.gov/Archives/edgar/data/310142/000114036116054898/0001140361-16-054898-index.html,https://www.sec.gov/Archives/edgar/data/310142/000114036116054898/form10k.htm
0,2015-09-30,SXT,2015-11-06 00:00:00,2015-11-06 16:59:12,Q3,344500000,228900000,115600000,0.335559,0.0,61400000,69552000,0.0,72400000,301300000,4295000.0,12099999.999999998,55295000,0.160508,43200000,0.125399,0.0,38900000,0.112917,11300000,27600000,0.080116,0.60394,0.60394,45700000,45700000,https://www.sec.gov/Archives/edgar/data/310142/000114036115040027/0001140361-15-040027-index.html,https://www.sec.gov/Archives/edgar/data/310142/000114036115040027/form10q.htm
0,2015-06-30,SXT,2015-08-07 00:00:00,2015-08-07 10:18:31,Q2,346000000,227700000,118300000,0.341908,0.0,62800000,73088000,0.0,73199999.99999999,300900000,4106000.0,11900000,56906000,0.164468,45100000,0.130347,0.0,41000000,0.118497,11400000,29500000,0.08526,0.63441,0.63441,46500000,46500000,https://www.sec.gov/Archives/edgar/data/310142/000114036115030335/0001140361-15-030335-index.html,https://www.sec.gov/Archives/edgar/data/310142/000114036115030335/form10q.htm
0,2015-03-31,SXT,2015-05-05 00:00:00,2015-05-05 11:58:24,Q1,346200000,228700000,117600000,0.339688,0.0,64000000,70987000,0.0,71100000.00000001,299800000,3915000.0,12400000,58615000,0.16931,46400000,0.134027,0.0,42500000,0.122761,11800000,30500000,0.088099,0.64211,0.64211,47500000,47500000,https://www.sec.gov/Archives/edgar/data/310142/000114036115017577/0001140361-15-017577-index.html,https://www.sec.gov/Archives/edgar/data/310142/000114036115017577/form10q.htm
0,2014-12-31,SXT,2015-02-26,2015-02-26 16:02:39,Q4,342800000,229700000,113100000,0.32993,0.0,65100000,76864000,0.0,76900000.00000003,306600000.00000006,4201000.0,12000000,47301000,0.137984,36200000,0.105601,0.0,32000000,0.093349,5700000.0,25400000,0.074096,0.52917,0.52917,48000000,48000000,https://www.sec.gov/Archives/edgar/data/310142/000114036115009106/form10k.htm,https://www.sec.gov/Archives/edgar/data/310142/000114036115009106/form10k.htm
0,2014-09-30,SXT,2014-11-06 00:00:00,2014-11-06 10:19:08,Q3,364500000,241100000,123400000,0.338546,0.0,66300000,76597000,0.0,87299999.99999999,328400000,4017000.0,13100000.000000002,47817000,0.131185,36100000,0.09904,0.0,32100000,0.088066,9400000.0,21300000,0.058436,0.44191,0.44191,48200000,48200000,https://www.sec.gov/Archives/edgar/data/310142/000114036114040396/0001140361-14-040396-index.html,https://www.sec.gov/Archives/edgar/data/310142/000114036114040396/form10q.htm
0,2014-06-30,SXT,2014-08-06 00:00:00,2014-08-06 10:27:32,Q2,373400000,244000000,129400000,0.346545,0.0,68100000,81455000,0.0,79600000.00000001,323600000,3718000.0,12999999.999999998,61718000,0.165287,49700000,0.133101,0.0,46000000,0.123192,15900000,29100000,0.077933,0.59388,0.59388,49000000,49000000,https://www.sec.gov/Archives/edgar/data/310142/000114036114030897/0001140361-14-030897-index.html,https://www.sec.gov/Archives/edgar/data/310142/000114036114030897/form10q.htm
0,2014-03-31,SXT,2014-05-07 00:00:00,2014-05-07 09:51:31,Q1,367100000,242600000,124500000,0.339145,0.0,69700000,122929000,0.0,115900000,358500000,4131000.0,13400000,17231000,0.046938,8600000.0,0.023427,0.0,4500000.0,0.012258,1800000.0,-2100000.0,-0.005721,-0.04208,-0.04208,49900000,49900000,https://www.sec.gov/Archives/edgar/data/310142/000114036114019189/0001140361-14-019189-index.html,https://www.sec.gov/Archives/edgar/data/310142/000114036114019189/form10q.htm
0,2013-12-31,SXT,2014-02-28,2014-02-28 10:22:45,Q4,350100000,233800000,116400000,0.332476,0.0,71700000,77629000,0.0,77399999.99999999,311200000,16147000,12899999.999999998,63847000,0.182368,38900000,0.111111,0.0,35100000,0.100257,6800000.0,28000000,0.079977,0.56,0.56,50000000,50000000,https://www.sec.gov/Archives/edgar/data/310142/000114036114010109/form10k.htm,https://www.sec.gov/Archives/edgar/data/310142/000114036114010109/form10k.htm
0,2013-09-30,SXT,2013-11-08 00:00:00,2013-11-08 10:32:14,Q3,370500000,250100000,120400000,0.324966,0.0,64600000,71269000,0.0,71200000.00000001,321300000,-8269000.0,13200000.000000004,49731000,0.134227,49100000,0.132524,0.0,45100000,0.121727,13300000,31500000,0.08502,0.64155,0.64155,49100000,49100000,https://www.sec.gov/Archives/edgar/data/310142/000114036113041219/0001140361-13-041219-index.html,https://www.sec.gov/Archives/edgar/data/310142/000114036113041219/form10q.htm
0,2013-06-30,SXT,2013-08-06 00:00:00,2013-08-06 10:07:26,Q2,375900000,253500000,122400000,0.325619,0.0,66400000,73843000,0.0,73000000,326500000,4008000.0,12899999.999999998,61808000,0.164427,49400000,0.131418,0.0,45400000,0.120777,12600000,32300000,0.085927,0.6499,0.6499,49700000,49700000,https://www.sec.gov/Archives/edgar/data/310142/000114036113030482/0001140361-13-030482-index.html,https://www.sec.gov/Archives/edgar/data/310142/000114036113030482/form10q.htm
0,2013-03-31,SXT,2013-05-07 00:00:00,2013-05-07 10:14:38,Q1,365600000,247900000,117700000,0.321937,0.0,68600000,80799000,0.0,81400000,329300000,4261000.0,13000000,49261000,0.13474,36300000,0.099289,0.0,32100000,0.087801,10600000,21400000,0.058534,0.42886,0.42886,49900000,49900000,https://www.sec.gov/Archives/edgar/data/310142/000114036113019072/0001140361-13-019072-index.html,https://www.sec.gov/Archives/edgar/data/310142/000114036113019072/form10q.htm
0,2012-12-31,SXT,2013-02-27 00:00:00,2013-02-27 16:27:28,Q4,356200000,246000000,110300000,0.309657,0.0,70500000,271935000,0.0,70500000,316500000,3665000.0,11899999.999999998,51565000,0.144764,39700000,0.111454,0.0,36100000,0.101348,8800000.0,27200000,0.076362,0.54728,0.54728,49700000,49700000,https://www.sec.gov/Archives/edgar/data/310142/000114036113009616/0001140361-13-009616-index.html,https://www.sec.gov/Archives/edgar/data/310142/000114036113009616/form10k.htm
0,2012-09-30,SXT,2012-11-07 00:00:00,2012-11-07 10:16:31,Q3,369400000,251800000,117600000,0.318354,0.0,66900000,-134500000,0.0,66899999.99999998,318700000,4483000.0,12000000,62683000,0.169689,50700000,0.13725,0.0,46200000,0.125068,13300000,32900000,0.089063,0.66064,0.66064,49800000,49800000,https://www.sec.gov/Archives/edgar/data/310142/000114036112045943/0001140361-12-045943-index.html,https://www.sec.gov/Archives/edgar/data/310142/000114036112045943/form10q.htm
0,2012-06-30,SXT,2012-08-07 00:00:00,2012-08-07 10:51:46,Q2,367800000,247800000,120000000,0.326264,0.0,65700000,65657000,0.0,65699999.99999999,313500000,4347000.0,12500000,66747000,0.181476,54300000,0.147635,0.0,50000000,0.135943,15000000,34900000,0.094889,0.7008,0.7008,49800000,49800000,https://www.sec.gov/Archives/edgar/data/310142/000114036112035392/0001140361-12-035392-index.html,https://www.sec.gov/Archives/edgar/data/310142/000114036112035392/form10q.htm
0,2012-03-31,SXT,2012-05-08,2012-05-08 10:45:09,Q1,365700000,250300000,115300000,0.315286,0.0,68800000,68843000,0.0,68899999.99999999,319200000,4406000.0,12000000,58506000,0.159984,46500000,0.127153,0.0,42100000,0.115122,13200000,28900000,0.079027,0.578,0.578,50000000,50000000,https://www.sec.gov/Archives/edgar/data/310142/000114036112011033/form10k.htm,https://www.sec.gov/Archives/edgar/data/310142/000114036112011033/form10k.htm
0,2011-12-31,SXT,2012-02-27 00:00:00,2012-02-27 12:00:47,Q4,340400000,232200000,108100000,0.317568,0.0,65200000,65187000,0.0,65199999.99999999,297400000,4520000.0,11100000.000000002,54020000,0.158696,43000000,0.126322,0.0,38400000,0.112808,9800000.0,28600000,0.084019,0.572,0.572,50000000,50000000,https://www.sec.gov/Archives/edgar/data/310142/000114036112011033/0001140361-12-011033-index.html,https://www.sec.gov/Archives/edgar/data/310142/000114036112011033/form10k.htm
0,2011-09-30,SXT,2011-11-08 00:00:00,2011-11-08 11:27:52,Q3,363800000,249100000,114700000,0.315283,0.0,64700000,64722000,0.0,64700000.00000002,313800000,4934000.0,11500000,61434000,0.168868,49900000,0.137163,0.0,45000000,0.123694,13000000,32000000,0.08796,0.64,0.64,50000000,50000000,https://www.sec.gov/Archives/edgar/data/310142/000114036111052169/0001140361-11-052169-index.html,https://www.sec.gov/Archives/edgar/data/310142/000114036111052169/form10q.htm
0,2011-06-30,SXT,2011-08-08 00:00:00,2011-08-08 11:32:02,Q2,377000000,257900000,119100000,0.315915,0.0,64800000,64810000,0.0,64800000.00000001,322700000,9985000.0,11900000,71085000,0.188554,54300000,0.144032,0.0,49200000,0.130504,15700000,33500000,0.088859,0.67134,0.67134,49900000,49900000,https://www.sec.gov/Archives/edgar/data/310142/000114036111040117/0001140361-11-040117-index.html,https://www.sec.gov/Archives/edgar/data/310142/000114036111040117/form10q.htm
0,2011-03-31,SXT,2011-05-09 00:00:00,2011-05-09 11:54:24,Q1,349700000,242000000,107700000,0.307978,0.0,64100000,64110000,0.0,64100000.00000002,306100000,-4900000.0,11600000,45400000,0.129826,43600000,0.124678,0.0,38700000,0.110666,12300000,26400000,0.075493,0.53012,0.53012,49800000,49800000,https://www.sec.gov/Archives/edgar/data/310142/000095012311047181/0000950123-11-047181-index.html,https://www.sec.gov/Archives/edgar/data/310142/000095012311047181/c64002e10vq.htm
0,2010-12-31,SXT,2011-02-25,2011-02-25 10:14:38,Q4,339300000,237100000,102200000,0.301208,0.0,61200000,61160000,0.0,61200000.00000002,298300000,-4900000.0,10600000.000000002,41800000,0.123195,41000000,0.120837,0.0,36100000,0.106396,10300000,25800000,0.076039,0.52016,0.52016,49600000,49600000,https://www.sec.gov/Archives/edgar/data/310142/000095012311018319/c61215e10vk.htm,https://www.sec.gov/Archives/edgar/data/310142/000095012311018319/c61215e10vk.htm
0,2010-09-30,SXT,2010-11-05 00:00:00,2010-11-05 09:50:45,Q3,340900000,234600000,106300000,0.311822,0.0,58500000,58516000,0.0,58500000.00000003,293100000.00000006,-5200000.0,11099999.999999998,48400000,0.141977,47800000,0.140217,0.0,42500000,0.12467,13300000,29200000,0.085656,0.58871,0.58871,49600000,49600000,https://www.sec.gov/Archives/edgar/data/310142/000095012310101391/0000950123-10-101391-index.html,https://www.sec.gov/Archives/edgar/data/310142/000095012310101391/c60353e10vq.htm
0,2010-06-30,SXT,2010-08-06 00:00:00,2010-08-06 09:40:10,Q2,334000000,229000000,105000000,0.314371,0.0,57800000,57815000,0.0,57800000.00000001,286800000,-5500000.0,10899999.999999998,47100000,0.141018,47100000,0.141018,0.0,41700000,0.12485,13000000,28700000,0.085928,0.58097,0.58097,49400000,49400000,https://www.sec.gov/Archives/edgar/data/310142/000095012310073848/0000950123-10-073848-index.html,https://www.sec.gov/Archives/edgar/data/310142/000095012310073848/c58480e10vq.htm
0,2010-03-31,SXT,2010-05-07 00:00:00,2010-05-07 12:21:37,Q1,314100000,219100000,94900000,0.302133,0.0,56300000,56291000,0.0,56299999.99999998,275400000,-4778000.0,10800000,39922000,0.1271,38700000,0.123209,0.0,33900000,0.107927,10400000,23500000,0.074817,0.47862,0.47862,49100000,49100000,https://www.sec.gov/Archives/edgar/data/310142/000095012310046130/0000950123-10-046130-index.html,https://www.sec.gov/Archives/edgar/data/310142/000095012310046130/c58017e10vq.htm
0,2009-12-31,SXT,2010-03-01 00:00:00,2010-03-01 06:07:05,Q4,311500000,216700000,94700000,0.304013,0.0,68400000,222067000,0.0,68400000.00000003,285100000.00000006,-23788000,10700000.000000004,7812000.000000003,0.025079,26400000,0.084751,0.0,20900000,0.067095,4600000.0,16300000,0.052327,0.33333,0.33333,48900000,48900000,https://www.sec.gov/Archives/edgar/data/310142/000119312510043675/0001193125-10-043675-index.html,https://www.sec.gov/Archives/edgar/data/310142/000119312510043675/d10k.htm
0,2009-09-30,SXT,2009-11-04 00:00:00,2009-11-04 12:06:07,Q3,303200000,210100000,93100000,0.307058,0.0,54100000,54104000,0.0,54099999.99999999,264200000,-5483000.0,10500000,38517000,0.127035,39000000,0.128628,0.0,33500000,0.110488,10700000,22800000,0.075198,0.46721,0.46721,48800000,48800000,https://www.sec.gov/Archives/edgar/data/310142/000095012309057391/0000950123-09-057391-index.html,https://www.sec.gov/Archives/edgar/data/310142/000095012309057391/c54420e10vq.htm
0,2009-06-30,SXT,2009-08-07 00:00:00,2009-08-07 11:23:22,Q2,304000000,209300000,94700000,0.311513,0.0,51400000,51433000,0.0,51399999.99999998,260699999.99999997,-5650000.0,10500000,42450000,0.139638,43300000,0.142434,0.0,37600000,0.123684,11800000,25800000,0.084868,0.53086,0.53086,48600000,48600000,https://www.sec.gov/Archives/edgar/data/310142/000095012309031805/0000950123-09-031805-index.html,https://www.sec.gov/Archives/edgar/data/310142/000095012309031805/c52889e10vq.htm
0,2009-03-31,SXT,2009-05-08 00:00:00,2009-05-08 10:28:36,Q1,282800000,196300000,86500000,0.30587,0.0,48100000,48146000,0.0,48099999.99999999,244400000,-7246000.0,10500000,34354000,0.121478,38400000,0.135785,0.0,31100000,0.109972,9500000.0,21600000,0.076379,0.44628,0.44628,48400000,48400000,https://www.sec.gov/Archives/edgar/data/310142/000095013709003730/0000950137-09-003730-index.html,https://www.sec.gov/Archives/edgar/data/310142/000095013709003730/c51181e10vq.htm
0,2008-12-31,SXT,2009-03-02 00:00:00,2009-03-02 06:16:11,Q4,293800000,206200000,87600000,0.298162,0.0,51300000,51348000,0.0,51300000.00000001,257500000,-7271000.0,10600000.000000002,32329000,0.110037,36300000,0.123553,0.0,29000000,0.098707,8400000.0,20600000,0.070116,0.42739,0.42739,48200000,48200000,https://www.sec.gov/Archives/edgar/data/310142/000119312509041687/0001193125-09-041687-index.html,https://www.sec.gov/Archives/edgar/data/310142/000119312509041687/d10k.htm
0,2008-09-30,SXT,2008-11-07 00:00:00,2008-11-07 13:54:03,Q3,318600000,222700000,95900000,0.301004,0.0,55000000,55041000,0.0,55000000,277700000,-7977000.0,10999999.999999996,35922999.99999999,0.112753,40900000,0.128374,0.0,32900000,0.103264,8800000.0,24100000,0.075643,0.49896,0.49896,48300000,48300000,https://www.sec.gov/Archives/edgar/data/310142/000095013708013515/0000950137-08-013515-index.html,https://www.sec.gov/Archives/edgar/data/310142/000095013708013515/c47492e10vq.htm
0,2008-06-30,SXT,2008-08-08 00:00:00,2008-08-08 14:07:11,Q2,332800000,231100000,101700000,0.305589,0.0,56900000,56869000,0.0,56799999.99999998,287900000,-8480000.0,11300000,39220000,0.117849,44900000,0.134916,0.0,36400000,0.109375,10900000,25500000,0.076623,0.52905,0.52905,48200000,48200000,https://www.sec.gov/Archives/edgar/data/310142/000095013708010468/0000950137-08-010468-index.html,https://www.sec.gov/Archives/edgar/data/310142/000095013708010468/c34654e10vq.htm
0,2008-03-31,SXT,2008-05-09 00:00:00,2008-05-09 10:17:33,Q1,307400000,211800000,95600000,0.310995,0.0,56000000,56009000,0.0,56000000,267800000,-8578000.0,11500000,34022000,0.110677,39600000,0.128822,0.0,31100000,0.101171,10400000,20700000,0.067339,0.43305,0.43305,47800000,47800000,https://www.sec.gov/Archives/edgar/data/310142/000095013708007121/0000950137-08-007121-index.html,https://www.sec.gov/Archives/edgar/data/310142/000095013708007121/c26509e10vq.htm
0,2007-12-31,SXT,2008-02-29 00:00:00,2008-02-29 11:51:54,Q4,300900000,208200000,92700000,0.308076,0.0,57700000,57652000,0.0,57699999.99999999,265900000,-8765000.0,11099999.999999994,28534999.999999993,0.094832,35000000,0.116318,0.0,26300000,0.087404,7800000.0,18400000,0.06115,0.38574,0.38574,47700000,47700000,https://www.sec.gov/Archives/edgar/data/310142/000119312508043100/0001193125-08-043100-index.html,https://www.sec.gov/Archives/edgar/data/310142/000119312508043100/d10k.htm
0,2007-09-30,SXT,2007-11-08 00:00:00,2007-11-08 15:09:11,Q3,294300000,205300000,89000000,0.302413,0.0,50900000,50856000,0.0,50899999.99999998,256199999.99999997,-8640000.0,11000000.000000004,31860000.000000004,0.108257,38100000,0.12946,0.0,29500000,0.100238,8700000.0,20800000,0.070676,0.43975,0.43975,47300000,47300000,https://www.sec.gov/Archives/edgar/data/310142/000095013707016817/0000950137-07-016817-index.html,https://www.sec.gov/Archives/edgar/data/310142/000095013707016817/c21354e10vq.htm
0,2007-06-30,SXT,2007-08-08 00:00:00,2007-08-08 11:32:43,Q2,304300000,209800000,94500000,0.310549,0.0,54500000,54485000,0.0,54500000,264300000,-9470000.0,11000000,32030000,0.105258,40000000,0.131449,0.0,30500000,0.10023,9300000.0,21200000,0.069668,0.45011,0.45011,47100000,47100000,https://www.sec.gov/Archives/edgar/data/310142/000095013707011661/0000950137-07-011661-index.html,https://www.sec.gov/Archives/edgar/data/310142/000095013707011661/c17528e10vq.htm
0,2007-03-31,SXT,2007-05-09 00:00:00,2007-05-09 12:09:19,Q1,285300000,199100000,86100000,0.301788,0.0,51900000,51936000,0.0,52000000,251100000,-9252000.0,11200000,26848000,0.094104,34200000,0.119874,0.0,25000000,0.087627,7600000.0,17300000,0.060638,0.36887,0.36887,46900000,46900000,https://www.sec.gov/Archives/edgar/data/310142/000095013707007066/0000950137-07-007066-index.html,https://www.sec.gov/Archives/edgar/data/310142/000095013707007066/c14954e10vq.htm
0,2006-12-31,SXT,2007-03-01,2007-02-28 20:52:46,Q4,272800000,189000000,83700000,0.306818,0.0,53900000,53891000,0.0,53900000.00000001,242900000,-8969000.0,10399999.999999998,22331000,0.081859,29800000,0.109238,0.0,20900000,0.076613,5500000.0,15400000,0.056452,0.33118,0.33118,46500000,46500000,https://www.sec.gov/Archives/edgar/data/310142/000119312507043088/d10k.htm,https://www.sec.gov/Archives/edgar/data/310142/000119312507043088/d10k.htm
0,2006-09-30,SXT,2006-11-08,2006-11-08 13:46:33,Q3,280900000,197300000,83600000,0.297615,0.0,50100000,50063000,0.0,50000000,247300000,-9091000.0,10700000.000000004,26109000.000000004,0.092948,33500000,0.11926,0.0,24500000,0.08722,7500000.0,17000000,0.06052,0.36797,0.36797,46200000,46200000,https://www.sec.gov/Archives/edgar/data/310142/000095013706012021/c09767e10vq.htm,https://www.sec.gov/Archives/edgar/data/310142/000095013706012021/c09767e10vq.htm
0,2006-06-30,SXT,2006-08-04,2006-08-04 11:58:13,Q2,282200000,196700000,85500000,0.302977,0.0,50400000,50373000,0.0,50400000.00000001,247100000,-8980000.0,10899999.999999998,28120000,0.099646,35100000,0.12438,0.0,26100000,0.092488,7700000.0,18500000,0.065556,0.4013,0.4013,46100000,46100000,https://www.sec.gov/Archives/edgar/data/310142/000095013706008656/c07471e10vq.htm,https://www.sec.gov/Archives/edgar/data/310142/000095013706008656/c07471e10vq.htm
0,2006-03-31,SXT,2006-05-09,2006-05-09 15:09:26,Q1,262900000,183500000,79400000,0.302016,0.0,48700000,48664000,0.0,48599999.99999999,232100000,-8708000.0,11000000,24292000,0.0924,30800000,0.117155,0.0,22100000,0.084062,6400000.0,15600000,0.059338,0.33913,0.33913,46000000,46000000,https://www.sec.gov/Archives/edgar/data/310142/000119312506054705/d10k.htm,https://www.sec.gov/Archives/edgar/data/310142/000119312506054705/d10k.htm
0,2005-12-31,SXT,2006-03-15,2006-03-15 12:46:43,Q4,252900000,187300000,65600000,0.259391,0.0,45900000,45912000,0.0,54299999.99999998,241599999.99999997,-9291000.0,9500000.0,2209000.0,0.008735,11200000,0.044286,0.0,2000000.0,0.007908,600000.0,1400000.0,0.005536,0.02998,0.02998,46700000,46700000,https://www.sec.gov/Archives/edgar/data/310142/000119312506054705/d10k.htm,https://www.sec.gov/Archives/edgar/data/310142/000119312506054705/d10k.htm
0,2005-09-30,SXT,2005-11-08,2005-11-08 14:50:10,Q3,256400000,183300000,73100000,0.285101,0.0,45700000,45560000,0.0,45599999.99999999,228900000,-8820000.0,12399999.999999998,22180000,0.086505,27500000,0.107254,0.0,18700000,0.072933,4500000.0,14100000,0.054992,0.29873,0.29873,47200000,47200000,https://www.sec.gov/Archives/edgar/data/310142/000095013705013467/c99764e10vq.htm,https://www.sec.gov/Archives/edgar/data/310142/000095013705013467/c99764e10vq.htm
0,2005-06-30,SXT,2005-08-08,2005-08-08 12:42:46,Q2,263800000,184200000,79500000,0.301365,0.0,48900000,48824000,0.0,48900000.00000001,233100000,-8902000.0,11400000,24198000,0.091729,30600000,0.115997,0.0,21700000,0.082259,5800000.0,15900000,0.060273,0.33686,0.33686,47200000,47200000,https://www.sec.gov/Archives/edgar/data/310142/000095013705009767/c97440e10vq.htm,https://www.sec.gov/Archives/edgar/data/310142/000095013705009767/c97440e10vq.htm
0,2005-03-31,SXT,2005-05-09,2005-05-09 11:32:49,Q1,250900000,176200000,74700000,0.297728,0.0,49800000,49702000,0.0,49800000.00000001,226000000,-8724000.0,11600000,18976000,0.075632,24900000,0.099243,0.0,16200000,0.064568,3300000.0,12800000,0.051016,0.27119,0.27119,47200000,47200000,https://www.sec.gov/Archives/edgar/data/310142/000119312505050657/d10k.htm,https://www.sec.gov/Archives/edgar/data/310142/000119312505050657/d10k.htm
0,2004-12-31,SXT,2005-03-15,2005-03-15 13:01:00,Q4,272300000,192100000,80200000,0.294528,0.0,49900000,15345000,0.0,49900000.00000001,242000000,-2125000.0,10399999.999999998,30275000,0.111183,30300000,0.111274,0.0,22000000,0.080793,2900000.0,19100000,0.070143,0.40552,0.40552,47100000,47100000,https://www.sec.gov/Archives/edgar/data/310142/000119312505050657/d10k.htm,https://www.sec.gov/Archives/edgar/data/310142/000119312505050657/d10k.htm
0,2004-09-30,SXT,,,Q3,256800000,179300000,77600000,0.302181,0.0,41300000,0.0,0.0,41299999.99999998,220599999.99999997,-7600000.0,10800000.000000004,31800000.000000004,0.123832,36300000,0.141355,0.0,28600000,0.111371,7000000.0,21600000,0.084112,0.46055,0.46055,46900000,46900000,,
0,2004-06-30,SXT,,,Q2,263800000,183400000,80400000,0.304776,0.0,46400000,0.0,0.0,46400000.00000001,229800000,-8000000.0,11700000,29700000,0.112585,34000000,0.128886,0.0,26100000,0.098939,7800000.0,18200000,0.068992,0.38889,0.38889,46800000,46800000,,
0,2004-03-31,SXT,,,Q1,254100000,179800000,74400000,0.292798,0.0,45800000,0.0,0.0,45799999.99999998,225599999.99999997,-7400000.0,12200000,26100000,0.102715,28600000,0.112554,0.0,21200000,0.083432,6300000.0,15000000,0.059032,0.3212,0.3212,46700000,46700000,,
0,2003-12-31,SXT,,,Q4,243100000,172700000,70400000,0.289593,0.0,34200000,0.0,0.0,40600000.00000002,213300000.00000003,-6700000.0,10800000.000000004,27100000.000000004,0.111477,29700000,0.122172,0.0,23100000,0.095023,4400000.0,18600000,0.076512,0.39829,0.39829,46700000,46700000,,
0,2003-09-30,SXT,,,Q3,247300000,168100000,79100000,0.319854,0.0,45000000,0.0,0.0,45000000,213100000,-7600000.0,10099999.999999998,28999999.999999996,0.117266,34100000,0.137889,0.0,26500000,0.107157,5800000.0,20700000,0.083704,0.44136,0.44136,46900000,46900000,,
0,2003-06-30,SXT,,,Q2,261800000,177500000,84300000,0.322002,0.0,45600000,0.0,0.0,45599999.99999999,223100000,-7600000.0,11100000,34700000,0.132544,38700000,0.147823,0.0,31100000,0.118793,9500000.0,21700000,0.082888,0.45303,0.45303,47900000,47900000,,
0,2003-03-31,SXT,2003-05-14 00:00:00,2003-05-14 15:40:58,Q1,235100000,158100000,77000000,0.32752,0.0,42000000,0.0,0.0,42099999.99999999,200200000,-7200000.0,11100000,31600000,0.134411,34900000,0.148447,0.0,27700000,0.117822,7200000.0,20500000,0.087197,0.43249,0.43249,47400000,47400000,https://www.sec.gov/Archives/edgar/data/310142/000095013403007924/0000950134-03-007924-index.html,https://www.sec.gov/Archives/edgar/data/310142/000095013403007924/c77107e10vq.txt
0,2002-12-31,SXT,,,Q4,249200000,169800000,79400000,0.31862,0.0,41100000,0.0,0.0,41099999.99999999,210900000,-7100000.0,10299999.999999996,34400000,0.138042,38300000,0.153692,0.0,31200000,0.125201,8800000.0,22400000,0.089888,0.4696,0.4696,47700000,47700000,,
0,2002-09-30,SXT,2002-11-13 00:00:00,2002-11-13 13:50:36,Q3,238000000,159400000,78600000,0.330252,0.0,41600000,0.0,0.0,41699999.99999999,201100000,-7200000.0,11300000,33800000,0.142017,36900000,0.155042,0.0,29700000,0.12479,9500000.0,20200000,0.084874,0.42348,0.42348,47700000,47700000,https://www.sec.gov/Archives/edgar/data/310142/000095013402014080/0000950134-02-014080-index.html,https://www.sec.gov/Archives/edgar/data/310142/000095013402014080/c72987e10vq.txt
0,2002-06-30,SXT,2002-08-13 00:00:00,2002-08-13 14:44:06,Q2,239600000,161200000,78300000,0.326795,0.0,39600000,0.0,0.0,39700000.00000002,200900000.00000003,-7600000.0,10000000,33600000,0.140234,38700000,0.161519,0.0,31200000,0.130217,10000000,21200000,0.088481,0.43983,0.43983,48200000,48200000,https://www.sec.gov/Archives/edgar/data/310142/000095013402009710/0000950134-02-009710-index.html,https://www.sec.gov/Archives/edgar/data/310142/000095013402009710/c71187e10vq.txt
0,2002-03-31,SXT,2002-05-14 00:00:00,2002-05-14 14:21:21,Q1,213100000,142500000,70600000,0.3313,0.0,38100000,0.0,0.0,38099999.99999999,180600000,-7600000.0,9700000.0,27000000,0.126701,32500000,0.152511,0.0,24900000,0.116847,8000000.0,16900000,0.079305,0.3543,0.3543,47700000,47700000,https://www.sec.gov/Archives/edgar/data/310142/000095012402001773/0000950124-02-001773-index.html,https://www.sec.gov/Archives/edgar/data/310142/000095012402001773/c69536e10-q.txt
0,2001-12-31,SXT,,,Q4,213200000,144100000,69200000,0.324578,0.0,34800000,0.0,0.0,34800000.00000001,178900000,-7500000.0,11000000,30400000,0.142589,34400000,0.161351,0.0,26900000,0.126173,6900000.0,20000000,0.093809,0.42194,0.42194,47400000,47400000,,
0,2001-09-30,SXT,2001-11-13 00:00:00,2001-11-13 00:00:00,Q3,204100000,138500000,65600000,0.321411,0.0,34300000,0.0,0.0,34300000.00000001,172800000,-7600000.0,11599999.999999998,28499999.999999996,0.139637,31200000,0.152866,0.0,23700000,0.11612,7900000.0,16600000,0.081333,0.34728,0.34728,47800000,47800000,https://www.sec.gov/Archives/edgar/data/310142/000095012401503941/0000950124-01-503941-index.html,https://www.sec.gov/Archives/edgar/data/310142/000095012401503941/c65954e10-q.txt
0,2001-06-30,SXT,2001-08-14 00:00:00,2001-08-14 00:00:00,Q2,203900000,134000000,70000000,0.343306,0.0,38700000,0.0,0.0,38699999.99999999,172700000,-7600000.0,11799999.999999998,27900000,0.136832,31300000,0.153507,0.0,23600000,0.115743,5400000.0,18300000,0.08975,0.38125,0.38125,48000000,48000000,https://www.sec.gov/Archives/edgar/data/310142/000095012401502816/0000950124-01-502816-index.html,https://www.sec.gov/Archives/edgar/data/310142/000095012401502816/c64409e10-q.txt
0,2001-03-31,SXT,2001-05-14 00:00:00,2001-05-14 00:00:00,Q1,195700000,132800000,62900000,0.32141,0.0,38300000,0.0,0.0,38299999.99999998,171099999.99999997,-8800000.0,11900000,26700000,0.136433,24600000,0.125703,0.0,15800000,0.080736,4800000.0,18800000,0.096065,0.38683,0.38683,48600000,48600000,https://www.sec.gov/Archives/edgar/data/310142/000095012401501108/0000950124-01-501108-index.html,https://www.sec.gov/Archives/edgar/data/310142/000095012401501108/c62146e10-q.txt
0,2000-12-31,SXT,,,Q4,192900000,126500000,66400000,0.34422,0.0,34800000,0.0,0.0,53800000.00000001,180300000,-9000000.0,0.0,-4200000.0,-0.021773,12600000,0.065319,0.0,3600000.0,0.018663,1800000.0,3000000.0,0.015552,0.06186,0.06186,48500000,48500000,,
0,2000-09-30,SXT,2000-11-13 00:00:00,2000-11-13 00:00:00,Q3,207000000,134000000,73000000,0.352657,0.0,40200000,0.0,0.0,40199999.99999999,174200000,-8600000.0,-23300000,-6700000.0,-0.032367,32800000,0.158454,0.0,24200000,0.116908,6800000.0,18400000,0.088889,0.37705,0.37705,48800000,48800000,https://www.sec.gov/Archives/edgar/data/310142/000095012400006748/0000950124-00-006748-index.html,https://www.sec.gov/Archives/edgar/data/310142/000095012400006748/c58437e10-q.txt
0,2000-06-30,SXT,2000-08-14 00:00:00,2000-08-14 00:00:00,Q2,204100000,130300000,73900000,0.362077,0.0,38600000,0.0,0.0,38599999.99999999,168900000,-8500000.0,11700000.000000002,29900000,0.146497,35300000,0.172954,0.0,26700000,0.130818,8800000.0,17900000,0.087702,0.36089,0.36089,49600000,49600000,https://www.sec.gov/Archives/edgar/data/310142/000095012400005009/0000950124-00-005009-index.html,https://www.sec.gov/Archives/edgar/data/310142/000095012400005009/0000950124-00-005009-0001.txt
0,2000-03-31,SXT,2000-05-12 00:00:00,2000-05-12 00:00:00,Q1,205200000,134200000,70900000,0.345517,0.0,39400000,0.0,0.0,39400000.00000001,173600000,-8100000.0,11600000,30600000,0.149123,31500000,0.153509,0.0,23500000,0.114522,4300000.0,22800000,0.111111,0.45783,0.45783,49800000,49800000,https://www.sec.gov/Archives/edgar/data/310142/000031014200000006/0000310142-00-000006-index.html,https://www.sec.gov/Archives/edgar/data/310142/0000310142-00-000006.txt
0,1999-12-31,SXT,,,Q4,198700000,132100000,66600000,0.335179,0.0,38600000,0.0,0.0,38700000.00000002,170800000.00000003,-7100000.0,0.0,18000000,0.090589,27900000,0.140413,0.0,20800000,0.10468,6600000.0,18500000,0.093105,0.36634,0.36634,50500000,50500000,,
0,1999-09-30,SXT,,,Q3,246200000,159600000,86600000,0.351747,0.0,45800000,0.0,0.0,45800000.00000001,205400000,-6900000.0,0.0,27000000,0.109667,40800000,0.165719,0.0,33900000,0.137693,10400000,23500000,0.095451,0.46351,0.46351,50700000,50700000,,
0,1999-06-30,SXT,1999-08-13 00:00:00,1999-08-13 00:00:00,Q2,201800000,134400000,67400000,0.333994,0.0,35500000,0.0,0.0,35400000.00000001,169800000,-7300000.0,0.0,21200000,0.105055,31900000,0.158077,0.0,24700000,0.122398,7800000.0,20700000,0.102577,0.40828,0.40828,50700000,50700000,https://www.sec.gov/Archives/edgar/data/310142/000031014299000007/0000310142-99-000007-index.html,https://www.sec.gov/Archives/edgar/data/310142/0000310142-99-000007.txt
0,1999-03-31,SXT,1999-05-14 00:00:00,1999-05-14 00:00:00,Q1,146300000,102500000,43800000,0.299385,0.0,23100000,0.0,0.0,23099999.999999993,125600000,-6100000.0,-12400000,4900000.0,0.033493,20700000,0.14149,0.0,14600000,0.099795,4400000.0,19000000,0.12987,0.37037,0.37037,51300000,51300000,https://www.sec.gov/Archives/edgar/data/310142/000031014299000004/0000310142-99-000004-index.html,https://www.sec.gov/Archives/edgar/data/310142/0000310142-99-000004.txt
0,1998-12-31,SXT,1999-02-12 00:00:00,1999-02-12 00:00:00,Q4,217500000,141800000,75700000,0.348046,0.0,44500000,0.0,0.0,44500000,186300000,-5800000.0,12400000,32100000,0.147586,31200000,0.143448,0.0,25500000,0.117241,8600000.0,16900000,0.077701,0.32689,0.32689,51700000,51700000,https://www.sec.gov/Archives/edgar/data/310142/000031014299000001/0000310142-99-000001-index.html,https://www.sec.gov/Archives/edgar/data/310142/0000310142-99-000001.txt
0,1998-09-30,SXT,,,Q3,228400000,147000000,81400000,0.356392,0.0,47100000,0.0,0.0,47099999.99999999,194100000,-5100000.0,0.0,24000000,0.105079,34300000,0.150175,0.0,29200000,0.127846,8300000.0,20800000,0.091068,0.40154,0.40154,51800000,51800000,,
0,1998-06-30,SXT,1998-08-13 00:00:00,1998-08-13 00:00:00,Q2,214500000,139500000,75000000,0.34965,0.0,40300000,0.0,0.0,40400000.00000001,179900000,-5600000.0,0.0,23500000,0.109557,34600000,0.161305,0.0,29100000,0.135664,9900000.0,19200000,0.08951,0.36852,0.36852,52100000,52100000,https://www.sec.gov/Archives/edgar/data/310142/000031014298000006/0000310142-98-000006-index.html,https://www.sec.gov/Archives/edgar/data/310142/0000310142-98-000006.txt
0,1998-03-31,SXT,1998-05-14 00:00:00,1998-05-14 00:00:00,Q1,205000000,132600000,72400000,0.353171,0.0,40800000,0.0,0.0,40800000.00000001,173400000,-5500000.0,0.0,20700000,0.100976,31600000,0.154146,0.0,26100000,0.127317,8800000.0,17400000,0.084878,0.33526,0.33526,51900000,51900000,https://www.sec.gov/Archives/edgar/data/310142/000095012498002920/0000950124-98-002920-index.html,https://www.sec.gov/Archives/edgar/data/310142/0000950124-98-002920.txt
0,1997-12-31,SXT,1998-02-13 00:00:00,1998-02-13 00:00:00,Q4,208900000,137000000,71900000,0.344184,0.0,43600000,0.0,0.0,43599999.99999999,180600000,-5000000.0,0.0,18300000,0.087602,28300000,0.135472,0.0,23300000,0.111537,8000000.0,15300000,0.073241,0.29709,0.29709,51500000,51500000,https://www.sec.gov/Archives/edgar/data/310142/000095012498000711/0000950124-98-000711-index.html,https://www.sec.gov/Archives/edgar/data/310142/0000950124-98-000711.txt
0,1997-09-30,SXT,,,Q3,217700000,144900000,72800000,0.334405,0.0,48100000,0.0,0.0,48099999.99999999,193000000,-4400000.0,0.0,15900000,0.073036,24700000,0.113459,0.0,20400000,0.093707,1900000.0,18400000,0.08452,0.35867,0.35867,51300000,51300000,,
0,1997-06-30,SXT,1997-08-13 00:00:00,1997-08-13 00:00:00,Q2,209700000,140300000,69400000,0.330949,0.0,39700000,0.0,0.0,39699999.99999999,180000000,-4700000.0,0.0,20300000,0.096805,29700000,0.141631,0.0,25000000,0.119218,8300000.0,16700000,0.079638,0.32554,0.32554,51300000,51300000,https://www.sec.gov/Archives/edgar/data/310142/000089706997000338/0000897069-97-000338-index.html,https://www.sec.gov/Archives/edgar/data/310142/0000897069-97-000338.txt
0,1997-03-31,SXT,1997-05-14 00:00:00,1997-05-14 00:00:00,Q1,204800000,138300000,66600000,0.325195,0.0,38600000,0.0,0.0,38599999.99999999,176900000,-4100000.0,0.0,19700000,0.096191,27900000,0.13623,0.0,23800000,0.116211,8200000.0,15600000,0.076172,0.30409,0.30409,51300000,51300000,https://www.sec.gov/Archives/edgar/data/310142/000089706997000225/0000897069-97-000225-index.html,https://www.sec.gov/Archives/edgar/data/310142/0000897069-97-000225.txt
0,1996-12-31,SXT,1997-02-13 00:00:00,1997-02-13 00:00:00,Q4,193500000,127600000,65900000,0.340568,0.0,41000000,0.0,0.0,41000000,168600000,-3700000.0,0.0,17500000,0.090439,24900000,0.128682,0.0,21200000,0.109561,7300000.0,13900000,0.071835,0.27148,0.27148,51200000,51200000,https://www.sec.gov/Archives/edgar/data/310142/000089706997000074/0000897069-97-000074-index.html,https://www.sec.gov/Archives/edgar/data/310142/0000897069-97-000074.txt
0,1996-09-30,SXT,,,Q3,212100000,141700000,70400000,0.331919,0.0,40300000,0.0,0.0,65300000.00000001,207000000,-3800000.0,0.0,-2400000.0,-0.011315,5100000.0,0.024045,0.0,1300000.0,0.006129,900000.0,500000.0,0.002357,0.00982,0.00982,50900000,50900000,,
0,1996-06-30,SXT,1996-08-13 00:00:00,1996-08-13 00:00:00,Q2,200800000,132900000,67800000,0.337649,0.0,39900000,0.0,0.0,40000000,172900000,-4100000.0,0.0,19700000,0.098108,27900000,0.138944,0.0,23900000,0.119024,8100000.0,15700000,0.078187,0.30545,0.30545,51400000,51400000,https://www.sec.gov/Archives/edgar/data/310142/000089706996000251/0000897069-96-000251-index.html,https://www.sec.gov/Archives/edgar/data/310142/0000897069-96-000251.txt
0,1996-03-31,SXT,1996-05-15 00:00:00,1996-05-15 00:00:00,Q1,200000000,132200000,67800000,0.339,0.0,42000000,0.0,0.0,42000000,174200000,-3500000.0,0.0,18800000,0.094,25900000,0.1295,0.0,22400000,0.112,7800000.0,14500000,0.0725,0.27938,0.27938,51900000,51900000,https://www.sec.gov/Archives/edgar/data/310142/000089706996000132/0000897069-96-000132-index.html,https://www.sec.gov/Archives/edgar/data/310142/0000897069-96-000132.txt
0,1995-12-31,SXT,1996-02-14 00:00:00,1996-02-14 00:00:00,Q4,193400000,126500000,67000000,0.346432,0.0,42000000,0.0,0.0,42000000,168500000,-3900000.0,0.0,17200000,0.088935,25000000,0.129266,0.0,21100000,0.1091,7600000.0,13500000,0.069804,0.25862,0.25862,52200000,52200000,https://www.sec.gov/Archives/edgar/data/310142/000089706996000033/0000897069-96-000033-index.html,https://www.sec.gov/Archives/edgar/data/310142/0000897069-96-000033.txt
0,1995-09-30,SXT,,,Q3,205900000,132200000,73700000,0.357941,0.0,45900000,0.0,0.0,68600000.00000001,200800000.00000003,-3400000.0,0.0,-1800000.0,-0.008742,5100000.0,0.024769,0.0,1600000.0,0.007771,-700000.0,2300000.0,0.01117,0.04406,0.04406,52200000,52200000,,
0,1995-06-30,SXT,1995-08-11 00:00:00,1995-08-11 00:00:00,Q2,207500000,139000000,68500000,0.33012,0.0,42000000,0.0,0.0,42000000,181000000,-3700000.0,0.0,19200000,0.09253,26600000,0.128193,0.0,22800000,0.10988,8300000.0,14600000,0.070361,0.27969,0.27969,52200000,52200000,https://www.sec.gov/Archives/edgar/data/310142/000089706995000101/0000897069-95-000101-index.html,https://www.sec.gov/Archives/edgar/data/310142/0000897069-95-000101.txt
0,1995-03-31,SXT,1995-05-15 00:00:00,1995-05-15 00:00:00,Q1,191800000,124700000,67200000,0.350365,0.0,41800000,0.0,0.0,41800000,166500000,-4000000.0,0.0,17400000,0.090719,25400000,0.13243,0.0,21400000,0.111575,7800000.0,13600000,0.070907,0.26154,0.26154,52000000,52000000,https://www.sec.gov/Archives/edgar/data/310142/000089706995000060/0000897069-95-000060-index.html,https://www.sec.gov/Archives/edgar/data/310142/0000897069-95-000060.txt
0,1994-12-31,SXT,1995-02-13 00:00:00,1995-02-13 00:00:00,Q4,187700000,122400000,65400000,0.348428,0.0,42200000,0.0,0.0,-7400000.000000006,115000000,-4000000.0,0.0,64700000,0.344699,72700000,0.38732,0.0,68700000,0.36601,33100000,35600000,0.189664,0.6833,0.6833,52100000,52100000,https://www.sec.gov/Archives/edgar/data/310142/000089706995000006/0000897069-95-000006-index.html,https://www.sec.gov/Archives/edgar/data/310142/0000897069-95-000006.txt
0,1994-09-30,SXT,,,Q3,222500000,146700000,75800000,0.340674,0.0,49100000,0.0,0.0,61200000.00000002,207900000.00000003,-4200000.0,0.0,6300000.0,0.028315,14700000,0.066067,0.0,10500000,0.047191,3900000.0,6600000.0,0.029663,0.12668,0.12668,52100000,52100000,,
0,1994-06-30,SXT,1994-08-15 00:00:00,1994-08-15 00:00:00,Q2,249500000,168300000,81200000,0.325451,0.0,52800000,0.0,0.0,52799999.99999998,221099999.99999997,-4200000.0,0.0,20000000,0.08016,28400000,0.113828,0.0,24200000,0.096994,8900000.0,15300000,0.061323,0.29367,0.29367,52100000,52100000,https://www.sec.gov/Archives/edgar/data/310142/000089706994000088/0000897069-94-000088-index.html,https://www.sec.gov/Archives/edgar/data/310142/0000897069-94-000088.txt
0,1994-03-31,SXT,1994-05-16 00:00:00,1994-05-16 00:00:00,Q1,237100000,157600000,79400000,0.33488,0.0,52100000,0.0,0.0,52200000.00000002,209800000.00000003,-4000000.0,0.0,19300000,0.0814,27300000,0.115141,0.0,23300000,0.098271,8700000.0,14600000,0.061577,0.28077,0.28077,52000000,52000000,https://www.sec.gov/Archives/edgar/data/310142/000089706994000067/0000897069-94-000067-index.html,https://www.sec.gov/Archives/edgar/data/310142/0000897069-94-000067.txt
