,date,symbol,fillingDate,acceptedDate,period,revenue,costOfRevenue,grossProfit,grossProfitRatio,researchAndDevelopmentExpenses,generalAndAdministrativeExpenses,sellingAndMarketingExpenses,otherExpenses,operatingExpenses,costAndExpenses,interestExpense,depreciationAndAmortization,ebitda,ebitdaratio,operatingIncome,operatingIncomeRatio,totalOtherIncomeExpensesNet,incomeBeforeTax,incomeBeforeTaxRatio,incomeTaxExpense,netIncome,netIncomeRatio,eps,epsdiluted,weightedAverageShsOut,weightedAverageShsOutDil,link,finalLink
0,2020-09-30,ABX.TO,2020-09-30,2020-09-30,Q3,3540000000,1927000000,1613000000,0.4556497175141243,0.0,50000000,0.0,97000000,80000000,2069000000,81000000,0.0,2234000000,0.6310734463276836,1471000000,0.4392655367231638,168000000,1555000000,0.4392655367231638,284000000,882000000,0.24915254237288137,0.5,0.5,1778000000,1778000000,https://www.sedar.com/ModifyCompanyDocumentSearchForm.do?lang=EN&company_search=Barrick Gold Corp&document_selection=0&industry_group=A&FromDate=13&FromMonth=05&FromYear=2000&ToDate=13&ToMonth=11&ToYear=2020&Variable=Issuer,https://www.sedar.com/ModifyCompanyDocumentSearchForm.do?lang=EN&company_search=Barrick Gold Corp&document_selection=0&industry_group=A&FromDate=13&FromMonth=05&FromYear=2000&ToDate=13&ToMonth=11&ToYear=2020&Variable=Issuer
0,2020-06-30,ABX.TO,2020-06-30,2020-06-30,Q2,3055000000,1900000000,1155000000,0.3780687397708674,0.0,71000000,0.0,-14000000,85000000,2083000000,88000000,0.0,1586000000,0.5191489361702127,972000000,0.28805237315875615,-5000000.0,880000000,0.28805237315875615,258000000,357000000,0.11685761047463175,0.2,0.2,1778000000,1778000000,https://www.sedar.com/ModifyCompanyDocumentSearchForm.do?lang=EN&company_search=Barrick Gold Corp&document_selection=0&industry_group=A&FromDate=13&FromMonth=05&FromYear=2000&ToDate=13&ToMonth=11&ToYear=2020&Variable=Issuer,https://www.sedar.com/ModifyCompanyDocumentSearchForm.do?lang=EN&company_search=Barrick Gold Corp&document_selection=0&industry_group=A&FromDate=13&FromMonth=05&FromYear=2000&ToDate=13&ToMonth=11&ToYear=2020&Variable=Issuer
0,2020-03-31,ABX.TO,2020-03-31,2020-03-31,Q1,2721000000,1776000000,945000000,0.3472987872105843,0.0,40000000,0.0,-3000000.0,161000000,1977000000,83000000,0.0,1309000000,0.4810731348768835,744000000,0.38552002940095553,398000000,1049000000,0.38552002940095553,386000000,400000000,0.14700477765527378,0.22,0.22,1778000000,1778000000,https://www.sedar.com/ModifyCompanyDocumentSearchForm.do?lang=EN&company_search=Barrick Gold Corp&document_selection=0&industry_group=A&FromDate=13&FromMonth=05&FromYear=2000&ToDate=13&ToMonth=11&ToYear=2020&Variable=Issuer,https://www.sedar.com/ModifyCompanyDocumentSearchForm.do?lang=EN&company_search=Barrick Gold Corp&document_selection=0&industry_group=A&FromDate=13&FromMonth=05&FromYear=2000&ToDate=13&ToMonth=11&ToYear=2020&Variable=Issuer
0,2019-12-31,ABX.TO,2019-12-31,2019-12-31,Q4,2883000000,1987000000,896000000,0.3107873742629206,0.0,31000000,0.0,624000000,43000000,1827000000,103000000,0.0,2306000000,0.7998612556364898,1056000000,0.8879639264654874,1602000000,2560000000,0.8879639264654874,784000000,1387000000,0.48109608047173086,0.7800899887514061,0.7800899887514061,1778000000,1778000000,https://www.sedar.com/ModifyCompanyDocumentSearchForm.do?lang=EN&company_search=Barrick Gold Corp&document_selection=0&industry_group=A&FromDate=13&FromMonth=05&FromYear=2000&ToDate=13&ToMonth=11&ToYear=2020&Variable=Issuer,https://www.sedar.com/ModifyCompanyDocumentSearchForm.do?lang=EN&company_search=Barrick Gold Corp&document_selection=0&industry_group=A&FromDate=13&FromMonth=05&FromYear=2000&ToDate=13&ToMonth=11&ToYear=2020&Variable=Issuer
0,2019-09-30,ABX.TO,2019-09-30,2019-09-30,Q3,2678000000,1889000000,789000000,0.29462285287528006,0.0,68000000,0.0,-13000000,91000000,2048000000,109000000,0.0,3085000000,1.1519790888722927,630000000,1.2046303211351754,2720000000,3226000000,1.2046303211351754,791000000,2277000000,0.8502613890963405,1.3,1.3,1756000000,1756000000,https://www.sedar.com/ModifyCompanyDocumentSearchForm.do?lang=EN&company_search=Barrick Gold Corp&document_selection=0&industry_group=A&FromDate=13&FromMonth=05&FromYear=2000&ToDate=13&ToMonth=11&ToYear=2020&Variable=Issuer,https://www.sedar.com/ModifyCompanyDocumentSearchForm.do?lang=EN&company_search=Barrick Gold Corp&document_selection=0&industry_group=A&FromDate=13&FromMonth=05&FromYear=2000&ToDate=13&ToMonth=11&ToYear=2020&Variable=Issuer
0,2019-06-30,ABX.TO,2019-06-30,2019-06-30,Q2,2063000000,1545000000,518000000,0.25109064469219583,0.0,59000000,0.0,-1000000.0,114000000,1718000000,106000000,0.0,845000000,0.4095976732913233,345000000,0.12796897721764422,40000000,264000000,0.12796897721764422,41000000,194000000,0.09403780901599612,0.11,0.11,1752000000,1752000000,https://www.sedar.com/ModifyCompanyDocumentSearchForm.do?lang=EN&company_search=Barrick Gold Corp&document_selection=0&industry_group=A&FromDate=13&FromMonth=05&FromYear=2000&ToDate=13&ToMonth=11&ToYear=2020&Variable=Issuer,https://www.sedar.com/ModifyCompanyDocumentSearchForm.do?lang=EN&company_search=Barrick Gold Corp&document_selection=0&industry_group=A&FromDate=13&FromMonth=05&FromYear=2000&ToDate=13&ToMonth=11&ToYear=2020&Variable=Issuer
0,2019-03-31,ABX.TO,2019-03-31,2019-03-31,Q1,2093000000,1490000000,603000000,0.2881032011466794,0.0,54000000,0.0,-4000000.0,99000000,1643000000,108000000,0.0,892000000,0.4261825131390349,450000000,0.14667940754897277,-18000000,307000000,0.14667940754897277,167000000,111000000,0.05303392259913999,0.06,0.06,1745000000,1746000000,https://www.sedar.com/ModifyCompanyDocumentSearchForm.do?lang=EN&company_search=Barrick Gold Corp&document_selection=0&industry_group=A&FromDate=13&FromMonth=05&FromYear=2000&ToDate=13&ToMonth=11&ToYear=2020&Variable=Issuer,https://www.sedar.com/ModifyCompanyDocumentSearchForm.do?lang=EN&company_search=Barrick Gold Corp&document_selection=0&industry_group=A&FromDate=13&FromMonth=05&FromYear=2000&ToDate=13&ToMonth=11&ToYear=2020&Variable=Issuer
0,2018-12-31,ABX.TO,2018-12-31,2018-12-31,Q4,1904000000,1577000000,327000000,0.1717436974789916,0.0,53000000,0.0,-14000000,117000000,1747000000,100000000,0.0,583000000,0.30619747899159666,157000000,-0.20430672268907563,-444000000,-389000000,-0.20430672268907563,776000000,-1197000000,-0.6286764705882353,-0.6732283464566929,-0.6732283464566929,1778000000,1778000000,https://www.sedar.com/ModifyCompanyDocumentSearchForm.do?lang=EN&company_search=Barrick Gold Corp&document_selection=0&industry_group=A&FromDate=13&FromMonth=05&FromYear=2000&ToDate=13&ToMonth=11&ToYear=2020&Variable=Issuer,https://www.sedar.com/ModifyCompanyDocumentSearchForm.do?lang=EN&company_search=Barrick Gold Corp&document_selection=0&industry_group=A&FromDate=13&FromMonth=05&FromYear=2000&ToDate=13&ToMonth=11&ToYear=2020&Variable=Issuer
0,2018-09-30,ABX.TO,2018-09-30,2018-09-30,Q3,1837000000,1315000000,522000000,0.2841589548176375,0.0,71000000,0.0,6000000.0,83000000,1469000000,110000000,0.0,732000000,0.39847577572128473,368000000,-0.15296679368535657,-515000000,-281000000,-0.15296679368535657,105000000,-412000000,-0.22427871529667937,-0.35,-0.35,1167000000,1167000000,https://www.sedar.com/ModifyCompanyDocumentSearchForm.do?lang=EN&company_search=Barrick Gold Corp&document_selection=0&industry_group=A&FromDate=13&FromMonth=05&FromYear=2000&ToDate=13&ToMonth=11&ToYear=2020&Variable=Issuer,https://www.sedar.com/ModifyCompanyDocumentSearchForm.do?lang=EN&company_search=Barrick Gold Corp&document_selection=0&industry_group=A&FromDate=13&FromMonth=05&FromYear=2000&ToDate=13&ToMonth=11&ToYear=2020&Variable=Issuer
0,2018-06-30,ABX.TO,2018-06-30,2018-06-30,Q2,1712000000,1176000000,536000000,0.3130841121495327,0.0,106000000,0.0,-9000000.0,106000000,1388000000,115000000,0.0,625000000,0.36507009345794394,324000000,0.02336448598130841,-141000000,40000000,0.02336448598130841,116000000,-94000000,-0.054906542056074766,-0.08,-0.08,1167000000,1167000000,https://www.sedar.com/ModifyCompanyDocumentSearchForm.do?lang=EN&company_search=Barrick Gold Corp&document_selection=0&industry_group=A&FromDate=13&FromMonth=05&FromYear=2000&ToDate=13&ToMonth=11&ToYear=2020&Variable=Issuer,https://www.sedar.com/ModifyCompanyDocumentSearchForm.do?lang=EN&company_search=Barrick Gold Corp&document_selection=0&industry_group=A&FromDate=13&FromMonth=05&FromYear=2000&ToDate=13&ToMonth=11&ToYear=2020&Variable=Issuer
0,2018-03-31,ABX.TO,2018-03-31,2018-03-31,Q1,1790000000,1152000000,638000000,0.3564245810055866,0.0,48000000,0.0,-5000000.0,64000000,1264000000,117000000,0.0,839000000,0.46871508379888266,526000000,0.21955307262569831,7000000.0,393000000,0.21955307262569831,201000000,158000000,0.08826815642458101,0.14,0.14,1167000000,1167000000,https://www.sedar.com/ModifyCompanyDocumentSearchForm.do?lang=EN&company_search=Barrick Gold Corp&document_selection=0&industry_group=A&FromDate=13&FromMonth=05&FromYear=2000&ToDate=13&ToMonth=11&ToYear=2020&Variable=Issuer,https://www.sedar.com/ModifyCompanyDocumentSearchForm.do?lang=EN&company_search=Barrick Gold Corp&document_selection=0&industry_group=A&FromDate=13&FromMonth=05&FromYear=2000&ToDate=13&ToMonth=11&ToYear=2020&Variable=Issuer
0,2017-12-31,ABX.TO,2017-12-31,2017-12-31,Q4,2228000000,1411000000,817000000,0.36669658886894074,0.0,62000000,0.0,10000000,134000000,1607000000,116000000,0.0,1064000000,0.47755834829443444,621000000,-0.1867145421903052,-894000000,-416000000,-0.1867145421903052,51000000,-314000000,-0.14093357271095153,-0.1766029246344207,-0.1766029246344207,1778000000,1778000000,https://www.sedar.com/ModifyCompanyDocumentSearchForm.do?lang=EN&company_search=Barrick Gold Corp&document_selection=0&industry_group=A&FromDate=13&FromMonth=05&FromYear=2000&ToDate=13&ToMonth=11&ToYear=2020&Variable=Issuer,https://www.sedar.com/ModifyCompanyDocumentSearchForm.do?lang=EN&company_search=Barrick Gold Corp&document_selection=0&industry_group=A&FromDate=13&FromMonth=05&FromYear=2000&ToDate=13&ToMonth=11&ToYear=2020&Variable=Issuer
0,2017-09-30,ABX.TO,2017-09-30,2017-09-30,Q3,1993000000,1270000000,723000000,0.36276969392875064,0.0,69000000,0.0,-5000000.0,114000000,1453000000,129000000,0.0,937000000,0.4701455092824887,540000000,0.1359759157049674,-127000000,271000000,0.1359759157049674,314000000,-11000000,-0.0055193176116407425,-0.01,-0.01,1166000000,1166000000,https://www.sedar.com/ModifyCompanyDocumentSearchForm.do?lang=EN&company_search=Barrick Gold Corp&document_selection=0&industry_group=A&FromDate=13&FromMonth=05&FromYear=2000&ToDate=13&ToMonth=11&ToYear=2020&Variable=Issuer,https://www.sedar.com/ModifyCompanyDocumentSearchForm.do?lang=EN&company_search=Barrick Gold Corp&document_selection=0&industry_group=A&FromDate=13&FromMonth=05&FromYear=2000&ToDate=13&ToMonth=11&ToYear=2020&Variable=Issuer
0,2017-06-30,ABX.TO,2017-06-30,2017-06-30,Q2,2160000000,1277000000,883000000,0.40879629629629627,0.0,46000000,0.0,-11000000,78000000,1401000000,132000000,0.0,1150000000,0.5324074074074074,759000000,0.6532407407407408,805000000,1411000000,0.6532407407407408,274000000,1084000000,0.5018518518518519,0.93,0.93,1166000000,1166000000,https://www.sedar.com/ModifyCompanyDocumentSearchForm.do?lang=EN&company_search=Barrick Gold Corp&document_selection=0&industry_group=A&FromDate=13&FromMonth=05&FromYear=2000&ToDate=13&ToMonth=11&ToYear=2020&Variable=Issuer,https://www.sedar.com/ModifyCompanyDocumentSearchForm.do?lang=EN&company_search=Barrick Gold Corp&document_selection=0&industry_group=A&FromDate=13&FromMonth=05&FromYear=2000&ToDate=13&ToMonth=11&ToYear=2020&Variable=Issuer
0,2017-03-31,ABX.TO,2017-03-31,2017-03-31,Q1,1993000000,1342000000,651000000,0.3266432513798294,0.0,72000000,0.0,1000000.0,83000000,1497000000,135000000,0.0,902000000,0.4525840441545409,496000000,0.743100852985449,1140000000,1481000000,0.743100852985449,592000000,679000000,0.34069242348218765,0.58,0.58,1166000000,1166000000,https://www.sedar.com/ModifyCompanyDocumentSearchForm.do?lang=EN&company_search=Barrick Gold Corp&document_selection=0&industry_group=A&FromDate=13&FromMonth=05&FromYear=2000&ToDate=13&ToMonth=11&ToYear=2020&Variable=Issuer,https://www.sedar.com/ModifyCompanyDocumentSearchForm.do?lang=EN&company_search=Barrick Gold Corp&document_selection=0&industry_group=A&FromDate=13&FromMonth=05&FromYear=2000&ToDate=13&ToMonth=11&ToYear=2020&Variable=Issuer
0,2016-12-31,ABX.TO,2016-12-31,2016-12-31,Q4,2319000000,1454000000,865000000,0.3730056058645968,0.0,47000000,0.0,1000000.0,166000000,1667000000,142000000,0.0,1069000000,0.46097455799913756,652000000,0.3169469598965071,242000000,735000000,0.3169469598965071,223000000,425000000,0.18326865028029324,0.2390326209223847,0.2390326209223847,1778000000,1778000000,https://www.sedar.com/ModifyCompanyDocumentSearchForm.do?lang=EN&company_search=Barrick Gold Corp&document_selection=0&industry_group=A&FromDate=13&FromMonth=05&FromYear=2000&ToDate=13&ToMonth=11&ToYear=2020&Variable=Issuer,https://www.sedar.com/ModifyCompanyDocumentSearchForm.do?lang=EN&company_search=Barrick Gold Corp&document_selection=0&industry_group=A&FromDate=13&FromMonth=05&FromYear=2000&ToDate=13&ToMonth=11&ToYear=2020&Variable=Issuer
0,2016-09-30,ABX.TO,2016-09-30,2016-09-30,Q3,2297000000,1291000000,1006000000,0.43796255986068783,0.0,73000000,0.0,5000000.0,60000000,1424000000,146000000,0.0,1246000000,0.542446669569003,873000000,0.2525032651284284,-129000000,580000000,0.2525032651284284,335000000,175000000,0.07618632999564649,0.15,0.15,1165000000,1165000000,https://www.sedar.com/ModifyCompanyDocumentSearchForm.do?lang=EN&company_search=Barrick Gold Corp&document_selection=0&industry_group=A&FromDate=13&FromMonth=05&FromYear=2000&ToDate=13&ToMonth=11&ToYear=2020&Variable=Issuer,https://www.sedar.com/ModifyCompanyDocumentSearchForm.do?lang=EN&company_search=Barrick Gold Corp&document_selection=0&industry_group=A&FromDate=13&FromMonth=05&FromYear=2000&ToDate=13&ToMonth=11&ToYear=2020&Variable=Issuer
0,2016-06-30,ABX.TO,2016-06-30,2016-06-30,Q2,2012000000,1336000000,676000000,0.3359840954274354,0.0,88000000,0.0,5000000.0,63000000,1487000000,147000000,0.0,898000000,0.4463220675944334,525000000,0.17345924453280318,-12000000,349000000,0.17345924453280318,173000000,138000000,0.06858846918489066,0.12,0.12,1165000000,1165000000,https://www.sedar.com/ModifyCompanyDocumentSearchForm.do?lang=EN&company_search=Barrick Gold Corp&document_selection=0&industry_group=A&FromDate=13&FromMonth=05&FromYear=2000&ToDate=13&ToMonth=11&ToYear=2020&Variable=Issuer,https://www.sedar.com/ModifyCompanyDocumentSearchForm.do?lang=EN&company_search=Barrick Gold Corp&document_selection=0&industry_group=A&FromDate=13&FromMonth=05&FromYear=2000&ToDate=13&ToMonth=11&ToYear=2020&Variable=Issuer
0,2016-03-31,ABX.TO,2016-03-31,2016-03-31,Q1,1930000000,1324000000,606000000,0.3139896373056995,0.0,60000000,0.0,3000000.0,78000000,1462000000,158000000,0.0,802000000,0.4155440414507772,468000000,0.05906735751295337,-137000000,114000000,0.05906735751295337,186000000,-83000000,-0.043005181347150256,-0.07,-0.07,1165000000,1165000000,https://www.sedar.com/ModifyCompanyDocumentSearchForm.do?lang=EN&company_search=Barrick Gold Corp&document_selection=0&industry_group=A&FromDate=13&FromMonth=05&FromYear=2000&ToDate=13&ToMonth=11&ToYear=2020&Variable=Issuer,https://www.sedar.com/ModifyCompanyDocumentSearchForm.do?lang=EN&company_search=Barrick Gold Corp&document_selection=0&industry_group=A&FromDate=13&FromMonth=05&FromYear=2000&ToDate=13&ToMonth=11&ToYear=2020&Variable=Issuer
0,2015-12-31,ABX.TO,2015-12-31,2015-12-31,Q4,2238000000,1768000000,470000000,0.21000893655049152,0.0,58000000,0.0,5000000.0,108000000,1934000000,191000000,0.0,785000000,0.35075960679177837,304000000,-1.4754244861483468,-3399000000,-3302000000,-1.4754244861483468,-361000000,-2622000000,-1.1715817694369972,-1.4746906636670416,-1.4746906636670416,1778000000,1778000000,https://www.sedar.com/ModifyCompanyDocumentSearchForm.do?lang=EN&company_search=Barrick Gold Corp&document_selection=0&industry_group=A&FromDate=13&FromMonth=05&FromYear=2000&ToDate=13&ToMonth=11&ToYear=2020&Variable=Issuer,https://www.sedar.com/ModifyCompanyDocumentSearchForm.do?lang=EN&company_search=Barrick Gold Corp&document_selection=0&industry_group=A&FromDate=13&FromMonth=05&FromYear=2000&ToDate=13&ToMonth=11&ToYear=2020&Variable=Issuer
0,2015-09-30,ABX.TO,2015-09-30,2015-09-30,Q3,2315000000,1742000000,573000000,0.24751619870410368,0.0,46000000,0.0,-5000000.0,78000000,1866000000,184000000,0.0,852000000,0.36803455723542117,449000000,-0.056155507559395246,-371000000,-130000000,-0.056155507559395246,122000000,-264000000,-0.11403887688984882,-0.23,-0.23,1165000000,1165000000,https://www.sedar.com/ModifyCompanyDocumentSearchForm.do?lang=EN&company_search=Barrick Gold Corp&document_selection=0&industry_group=A&FromDate=13&FromMonth=05&FromYear=2000&ToDate=13&ToMonth=11&ToYear=2020&Variable=Issuer,https://www.sedar.com/ModifyCompanyDocumentSearchForm.do?lang=EN&company_search=Barrick Gold Corp&document_selection=0&industry_group=A&FromDate=13&FromMonth=05&FromYear=2000&ToDate=13&ToMonth=11&ToYear=2020&Variable=Issuer
0,2015-06-30,ABX.TO,2015-06-30,2015-06-30,Q2,2231000000,1689000000,542000000,0.2429403854773644,0.0,74000000,0.0,-31000000,78000000,1841000000,173000000,0.0,756000000,0.3388614970865083,390000000,0.0421335723890632,-101000000,94000000,0.0421335723890632,103000000,-9000000.0,-0.004034065441506051,-0.01,-0.01,1165000000,1165000000,https://www.sedar.com/ModifyCompanyDocumentSearchForm.do?lang=EN&company_search=Barrick Gold Corp&document_selection=0&industry_group=A&FromDate=13&FromMonth=05&FromYear=2000&ToDate=13&ToMonth=11&ToYear=2020&Variable=Issuer,https://www.sedar.com/ModifyCompanyDocumentSearchForm.do?lang=EN&company_search=Barrick Gold Corp&document_selection=0&industry_group=A&FromDate=13&FromMonth=05&FromYear=2000&ToDate=13&ToMonth=11&ToYear=2020&Variable=Issuer
0,2015-03-31,ABX.TO,2015-03-31,2015-03-31,Q1,2245000000,1708000000,537000000,0.23919821826280624,0.0,70000000,0.0,2000000.0,94000000,1872000000,175000000,0.0,771000000,0.34342984409799554,373000000,0.08641425389755011,21000000,194000000,0.08641425389755011,105000000,57000000,0.025389755011135856,0.05,0.05,1165000000,1165000000,https://www.sedar.com/ModifyCompanyDocumentSearchForm.do?lang=EN&company_search=Barrick Gold Corp&document_selection=0&industry_group=A&FromDate=13&FromMonth=05&FromYear=2000&ToDate=13&ToMonth=11&ToYear=2020&Variable=Issuer,https://www.sedar.com/ModifyCompanyDocumentSearchForm.do?lang=EN&company_search=Barrick Gold Corp&document_selection=0&industry_group=A&FromDate=13&FromMonth=05&FromYear=2000&ToDate=13&ToMonth=11&ToYear=2020&Variable=Issuer
0,2014-12-31,ABX.TO,2014-12-31,2014-12-31,Q4,2577000000,1906000000,671000000,0.2603802871556073,0.0,122000000,0.0,145000000,312000000,2241000000,174000000,0.0,892000000,0.3461389212262321,336000000,-1.3275126115638338,-3560000000,-3421000000,-1.3275126115638338,-381000000,-2851000000,-1.106325184322856,-1.6034870641169854,-1.6034870641169854,1778000000,1778000000,https://www.sedar.com/ModifyCompanyDocumentSearchForm.do?lang=EN&company_search=Barrick Gold Corp&document_selection=0&industry_group=A&FromDate=13&FromMonth=05&FromYear=2000&ToDate=13&ToMonth=11&ToYear=2020&Variable=Issuer,https://www.sedar.com/ModifyCompanyDocumentSearchForm.do?lang=EN&company_search=Barrick Gold Corp&document_selection=0&industry_group=A&FromDate=13&FromMonth=05&FromYear=2000&ToDate=13&ToMonth=11&ToYear=2020&Variable=Issuer
0,2014-09-30,ABX.TO,2014-09-30,2014-09-30,Q3,2598000000,1642000000,956000000,0.36797536566589684,0.0,98000000,0.0,-34000000,36000000,1812000000,176000000,0.0,1144000000,0.4403387220939184,786000000,0.1739799846035412,-138000000,452000000,0.1739799846035412,275000000,125000000,0.0481139337952271,0.11,0.11,1165000000,1165000000,https://www.sedar.com/ModifyCompanyDocumentSearchForm.do?lang=EN&company_search=Barrick Gold Corp&document_selection=0&industry_group=A&FromDate=13&FromMonth=05&FromYear=2000&ToDate=13&ToMonth=11&ToYear=2020&Variable=Issuer,https://www.sedar.com/ModifyCompanyDocumentSearchForm.do?lang=EN&company_search=Barrick Gold Corp&document_selection=0&industry_group=A&FromDate=13&FromMonth=05&FromYear=2000&ToDate=13&ToMonth=11&ToYear=2020&Variable=Issuer
0,2014-06-30,ABX.TO,2014-06-30,2014-06-30,Q2,2432000000,1590000000,842000000,0.3462171052631579,0.0,96000000,0.0,-49000000,76000000,1809000000,177000000,0.0,953000000,0.3918585526315789,623000000,-0.04111842105263158,-525000000,-100000000,-0.04111842105263158,123000000,-269000000,-0.11060855263157894,-0.23,-0.23,1165000000,1165000000,https://www.sedar.com/ModifyCompanyDocumentSearchForm.do?lang=EN&company_search=Barrick Gold Corp&document_selection=0&industry_group=A&FromDate=13&FromMonth=05&FromYear=2000&ToDate=13&ToMonth=11&ToYear=2020&Variable=Issuer,https://www.sedar.com/ModifyCompanyDocumentSearchForm.do?lang=EN&company_search=Barrick Gold Corp&document_selection=0&industry_group=A&FromDate=13&FromMonth=05&FromYear=2000&ToDate=13&ToMonth=11&ToYear=2020&Variable=Issuer
0,2014-03-31,ABX.TO,2014-03-31,2014-03-31,Q1,2632000000,1692000000,940000000,0.35714285714285715,0.0,106000000,0.0,-50000000,51000000,1865000000,175000000,0.0,1096000000,0.41641337386018235,767000000,0.1580547112462006,-153000000,416000000,0.1580547112462006,289000000,88000000,0.03343465045592705,0.08,0.08,1165000000,1165000000,https://www.sedar.com/ModifyCompanyDocumentSearchForm.do?lang=EN&company_search=Barrick Gold Corp&document_selection=0&industry_group=A&FromDate=13&FromMonth=05&FromYear=2000&ToDate=13&ToMonth=11&ToYear=2020&Variable=Issuer,https://www.sedar.com/ModifyCompanyDocumentSearchForm.do?lang=EN&company_search=Barrick Gold Corp&document_selection=0&industry_group=A&FromDate=13&FromMonth=05&FromYear=2000&ToDate=13&ToMonth=11&ToYear=2020&Variable=Issuer
0,2013-12-31,ABX.TO,2013-12-31,2013-12-31,Q4,2926000000,1813000000,1113000000,0.3803827751196172,0.0,120000000,0.0,-69000000,134000000,2087000000,156000000,0.0,1193000000,0.40772385509227616,839000000,-1.0628844839371154,-3774000000,-3110000000,-1.0628844839371154,-338000000,-2830000000,-0.9671907040328093,-1.5916760404949382,-1.5916760404949382,1778000000,1778000000,https://www.sedar.com/ModifyCompanyDocumentSearchForm.do?lang=EN&company_search=Barrick Gold Corp&document_selection=0&industry_group=A&FromDate=13&FromMonth=05&FromYear=2000&ToDate=13&ToMonth=11&ToYear=2020&Variable=Issuer,https://www.sedar.com/ModifyCompanyDocumentSearchForm.do?lang=EN&company_search=Barrick Gold Corp&document_selection=0&industry_group=A&FromDate=13&FromMonth=05&FromYear=2000&ToDate=13&ToMonth=11&ToYear=2020&Variable=Issuer
0,2013-09-30,ABX.TO,2013-09-30,2013-09-30,Q3,2985000000,1788000000,1197000000,0.40100502512562813,0.0,93000000,0.0,-60000000,120000000,2029000000,98000000,0.0,1316000000,0.4408710217755444,956000000,0.25661641541038527,-71000000,766000000,0.25661641541038527,748000000,172000000,0.0576214405360134,0.17,0.17,1001000000,1001000000,https://www.sedar.com/ModifyCompanyDocumentSearchForm.do?lang=EN&company_search=Barrick Gold Corp&document_selection=0&industry_group=A&FromDate=13&FromMonth=05&FromYear=2000&ToDate=13&ToMonth=11&ToYear=2020&Variable=Issuer,https://www.sedar.com/ModifyCompanyDocumentSearchForm.do?lang=EN&company_search=Barrick Gold Corp&document_selection=0&industry_group=A&FromDate=13&FromMonth=05&FromYear=2000&ToDate=13&ToMonth=11&ToYear=2020&Variable=Issuer
0,2013-06-30,ABX.TO,2013-06-30,2013-06-30,Q2,3201000000,1832000000,1369000000,0.42767885035926273,0.0,96000000,0.0,-75000000,11000000,1976000000,139000000,0.0,1582000000,0.49422055607622617,1225000000,-2.626991565135895,-9474000000,-8409000000,-2.626991565135895,-213000000,-8555000000,-2.6726023117775695,-8.55,-8.55,1001000000,1001000000,https://www.sedar.com/ModifyCompanyDocumentSearchForm.do?lang=EN&company_search=Barrick Gold Corp&document_selection=0&industry_group=A&FromDate=13&FromMonth=05&FromYear=2000&ToDate=13&ToMonth=11&ToYear=2020&Variable=Issuer,https://www.sedar.com/ModifyCompanyDocumentSearchForm.do?lang=EN&company_search=Barrick Gold Corp&document_selection=0&industry_group=A&FromDate=13&FromMonth=05&FromYear=2000&ToDate=13&ToMonth=11&ToYear=2020&Variable=Issuer
0,2013-03-31,ABX.TO,2013-03-31,2013-03-31,Q1,3437000000,1844000000,1593000000,0.4634855979051498,0.0,45000000,0.0,0.0,54000000,1943000000,108000000,0.0,1912000000,0.5562990980506255,1494000000,0.3727087576374745,-108000000,1281000000,0.3727087576374745,420000000,847000000,0.24643584521384929,0.85,0.85,1001000000,1001000000,https://www.sedar.com/ModifyCompanyDocumentSearchForm.do?lang=EN&company_search=Barrick Gold Corp&document_selection=0&industry_group=A&FromDate=13&FromMonth=05&FromYear=2000&ToDate=13&ToMonth=11&ToYear=2020&Variable=Issuer,https://www.sedar.com/ModifyCompanyDocumentSearchForm.do?lang=EN&company_search=Barrick Gold Corp&document_selection=0&industry_group=A&FromDate=13&FromMonth=05&FromYear=2000&ToDate=13&ToMonth=11&ToYear=2020&Variable=Issuer
0,2012-12-31,ABX.TO,2012-12-31,2012-12-31,Q4,4189000000,2229000000,1960000000,0.46789209835282886,0.0,297000000,0.0,0.0,162000000,2688000000,-24000000,0.0,1686000000,0.4024826927667701,1501000000,-1.0995464311291478,-6065000000,-4606000000,-1.0995464311291478,-1514000000,-3062000000,-0.7309620434471235,-1.7221597300337457,-1.7221597300337457,1778000000,1778000000,https://www.sedar.com/ModifyCompanyDocumentSearchForm.do?lang=EN&company_search=Barrick Gold Corp&document_selection=0&industry_group=A&FromDate=13&FromMonth=05&FromYear=2000&ToDate=13&ToMonth=11&ToYear=2020&Variable=Issuer,https://www.sedar.com/ModifyCompanyDocumentSearchForm.do?lang=EN&company_search=Barrick Gold Corp&document_selection=0&industry_group=A&FromDate=13&FromMonth=05&FromYear=2000&ToDate=13&ToMonth=11&ToYear=2020&Variable=Issuer
0,2012-09-30,ABX.TO,2012-09-30,2012-09-30,Q3,3436000000,1825000000,1611000000,0.4688591385331781,0.0,45000000,0.0,0.0,108000000,1978000000,33000000,0.0,1856000000,0.540162980209546,1458000000,0.3084982537834691,-368000000,1060000000,0.3084982537834691,438000000,618000000,0.179860302677532,0.62,0.62,1001000000,1001000000,https://www.sedar.com/ModifyCompanyDocumentSearchForm.do?lang=EN&company_search=Barrick Gold Corp&document_selection=0&industry_group=A&FromDate=13&FromMonth=05&FromYear=2000&ToDate=13&ToMonth=11&ToYear=2020&Variable=Issuer,https://www.sedar.com/ModifyCompanyDocumentSearchForm.do?lang=EN&company_search=Barrick Gold Corp&document_selection=0&industry_group=A&FromDate=13&FromMonth=05&FromYear=2000&ToDate=13&ToMonth=11&ToYear=2020&Variable=Issuer
0,2012-06-30,ABX.TO,2012-06-30,2012-06-30,Q2,3278000000,1830000000,1448000000,0.4417327638804149,0.0,87000000,0.0,0.0,102000000,2019000000,35000000,0.0,1664000000,0.5076266015863331,1259000000,0.3248932275777913,-145000000,1065000000,0.3248932275777913,311000000,750000000,0.2287980475899939,0.75,0.75,1000000000,1000000000,https://www.sedar.com/ModifyCompanyDocumentSearchForm.do?lang=EN&company_search=Barrick Gold Corp&document_selection=0&industry_group=A&FromDate=13&FromMonth=05&FromYear=2000&ToDate=13&ToMonth=11&ToYear=2020&Variable=Issuer,https://www.sedar.com/ModifyCompanyDocumentSearchForm.do?lang=EN&company_search=Barrick Gold Corp&document_selection=0&industry_group=A&FromDate=13&FromMonth=05&FromYear=2000&ToDate=13&ToMonth=11&ToYear=2020&Variable=Issuer
0,2012-03-31,ABX.TO,2012-03-31,2012-03-31,Q1,3644000000,1770000000,1874000000,0.5142700329308453,0.0,48000000,0.0,0.0,96000000,1914000000,48000000,0.0,2123000000,0.5826015367727772,1730000000,0.43029637760702527,-117000000,1568000000,0.43029637760702527,529000000,1029000000,0.2823819978046103,1.03,1.03,1000000000,1002000000,https://www.sedar.com/ModifyCompanyDocumentSearchForm.do?lang=EN&company_search=Barrick Gold Corp&document_selection=0&industry_group=A&FromDate=13&FromMonth=05&FromYear=2000&ToDate=13&ToMonth=11&ToYear=2020&Variable=Issuer,https://www.sedar.com/ModifyCompanyDocumentSearchForm.do?lang=EN&company_search=Barrick Gold Corp&document_selection=0&industry_group=A&FromDate=13&FromMonth=05&FromYear=2000&ToDate=13&ToMonth=11&ToYear=2020&Variable=Issuer
0,2011-12-31,ABX.TO,2011-12-31,2011-12-31,Q4,3789000000,1733000000,2056000000,0.5426233834784904,0.0,247000000,0.0,0.0,98000000,2078000000,33000000,0.0,2053000000,0.541831617841119,1711000000,0.4085510688836104,-115000000,1548000000,0.4085510688836104,589000000,959000000,0.2531010820797044,0.5393700787401575,0.5393700787401575,1778000000,1778000000,https://www.sedar.com/ModifyCompanyDocumentSearchForm.do?lang=EN&company_search=Barrick Gold Corp&document_selection=0&industry_group=A&FromDate=13&FromMonth=05&FromYear=2000&ToDate=13&ToMonth=11&ToYear=2020&Variable=Issuer,https://www.sedar.com/ModifyCompanyDocumentSearchForm.do?lang=EN&company_search=Barrick Gold Corp&document_selection=0&industry_group=A&FromDate=13&FromMonth=05&FromYear=2000&ToDate=13&ToMonth=11&ToYear=2020&Variable=Issuer
0,2011-09-30,ABX.TO,2011-09-30,2011-09-30,Q3,4007000000,1730000000,2277000000,0.5682555527826304,0.0,44000000,0.0,0.0,94000000,1868000000,49000000,0.0,2523000000,0.6296481157973546,2139000000,0.5083603693536312,-37000000,2037000000,0.5083603693536312,654000000,1365000000,0.34065385575243323,1.37,1.36,1000000000,1001000000,https://www.sedar.com/ModifyCompanyDocumentSearchForm.do?lang=EN&company_search=Barrick Gold Corp&document_selection=0&industry_group=A&FromDate=13&FromMonth=05&FromYear=2000&ToDate=13&ToMonth=11&ToYear=2020&Variable=Issuer,https://www.sedar.com/ModifyCompanyDocumentSearchForm.do?lang=EN&company_search=Barrick Gold Corp&document_selection=0&industry_group=A&FromDate=13&FromMonth=05&FromYear=2000&ToDate=13&ToMonth=11&ToYear=2020&Variable=Issuer
0,2011-06-30,ABX.TO,2011-06-30,2011-06-30,Q2,3426000000,1496000000,1930000000,0.5633391710449503,0.0,38000000,0.0,0.0,89000000,1623000000,29000000,0.0,2146000000,0.6263864565090485,1803000000,0.5049620548744892,-29000000,1730000000,0.5049620548744892,550000000,1159000000,0.3382953882078225,1.16,1.16,999000000,1001000000,https://www.sedar.com/ModifyCompanyDocumentSearchForm.do?lang=EN&company_search=Barrick Gold Corp&document_selection=0&industry_group=A&FromDate=13&FromMonth=05&FromYear=2000&ToDate=13&ToMonth=11&ToYear=2020&Variable=Issuer,https://www.sedar.com/ModifyCompanyDocumentSearchForm.do?lang=EN&company_search=Barrick Gold Corp&document_selection=0&industry_group=A&FromDate=13&FromMonth=05&FromYear=2000&ToDate=13&ToMonth=11&ToYear=2020&Variable=Issuer
0,2011-03-31,ABX.TO,2011-03-31,2011-03-31,Q1,3090000000,1357000000,1733000000,0.5608414239482201,0.0,42000000,0.0,0.0,68000000,1467000000,32000000,0.0,1938000000,0.6271844660194175,1623000000,0.4883495145631068,-85000000,1509000000,0.4883495145631068,494000000,1001000000,0.3239482200647249,1.0,1.0,999000000,999000000,https://www.sedar.com/ModifyCompanyDocumentSearchForm.do?lang=EN&company_search=Barrick Gold Corp&document_selection=0&industry_group=A&FromDate=13&FromMonth=05&FromYear=2000&ToDate=13&ToMonth=11&ToYear=2020&Variable=Issuer,https://www.sedar.com/ModifyCompanyDocumentSearchForm.do?lang=EN&company_search=Barrick Gold Corp&document_selection=0&industry_group=A&FromDate=13&FromMonth=05&FromYear=2000&ToDate=13&ToMonth=11&ToYear=2020&Variable=Issuer
0,2010-12-31,ABX.TO,2010-12-31,2010-12-31,Q4,2946000000,1084000000,1862000000,0.6320434487440597,63000000,47000000,0.0,0.0,57000000,1519000000,28000000,0.0,1708000000,0.5797691785471826,1427000000,0.4545145960624576,-63000000,1339000000,0.4545145960624576,472000000,896000000,0.30414120841819414,0.5039370078740157,0.5039370078740157,1778000000,1778000000,https://www.sedar.com/ModifyCompanyDocumentSearchForm.do?lang=EN&company_search=Barrick Gold Corp&document_selection=0&industry_group=A&FromDate=13&FromMonth=05&FromYear=2000&ToDate=13&ToMonth=11&ToYear=2020&Variable=Issuer,https://www.sedar.com/ModifyCompanyDocumentSearchForm.do?lang=EN&company_search=Barrick Gold Corp&document_selection=0&industry_group=A&FromDate=13&FromMonth=05&FromYear=2000&ToDate=13&ToMonth=11&ToYear=2020&Variable=Issuer
0,2010-09-30,ABX.TO,2010-09-30,2010-09-30,Q3,2775000000,1065000000,1710000000,0.6162162162162163,38000000,36000000,0.0,0.0,47000000,1503000000,42000000,0.0,1594000000,0.5744144144144144,1272000000,0.436036036036036,-25000000,1210000000,0.436036036036036,368000000,837000000,0.3016216216216216,0.85,0.84,986000000,998000000,https://www.sedar.com/ModifyCompanyDocumentSearchForm.do?lang=EN&company_search=Barrick Gold Corp&document_selection=0&industry_group=A&FromDate=13&FromMonth=05&FromYear=2000&ToDate=13&ToMonth=11&ToYear=2020&Variable=Issuer,https://www.sedar.com/ModifyCompanyDocumentSearchForm.do?lang=EN&company_search=Barrick Gold Corp&document_selection=0&industry_group=A&FromDate=13&FromMonth=05&FromYear=2000&ToDate=13&ToMonth=11&ToYear=2020&Variable=Issuer
0,2010-06-30,ABX.TO,2010-06-30,2010-06-30,Q2,2642000000,1035000000,1607000000,0.6082513247539743,32000000,45000000,0.0,0.0,44000000,1472000000,38000000,0.0,1491000000,0.5643451930355791,1170000000,0.36828160484481454,-161000000,973000000,0.36828160484481454,208000000,783000000,0.2963663890991673,0.79,0.79,985000000,997000000,https://www.sedar.com/ModifyCompanyDocumentSearchForm.do?lang=EN&company_search=Barrick Gold Corp&document_selection=0&industry_group=A&FromDate=13&FromMonth=05&FromYear=2000&ToDate=13&ToMonth=11&ToYear=2020&Variable=Issuer,https://www.sedar.com/ModifyCompanyDocumentSearchForm.do?lang=EN&company_search=Barrick Gold Corp&document_selection=0&industry_group=A&FromDate=13&FromMonth=05&FromYear=2000&ToDate=13&ToMonth=11&ToYear=2020&Variable=Issuer
0,2010-03-31,ABX.TO,2010-03-31,2010-03-31,Q1,2561000000,1017000000,1544000000,0.6028894962905115,20000000,32000000,0.0,0.0,32000000,1396000000,35000000,0.0,1464000000,0.5716516985552519,1165000000,0.4158531823506443,-69000000,1065000000,0.4158531823506443,322000000,758000000,0.2959781335415853,0.77,0.76,984000000,996000000,https://www.sedar.com/ModifyCompanyDocumentSearchForm.do?lang=EN&company_search=Barrick Gold Corp&document_selection=0&industry_group=A&FromDate=13&FromMonth=05&FromYear=2000&ToDate=13&ToMonth=11&ToYear=2020&Variable=Issuer,https://www.sedar.com/ModifyCompanyDocumentSearchForm.do?lang=EN&company_search=Barrick Gold Corp&document_selection=0&industry_group=A&FromDate=13&FromMonth=05&FromYear=2000&ToDate=13&ToMonth=11&ToYear=2020&Variable=Issuer
0,2009-12-31,ABX.TO,2009-12-31,2009-12-31,Q4,2184000000,906000000,1278000000,0.5851648351648352,40000000,60000000,0.0,0.0,31000000,1300000000,29000000,0.0,1147000000,0.5251831501831502,884000000,0.18543956043956045,-453000000,405000000,0.18543956043956045,271000000,213000000,0.09752747252747253,0.11979752530933634,0.11979752530933634,1778000000,1778000000,https://www.sedar.com/ModifyCompanyDocumentSearchForm.do?lang=EN&company_search=Barrick Gold Corp&document_selection=0&industry_group=A&FromDate=13&FromMonth=05&FromYear=2000&ToDate=13&ToMonth=11&ToYear=2020&Variable=Issuer,https://www.sedar.com/ModifyCompanyDocumentSearchForm.do?lang=EN&company_search=Barrick Gold Corp&document_selection=0&industry_group=A&FromDate=13&FromMonth=05&FromYear=2000&ToDate=13&ToMonth=11&ToYear=2020&Variable=Issuer
0,2009-09-30,ABX.TO,2009-09-30,2009-09-30,Q3,2096000000,971000000,1125000000,0.5367366412213741,21000000,40000000,0.0,0.0,43000000,1357000000,12000000,0.0,1023000000,0.4880725190839695,739000000,-2.4732824427480917,-5913000000,-5184000000,-2.4732824427480917,141000000,-5350000000,-2.552480916030534,-6.07,-6.07,882000000,882000000,https://www.sedar.com/ModifyCompanyDocumentSearchForm.do?lang=EN&company_search=Barrick Gold Corp&document_selection=0&industry_group=A&FromDate=13&FromMonth=05&FromYear=2000&ToDate=13&ToMonth=11&ToYear=2020&Variable=Issuer,https://www.sedar.com/ModifyCompanyDocumentSearchForm.do?lang=EN&company_search=Barrick Gold Corp&document_selection=0&industry_group=A&FromDate=13&FromMonth=05&FromYear=2000&ToDate=13&ToMonth=11&ToYear=2020&Variable=Issuer
0,2009-06-30,ABX.TO,2009-06-30,2009-06-30,Q2,2029000000,1010000000,1019000000,0.5022178413011336,14000000,45000000,0.0,0.0,60000000,1396000000,14000000,0.0,902000000,0.4445539674716609,633000000,0.3499260719566289,89000000,710000000,0.3499260719566289,198000000,492000000,0.24248398225726958,0.56,0.56,873000000,873000000,https://www.sedar.com/ModifyCompanyDocumentSearchForm.do?lang=EN&company_search=Barrick Gold Corp&document_selection=0&industry_group=A&FromDate=13&FromMonth=05&FromYear=2000&ToDate=13&ToMonth=11&ToYear=2020&Variable=Issuer,https://www.sedar.com/ModifyCompanyDocumentSearchForm.do?lang=EN&company_search=Barrick Gold Corp&document_selection=0&industry_group=A&FromDate=13&FromMonth=05&FromYear=2000&ToDate=13&ToMonth=11&ToYear=2020&Variable=Issuer
0,2009-03-31,ABX.TO,2009-03-31,2009-03-31,Q1,1827000000,955000000,872000000,0.47728516694033934,24000000,35000000,0.0,0.0,32000000,1307000000,2000000.0,0.0,784000000,0.42911877394636017,520000000,0.24028461959496442,-82000000,439000000,0.24028461959496442,38000000,371000000,0.20306513409961685,0.42,0.42,873000000,873000000,https://www.sedar.com/ModifyCompanyDocumentSearchForm.do?lang=EN&company_search=Barrick Gold Corp&document_selection=0&industry_group=A&FromDate=13&FromMonth=05&FromYear=2000&ToDate=13&ToMonth=11&ToYear=2020&Variable=Issuer,https://www.sedar.com/ModifyCompanyDocumentSearchForm.do?lang=EN&company_search=Barrick Gold Corp&document_selection=0&industry_group=A&FromDate=13&FromMonth=05&FromYear=2000&ToDate=13&ToMonth=11&ToYear=2020&Variable=Issuer
0,2008-12-31,ABX.TO,2008-12-31,2008-12-31,Q4,2110304871,1083597966,1242486842,0.5887712524736906,0.0,418445762,0.0,0.0,0.0,1768265444,0.0,0.0,1228975749,0.5823688159415711,342039427,-0.13009094551817485,-655832783,-274531556,-0.13009094551817485,164136782,-468291570,-0.22190706965391827,-0.2633810854893138,-0.2633810854893138,1778000000,1778000000,https://www.sedar.com/ModifyCompanyDocumentSearchForm.do?lang=EN&company_search=Barrick Gold Corp&document_selection=0&industry_group=A&FromDate=13&FromMonth=05&FromYear=2000&ToDate=13&ToMonth=11&ToYear=2020&Variable=Issuer,https://www.sedar.com/ModifyCompanyDocumentSearchForm.do?lang=EN&company_search=Barrick Gold Corp&document_selection=0&industry_group=A&FromDate=13&FromMonth=05&FromYear=2000&ToDate=13&ToMonth=11&ToYear=2020&Variable=Issuer
0,2008-09-30,ABX.TO,2008-09-30,2008-09-30,Q3,1877876938,1124471583,753405355,0.40120060039844846,0.0,112728981,0.0,0.0,0.0,1499295444,0.0,0.0,713010803,0.3796898447239997,378581494,0.1655827912403917,-93940817,310944105,0.1655827912403917,25364021,253640207,0.13506753390887002,0.29,0.29,872000000,884000000,https://www.sedar.com/ModifyCompanyDocumentSearchForm.do?lang=EN&company_search=Barrick Gold Corp&document_selection=0&industry_group=A&FromDate=13&FromMonth=05&FromYear=2000&ToDate=13&ToMonth=11&ToYear=2020&Variable=Issuer,https://www.sedar.com/ModifyCompanyDocumentSearchForm.do?lang=EN&company_search=Barrick Gold Corp&document_selection=0&industry_group=A&FromDate=13&FromMonth=05&FromYear=2000&ToDate=13&ToMonth=11&ToYear=2020&Variable=Issuer
0,2008-06-30,ABX.TO,2008-06-30,2008-06-30,Q2,1967180898,936425272,1030755626,0.5239760242934202,0.0,120860764,0.0,0.0,1.0,1321607546,0.0,0.0,905964429,0.4605394602606598,645573352,0.3286713289343866,-4913039.0,646555960,0.3286713289343866,148373784,485408274,0.24675324699091297,0.56,0.55,872000000,885000000,https://www.sedar.com/ModifyCompanyDocumentSearchForm.do?lang=EN&company_search=Barrick Gold Corp&document_selection=0&industry_group=A&FromDate=13&FromMonth=05&FromYear=2000&ToDate=13&ToMonth=11&ToYear=2020&Variable=Issuer,https://www.sedar.com/ModifyCompanyDocumentSearchForm.do?lang=EN&company_search=Barrick Gold Corp&document_selection=0&industry_group=A&FromDate=13&FromMonth=05&FromYear=2000&ToDate=13&ToMonth=11&ToYear=2020&Variable=Issuer
0,2008-03-31,ABX.TO,2008-03-31,2008-03-31,Q1,1957810829,817536697,1140274132,0.5824230385845924,0.0,133177797,0.0,0.0,0.0,1191795470,0.0,0.0,1015845241,0.5188679242921891,766015359,0.39225422069621213,-6804705.0,767959561,0.39225422069621213,252746185,514241275,0.26266137023190406,0.59,0.59,872000000,872000000,https://www.sedar.com/ModifyCompanyDocumentSearchForm.do?lang=EN&company_search=Barrick Gold Corp&document_selection=0&industry_group=A&FromDate=13&FromMonth=05&FromYear=2000&ToDate=13&ToMonth=11&ToYear=2020&Variable=Issuer,https://www.sedar.com/ModifyCompanyDocumentSearchForm.do?lang=EN&company_search=Barrick Gold Corp&document_selection=0&industry_group=A&FromDate=13&FromMonth=05&FromYear=2000&ToDate=13&ToMonth=11&ToYear=2020&Variable=Issuer
0,2007-12-31,ABX.TO,2007-12-31,2007-12-31,Q4,1918326512,906977504,1190585741,0.6206376930894442,0.0,186542122,0.0,0.0,0.0,1346792668,0.0,0.0,855978299,0.44621095191327886,571533844,0.29166311235341985,-36228848,559505081,0.29166311235341985,15334020,537113205,0.279990502993163,0.30208841676040493,0.30208841676040493,1778000000,1778000000,https://www.sedar.com/ModifyCompanyDocumentSearchForm.do?lang=EN&company_search=Barrick Gold Corp&document_selection=0&industry_group=A&FromDate=13&FromMonth=05&FromYear=2000&ToDate=13&ToMonth=11&ToYear=2020&Variable=Issuer,https://www.sedar.com/ModifyCompanyDocumentSearchForm.do?lang=EN&company_search=Barrick Gold Corp&document_selection=0&industry_group=A&FromDate=13&FromMonth=05&FromYear=2000&ToDate=13&ToMonth=11&ToYear=2020&Variable=Issuer
0,2007-09-30,ABX.TO,2007-09-30,2007-09-30,Q3,1683437311,852284162,831153149,0.49372384915615075,0.0,125779835,0.0,0.0,-1.0,1289997987,0.0,0.0,702201949,0.4171239073838016,393439324,0.24148236726351135,2012477.0,406520427,0.24148236726351135,58361843,345139867,0.20502092043747033,0.4,0.39,867000000,867000000,https://www.sedar.com/ModifyCompanyDocumentSearchForm.do?lang=EN&company_search=Barrick Gold Corp&document_selection=0&industry_group=A&FromDate=13&FromMonth=05&FromYear=2000&ToDate=13&ToMonth=11&ToYear=2020&Variable=Issuer,https://www.sedar.com/ModifyCompanyDocumentSearchForm.do?lang=EN&company_search=Barrick Gold Corp&document_selection=0&industry_group=A&FromDate=13&FromMonth=05&FromYear=2000&ToDate=13&ToMonth=11&ToYear=2020&Variable=Issuer
0,2007-06-30,ABX.TO,2007-06-30,2007-06-30,Q2,1642198381,826275175,815923206,0.49684813688779295,0.0,131752306,0.0,0.0,-1.0,1188594015,0.0,0.0,642763034,0.39140401149865706,453604366,0.3054441258762878,36702428,501599849,0.3054441258762878,121400339,396198005,0.24126074509873724,0.46,0.45,865000000,877000000,https://www.sedar.com/ModifyCompanyDocumentSearchForm.do?lang=EN&company_search=Barrick Gold Corp&document_selection=0&industry_group=A&FromDate=13&FromMonth=05&FromYear=2000&ToDate=13&ToMonth=11&ToYear=2020&Variable=Issuer,https://www.sedar.com/ModifyCompanyDocumentSearchForm.do?lang=EN&company_search=Barrick Gold Corp&document_selection=0&industry_group=A&FromDate=13&FromMonth=05&FromYear=2000&ToDate=13&ToMonth=11&ToYear=2020&Variable=Issuer
0,2007-03-31,ABX.TO,2007-03-31,2007-03-31,Q1,1089143254,815123136,274020118,0.25159235664696133,0.0,70239334,0.0,0.0,0.0,1093479015,0.0,0.0,190773499,0.17515923483835855,-4335761.0,0.011146496987805793,-7804370.0,12140132,0.011146496987805793,147415886,-158688866,-0.14570063709911205,-0.18,-0.18,865000000,865000000,https://www.sedar.com/ModifyCompanyDocumentSearchForm.do?lang=EN&company_search=Barrick Gold Corp&document_selection=0&industry_group=A&FromDate=13&FromMonth=05&FromYear=2000&ToDate=13&ToMonth=11&ToYear=2020&Variable=Issuer,https://www.sedar.com/ModifyCompanyDocumentSearchForm.do?lang=EN&company_search=Barrick Gold Corp&document_selection=0&industry_group=A&FromDate=13&FromMonth=05&FromYear=2000&ToDate=13&ToMonth=11&ToYear=2020&Variable=Issuer
0,2006-12-31,ABX.TO,2006-12-31,2006-12-31,Q4,1289214935,687845003,772200046,0.5989692060152871,0.0,223501112,0.0,0.0,0.0,1134407908,0.0,0.0,340171299,0.2638592602093925,154807027,0.14877481077272814,36089389,191802708,0.14877481077272814,65840573,417760179,0.3240423048620671,0.23496073059617548,0.23496073059617548,1778000000,1778000000,https://www.sedar.com/ModifyCompanyDocumentSearchForm.do?lang=EN&company_search=Barrick Gold Corp&document_selection=0&industry_group=A&FromDate=13&FromMonth=05&FromYear=2000&ToDate=13&ToMonth=11&ToYear=2020&Variable=Issuer,https://www.sedar.com/ModifyCompanyDocumentSearchForm.do?lang=EN&company_search=Barrick Gold Corp&document_selection=0&industry_group=A&FromDate=13&FromMonth=05&FromYear=2000&ToDate=13&ToMonth=11&ToYear=2020&Variable=Issuer
0,2006-09-30,ABX.TO,2006-09-30,2006-09-30,Q3,1631922698,812382571,819540127,0.5021929825502065,0.0,60839223,0.0,0.0,0.0,1059318242,0.0,0.0,827888898,0.5073088933774975,572604456,0.3092105260980934,-48313501,504607676,0.3092105260980934,107363335,404401897,0.2478070177561805,0.47,0.46,864000000,864000000,https://www.sedar.com/ModifyCompanyDocumentSearchForm.do?lang=EN&company_search=Barrick Gold Corp&document_selection=0&industry_group=A&FromDate=13&FromMonth=05&FromYear=2000&ToDate=13&ToMonth=11&ToYear=2020&Variable=Issuer,https://www.sedar.com/ModifyCompanyDocumentSearchForm.do?lang=EN&company_search=Barrick Gold Corp&document_selection=0&industry_group=A&FromDate=13&FromMonth=05&FromYear=2000&ToDate=13&ToMonth=11&ToYear=2020&Variable=Issuer
0,2006-06-30,ABX.TO,2006-06-30,2006-06-30,Q2,1394890184,684894666,709995518,0.5089974294349181,0.0,27790229,0.0,0.0,-1.0,862393545,0.0,0.0,672344241,0.482005141847066,532496639,0.3811053981866719,8068131.0,531600179,0.3811053981866719,117436127,411474675,0.2949871464576885,0.47515,0.46618,863000000,878000000,https://www.sedar.com/ModifyCompanyDocumentSearchForm.do?lang=EN&company_search=Barrick Gold Corp&document_selection=0&industry_group=A&FromDate=13&FromMonth=05&FromYear=2000&ToDate=13&ToMonth=11&ToYear=2020&Variable=Issuer,https://www.sedar.com/ModifyCompanyDocumentSearchForm.do?lang=EN&company_search=Barrick Gold Corp&document_selection=0&industry_group=A&FromDate=13&FromMonth=05&FromYear=2000&ToDate=13&ToMonth=11&ToYear=2020&Variable=Issuer
0,2006-03-31,ABX.TO,2006-03-31,2006-03-31,Q1,1253746682,762182067,491564615,0.3920765032182155,0.0,34255374,0.0,0.0,0.0,968570694,0.0,0.0,480431618,0.38319672139319766,285175988,0.21721311482601396,-23122377,272330222,0.21721311482601396,43675602,224372698,0.17896174819148994,0.29,0.29,777000000,789000000,https://www.sedar.com/ModifyCompanyDocumentSearchForm.do?lang=EN&company_search=Barrick Gold Corp&document_selection=0&industry_group=A&FromDate=13&FromMonth=05&FromYear=2000&ToDate=13&ToMonth=11&ToYear=2020&Variable=Issuer,https://www.sedar.com/ModifyCompanyDocumentSearchForm.do?lang=EN&company_search=Barrick Gold Corp&document_selection=0&industry_group=A&FromDate=13&FromMonth=05&FromYear=2000&ToDate=13&ToMonth=11&ToYear=2020&Variable=Issuer
0,2005-12-31,ABX.TO,2005-12-31,2005-12-31,Q4,776332137,356524041,419808096,0.5407583635816947,0.0,15411173,0.0,0.0,2.0,501424383,0.0,0.0,506767725,0.6527717981099113,274907754,0.22553059657763466,-104948488,175086650,0.22553059657763466,-72554.0,174290993,0.2245057040579527,0.09802643025871766,0.09802643025871766,1778000000,1778000000,https://www.sedar.com/ModifyCompanyDocumentSearchForm.do?lang=EN&company_search=Barrick Gold Corp&document_selection=0&industry_group=A&FromDate=13&FromMonth=05&FromYear=2000&ToDate=13&ToMonth=11&ToYear=2020&Variable=Issuer,https://www.sedar.com/ModifyCompanyDocumentSearchForm.do?lang=EN&company_search=Barrick Gold Corp&document_selection=0&industry_group=A&FromDate=13&FromMonth=05&FromYear=2000&ToDate=13&ToMonth=11&ToYear=2020&Variable=Issuer
0,2005-09-30,ABX.TO,2005-09-30,2005-09-30,Q3,626775721,353852776,272922945,0.4354395613227654,0.0,18080069,0.0,0.0,0.0,482996125,0.0,0.0,257425743,0.4107142864265478,143779596,0.23763736215302442,-3443823.0,148945329,0.23763736215302442,36160138,112785192,0.17994505565731703,0.21,0.21,536000000,539000000,https://www.sedar.com/ModifyCompanyDocumentSearchForm.do?lang=EN&company_search=Barrick Gold Corp&document_selection=0&industry_group=A&FromDate=13&FromMonth=05&FromYear=2000&ToDate=13&ToMonth=11&ToYear=2020&Variable=Issuer,https://www.sedar.com/ModifyCompanyDocumentSearchForm.do?lang=EN&company_search=Barrick Gold Corp&document_selection=0&industry_group=A&FromDate=13&FromMonth=05&FromYear=2000&ToDate=13&ToMonth=11&ToYear=2020&Variable=Issuer
0,2005-06-30,ABX.TO,2005-06-30,2005-06-30,Q2,462766824,326706860,136059964,0.2940140842939942,0.0,18738797,0.0,0.0,1.0,439139645,0.0,0.0,97208944,0.21006031322591093,23627179,0.11619718227683495,21182988,53772201,0.11619718227683495,7332573.0,52957471,0.11443661959656815,0.1,0.1,535000000,536000000,https://www.sedar.com/ModifyCompanyDocumentSearchForm.do?lang=EN&company_search=Barrick Gold Corp&document_selection=0&industry_group=A&FromDate=13&FromMonth=05&FromYear=2000&ToDate=13&ToMonth=11&ToYear=2020&Variable=Issuer,https://www.sedar.com/ModifyCompanyDocumentSearchForm.do?lang=EN&company_search=Barrick Gold Corp&document_selection=0&industry_group=A&FromDate=13&FromMonth=05&FromYear=2000&ToDate=13&ToMonth=11&ToYear=2020&Variable=Issuer
0,2005-03-31,ABX.TO,2005-03-31,2005-03-31,Q1,483790936,321700298,162090638,0.3350427342441984,0.0,17366854,0.0,0.0,0.0,431690374,0.0,0.0,139761826,0.28888888898075593,52100562,0.1350427346576001,4961958.0,65332451,0.1350427346576001,14058882,51273569,0.10598290539283688,0.1,0.1,534000000,536000000,https://www.sedar.com/ModifyCompanyDocumentSearchForm.do?lang=EN&company_search=Barrick Gold Corp&document_selection=0&industry_group=A&FromDate=13&FromMonth=05&FromYear=2000&ToDate=13&ToMonth=11&ToYear=2020&Variable=Issuer,https://www.sedar.com/ModifyCompanyDocumentSearchForm.do?lang=EN&company_search=Barrick Gold Corp&document_selection=0&industry_group=A&FromDate=13&FromMonth=05&FromYear=2000&ToDate=13&ToMonth=11&ToYear=2020&Variable=Issuer
0,2004-12-31,ABX.TO,2004-12-31,2004-12-31,Q4,500761694,269629382,231132312,0.46156148676979275,0.0,13691844,0.0,0.0,0.0,383410328,0.0,0.0,409281731,0.817318369004479,117351366,-0.09399091337046239,-188507653,-47067049,-0.09399091337046239,0.0,156283231,0.312091026275664,0.08789833014623172,0.08789833014623172,1778000000,1778000000,https://www.sedar.com/ModifyCompanyDocumentSearchForm.do?lang=EN&company_search=Barrick Gold Corp&document_selection=0&industry_group=A&FromDate=13&FromMonth=05&FromYear=2000&ToDate=13&ToMonth=11&ToYear=2020&Variable=Issuer,https://www.sedar.com/ModifyCompanyDocumentSearchForm.do?lang=EN&company_search=Barrick Gold Corp&document_selection=0&industry_group=A&FromDate=13&FromMonth=05&FromYear=2000&ToDate=13&ToMonth=11&ToYear=2020&Variable=Issuer
0,2004-09-30,ABX.TO,2004-09-30,2004-09-30,Q3,500039686,335740932,164298754,0.3285714286285669,0.0,18255417,0.0,0.0,0.0,470672276,0.0,0.0,131756489,0.2634920641078876,29367410,0.0746031745968259,14286848,37304548,0.0746031745968259,4762283.0,31748551,0.06349206250801462,0.06,0.06,532000000,533000000,https://www.sedar.com/ModifyCompanyDocumentSearchForm.do?lang=EN&company_search=Barrick Gold Corp&document_selection=0&industry_group=A&FromDate=13&FromMonth=05&FromYear=2000&ToDate=13&ToMonth=11&ToYear=2020&Variable=Issuer,https://www.sedar.com/ModifyCompanyDocumentSearchForm.do?lang=EN&company_search=Barrick Gold Corp&document_selection=0&industry_group=A&FromDate=13&FromMonth=05&FromYear=2000&ToDate=13&ToMonth=11&ToYear=2020&Variable=Issuer
0,2004-06-30,ABX.TO,2004-06-30,2004-06-30,Q2,454170726,314022334,140148392,0.3085808573228033,0.0,20984786,0.0,0.0,0.0,449673987,0.0,0.0,111880974,0.24634122719745702,4496739.0,0.033003300613434955,8244023.0,14989133,0.033003300613434955,-18736416,33725549,0.07425742582977486,0.06,0.06,532000000,534000000,https://www.sedar.com/ModifyCompanyDocumentSearchForm.do?lang=EN&company_search=Barrick Gold Corp&document_selection=0&industry_group=A&FromDate=13&FromMonth=05&FromYear=2000&ToDate=13&ToMonth=11&ToYear=2020&Variable=Issuer,https://www.sedar.com/ModifyCompanyDocumentSearchForm.do?lang=EN&company_search=Barrick Gold Corp&document_selection=0&industry_group=A&FromDate=13&FromMonth=05&FromYear=2000&ToDate=13&ToMonth=11&ToYear=2020&Variable=Issuer
0,2004-03-31,ABX.TO,2004-03-31,2004-03-31,Q1,477279658,292009759,185269899,0.38817891333638194,0.0,18298262,0.0,0.0,0.0,430009149,0.0,0.0,174595913,0.3658146960036583,47270509,0.08306709354874706,-7624276.0,39646234,0.08306709354874706,13723696,25922537,0.054313098338668354,0.05,0.05,535000000,537000000,https://www.sedar.com/ModifyCompanyDocumentSearchForm.do?lang=EN&company_search=Barrick Gold Corp&document_selection=0&industry_group=A&FromDate=13&FromMonth=05&FromYear=2000&ToDate=13&ToMonth=11&ToYear=2020&Variable=Issuer,https://www.sedar.com/ModifyCompanyDocumentSearchForm.do?lang=EN&company_search=Barrick Gold Corp&document_selection=0&industry_group=A&FromDate=13&FromMonth=05&FromYear=2000&ToDate=13&ToMonth=11&ToYear=2020&Variable=Issuer
0,2003-12-31,ABX.TO,2003-12-31,2003-12-31,Q4,535399328,346059701,189339627,0.3536418839136085,0.0,20131304,0.0,0.0,0.0,497681072,0.0,0.0,87254233,0.16297038198747982,37718256,0.1367268955556104,81954090,73203488,0.1367268955556104,-4226620.0,77380223,0.14452805402101662,0.04352093532058493,0.04352093532058493,1778000000,1778000000,https://www.sedar.com/ModifyCompanyDocumentSearchForm.do?lang=EN&company_search=Barrick Gold Corp&document_selection=0&industry_group=A&FromDate=13&FromMonth=05&FromYear=2000&ToDate=13&ToMonth=11&ToYear=2020&Variable=Issuer,https://www.sedar.com/ModifyCompanyDocumentSearchForm.do?lang=EN&company_search=Barrick Gold Corp&document_selection=0&industry_group=A&FromDate=13&FromMonth=05&FromYear=2000&ToDate=13&ToMonth=11&ToYear=2020&Variable=Issuer
0,2003-09-30,ABX.TO,2003-09-30,2003-09-30,Q3,548604427,327978085,220626342,0.40215924469745484,0.0,20729992,0.0,0.0,1.0,482712668,0.0,0.0,220645305,0.4021938105869496,65891759,0.10391363101413689,-20729992,57007478,0.10391363101413689,22210706,34796772,0.06342780022808675,0.07,0.07,536000000,538000000,https://www.sedar.com/ModifyCompanyDocumentSearchForm.do?lang=EN&company_search=Barrick Gold Corp&document_selection=0&industry_group=A&FromDate=13&FromMonth=05&FromYear=2000&ToDate=13&ToMonth=11&ToYear=2020&Variable=Issuer,https://www.sedar.com/ModifyCompanyDocumentSearchForm.do?lang=EN&company_search=Barrick Gold Corp&document_selection=0&industry_group=A&FromDate=13&FromMonth=05&FromYear=2000&ToDate=13&ToMonth=11&ToYear=2020&Variable=Issuer
0,2003-06-30,ABX.TO,2003-06-30,2003-06-30,Q2,490820255,305004442,185815813,0.378582202154636,0.0,19988155,0.0,0.0,0.0,456026059,0.0,0.0,155463429,0.3167420810699835,34794196,0.08898944278491522,10364229,43677821,0.08898944278491522,-14806041,59224163,0.12066364905824842,0.11,0.11,540000000,540000000,https://www.sedar.com/ModifyCompanyDocumentSearchForm.do?lang=EN&company_search=Barrick Gold Corp&document_selection=0&industry_group=A&FromDate=13&FromMonth=05&FromYear=2000&ToDate=13&ToMonth=11&ToYear=2020&Variable=Issuer,https://www.sedar.com/ModifyCompanyDocumentSearchForm.do?lang=EN&company_search=Barrick Gold Corp&document_selection=0&industry_group=A&FromDate=13&FromMonth=05&FromYear=2000&ToDate=13&ToMonth=11&ToYear=2020&Variable=Issuer
0,2003-03-31,ABX.TO,2003-03-31,2003-03-31,Q1,458784290,287931387,170852903,0.3724035602875591,0.0,21782043,0.0,0.0,0.0,434960180,0.0,0.0,117078484,0.2551928794248818,23824110,0.1053412465365804,31992376,48328909,0.1053412465365804,2042067.0,29269621,0.06379821985622045,0.05,0.05,541000000,542000000,https://www.sedar.com/ModifyCompanyDocumentSearchForm.do?lang=EN&company_search=Barrick Gold Corp&document_selection=0&industry_group=A&FromDate=13&FromMonth=05&FromYear=2000&ToDate=13&ToMonth=11&ToYear=2020&Variable=Issuer,https://www.sedar.com/ModifyCompanyDocumentSearchForm.do?lang=EN&company_search=Barrick Gold Corp&document_selection=0&industry_group=A&FromDate=13&FromMonth=05&FromYear=2000&ToDate=13&ToMonth=11&ToYear=2020&Variable=Issuer
0,2002-12-31,ABX.TO,2002-12-31,2002-12-31,Q4,506192435,261642460,244549975,0.48311661354638774,0.0,15039909,0.0,0.0,0.0,384770292,0.0,0.0,269472330,0.5323515551946169,121422143,0.1644130774099775,-39962264,83224656,0.1644130774099775,-7570896.0,89530108,0.1768697076636477,0.05035439145106862,0.05035439145106862,1778000000,1778000000,https://www.sedar.com/ModifyCompanyDocumentSearchForm.do?lang=EN&company_search=Barrick Gold Corp&document_selection=0&industry_group=A&FromDate=13&FromMonth=05&FromYear=2000&ToDate=13&ToMonth=11&ToYear=2020&Variable=Issuer,https://www.sedar.com/ModifyCompanyDocumentSearchForm.do?lang=EN&company_search=Barrick Gold Corp&document_selection=0&industry_group=A&FromDate=13&FromMonth=05&FromYear=2000&ToDate=13&ToMonth=11&ToYear=2020&Variable=Issuer
0,2002-09-30,ABX.TO,2002-09-30,2002-09-30,Q3,473130473,289170289,183960184,0.3888149136401113,0.0,15750016,0.0,0.0,0.0,430920431,0.0,0.0,210810982,0.44556627406241917,42210042,0.07589880180894626,-3150003.0,35910036,0.07589880180894626,1890002.0,34020034,0.07190412780704573,0.06,0.06,540000000,541000000,https://www.sedar.com/ModifyCompanyDocumentSearchForm.do?lang=EN&company_search=Barrick Gold Corp&document_selection=0&industry_group=A&FromDate=13&FromMonth=05&FromYear=2000&ToDate=13&ToMonth=11&ToYear=2020&Variable=Issuer,https://www.sedar.com/ModifyCompanyDocumentSearchForm.do?lang=EN&company_search=Barrick Gold Corp&document_selection=0&industry_group=A&FromDate=13&FromMonth=05&FromYear=2000&ToDate=13&ToMonth=11&ToYear=2020&Variable=Issuer
0,2002-06-30,ABX.TO,2002-06-30,2002-06-30,Q2,490331947,289051673,201280274,0.4104979804630189,0.0,15838448,0.0,0.0,1.0,430937769,0.0,0.0,173562989,0.3539703869223924,59394178,0.1265141326799985,11878836,62033921,0.1265141326799985,3299677.0,58734244,0.11978465682147364,0.11001,0.11001,539000000,541000000,https://www.sedar.com/ModifyCompanyDocumentSearchForm.do?lang=EN&company_search=Barrick Gold Corp&document_selection=0&industry_group=A&FromDate=13&FromMonth=05&FromYear=2000&ToDate=13&ToMonth=11&ToYear=2020&Variable=Issuer,https://www.sedar.com/ModifyCompanyDocumentSearchForm.do?lang=EN&company_search=Barrick Gold Corp&document_selection=0&industry_group=A&FromDate=13&FromMonth=05&FromYear=2000&ToDate=13&ToMonth=11&ToYear=2020&Variable=Issuer
0,2002-03-31,ABX.TO,2002-03-31,2002-03-31,Q1,478252683,286198456,192054227,0.40157480308374977,0.0,16945961,0.0,0.0,0.0,426159543,0.0,0.0,176363522,0.36876640376317554,52093140,0.09842519587077779,-1255256.0,47072114,0.09842519587077779,1255256.0,45816858,0.09580052476150981,0.09,0.09,536000000,536000000,https://www.sedar.com/ModifyCompanyDocumentSearchForm.do?lang=EN&company_search=Barrick Gold Corp&document_selection=0&industry_group=A&FromDate=13&FromMonth=05&FromYear=2000&ToDate=13&ToMonth=11&ToYear=2020&Variable=Issuer,https://www.sedar.com/ModifyCompanyDocumentSearchForm.do?lang=EN&company_search=Barrick Gold Corp&document_selection=0&industry_group=A&FromDate=13&FromMonth=05&FromYear=2000&ToDate=13&ToMonth=11&ToYear=2020&Variable=Issuer
0,2001-12-31,ABX.TO,2001-12-31,2001-12-31,Q4,301269825,179295258,121974567,0.4048681841933556,0.0,16077383,0.0,0.0,0.0,292618897,0.0,0.0,159089644,0.5280636519107083,8650928.0,0.13950409736521074,0.0,42028375,0.13950409736521074,-12127055,54155430,0.17975723257382314,0.030458622047244095,0.030458622047244095,1778000000,1778000000,https://www.sedar.com/ModifyCompanyDocumentSearchForm.do?lang=EN&company_search=Barrick Gold Corp&document_selection=0&industry_group=A&FromDate=13&FromMonth=05&FromYear=2000&ToDate=13&ToMonth=11&ToYear=2020&Variable=Issuer,https://www.sedar.com/ModifyCompanyDocumentSearchForm.do?lang=EN&company_search=Barrick Gold Corp&document_selection=0&industry_group=A&FromDate=13&FromMonth=05&FromYear=2000&ToDate=13&ToMonth=11&ToYear=2020&Variable=Issuer
0,2001-09-30,ABX.TO,2001-09-30,2001-09-30,Q3,332044864,160319371,171725493,0.5171755735995964,0.0,10138774,0.0,0.0,1.0,255370382,0.0,0.0,258731000,0.7792049450281514,76674482,0.2175572515405629,0.0,72238768,0.2175572515405629,6336734.0,65902034,0.19847328221285182,0.1711,0.1711,396000000,396000000,https://www.sedar.com/ModifyCompanyDocumentSearchForm.do?lang=EN&company_search=Barrick Gold Corp&document_selection=0&industry_group=A&FromDate=13&FromMonth=05&FromYear=2000&ToDate=13&ToMonth=11&ToYear=2020&Variable=Issuer,https://www.sedar.com/ModifyCompanyDocumentSearchForm.do?lang=EN&company_search=Barrick Gold Corp&document_selection=0&industry_group=A&FromDate=13&FromMonth=05&FromYear=2000&ToDate=13&ToMonth=11&ToYear=2020&Variable=Issuer
0,2001-06-30,ABX.TO,2001-06-30,2001-06-30,Q2,333135039,172516359,160618680,0.48214285859014666,0.0,9914733.0,0.0,0.0,1.0,263731906,0.0,0.0,150703946,0.4523809517377126,69403133,0.22023809389801233,0.0,73369026,0.22023809389801233,7270804.0,66098222,0.19841269834122732,0.16525,0.16525,396000000,396000000,https://www.sedar.com/ModifyCompanyDocumentSearchForm.do?lang=EN&company_search=Barrick Gold Corp&document_selection=0&industry_group=A&FromDate=13&FromMonth=05&FromYear=2000&ToDate=13&ToMonth=11&ToYear=2020&Variable=Issuer,https://www.sedar.com/ModifyCompanyDocumentSearchForm.do?lang=EN&company_search=Barrick Gold Corp&document_selection=0&industry_group=A&FromDate=13&FromMonth=05&FromYear=2000&ToDate=13&ToMonth=11&ToYear=2020&Variable=Issuer
0,2001-03-31,ABX.TO,2001-03-31,2001-03-31,Q1,303837615,149064383,154773232,0.5093945724922834,0.0,10149064,0.0,0.0,1.0,227085316,0.0,0.0,144624167,0.4759916477095833,76752299,0.26722338180544236,0.0,81192515,0.26722338180544236,8880431.0,72312084,0.23799582550040752,0.1776,0.1776,396000000,396000000,https://www.sedar.com/ModifyCompanyDocumentSearchForm.do?lang=EN&company_search=Barrick Gold Corp&document_selection=0&industry_group=A&FromDate=13&FromMonth=05&FromYear=2000&ToDate=13&ToMonth=11&ToYear=2020&Variable=Issuer,https://www.sedar.com/ModifyCompanyDocumentSearchForm.do?lang=EN&company_search=Barrick Gold Corp&document_selection=0&industry_group=A&FromDate=13&FromMonth=05&FromYear=2000&ToDate=13&ToMonth=11&ToYear=2020&Variable=Issuer
0,2000-12-31,ABX.TO,2000-12-31,2000-12-31,Q4,377352818,178208294,199144524,0.5277409217598582,0.0,9386840.0,0.0,0.0,0.0,260154855,0.0,0.0,189757685,0.5028654244739204,117197963,-3.2072848837185575,0.0,-1210277989,-3.2072848837185575,-213954270,-996323719,-2.640297545094787,-0.5603620466816648,-0.5603620466816648,1778000000,1778000000,https://www.sedar.com/ModifyCompanyDocumentSearchForm.do?lang=EN&company_search=Barrick Gold Corp&document_selection=0&industry_group=A&FromDate=13&FromMonth=05&FromYear=2000&ToDate=13&ToMonth=11&ToYear=2020&Variable=Issuer,https://www.sedar.com/ModifyCompanyDocumentSearchForm.do?lang=EN&company_search=Barrick Gold Corp&document_selection=0&industry_group=A&FromDate=13&FromMonth=05&FromYear=2000&ToDate=13&ToMonth=11&ToYear=2020&Variable=Issuer
0,2000-09-30,ABX.TO,2000-09-30,2000-09-30,Q3,312063344,139064475,172998869,0.5543710029589377,0.0,7319183.0,0.0,0.0,0.0,221571628,0.0,0.0,165679686,0.530916844882621,90491716,0.31769722688096297,0.0,99141659,0.31769722688096297,13307605,85834054,0.27505330456242244,0.21958,0.21958,396000000,412000000,https://www.sedar.com/ModifyCompanyDocumentSearchForm.do?lang=EN&company_search=Barrick Gold Corp&document_selection=0&industry_group=A&FromDate=13&FromMonth=05&FromYear=2000&ToDate=13&ToMonth=11&ToYear=2020&Variable=Issuer,https://www.sedar.com/ModifyCompanyDocumentSearchForm.do?lang=EN&company_search=Barrick Gold Corp&document_selection=0&industry_group=A&FromDate=13&FromMonth=05&FromYear=2000&ToDate=13&ToMonth=11&ToYear=2020&Variable=Issuer
0,2000-06-30,ABX.TO,2000-06-30,2000-06-30,Q2,322972973,141959459,181013514,0.5604602525054008,0.0,10000000,0.0,0.0,0.0,244932432,0.0,0.0,171047296,0.5296025063991965,78040541,0.2571129721123755,0.0,83040541,0.2571129721123755,11013514,72027027,0.22301255219891108,0.17568,0.17568,409989908,409989908,https://www.sedar.com/ModifyCompanyDocumentSearchForm.do?lang=EN&company_search=Barrick Gold Corp&document_selection=0&industry_group=A&FromDate=13&FromMonth=05&FromYear=2000&ToDate=13&ToMonth=11&ToYear=2020&Variable=Issuer,https://www.sedar.com/ModifyCompanyDocumentSearchForm.do?lang=EN&company_search=Barrick Gold Corp&document_selection=0&industry_group=A&FromDate=13&FromMonth=05&FromYear=2000&ToDate=13&ToMonth=11&ToYear=2020&Variable=Issuer
0,2000-03-31,ABX.TO,2000-03-31,2000-03-31,Q1,318021933,130974550,187047383,0.5881587513022254,0.0,8000552.0,0.0,0.0,-1.0,236981860,0.0,0.0,179046832,0.5630015210303121,81040073,0.26415094458280647,0.0,84005794,0.26415094458280647,12000828,72004966,0.22641509445828065,0.17932,0.17932,401544535,401544535,https://www.sedar.com/ModifyCompanyDocumentSearchForm.do?lang=EN&company_search=Barrick Gold Corp&document_selection=0&industry_group=A&FromDate=13&FromMonth=05&FromYear=2000&ToDate=13&ToMonth=11&ToYear=2020&Variable=Issuer,https://www.sedar.com/ModifyCompanyDocumentSearchForm.do?lang=EN&company_search=Barrick Gold Corp&document_selection=0&industry_group=A&FromDate=13&FromMonth=05&FromYear=2000&ToDate=13&ToMonth=11&ToYear=2020&Variable=Issuer
0,1999-12-31,ABX.TO,1999-12-31,1999-12-31,Q4,332094359,138062347,194032012,0.5842677141047132,0.0,9965931.0,0.0,0.0,0.0,224060574,0.0,0.0,184066082,0.5542583817269838,108033785,0.32223242009359154,0.0,107011569,0.32223242009359154,25948256,81063313,0.2440972296069624,0.045592414510686165,0.045592414510686165,1778000000,1778000000,https://www.sedar.com/ModifyCompanyDocumentSearchForm.do?lang=EN&company_search=Barrick Gold Corp&document_selection=0&industry_group=A&FromDate=13&FromMonth=05&FromYear=2000&ToDate=13&ToMonth=11&ToYear=2020&Variable=Issuer,https://www.sedar.com/ModifyCompanyDocumentSearchForm.do?lang=EN&company_search=Barrick Gold Corp&document_selection=0&industry_group=A&FromDate=13&FromMonth=05&FromYear=2000&ToDate=13&ToMonth=11&ToYear=2020&Variable=Issuer
0,1999-09-30,ABX.TO,1999-09-30,1999-09-30,Q3,326018809,126005179,200013630,0.6135033454465506,0.0,7973286.0,0.0,0.0,0.0,221957203,0.0,0.0,192071228,0.5891415547131822,104061606,0.3250418076338657,0.0,105969743,0.3250418076338657,26986507,78983236,0.24226588718076078,0.19763,0.19763,399652057,399652057,https://www.sedar.com/ModifyCompanyDocumentSearchForm.do?lang=EN&company_search=Barrick Gold Corp&document_selection=0&industry_group=A&FromDate=13&FromMonth=05&FromYear=2000&ToDate=13&ToMonth=11&ToYear=2020&Variable=Issuer,https://www.sedar.com/ModifyCompanyDocumentSearchForm.do?lang=EN&company_search=Barrick Gold Corp&document_selection=0&industry_group=A&FromDate=13&FromMonth=05&FromYear=2000&ToDate=13&ToMonth=11&ToYear=2020&Variable=Issuer
0,1999-06-30,ABX.TO,1999-06-30,1999-06-30,Q2,373014250,149042067,223972183,0.6004386776108419,0.0,8999795.0,0.0,0.0,1.0,262016773,0.0,0.0,211977414,0.5682823484625588,110997477,0.29756899903958095,2999932.0,110997477,0.29756899903958095,26999386,83998091,0.22518735142156096,0.21136,0.19772,397417160,424833558,https://www.sedar.com/ModifyCompanyDocumentSearchForm.do?lang=EN&company_search=Barrick Gold Corp&document_selection=0&industry_group=A&FromDate=13&FromMonth=05&FromYear=2000&ToDate=13&ToMonth=11&ToYear=2020&Variable=Issuer,https://www.sedar.com/ModifyCompanyDocumentSearchForm.do?lang=EN&company_search=Barrick Gold Corp&document_selection=0&industry_group=A&FromDate=13&FromMonth=05&FromYear=2000&ToDate=13&ToMonth=11&ToYear=2020&Variable=Issuer
0,1999-03-31,ABX.TO,1999-03-31,1999-03-31,Q1,389996688,147002318,242994370,0.6230677784627751,0.0,8015899.0,0.0,0.0,0.0,272010599,0.0,0.0,232991058,0.5974180426886087,117986089,0.29998301421472584,1987413.0,116992382,0.29998301421472584,30009937,86982445,0.2230338043281024,0.23187,0.23187,375134537,375134537,https://www.sedar.com/ModifyCompanyDocumentSearchForm.do?lang=EN&company_search=Barrick Gold Corp&document_selection=0&industry_group=A&FromDate=13&FromMonth=05&FromYear=2000&ToDate=13&ToMonth=11&ToYear=2020&Variable=Issuer,https://www.sedar.com/ModifyCompanyDocumentSearchForm.do?lang=EN&company_search=Barrick Gold Corp&document_selection=0&industry_group=A&FromDate=13&FromMonth=05&FromYear=2000&ToDate=13&ToMonth=11&ToYear=2020&Variable=Issuer
0,1998-12-31,ABX.TO,1998-12-31,1998-12-31,Q4,368128513,165061457,203067056,0.5516200153721861,0.0,24975458,0.0,0.0,0.0,260087095,0.0,0.0,176086998,0.47833023463738056,108041418,0.29875619278640336,2004601.0,109980673,0.29875619278640336,26988708,82991965,0.22544291482252016,0.04667714566929134,0.04667714566929134,1778000000,1778000000,https://www.sedar.com/ModifyCompanyDocumentSearchForm.do?lang=EN&company_search=Barrick Gold Corp&document_selection=0&industry_group=A&FromDate=13&FromMonth=05&FromYear=2000&ToDate=13&ToMonth=11&ToYear=2020&Variable=Issuer,https://www.sedar.com/ModifyCompanyDocumentSearchForm.do?lang=EN&company_search=Barrick Gold Corp&document_selection=0&industry_group=A&FromDate=13&FromMonth=05&FromYear=2000&ToDate=13&ToMonth=11&ToYear=2020&Variable=Issuer
0,1998-09-30,ABX.TO,1998-09-30,1998-09-30,Q3,323988760,166045873,157942887,0.48749495815842503,0.0,7972293.0,0.0,0.0,0.0,224988564,0.0,0.0,147012710,0.4537586736033682,99000196,0.3148446939949398,3005947.0,102006142,0.3148446939949398,26007972,75998170,0.23457039065182383,0.20258,0.20258,375151397,375151397,https://www.sedar.com/ModifyCompanyDocumentSearchForm.do?lang=EN&company_search=Barrick Gold Corp&document_selection=0&industry_group=A&FromDate=13&FromMonth=05&FromYear=2000&ToDate=13&ToMonth=11&ToYear=2020&Variable=Issuer,https://www.sedar.com/ModifyCompanyDocumentSearchForm.do?lang=EN&company_search=Barrick Gold Corp&document_selection=0&industry_group=A&FromDate=13&FromMonth=05&FromYear=2000&ToDate=13&ToMonth=11&ToYear=2020&Variable=Issuer
0,1998-06-30,ABX.TO,1998-06-30,1998-06-30,Q2,292993197,154013605,138979592,0.47434409202340627,0.0,7006803.0,0.0,0.0,0.0,207006803,0.0,0.0,128979592,0.44021360673435705,85986394,0.3036916655781602,2993197.0,88979592,0.3036916655781602,21972789,67006803,0.2286974704057719,0.17688,0.17688,378826340,378826340,https://www.sedar.com/ModifyCompanyDocumentSearchForm.do?lang=EN&company_search=Barrick Gold Corp&document_selection=0&industry_group=A&FromDate=13&FromMonth=05&FromYear=2000&ToDate=13&ToMonth=11&ToYear=2020&Variable=Issuer,https://www.sedar.com/ModifyCompanyDocumentSearchForm.do?lang=EN&company_search=Barrick Gold Corp&document_selection=0&industry_group=A&FromDate=13&FromMonth=05&FromYear=2000&ToDate=13&ToMonth=11&ToYear=2020&Variable=Issuer
0,1998-03-31,ABX.TO,1998-03-31,1998-03-31,Q1,302009165,145999295,156009870,0.516573296707734,0.0,10010575,0.0,0.0,-1.0,205005287,0.0,0.0,101022208,0.3345004712025875,97003878,0.4701213819123668,44977088,141980966,0.4701213819123668,66972154,75008812,0.24836601233608258,0.1974,0.1974,379983850,379983850,https://www.sedar.com/ModifyCompanyDocumentSearchForm.do?lang=EN&company_search=Barrick Gold Corp&document_selection=0&industry_group=A&FromDate=13&FromMonth=05&FromYear=2000&ToDate=13&ToMonth=11&ToYear=2020&Variable=Issuer,https://www.sedar.com/ModifyCompanyDocumentSearchForm.do?lang=EN&company_search=Barrick Gold Corp&document_selection=0&industry_group=A&FromDate=13&FromMonth=05&FromYear=2000&ToDate=13&ToMonth=11&ToYear=2020&Variable=Issuer
0,1997-12-31,ABX.TO,1997-12-31,1997-12-31,Q4,356129368,200056021,156073347,0.4382490213500168,0.0,7064162.0,0.0,0.0,0.0,254183372,0.0,0.0,147069337,0.41296604609143045,101945996,0.29210102661345244,1939849.0,104025754,0.29210102661345244,29047668,74978086,0.21053609372647974,0.042169902137232845,0.042169902137232845,1778000000,1778000000,https://www.sedar.com/ModifyCompanyDocumentSearchForm.do?lang=EN&company_search=Barrick Gold Corp&document_selection=0&industry_group=A&FromDate=13&FromMonth=05&FromYear=2000&ToDate=13&ToMonth=11&ToYear=2020&Variable=Issuer,https://www.sedar.com/ModifyCompanyDocumentSearchForm.do?lang=EN&company_search=Barrick Gold Corp&document_selection=0&industry_group=A&FromDate=13&FromMonth=05&FromYear=2000&ToDate=13&ToMonth=11&ToYear=2020&Variable=Issuer
0,1997-09-30,ABX.TO,1997-09-30,1997-09-30,Q3,313952646,168995728,144956918,0.4617158665386754,0.0,9992035.0,0.0,0.0,1.0,223010644,0.0,0.0,563898341,1.7961254609078847,90942002,-1.0765682669226493,-428933459,-337991456,-1.0765682669226493,-23025125,-314966331,-1.0032287831076283,-0.83996,-0.83996,374977774,374977774,https://www.sedar.com/ModifyCompanyDocumentSearchForm.do?lang=EN&company_search=Barrick Gold Corp&document_selection=0&industry_group=A&FromDate=13&FromMonth=05&FromYear=2000&ToDate=13&ToMonth=11&ToYear=2020&Variable=Issuer,https://www.sedar.com/ModifyCompanyDocumentSearchForm.do?lang=EN&company_search=Barrick Gold Corp&document_selection=0&industry_group=A&FromDate=13&FromMonth=05&FromYear=2000&ToDate=13&ToMonth=11&ToYear=2020&Variable=Issuer
0,1997-06-30,ABX.TO,1997-06-30,1997-06-30,Q2,311961168,173947693,138013475,0.44240594393466304,0.0,8983554.0,0.0,0.0,-1.0,231906107,0.0,0.0,127009570,0.40713262748137935,80055061,0.2628889920042869,2028545.0,82011157,0.2628889920042869,19995653,62015504,0.19879238303146757,0.15939,0.15939,389080269,389080269,https://www.sedar.com/ModifyCompanyDocumentSearchForm.do?lang=EN&company_search=Barrick Gold Corp&document_selection=0&industry_group=A&FromDate=13&FromMonth=05&FromYear=2000&ToDate=13&ToMonth=11&ToYear=2020&Variable=Issuer,https://www.sedar.com/ModifyCompanyDocumentSearchForm.do?lang=EN&company_search=Barrick Gold Corp&document_selection=0&industry_group=A&FromDate=13&FromMonth=05&FromYear=2000&ToDate=13&ToMonth=11&ToYear=2020&Variable=Issuer
0,1997-03-31,ABX.TO,1997-03-31,1997-03-31,Q1,302014877,175994801,126020076,0.41726446475681395,0.0,9966058.0,0.0,0.0,-1.0,233985701,0.0,0.0,112082040,0.3711143011011342,68029176,0.23840267643504198,3971979.0,72001155,0.23840267643504198,16971185,55029970,0.18220946778062194,0.15166,0.15166,362850917,362850917,https://www.sedar.com/ModifyCompanyDocumentSearchForm.do?lang=EN&company_search=Barrick Gold Corp&document_selection=0&industry_group=A&FromDate=13&FromMonth=05&FromYear=2000&ToDate=13&ToMonth=11&ToYear=2020&Variable=Issuer,https://www.sedar.com/ModifyCompanyDocumentSearchForm.do?lang=EN&company_search=Barrick Gold Corp&document_selection=0&industry_group=A&FromDate=13&FromMonth=05&FromYear=2000&ToDate=13&ToMonth=11&ToYear=2020&Variable=Issuer
0,1996-12-31,ABX.TO,1996-12-31,1996-12-31,Q4,330598253,201312853,129285400,0.3910649824274782,0.0,7861310.0,0.0,0.0,0.0,259158011,0.0,0.0,118534308,0.3585448710764966,71440242,0.22303380411390136,2889783.0,73734586,0.22303380411390136,17592246,56142340,0.16982043761737603,0.031576119235095616,0.031576119235095616,1778000000,1778000000,https://www.sedar.com/ModifyCompanyDocumentSearchForm.do?lang=EN&company_search=Barrick Gold Corp&document_selection=0&industry_group=A&FromDate=13&FromMonth=05&FromYear=2000&ToDate=13&ToMonth=11&ToYear=2020&Variable=Issuer,https://www.sedar.com/ModifyCompanyDocumentSearchForm.do?lang=EN&company_search=Barrick Gold Corp&document_selection=0&industry_group=A&FromDate=13&FromMonth=05&FromYear=2000&ToDate=13&ToMonth=11&ToYear=2020&Variable=Issuer
0,1996-09-30,ABX.TO,1996-09-30,1996-09-30,Q3,313624679,189570327,124054352,0.39555035144412215,0.0,8373118.0,0.0,0.0,-1.0,240470069,0.0,0.0,155502860,0.49582469241841776,73154610,0.10234192061141974,-39809034,32096952,0.10234192061141974,11090709,21006243,0.06697892228053903,0.06,0.06,350104050,350104050,https://www.sedar.com/ModifyCompanyDocumentSearchForm.do?lang=EN&company_search=Barrick Gold Corp&document_selection=0&industry_group=A&FromDate=13&FromMonth=05&FromYear=2000&ToDate=13&ToMonth=11&ToYear=2020&Variable=Issuer,https://www.sedar.com/ModifyCompanyDocumentSearchForm.do?lang=EN&company_search=Barrick Gold Corp&document_selection=0&industry_group=A&FromDate=13&FromMonth=05&FromYear=2000&ToDate=13&ToMonth=11&ToYear=2020&Variable=Issuer
0,1996-06-30,ABX.TO,1996-06-30,1996-06-30,Q2,325463744,186303981,139159763,0.4275737791549525,0.0,8798299.0,0.0,0.0,0.0,239900286,0.0,0.0,124642570,0.3829691395672017,85563458,0.2669520172422032,5718894.0,86883203,0.2669520172422032,17963194,68920009,0.2117594056805295,0.19,0.19,362736889,362736889,https://www.sedar.com/ModifyCompanyDocumentSearchForm.do?lang=EN&company_search=Barrick Gold Corp&document_selection=0&industry_group=A&FromDate=13&FromMonth=05&FromYear=2000&ToDate=13&ToMonth=11&ToYear=2020&Variable=Issuer,https://www.sedar.com/ModifyCompanyDocumentSearchForm.do?lang=EN&company_search=Barrick Gold Corp&document_selection=0&industry_group=A&FromDate=13&FromMonth=05&FromYear=2000&ToDate=13&ToMonth=11&ToYear=2020&Variable=Issuer
0,1996-03-31,ABX.TO,1996-03-31,1996-03-31,Q1,329287133,179724859,149562274,0.4542001767193254,0.0,7871699.0,0.0,0.0,-1.0,233281836,0.0,0.0,136467299,0.4144325281000275,96005297,0.29557640504586613,5223277.0,97329507,0.29557640504586613,25307143,72022364,0.21872207196143312,0.2,0.2,360111820,360111820,https://www.sedar.com/ModifyCompanyDocumentSearchForm.do?lang=EN&company_search=Barrick Gold Corp&document_selection=0&industry_group=A&FromDate=13&FromMonth=05&FromYear=2000&ToDate=13&ToMonth=11&ToYear=2020&Variable=Issuer,https://www.sedar.com/ModifyCompanyDocumentSearchForm.do?lang=EN&company_search=Barrick Gold Corp&document_selection=0&industry_group=A&FromDate=13&FromMonth=05&FromYear=2000&ToDate=13&ToMonth=11&ToYear=2020&Variable=Issuer
0,1995-12-31,ABX.TO,1995-12-31,1995-12-31,Q4,377173734,206851006,170322728,0.4515763231805532,0.0,9928886.0,0.0,0.0,0.0,271363652,0.0,0.0,158130695,0.41925160939229134,105810082,0.2771626271303399,2263146.0,104538463,0.2771626271303399,26277706,78260757,0.20749259544144186,0.04401617379077615,0.04401617379077615,1778000000,1778000000,https://www.sedar.com/ModifyCompanyDocumentSearchForm.do?lang=EN&company_search=Barrick Gold Corp&document_selection=0&industry_group=A&FromDate=13&FromMonth=05&FromYear=2000&ToDate=13&ToMonth=11&ToYear=2020&Variable=Issuer,https://www.sedar.com/ModifyCompanyDocumentSearchForm.do?lang=EN&company_search=Barrick Gold Corp&document_selection=0&industry_group=A&FromDate=13&FromMonth=05&FromYear=2000&ToDate=13&ToMonth=11&ToYear=2020&Variable=Issuer
0,1995-09-30,ABX.TO,1995-09-30,1995-09-30,Q3,295244484,160480024,134764460,0.45645039044997027,0.0,6410256.0,0.0,0.0,0.0,209004174,0.0,0.0,322122660,1.0910370132435734,86240310,0.2966422634334466,6932021.0,87581992,0.2966422634334466,19901610,67680382,0.22923504304994907,0.19,0.19,356212537,356212537,https://www.sedar.com/ModifyCompanyDocumentSearchForm.do?lang=EN&company_search=Barrick Gold Corp&document_selection=0&industry_group=A&FromDate=13&FromMonth=05&FromYear=2000&ToDate=13&ToMonth=11&ToYear=2020&Variable=Issuer,https://www.sedar.com/ModifyCompanyDocumentSearchForm.do?lang=EN&company_search=Barrick Gold Corp&document_selection=0&industry_group=A&FromDate=13&FromMonth=05&FromYear=2000&ToDate=13&ToMonth=11&ToYear=2020&Variable=Issuer
0,1995-06-30,ABX.TO,1995-06-30,1995-06-30,Q2,-425100000,-219400000,-205700000,0.48388614443660316,0.0,-10400000,0.0,0.0,0.0,-290300000,0.0,0.0,-181300000,0.4264878852034815,-134800000,0.3269818866149141,-12900000,-139000000,0.3269818866149141,-35500000,-103500000,0.24347212420606917,0.21,0.21,353300000,353300000,https://www.sedar.com/ModifyCompanyDocumentSearchForm.do?lang=EN&company_search=Barrick Gold Corp&document_selection=0&industry_group=A&FromDate=13&FromMonth=05&FromYear=2000&ToDate=13&ToMonth=11&ToYear=2020&Variable=Issuer,https://www.sedar.com/ModifyCompanyDocumentSearchForm.do?lang=EN&company_search=Barrick Gold Corp&document_selection=0&industry_group=A&FromDate=13&FromMonth=05&FromYear=2000&ToDate=13&ToMonth=11&ToYear=2020&Variable=Issuer
0,1995-03-31,ABX.TO,1995-03-31,1995-03-31,Q1,-419800000,-219600000,-200200000,0.47689375893282515,0.0,-9900000.0,0.0,0.0,0.0,-286200000,0.0,0.0,-180200000,0.4292520247737018,-133600000,0.3232491662696522,-10100000,-135700000,0.3232491662696522,-36200000,-99500000,0.23701762744163887,0.2,0.2,353300000,353300000,https://www.sedar.com/ModifyCompanyDocumentSearchForm.do?lang=EN&company_search=Barrick Gold Corp&document_selection=0&industry_group=A&FromDate=13&FromMonth=05&FromYear=2000&ToDate=13&ToMonth=11&ToYear=2020&Variable=Issuer,https://www.sedar.com/ModifyCompanyDocumentSearchForm.do?lang=EN&company_search=Barrick Gold Corp&document_selection=0&industry_group=A&FromDate=13&FromMonth=05&FromYear=2000&ToDate=13&ToMonth=11&ToYear=2020&Variable=Issuer
0,1994-12-31,ABX.TO,1994-12-31,1994-12-31,Q4,-493000000,-262100000,-230900000,0.4683569979716024,0.0,-12100000,0.0,0.0,0.0,-340100000,0.0,0.0,-211300000,0.4286004056795132,-152900000,0.30750507099391483,-7500000.0,-151600000,0.30750507099391483,-47300000,-104300000,0.21156186612576064,-0.05866141732283465,-0.05866141732283465,1778000000,1778000000,https://www.sedar.com/ModifyCompanyDocumentSearchForm.do?lang=EN&company_search=Barrick Gold Corp&document_selection=0&industry_group=A&FromDate=13&FromMonth=05&FromYear=2000&ToDate=13&ToMonth=11&ToYear=2020&Variable=Issuer,https://www.sedar.com/ModifyCompanyDocumentSearchForm.do?lang=EN&company_search=Barrick Gold Corp&document_selection=0&industry_group=A&FromDate=13&FromMonth=05&FromYear=2000&ToDate=13&ToMonth=11&ToYear=2020&Variable=Issuer
0,1994-09-30,ABX.TO,1994-09-30,1994-09-30,Q3,-290100000,-149400000,-140700000,0.48500517063081694,0.0,-6200000.0,0.0,0.0,0.0,-187700000,0.0,0.0,-124000000,0.4274388142019993,-102400000,0.37125129265770423,-9000000.0,-107700000,0.37125129265770423,-25500000,-82200000,0.28335056876938985,0.2,0.2,286800000,286800000,https://www.sedar.com/ModifyCompanyDocumentSearchForm.do?lang=EN&company_search=Barrick Gold Corp&document_selection=0&industry_group=A&FromDate=13&FromMonth=05&FromYear=2000&ToDate=13&ToMonth=11&ToYear=2020&Variable=Issuer,https://www.sedar.com/ModifyCompanyDocumentSearchForm.do?lang=EN&company_search=Barrick Gold Corp&document_selection=0&industry_group=A&FromDate=13&FromMonth=05&FromYear=2000&ToDate=13&ToMonth=11&ToYear=2020&Variable=Issuer
0,1994-06-30,ABX.TO,1994-06-30,1994-06-30,Q2,-287100000,-144700000,-142400000,0.4959944270289098,0.0,-7500000.0,0.0,0.0,0.0,-179300000,0.0,0.0,-128800000,0.4486241727621038,-107800000,0.39080459770114945,-6100000.0,-112200000,0.39080459770114945,-25900000,-86300000,0.3005921281783351,0.22,0.21,286800000,286800000,https://www.sedar.com/ModifyCompanyDocumentSearchForm.do?lang=EN&company_search=Barrick Gold Corp&document_selection=0&industry_group=A&FromDate=13&FromMonth=05&FromYear=2000&ToDate=13&ToMonth=11&ToYear=2020&Variable=Issuer,https://www.sedar.com/ModifyCompanyDocumentSearchForm.do?lang=EN&company_search=Barrick Gold Corp&document_selection=0&industry_group=A&FromDate=13&FromMonth=05&FromYear=2000&ToDate=13&ToMonth=11&ToYear=2020&Variable=Issuer
0,1994-03-31,ABX.TO,1994-03-31,1994-03-31,Q1,-259200000,-122700000,-136500000,0.5266203703703703,0.0,-6800000.0,0.0,0.0,0.0,-154700000,0.0,0.0,-126200000,0.4868827160493827,-104500000,0.4097222222222222,-3500000.0,-106200000,0.4097222222222222,-22600000,-83600000,0.32253086419753085,0.21,0.21,286700000,286700000,https://www.sedar.com/ModifyCompanyDocumentSearchForm.do?lang=EN&company_search=Barrick Gold Corp&document_selection=0&industry_group=A&FromDate=13&FromMonth=05&FromYear=2000&ToDate=13&ToMonth=11&ToYear=2020&Variable=Issuer,https://www.sedar.com/ModifyCompanyDocumentSearchForm.do?lang=EN&company_search=Barrick Gold Corp&document_selection=0&industry_group=A&FromDate=13&FromMonth=05&FromYear=2000&ToDate=13&ToMonth=11&ToYear=2020&Variable=Issuer
0,1993-12-31,ABX.TO,1993-12-31,1993-12-31,Q4,-220200000,-106700000,-113500000,0.5154405086285195,0.0,-4900000.0,0.0,0.0,0.0,-138100000,0.0,0.0,-103700000,0.4709355131698456,-82100000,0.3851044504995459,-4900000.0,-84800000,0.3851044504995459,-17800000,-67000000,0.3042688465031789,-0.03768278965129359,-0.03768278965129359,1778000000,1778000000,https://www.sedar.com/ModifyCompanyDocumentSearchForm.do?lang=EN&company_search=Barrick Gold Corp&document_selection=0&industry_group=A&FromDate=13&FromMonth=05&FromYear=2000&ToDate=13&ToMonth=11&ToYear=2020&Variable=Issuer,https://www.sedar.com/ModifyCompanyDocumentSearchForm.do?lang=EN&company_search=Barrick Gold Corp&document_selection=0&industry_group=A&FromDate=13&FromMonth=05&FromYear=2000&ToDate=13&ToMonth=11&ToYear=2020&Variable=Issuer
0,1993-09-30,ABX.TO,1993-09-30,1993-09-30,Q3,-237600000,-109600000,-128000000,0.5387205387205387,0.0,-5100000.0,0.0,0.0,0.0,-138700000,0.0,0.0,-120000000,0.5050505050505051,-98900000,0.4166666666666667,-2900000.0,-99000000,0.4166666666666667,-21200000,-77800000,0.3274410774410774,0.21,0.2,284300000,284300000,https://www.sedar.com/ModifyCompanyDocumentSearchForm.do?lang=EN&company_search=Barrick Gold Corp&document_selection=0&industry_group=A&FromDate=13&FromMonth=05&FromYear=2000&ToDate=13&ToMonth=11&ToYear=2020&Variable=Issuer,https://www.sedar.com/ModifyCompanyDocumentSearchForm.do?lang=EN&company_search=Barrick Gold Corp&document_selection=0&industry_group=A&FromDate=13&FromMonth=05&FromYear=2000&ToDate=13&ToMonth=11&ToYear=2020&Variable=Issuer
0,1993-06-30,ABX.TO,1993-06-30,1993-06-30,Q2,-228000000,-105700000,-122300000,0.5364035087719298,0.0,-5900000.0,0.0,0.0,0.0,-134600000,0.0,0.0,-112200000,0.4921052631578947,-93400000,0.41271929824561404,-4200000.0,-94100000,0.41271929824561404,-19800000,-74300000,0.32587719298245615,0.2,0.2,284300000,284300000,https://www.sedar.com/ModifyCompanyDocumentSearchForm.do?lang=EN&company_search=Barrick Gold Corp&document_selection=0&industry_group=A&FromDate=13&FromMonth=05&FromYear=2000&ToDate=13&ToMonth=11&ToYear=2020&Variable=Issuer,https://www.sedar.com/ModifyCompanyDocumentSearchForm.do?lang=EN&company_search=Barrick Gold Corp&document_selection=0&industry_group=A&FromDate=13&FromMonth=05&FromYear=2000&ToDate=13&ToMonth=11&ToYear=2020&Variable=Issuer
0,1993-03-31,ABX.TO,1993-03-31,1993-03-31,Q1,-181300000,-86200000,-95100000,0.5245449531163817,0.0,-4900000.0,0.0,0.0,0.0,-110000000,0.0,0.0,-85300000,0.47049089906232766,-71300000,0.40375068946497517,-4900000.0,-73200000,0.40375068946497517,-15200000,-58000000,0.31991174848317705,0.16,0.16,284000000,284000000,https://www.sedar.com/ModifyCompanyDocumentSearchForm.do?lang=EN&company_search=Barrick Gold Corp&document_selection=0&industry_group=A&FromDate=13&FromMonth=05&FromYear=2000&ToDate=13&ToMonth=11&ToYear=2020&Variable=Issuer,https://www.sedar.com/ModifyCompanyDocumentSearchForm.do?lang=EN&company_search=Barrick Gold Corp&document_selection=0&industry_group=A&FromDate=13&FromMonth=05&FromYear=2000&ToDate=13&ToMonth=11&ToYear=2020&Variable=Issuer
0,1992-12-31,ABX.TO,1992-12-31,1992-12-31,Q4,199900000,0.0,0.0,0.0,0.0,0.0,0.0,0.0,0.0,0.0,0.0,0.0,199900000,1.0,199900000,0.0,0.0,0.0,0.0,0.0,65500000,0.327663831915958,0.03683914510686164,0.03683914510686164,1778000000,1778000000,https://www.sedar.com/ModifyCompanyDocumentSearchForm.do?lang=EN&company_search=Barrick Gold Corp&document_selection=0&industry_group=A&FromDate=13&FromMonth=05&FromYear=2000&ToDate=13&ToMonth=11&ToYear=2020&Variable=Issuer,https://www.sedar.com/ModifyCompanyDocumentSearchForm.do?lang=EN&company_search=Barrick Gold Corp&document_selection=0&industry_group=A&FromDate=13&FromMonth=05&FromYear=2000&ToDate=13&ToMonth=11&ToYear=2020&Variable=Issuer
0,1992-09-30,ABX.TO,1992-09-30,1992-09-30,Q3,143500000,0.0,0.0,0.0,0.0,0.0,0.0,0.0,0.0,0.0,0.0,0.0,143500000,1.0,143500000,0.0,0.0,0.0,0.0,0.0,49500000,0.34494773519163763,0.18,0.18,275000000,275000000,https://www.sedar.com/ModifyCompanyDocumentSearchForm.do?lang=EN&company_search=Barrick Gold Corp&document_selection=0&industry_group=A&FromDate=13&FromMonth=05&FromYear=2000&ToDate=13&ToMonth=11&ToYear=2020&Variable=Issuer,https://www.sedar.com/ModifyCompanyDocumentSearchForm.do?lang=EN&company_search=Barrick Gold Corp&document_selection=0&industry_group=A&FromDate=13&FromMonth=05&FromYear=2000&ToDate=13&ToMonth=11&ToYear=2020&Variable=Issuer
0,1992-06-30,ABX.TO,1992-06-30,1992-06-30,Q2,115500000,0.0,0.0,0.0,0.0,0.0,0.0,0.0,0.0,0.0,0.0,0.0,115500000,1.0,115500000,0.0,0.0,0.0,0.0,0.0,36800000,0.31861471861471863,0.13,0.13,283076923,283076923,https://www.sedar.com/ModifyCompanyDocumentSearchForm.do?lang=EN&company_search=Barrick Gold Corp&document_selection=0&industry_group=A&FromDate=13&FromMonth=05&FromYear=2000&ToDate=13&ToMonth=11&ToYear=2020&Variable=Issuer,https://www.sedar.com/ModifyCompanyDocumentSearchForm.do?lang=EN&company_search=Barrick Gold Corp&document_selection=0&industry_group=A&FromDate=13&FromMonth=05&FromYear=2000&ToDate=13&ToMonth=11&ToYear=2020&Variable=Issuer
0,1992-03-31,ABX.TO,1992-03-31,1992-03-31,Q1,81500000,0.0,0.0,0.0,0.0,0.0,0.0,0.0,0.0,0.0,0.0,0.0,81500000,1.0,81500000,0.0,0.0,0.0,0.0,0.0,23200000,0.2846625766871166,0.08,0.08,290000000,290000000,https://www.sedar.com/ModifyCompanyDocumentSearchForm.do?lang=EN&company_search=Barrick Gold Corp&document_selection=0&industry_group=A&FromDate=13&FromMonth=05&FromYear=2000&ToDate=13&ToMonth=11&ToYear=2020&Variable=Issuer,https://www.sedar.com/ModifyCompanyDocumentSearchForm.do?lang=EN&company_search=Barrick Gold Corp&document_selection=0&industry_group=A&FromDate=13&FromMonth=05&FromYear=2000&ToDate=13&ToMonth=11&ToYear=2020&Variable=Issuer
0,1991-12-31,ABX.TO,1991-12-31,1991-12-31,Q4,89100000,0.0,0.0,0.0,0.0,0.0,0.0,0.0,0.0,0.0,0.0,0.0,89100000,1.0,89100000,0.0,0.0,0.0,0.0,0.0,24000000,0.26936026936026936,0.013498312710911136,0.013498312710911136,1778000000,1778000000,https://www.sedar.com/ModifyCompanyDocumentSearchForm.do?lang=EN&company_search=Barrick Gold Corp&document_selection=0&industry_group=A&FromDate=13&FromMonth=05&FromYear=2000&ToDate=13&ToMonth=11&ToYear=2020&Variable=Issuer,https://www.sedar.com/ModifyCompanyDocumentSearchForm.do?lang=EN&company_search=Barrick Gold Corp&document_selection=0&industry_group=A&FromDate=13&FromMonth=05&FromYear=2000&ToDate=13&ToMonth=11&ToYear=2020&Variable=Issuer
0,1991-09-30,ABX.TO,1991-09-30,1991-09-30,Q3,92400000,0.0,0.0,0.0,0.0,0.0,0.0,0.0,0.0,0.0,0.0,0.0,92400000,1.0,92400000,0.0,0.0,0.0,0.0,0.0,28200000,0.3051948051948052,0.1,0.1,282000000,282000000,https://www.sedar.com/ModifyCompanyDocumentSearchForm.do?lang=EN&company_search=Barrick Gold Corp&document_selection=0&industry_group=A&FromDate=13&FromMonth=05&FromYear=2000&ToDate=13&ToMonth=11&ToYear=2020&Variable=Issuer,https://www.sedar.com/ModifyCompanyDocumentSearchForm.do?lang=EN&company_search=Barrick Gold Corp&document_selection=0&industry_group=A&FromDate=13&FromMonth=05&FromYear=2000&ToDate=13&ToMonth=11&ToYear=2020&Variable=Issuer
0,1991-06-30,ABX.TO,1991-06-30,1991-06-30,Q2,90200000,0.0,0.0,0.0,0.0,0.0,0.0,0.0,0.0,0.0,0.0,0.0,90200000,1.0,90200000,0.0,0.0,0.0,0.0,0.0,24600000,0.2727272727272727,0.1,0.1,246000000,246000000,https://www.sedar.com/ModifyCompanyDocumentSearchForm.do?lang=EN&company_search=Barrick Gold Corp&document_selection=0&industry_group=A&FromDate=13&FromMonth=05&FromYear=2000&ToDate=13&ToMonth=11&ToYear=2020&Variable=Issuer,https://www.sedar.com/ModifyCompanyDocumentSearchForm.do?lang=EN&company_search=Barrick Gold Corp&document_selection=0&industry_group=A&FromDate=13&FromMonth=05&FromYear=2000&ToDate=13&ToMonth=11&ToYear=2020&Variable=Issuer
0,1991-03-31,ABX.TO,1991-03-31,1991-03-31,Q1,73000000,0.0,0.0,0.0,0.0,0.0,0.0,0.0,0.0,0.0,0.0,0.0,73000000,1.0,73000000,0.0,0.0,0.0,0.0,0.0,15600000,0.2136986301369863,0.06,0.06,260000000,260000000,https://www.sedar.com/ModifyCompanyDocumentSearchForm.do?lang=EN&company_search=Barrick Gold Corp&document_selection=0&industry_group=A&FromDate=13&FromMonth=05&FromYear=2000&ToDate=13&ToMonth=11&ToYear=2020&Variable=Issuer,https://www.sedar.com/ModifyCompanyDocumentSearchForm.do?lang=EN&company_search=Barrick Gold Corp&document_selection=0&industry_group=A&FromDate=13&FromMonth=05&FromYear=2000&ToDate=13&ToMonth=11&ToYear=2020&Variable=Issuer
0,1990-12-31,ABX.TO,1990-12-31,1990-12-31,Q4,71900000,0.0,0.0,0.0,0.0,0.0,0.0,0.0,0.0,0.0,0.0,0.0,71900000,1.0,71900000,0.0,0.0,0.0,0.0,0.0,15100000,0.21001390820584145,0.008492688413948256,0.008492688413948256,1778000000,1778000000,https://www.sedar.com/ModifyCompanyDocumentSearchForm.do?lang=EN&company_search=Barrick Gold Corp&document_selection=0&industry_group=A&FromDate=13&FromMonth=05&FromYear=2000&ToDate=13&ToMonth=11&ToYear=2020&Variable=Issuer,https://www.sedar.com/ModifyCompanyDocumentSearchForm.do?lang=EN&company_search=Barrick Gold Corp&document_selection=0&industry_group=A&FromDate=13&FromMonth=05&FromYear=2000&ToDate=13&ToMonth=11&ToYear=2020&Variable=Issuer
0,1990-09-30,ABX.TO,1990-09-30,1990-09-30,Q3,65400000,0.0,0.0,0.0,0.0,0.0,0.0,0.0,0.0,0.0,0.0,0.0,65400000,1.0,65400000,0.0,0.0,0.0,0.0,0.0,15600000,0.23853211009174313,0.06,0.06,260000000,260000000,https://www.sedar.com/ModifyCompanyDocumentSearchForm.do?lang=EN&company_search=Barrick Gold Corp&document_selection=0&industry_group=A&FromDate=13&FromMonth=05&FromYear=2000&ToDate=13&ToMonth=11&ToYear=2020&Variable=Issuer,https://www.sedar.com/ModifyCompanyDocumentSearchForm.do?lang=EN&company_search=Barrick Gold Corp&document_selection=0&industry_group=A&FromDate=13&FromMonth=05&FromYear=2000&ToDate=13&ToMonth=11&ToYear=2020&Variable=Issuer
0,1990-06-30,ABX.TO,1990-06-30,1990-06-30,Q2,61400000,0.0,0.0,0.0,0.0,0.0,0.0,0.0,0.0,0.0,0.0,0.0,61400000,1.0,61400000,0.0,0.0,0.0,0.0,0.0,14400000,0.23452768729641693,0.06,0.06,240000000,240000000,https://www.sedar.com/ModifyCompanyDocumentSearchForm.do?lang=EN&company_search=Barrick Gold Corp&document_selection=0&industry_group=A&FromDate=13&FromMonth=05&FromYear=2000&ToDate=13&ToMonth=11&ToYear=2020&Variable=Issuer,https://www.sedar.com/ModifyCompanyDocumentSearchForm.do?lang=EN&company_search=Barrick Gold Corp&document_selection=0&industry_group=A&FromDate=13&FromMonth=05&FromYear=2000&ToDate=13&ToMonth=11&ToYear=2020&Variable=Issuer
0,1990-03-31,ABX.TO,1990-03-31,1990-03-31,Q1,52900000,0.0,0.0,0.0,0.0,0.0,0.0,0.0,0.0,0.0,0.0,0.0,52900000,1.0,52900000,0.0,0.0,0.0,0.0,0.0,13100000,0.24763705103969755,0.05,0.05,262000000,262000000,https://www.sedar.com/ModifyCompanyDocumentSearchForm.do?lang=EN&company_search=Barrick Gold Corp&document_selection=0&industry_group=A&FromDate=13&FromMonth=05&FromYear=2000&ToDate=13&ToMonth=11&ToYear=2020&Variable=Issuer,https://www.sedar.com/ModifyCompanyDocumentSearchForm.do?lang=EN&company_search=Barrick Gold Corp&document_selection=0&industry_group=A&FromDate=13&FromMonth=05&FromYear=2000&ToDate=13&ToMonth=11&ToYear=2020&Variable=Issuer
0,1989-12-31,ABX.TO,1989-12-31,1989-12-31,Q4,63800000,0.0,0.0,0.0,0.0,0.0,0.0,0.0,0.0,0.0,0.0,0.0,63800000,1.0,63800000,0.0,0.0,0.0,0.0,0.0,0.0,0.0,0.0,0.0,1778000000,1778000000,https://www.sedar.com/ModifyCompanyDocumentSearchForm.do?lang=EN&company_search=Barrick Gold Corp&document_selection=0&industry_group=A&FromDate=13&FromMonth=05&FromYear=2000&ToDate=13&ToMonth=11&ToYear=2020&Variable=Issuer,https://www.sedar.com/ModifyCompanyDocumentSearchForm.do?lang=EN&company_search=Barrick Gold Corp&document_selection=0&industry_group=A&FromDate=13&FromMonth=05&FromYear=2000&ToDate=13&ToMonth=11&ToYear=2020&Variable=Issuer
0,1989-09-30,ABX.TO,1989-09-30,1989-09-30,Q3,50200000,0.0,0.0,0.0,0.0,0.0,0.0,0.0,0.0,0.0,0.0,0.0,50200000,1.0,50200000,0.0,0.0,0.0,0.0,0.0,0.0,0.0,0.05,0.05,242316000,242316000,https://www.sedar.com/ModifyCompanyDocumentSearchForm.do?lang=EN&company_search=Barrick Gold Corp&document_selection=0&industry_group=A&FromDate=13&FromMonth=05&FromYear=2000&ToDate=13&ToMonth=11&ToYear=2020&Variable=Issuer,https://www.sedar.com/ModifyCompanyDocumentSearchForm.do?lang=EN&company_search=Barrick Gold Corp&document_selection=0&industry_group=A&FromDate=13&FromMonth=05&FromYear=2000&ToDate=13&ToMonth=11&ToYear=2020&Variable=Issuer
0,1989-06-30,ABX.TO,1989-06-30,1989-06-30,Q2,45600000,0.0,0.0,0.0,0.0,0.0,0.0,0.0,0.0,0.0,0.0,0.0,45600000,1.0,45600000,0.0,0.0,0.0,0.0,0.0,0.0,0.0,0.03,0.03,236912000,236912000,https://www.sedar.com/ModifyCompanyDocumentSearchForm.do?lang=EN&company_search=Barrick Gold Corp&document_selection=0&industry_group=A&FromDate=13&FromMonth=05&FromYear=2000&ToDate=13&ToMonth=11&ToYear=2020&Variable=Issuer,https://www.sedar.com/ModifyCompanyDocumentSearchForm.do?lang=EN&company_search=Barrick Gold Corp&document_selection=0&industry_group=A&FromDate=13&FromMonth=05&FromYear=2000&ToDate=13&ToMonth=11&ToYear=2020&Variable=Issuer
0,1989-03-31,ABX.TO,1989-03-31,1989-03-31,Q1,46600000,0.0,0.0,0.0,0.0,0.0,0.0,0.0,0.0,0.0,0.0,0.0,46600000,1.0,46600000,0.0,0.0,0.0,0.0,0.0,0.0,0.0,0.03,0.03,235424000,235424000,https://www.sedar.com/ModifyCompanyDocumentSearchForm.do?lang=EN&company_search=Barrick Gold Corp&document_selection=0&industry_group=A&FromDate=13&FromMonth=05&FromYear=2000&ToDate=13&ToMonth=11&ToYear=2020&Variable=Issuer,https://www.sedar.com/ModifyCompanyDocumentSearchForm.do?lang=EN&company_search=Barrick Gold Corp&document_selection=0&industry_group=A&FromDate=13&FromMonth=05&FromYear=2000&ToDate=13&ToMonth=11&ToYear=2020&Variable=Issuer
0,1988-12-31,ABX.TO,1988-12-31,1988-12-31,Q4,49700000,0.0,0.0,0.0,0.0,0.0,0.0,0.0,0.0,0.0,0.0,0.0,49700000,1.0,49700000,0.0,0.0,0.0,0.0,0.0,0.0,0.0,0.0,0.0,1778000000,1778000000,https://www.sedar.com/ModifyCompanyDocumentSearchForm.do?lang=EN&company_search=Barrick Gold Corp&document_selection=0&industry_group=A&FromDate=13&FromMonth=05&FromYear=2000&ToDate=13&ToMonth=11&ToYear=2020&Variable=Issuer,https://www.sedar.com/ModifyCompanyDocumentSearchForm.do?lang=EN&company_search=Barrick Gold Corp&document_selection=0&industry_group=A&FromDate=13&FromMonth=05&FromYear=2000&ToDate=13&ToMonth=11&ToYear=2020&Variable=Issuer
0,1988-09-30,ABX.TO,1988-09-30,1988-09-30,Q3,38500000,0.0,0.0,0.0,0.0,0.0,0.0,0.0,0.0,0.0,0.0,0.0,38500000,1.0,38500000,0.0,0.0,0.0,0.0,0.0,0.0,0.0,0.04,0.03,233652000,233652000,https://www.sedar.com/ModifyCompanyDocumentSearchForm.do?lang=EN&company_search=Barrick Gold Corp&document_selection=0&industry_group=A&FromDate=13&FromMonth=05&FromYear=2000&ToDate=13&ToMonth=11&ToYear=2020&Variable=Issuer,https://www.sedar.com/ModifyCompanyDocumentSearchForm.do?lang=EN&company_search=Barrick Gold Corp&document_selection=0&industry_group=A&FromDate=13&FromMonth=05&FromYear=2000&ToDate=13&ToMonth=11&ToYear=2020&Variable=Issuer
0,1988-06-30,ABX.TO,1988-06-30,1988-06-30,Q2,31900000,0.0,0.0,0.0,0.0,0.0,0.0,0.0,0.0,0.0,0.0,0.0,31900000,1.0,31900000,0.0,0.0,0.0,0.0,0.0,0.0,0.0,0.03,0.03,233272000,233272000,https://www.sedar.com/ModifyCompanyDocumentSearchForm.do?lang=EN&company_search=Barrick Gold Corp&document_selection=0&industry_group=A&FromDate=13&FromMonth=05&FromYear=2000&ToDate=13&ToMonth=11&ToYear=2020&Variable=Issuer,https://www.sedar.com/ModifyCompanyDocumentSearchForm.do?lang=EN&company_search=Barrick Gold Corp&document_selection=0&industry_group=A&FromDate=13&FromMonth=05&FromYear=2000&ToDate=13&ToMonth=11&ToYear=2020&Variable=Issuer
0,1988-03-31,ABX.TO,1988-03-31,1988-03-31,Q1,27400000,0.0,0.0,0.0,0.0,0.0,0.0,0.0,0.0,0.0,0.0,0.0,27400000,1.0,27400000,0.0,0.0,0.0,0.0,0.0,0.0,0.0,0.02,0.02,230392000,230392000,https://www.sedar.com/ModifyCompanyDocumentSearchForm.do?lang=EN&company_search=Barrick Gold Corp&document_selection=0&industry_group=A&FromDate=13&FromMonth=05&FromYear=2000&ToDate=13&ToMonth=11&ToYear=2020&Variable=Issuer,https://www.sedar.com/ModifyCompanyDocumentSearchForm.do?lang=EN&company_search=Barrick Gold Corp&document_selection=0&industry_group=A&FromDate=13&FromMonth=05&FromYear=2000&ToDate=13&ToMonth=11&ToYear=2020&Variable=Issuer
0,1987-12-31,ABX.TO,1987-12-31,1987-12-31,Q4,36700000,0.0,0.0,0.0,0.0,0.0,0.0,0.0,0.0,0.0,0.0,0.0,36700000,1.0,36700000,0.0,0.0,0.0,0.0,0.0,0.0,0.0,0.0,0.0,1778000000,1778000000,https://www.sedar.com/ModifyCompanyDocumentSearchForm.do?lang=EN&company_search=Barrick Gold Corp&document_selection=0&industry_group=A&FromDate=13&FromMonth=05&FromYear=2000&ToDate=13&ToMonth=11&ToYear=2020&Variable=Issuer,https://www.sedar.com/ModifyCompanyDocumentSearchForm.do?lang=EN&company_search=Barrick Gold Corp&document_selection=0&industry_group=A&FromDate=13&FromMonth=05&FromYear=2000&ToDate=13&ToMonth=11&ToYear=2020&Variable=Issuer
0,1987-09-30,ABX.TO,1987-09-30,1987-09-30,Q3,32300000,0.0,0.0,0.0,0.0,0.0,0.0,0.0,0.0,0.0,0.0,0.0,32300000,1.0,32300000,0.0,0.0,0.0,0.0,0.0,0.0,0.0,0.04,0.04,217376000,217376000,https://www.sedar.com/ModifyCompanyDocumentSearchForm.do?lang=EN&company_search=Barrick Gold Corp&document_selection=0&industry_group=A&FromDate=13&FromMonth=05&FromYear=2000&ToDate=13&ToMonth=11&ToYear=2020&Variable=Issuer,https://www.sedar.com/ModifyCompanyDocumentSearchForm.do?lang=EN&company_search=Barrick Gold Corp&document_selection=0&industry_group=A&FromDate=13&FromMonth=05&FromYear=2000&ToDate=13&ToMonth=11&ToYear=2020&Variable=Issuer
0,1987-06-30,ABX.TO,1987-06-30,1987-06-30,Q2,26300000,0.0,0.0,0.0,0.0,0.0,0.0,0.0,0.0,0.0,0.0,0.0,26300000,1.0,26300000,0.0,0.0,0.0,0.0,0.0,0.0,0.0,0.03,0.03,215768000,215768000,https://www.sedar.com/ModifyCompanyDocumentSearchForm.do?lang=EN&company_search=Barrick Gold Corp&document_selection=0&industry_group=A&FromDate=13&FromMonth=05&FromYear=2000&ToDate=13&ToMonth=11&ToYear=2020&Variable=Issuer,https://www.sedar.com/ModifyCompanyDocumentSearchForm.do?lang=EN&company_search=Barrick Gold Corp&document_selection=0&industry_group=A&FromDate=13&FromMonth=05&FromYear=2000&ToDate=13&ToMonth=11&ToYear=2020&Variable=Issuer
0,1987-03-31,ABX.TO,1987-03-31,1987-03-31,Q1,24400000,0.0,0.0,0.0,0.0,0.0,0.0,0.0,0.0,0.0,0.0,0.0,24400000,1.0,24400000,0.0,0.0,0.0,0.0,0.0,0.0,0.0,0.03,0.03,195528000,195528000,https://www.sedar.com/ModifyCompanyDocumentSearchForm.do?lang=EN&company_search=Barrick Gold Corp&document_selection=0&industry_group=A&FromDate=13&FromMonth=05&FromYear=2000&ToDate=13&ToMonth=11&ToYear=2020&Variable=Issuer,https://www.sedar.com/ModifyCompanyDocumentSearchForm.do?lang=EN&company_search=Barrick Gold Corp&document_selection=0&industry_group=A&FromDate=13&FromMonth=05&FromYear=2000&ToDate=13&ToMonth=11&ToYear=2020&Variable=Issuer
0,1986-12-31,ABX.TO,1986-12-31,1986-12-31,Q4,24500000,0.0,0.0,0.0,0.0,0.0,0.0,0.0,0.0,0.0,0.0,0.0,24500000,1.0,24500000,0.0,0.0,0.0,0.0,0.0,0.0,0.0,0.0,0.0,1778000000,1778000000,https://www.sedar.com/ModifyCompanyDocumentSearchForm.do?lang=EN&company_search=Barrick Gold Corp&document_selection=0&industry_group=A&FromDate=13&FromMonth=05&FromYear=2000&ToDate=13&ToMonth=11&ToYear=2020&Variable=Issuer,https://www.sedar.com/ModifyCompanyDocumentSearchForm.do?lang=EN&company_search=Barrick Gold Corp&document_selection=0&industry_group=A&FromDate=13&FromMonth=05&FromYear=2000&ToDate=13&ToMonth=11&ToYear=2020&Variable=Issuer
0,1986-09-30,ABX.TO,1986-09-30,1986-09-30,Q3,21400000,0.0,0.0,0.0,0.0,0.0,0.0,0.0,0.0,0.0,0.0,0.0,21400000,1.0,21400000,0.0,0.0,0.0,0.0,0.0,0.0,0.0,0.03,0.03,195528000,195528000,https://www.sedar.com/ModifyCompanyDocumentSearchForm.do?lang=EN&company_search=Barrick Gold Corp&document_selection=0&industry_group=A&FromDate=13&FromMonth=05&FromYear=2000&ToDate=13&ToMonth=11&ToYear=2020&Variable=Issuer,https://www.sedar.com/ModifyCompanyDocumentSearchForm.do?lang=EN&company_search=Barrick Gold Corp&document_selection=0&industry_group=A&FromDate=13&FromMonth=05&FromYear=2000&ToDate=13&ToMonth=11&ToYear=2020&Variable=Issuer
0,1986-06-30,ABX.TO,1986-06-30,1986-06-30,Q2,23700000,0.0,0.0,0.0,0.0,0.0,0.0,0.0,0.0,0.0,0.0,0.0,23700000,1.0,23700000,0.0,0.0,0.0,0.0,0.0,0.0,0.0,0.03,0.03,195528000,195528000,https://www.sedar.com/ModifyCompanyDocumentSearchForm.do?lang=EN&company_search=Barrick Gold Corp&document_selection=0&industry_group=A&FromDate=13&FromMonth=05&FromYear=2000&ToDate=13&ToMonth=11&ToYear=2020&Variable=Issuer,https://www.sedar.com/ModifyCompanyDocumentSearchForm.do?lang=EN&company_search=Barrick Gold Corp&document_selection=0&industry_group=A&FromDate=13&FromMonth=05&FromYear=2000&ToDate=13&ToMonth=11&ToYear=2020&Variable=Issuer
0,1986-03-31,ABX.TO,1986-03-31,1986-03-31,Q1,20200000,0.0,0.0,0.0,0.0,0.0,0.0,0.0,0.0,0.0,0.0,0.0,20200000,1.0,20200000,0.0,0.0,0.0,0.0,0.0,0.0,0.0,0.02,0.02,195528000,195528000,https://www.sedar.com/ModifyCompanyDocumentSearchForm.do?lang=EN&company_search=Barrick Gold Corp&document_selection=0&industry_group=A&FromDate=13&FromMonth=05&FromYear=2000&ToDate=13&ToMonth=11&ToYear=2020&Variable=Issuer,https://www.sedar.com/ModifyCompanyDocumentSearchForm.do?lang=EN&company_search=Barrick Gold Corp&document_selection=0&industry_group=A&FromDate=13&FromMonth=05&FromYear=2000&ToDate=13&ToMonth=11&ToYear=2020&Variable=Issuer
