,date,symbol,fillingDate,acceptedDate,period,revenue,costOfRevenue,grossProfit,grossProfitRatio,researchAndDevelopmentExpenses,generalAndAdministrativeExpenses,sellingAndMarketingExpenses,otherExpenses,operatingExpenses,costAndExpenses,interestExpense,depreciationAndAmortization,ebitda,ebitdaratio,operatingIncome,operatingIncomeRatio,totalOtherIncomeExpensesNet,incomeBeforeTax,incomeBeforeTaxRatio,incomeTaxExpense,netIncome,netIncomeRatio,eps,epsdiluted,weightedAverageShsOut,weightedAverageShsOutDil,link,finalLink
0,2020-09-30,SVM,2020-09-30,2020-09-30,Q2,56372000,21247000,35125000,0.0,0.0,5123000.0,0.0,717000.0,21247000,0.0,-84000.0,0.0,0.0,0.0,23693000,0.0,0.0,25434000,0.0,5877000.0,15472000,0.0,0.0,0.0,176414610,176414610,,
0,2020-06-30,SVM,2020-07-06 00:00:00,2020-07-06 14:20:36,Q1,46705000,24823000,21882000,0.468515,-3785000.0,4862000.0,0.0,-234000.0,-1138999.9999999993,23684000,922000.0,6148000.0,27943000,0.598287,23021000,0.492902,-69000.0,23874000,0.511166,5382000.0,15491000,0.331678,0.08781,0.08781,176414610,176414610,https://www.sec.gov/Archives/edgar/data/1340677/000117625620000252/0001176256-20-000252-index.htm,https://www.sec.gov/Archives/edgar/data/1340677/000117625620000252/silvercorp6knomrd2020.htm
0,2020-03-31,SVM,2020-04-02 00:00:00,2020-04-02 12:01:29,Q4,18859000,12049000,6810000.0,0.361101,0.0,4717000.0,0.0,1635000.0,3762000.0000000005,15811000,1126000.0,3981999.999999999,8814000.0,0.467363,3048000.0,0.16162,-106000.0,4068000.0,0.215706,543000.0,3163000.0,0.167718,0.01783,0.01783,177425810,177425810,https://www.sec.gov/Archives/edgar/data/1340677/000117625620000122/0001176256-20-000122-index.html,https://www.sec.gov/Archives/edgar/data/1340677/000117625620000122/silvercorp6knr.htm
0,2019-12-31,SVM,2020-01-24 00:00:00,2020-01-23 18:32:52,Q3,44508000,25603000,18905000,0.424755,0.0,4766000.0,0.0,605000.0,7461999.999999996,33064999.999999996,1093000.0,6267999.999999999,17359000,0.39002,11443000,0.2571,-105000.0,12431000,0.279298,3715000.0,6283000.0,0.141166,0.03595,0.03595,174760430,174760430,https://www.sec.gov/Archives/edgar/data/1340677/000117625620000004/0001176256-20-000004-index.html,https://www.sec.gov/Archives/edgar/data/1340677/000117625620000004/silvercorp6knr.htm
0,2019-09-30,SVM,2019-10-01 00:00:00,2019-09-30 18:38:07,Q2,49886000,24512000,25374000,0.50864,0.0,4512000.0,0.0,787000.0,5256000.0,29768000,786000.0,6203000.0,24349000,0.488093,20118000,0.403279,-104000.0,20800000,0.416951,5139000.0,12221000,0.244979,0.07109,0.07109,171904530,171904530,https://www.sec.gov/Archives/edgar/data/1340677/000117625619000277/0001176256-19-000277-index.html,https://www.sec.gov/Archives/edgar/data/1340677/000117625619000277/silvercorp6knrvr.htm
0,2019-06-30,SVM,2019-09-04 00:00:00,2019-09-03 19:56:43,Q1,45576000,25120000,20456000,0.448833,0.0,4197000.0,0.0,793000.0,4396999.999999998,29517000,861000.0,6220000.0,19200000,0.421274,16059000,0.352357,-107000.0,16813000,0.3689,-488000.0,12607000,0.276615,0.07383,0.07383,170753970,170753970,https://www.sec.gov/Archives/edgar/data/1340677/000117625619000257/0001176256-19-000257-index.html,https://www.sec.gov/Archives/edgar/data/1340677/000117625619000257/silvercorp6knr.htm
0,2019-03-31,SVM,2019-04-25 00:00:00,2019-04-25 17:19:41,Q4,34952000,18609000,16343000,0.467584,0.0,4670000.0,0.0,635000.0,-2367000.000000001,16241999.999999998,826000.0,4942000.0,21350000,0.610838,18710000,0.535306,-120000.0,19416000,0.555505,3476000.0,12106000,0.346361,0.07095,0.07095,170629010,170629010,https://www.sec.gov/Archives/edgar/data/1340677/000117625619000125/0001176256-19-000125-index.html,https://www.sec.gov/Archives/edgar/data/1340677/000117625619000125/silvercorp6knr.htm
0,2018-12-31,SVM,2019-01-31 00:00:00,2019-01-30 19:01:44,Q3,42351000,23048000,19303000,0.455786,0.0,5019000.0,0.0,1025000.0,4131000.0,27179000,932000.0,5208000.0,19934000,0.470685,15172000,0.358244,-117000.0,15987000,0.377488,5134000.0,8660000.0,0.204482,0.05085,0.05085,170314910,170314910,https://www.sec.gov/Archives/edgar/data/1340677/000117625619000016/0001176256-19-000016-index.html,https://www.sec.gov/Archives/edgar/data/1340677/000117625619000016/silvercorp6knr.htm
0,2018-09-30,SVM,2018-10-02 00:00:00,2018-10-01 19:10:25,Q2,48090000,25390000,22700000,0.472032,0.0,4320000.0,0.0,980000.0,6520000.0,31910000,780000.0,6000000.0,20580000,0.427948,16180000,0.336452,-120000.0,16840000,0.350177,5760000.0,8040000.0,0.167187,0.04721,0.04721,170310000,170310000,https://www.sec.gov/Archives/edgar/data/1340677/000117625618000188/0001176256-18-000188-index.html,https://www.sec.gov/Archives/edgar/data/1340677/000117625618000188/silvercorp6knr.htm
0,2018-06-30,SVM,2018-07-16 00:00:00,2018-07-16 17:21:21,Q1,45130000,20270000,24850000,0.550632,0.0,4170000.0,0.0,870000.0,4840000.0,25110000,790000.0,5100000.0,23310000,0.516508,20010000,0.443386,-120000.0,20680000,0.458232,6500000.0,10920000,0.241968,0.06415,0.06415,170230000,170230000,https://www.sec.gov/Archives/edgar/data/1340677/000117625618000127/0001176256-18-000127-index.html,https://www.sec.gov/Archives/edgar/data/1340677/000117625618000127/silvercorp6knomrd.htm
0,2018-03-31,SVM,2018-04-16 00:00:00,2018-04-16 13:08:03,Q4,38450000,19340000,19110000,0.497009,0.0,4420000.0,0.0,390000.0,-260000.00000000157,19080000,790000.0,5199999.999999999,23510000,0.611443,19370000,0.503771,-120000.0,20050000,0.521456,5330000.0,12190000,0.317035,0.0694,0.0694,175650000,175650000,https://www.sec.gov/Archives/edgar/data/1340677/000117625618000065/0001176256-18-000065-index.html,https://www.sec.gov/Archives/edgar/data/1340677/000117625618000065/silvercorp6knr180416.htm
0,2017-12-31,SVM,2018-01-17 00:00:00,2018-01-16 18:54:04,Q3,44350000,21190000,23170000,0.522435,0.0,4610000.0,0.0,-660000.0,3500000.0,24690000,820000.0,4699999.999999999,22540000,0.50823,19660000,0.443292,-110000.0,20370000,0.459301,4300000.0,12720000,0.286809,0.07492,0.07492,169780000,169780000,https://www.sec.gov/Archives/edgar/data/1340677/000117625618000017/0001176256-18-000017-index.html,https://www.sec.gov/Archives/edgar/data/1340677/000117625618000017/silvercorp6knr.htm
0,2017-09-30,SVM,2017-10-02 00:00:00,2017-10-02 14:34:21,Q2,47540000,21940000,25610000,0.538704,0.0,4170000.0,0.0,560000.0,6270000.0,28210000,650000.0,4700000.0,21760000,0.45772,19330000,0.406605,-110000.0,19870000,0.417964,5260000.0,11150000,0.234539,0.06558,0.06558,170020000,170020000,https://www.sec.gov/Archives/edgar/data/1340677/000117625617000303/0001176256-17-000303-index.html,https://www.sec.gov/Archives/edgar/data/1340677/000117625617000303/silvercorp6knr171002.htm
0,2017-06-30,SVM,2017-07-25 00:00:00,2017-07-24 19:47:22,Q1,39700000,19690000,20010000,0.50403,0.0,4290000.0,0.0,660000.0,2939999.9999999977,22629999.999999996,570000.0,4800000.0,20330000,0.512091,17070000,0.429975,-110000.0,17540000,0.441814,4020000.0,10940000,0.275567,0.06444,0.06444,169780000,169780000,https://www.sec.gov/Archives/edgar/data/1340677/000117625617000264/0001176256-17-000264-index.html,https://www.sec.gov/Archives/edgar/data/1340677/000117625617000264/silvercorp6knr.htm
0,2017-03-31,SVM,2017-05-10 00:00:00,2017-05-09 19:24:11,Q4,34060000,16150000,17920000,0.52613,0.0,4080000.0,0.0,-2280000.0,-3049999.999999999,13100000.000000002,590000.0,2099999.999999998,21349999.999999996,0.626835,20960000,0.615385,-70000.0,21480000,0.630652,5150000.0,13510000,0.396653,0.07852,0.07852,172050000,172050000,https://www.sec.gov/Archives/edgar/data/1340677/000117625617000166/0001176256-17-000166-index.html,https://www.sec.gov/Archives/edgar/data/1340677/000117625617000166/silvercorp6k170509.htm
0,2016-12-31,SVM,2017-01-24 00:00:00,2017-01-23 20:40:25,Q3,47840000,21460000,26380000,0.551421,0.0,3670000.0,0.0,850000.0,4869999.999999997,26329999.999999996,590000.0,5500000.0,24560000,0.513378,21510000,0.449624,-100000.0,21990000,0.459657,5350000.0,13120000,0.274247,0.0766,0.0766,171280000,171280000,https://www.sec.gov/Archives/edgar/data/1340677/000117625617000016/0001176256-17-000016-index.html,https://www.sec.gov/Archives/edgar/data/1340677/000117625617000016/silvercorp6knr.htm
0,2016-09-30,SVM,2016-10-03 00:00:00,2016-10-03 17:08:53,Q2,46300000,20540000,25760000,0.556371,0.0,3820000.0,0.0,650000.0,4090000.0,24630000,380000.0,6000000.000000001,24700000,0.533477,21670000,0.468035,-100000.0,21940000,0.473866,5940000.0,12380000,0.267387,0.07217,0.07217,171540000,171540000,https://www.sec.gov/Archives/edgar/data/1340677/000117625616000664/0001176256-16-000664-index.html,https://www.sec.gov/Archives/edgar/data/1340677/000117625616000664/silvercorp6knr.htm
0,2016-06-30,SVM,2016-08-15 00:00:00,2016-08-12 17:56:04,Q1,35270000,19530000,15740000,0.446272,0.0,4030000.0,0.0,1660000.0,6590000.0,26120000,270000.0,5300000.0,13040000,0.369719,9150000.0,0.259427,-110000.0,9320000.0,0.264247,2800000.0,4670000.0,0.132407,0.0275,0.0275,169820000,169820000,https://www.sec.gov/Archives/edgar/data/1340677/000117625616000637/0001176256-16-000637-index.html,https://www.sec.gov/Archives/edgar/data/1340677/000117625616000637/silvercorp6kq1160630.htm
0,2016-03-31,SVM,2016-05-31 00:00:00,2016-05-27 18:56:07,Q4,19430000,13230000,6190000.0,0.31858,0.0,3620000.0,0.0,1000000.0,7399999.999999999,20630000,170000.0,3199999.999999999,1359999.9999999993,0.069995,-1210000.0,-0.062275,-180000.0,-1220000.0,-0.06279,-490000.0,-1520000.0,-0.07823,-0.00908,-0.00908,167350000,167350000,https://www.sec.gov/Archives/edgar/data/1340677/000117625616000577/0001176256-16-000577-index.html,https://www.sec.gov/Archives/edgar/data/1340677/000117625616000577/silvercorp6kafs160331.htm
0,2015-12-31,SVM,2016-02-09 00:00:00,2016-02-09 15:13:17,Q3,29080000,19540000,9540000.0,0.328061,0.0,2750000.0,0.0,1490000.0,4410000.0,23950000,360000.0,6299999.999999999,11439999.999999998,0.393398,5130000.0,0.17641,-120000.0,5370000.0,0.184663,1450000.0,3330000.0,0.114512,0.01971,0.01971,168980000,168980000,https://www.sec.gov/Archives/edgar/data/1340677/000117625616000423/0001176256-16-000423-index.html,https://www.sec.gov/Archives/edgar/data/1340677/000117625616000423/silvercorp6knrq3160205.htm
0,2015-09-30,SVM,2015-11-16 00:00:00,2015-11-16 17:24:12,Q2,27210000,18390000,8830000.0,0.324513,0.0,4480000.0,0.0,1720000.0,4439999.999999998,22829999.999999996,250000.0,4400000.0,8410000.0,0.309078,4380000.0,0.16097,-120000.0,4510000.0,0.165748,1530000.0,2230000.0,0.081955,0.01309,0.01309,170310000,170310000,https://www.sec.gov/Archives/edgar/data/1340677/000117625615000354/0001176256-15-000354-index.html,https://www.sec.gov/Archives/edgar/data/1340677/000117625615000354/silvercorp6k151116.htm
0,2015-06-30,SVM,2015-08-05 00:00:00,2015-08-05 16:24:35,Q1,32220000,20760000,11460000,0.35568,0.0,4920000.0,333000000,1360000.0,7379999.999999999,28140000,42000000,5000000.0,49560000,1.538175,4080000.0,0.126629,-120000.0,4030000.0,0.125078,260000.0,2300000.0,0.071384,0.01346,0.01346,170880000,170880000,https://www.sec.gov/Archives/edgar/data/1052045/000142887515000067/0001428875-15-000067-index.html,https://www.sec.gov/Archives/edgar/data/1052045/000142887515000067/serv-20150630x10q.htm
0,2015-03-31,SVM,2015-05-04 00:00:00,2015-05-04 16:20:29,Q4,20270000,15050000,5220000.0,0.257523,0.0,3730000.0,1000000.0,1040000.0,132350000,147400000,46000000,6800000.000000001,-62940000,-3.105081,-127130000,-6.27183,-110000.0,-127260000,-6.278244,2810000.0,-118550000,-5.848545,-0.69376,-0.69376,170880000,170880000,https://www.sec.gov/Archives/edgar/data/1052045/000142887515000047/0001428875-15-000047-index.html,https://www.sec.gov/Archives/edgar/data/1052045/000142887515000047/serv-20150331x10q.htm
0,2014-12-31,SVM,2015-03-02,2015-03-02 16:12:07,Q3,40250000,24840000,15400000,0.382609,860000.0,5700000.0,163000000,70000.0,6120000.000000001,30960000,48000000,6800000.000000001,62620000,1.555776,9290000.0,0.230807,-40000.0,9430000.0,0.234286,2350000.0,5470000.0,0.135901,0.03201,0.03201,170880000,170880000,https://www.sec.gov/Archives/edgar/data/1052045/000142887515000015/serv-20141231x10k.htm,https://www.sec.gov/Archives/edgar/data/1052045/000142887515000015/serv-20141231x10k.htm
0,2014-09-30,SVM,2014-10-03 00:00:00,2014-10-03 16:33:52,Q2,37330000,18890000,18440000,0.493973,740000.0,6160000.0,176000000,-890000.0,4939999.999999998,23829999.999999996,110000000,5299999.999999999,126650000,3.392714,13510000,0.361907,-890000.0,13730000,0.367801,4120000.0,7230000.0,0.193678,0.04231,0.04231,170880000,170880000,https://www.sec.gov/Archives/edgar/data/1340677/000117625614000391/0001176256-14-000391-index.html,https://www.sec.gov/Archives/edgar/data/1340677/000117625614000391/silvercorp6k141003.htm
0,2014-06-30,SVM,2014-08-05 00:00:00,2014-08-05 17:13:39,Q1,30620000,14960000,15650000,0.511104,910000.0,5100000.0,178000000,-160000.0,7469999.999999999,22430000,-61000000,3400000.0,-51170000,-1.67113,8190000.0,0.267472,-160000.0,8320000.0,0.271718,3690000.0,2740000.0,0.089484,0.01603,0.01603,170880000,170880000,https://www.sec.gov/Archives/edgar/data/1052045/000110465914057001/0001104659-14-057001-index.html,https://www.sec.gov/Archives/edgar/data/1052045/000110465914057001/a14-16427_110q.htm
0,2014-03-31,SVM,2014-05-02 00:00:00,2014-05-02 17:19:16,Q4,16140000,9190000.0,6950000.0,0.430607,290000.0,3500000.0,151000000,-20000.0,10220000,19410000,61000000,2099999.9999999995,60160000,3.727385,-3280000.0,-0.203222,-20000.0,-3080000.0,-0.19083,1600000.0,-4540000.0,-0.281289,-0.02657,-0.02657,170880000,170880000,https://www.sec.gov/Archives/edgar/data/1052045/000110465914034175/0001104659-14-034175-index.html,https://www.sec.gov/Archives/edgar/data/1052045/000110465914034175/a14-8806_110q.htm
0,2013-12-31,SVM,2014-02-18 00:00:00,2014-02-18 09:47:36,Q3,23970000,13500000,10470000,0.436796,650000.0,6390000.0,204839000,40000.0,6039999.999999999,19540000,61999000,2900000.0000000005,69359000,2.893575,4430000.0,0.184814,40000.0,5440000.0,0.22695,2300000.0,2160000.0,0.090113,0.01264,0.01264,170930000,170930000,https://www.sec.gov/Archives/edgar/data/1340677/000117625614000044/0001176256-14-000044-index.html,https://www.sec.gov/Archives/edgar/data/1340677/000117625614000044/silvercorp6kq3131231.htm
0,2013-09-30,SVM,2013-10-21 00:00:00,2013-10-18 19:52:55,Q2,28460000,14820000,13640000,0.479269,760000.0,7220000.0,254313000,-40000.0,75930000,90750000,63336000,4600000.0,16706000,0.586999,-62290000,-2.188686,-40000.0,-61340000,-2.155306,-8030000.0,-43200000,-1.51792,-0.25296,-0.25296,170780000,170780000,https://www.sec.gov/Archives/edgar/data/1340677/000117625613000556/0001176256-13-000556-index.html,https://www.sec.gov/Archives/edgar/data/1340677/000117625613000556/silvercorp6knr131018.htm
0,2013-06-30,SVM,2013-07-30 00:00:00,2013-07-30 16:49:00,Q1,39840000,22480000,17350000,0.435492,1050000.0,7740000.0,263743000,-120000.0,7770000.0,30250000,63463000,3900000.0,75923000,1.905698,9590000.0,0.240713,-120000.0,10480000,0.263052,4000000.0,4560000.0,0.114458,0.02669,0.02669,170840000,170840000,https://www.sec.gov/Archives/edgar/data/1340677/000117625613000418/0001176256-13-000418-index.html,https://www.sec.gov/Archives/edgar/data/1340677/000117625613000418/silvercorp6knr130730.htm
0,2013-03-31,SVM,2013-04-03 00:00:00,2013-04-03 17:12:14,Q4,33150000,16410000,16740000,0.504977,710000.0,6390000.0,197583000,-150000.0,6260000.000000002,22670000.000000004,60235000,2900000.0000000005,73225000,2.208899,10480000,0.316139,-150000.0,12120000,0.365611,3730000.0,6360000.0,0.191855,0.03719,0.03719,171020000,171020000,https://www.sec.gov/Archives/edgar/data/1340677/000117625613000192/0001176256-13-000192-index.html,https://www.sec.gov/Archives/edgar/data/1340677/000117625613000192/silvercorp6knr130403.htm
0,2012-12-31,SVM,2013-01-25 00:00:00,2013-01-24 20:23:00,Q3,58720000,21240000,37480000,0.638283,1350000.0,6960000.0,192735000,-210000.0,17550000,38790000,59513000,4499999.999999999,79523000,1.354275,19920000,0.339237,-210000.0,20900000,0.355926,10270000,5240000.0,0.089237,0.03063,0.03063,171070000,171070000,https://www.sec.gov/Archives/edgar/data/1340677/000117625613000042/0001176256-13-000042-index.html,https://www.sec.gov/Archives/edgar/data/1340677/000117625613000042/silvercorp6knr130124.htm
0,2012-09-30,SVM,2012-10-01 00:00:00,2012-09-28 20:43:40,Q2,45210000,16450000,28760000,0.636142,890000.0,6700000.0,245992000,-90000.0,8810000.000000002,25260000.000000004,62257000,3100000.0000000005,82137000,1.816788,19950000,0.441274,-90000.0,20780000,0.459633,7280000.0,9500000.0,0.210131,0.05554,0.05554,171060000,171060000,https://www.sec.gov/Archives/edgar/data/1340677/000117625612000700/0001176256-12-000700-index.html,https://www.sec.gov/Archives/edgar/data/1340677/000117625612000700/silvercorp6knr120928.htm
0,2012-06-30,SVM,2012-07-05 00:00:00,2012-07-05 17:16:51,Q1,44550000,18990000,25560000,0.573737,970000.0,7240000.0,431217000,-80000.0,9080000.000000002,28070000.000000004,59700000,4100000.0,77840000,1.74725,16480000,0.369921,-80000.0,17450000,0.391695,7930000.0,6110000.0,0.137149,0.03571,0.03571,171080000,171080000,https://www.sec.gov/Archives/edgar/data/1340677/000117625612000470/0001176256-12-000470-index.html,https://www.sec.gov/Archives/edgar/data/1340677/000117625612000470/silvercorp6knr120705.htm
0,2012-03-31,SVM,2012-05-11,Not found...,Q4,44310000,14330000,29980000,0.676597,250000.0,8780000.0,2082000.0,-840000.0,9060000.0,23390000,64814000,3799999.999999999,85974000,1.940284,20930000,0.472354,-840000.0,21710000,0.489957,7660000.0,9700000.0,0.218912,0.05642,0.05642,171940000,171940000,https://www.sec.gov/Archives/edgar/data/1052045/000110465912036433/a12-8421_110q.htm,https://www.sec.gov/Archives/edgar/data/1052045/000110465912036433/a12-8421_110q.htm
0,2011-12-31,SVM,2012-01-10 00:00:00,2012-01-10 14:38:40,Q3,61880000,18330000,43550000,0.703782,450000.0,7370000.0,184104000,-1320000.0,5800000.000000001,24130000,67913000,4000000.0,103573000,1.673772,37740000,0.60989,-1320000.0,38660000,0.624758,11630000,20030000,0.323691,0.1174,0.1174,170610000,170610000,https://www.sec.gov/Archives/edgar/data/1340677/000117625612000015/0001176256-12-000015-index.html,https://www.sec.gov/Archives/edgar/data/1340677/000117625612000015/silvercorp6knr120110.htm
0,2011-09-30,SVM,2011-10-25 00:00:00,2011-10-25 12:58:34,Q2,62060000,14440000,47620000,0.767322,1210000.0,8240000.0,245935000,-130000.0,9010000.0,23450000,68317000,3300000.0000000005,103877000,1.673816,38600000,0.621979,-130000.0,39690000,0.639542,13790000,18470000,0.297615,0.10598,0.10598,174280000,174280000,https://www.sec.gov/Archives/edgar/data/1340677/000117625611000792/0001176256-11-000792-index.html,https://www.sec.gov/Archives/edgar/data/1340677/000117625611000792/silvercorp6knr111024.htm
0,2011-06-30,SVM,2011-07-13 00:00:00,2011-07-12 18:16:12,Q1,69720000,14060000,55660000,0.798336,1790000.0,5870000.0,448220000,-180000.0,9490000.0,23550000,122736000,2600000.0,163546000,2.345754,46170000,0.66222,-180000.0,46820000,0.671543,12570000,25640000,0.367757,0.14564,0.14564,176050000,176050000,https://www.sec.gov/Archives/edgar/data/1340677/000117625611000574/0001176256-11-000574-index.html,https://www.sec.gov/Archives/edgar/data/1340677/000117625611000574/silvercorp6k110711.htm
0,2011-03-31,SVM,2011-05-05 00:00:00,2011-05-05 16:49:02,Q4,42420000,10170000,32250000,0.760255,830000.0,5970000.0,2233000.0,-180000.0,8720000.0,18890000,-45935000,7000000.0,-19815000,-0.467115,23530000,0.554691,-180000.0,23920000,0.563885,7100000.0,12020000,0.283357,0.06909,0.06909,173980000,173980000,https://www.sec.gov/Archives/edgar/data/1340677/000117625611000387/0001176256-11-000387-index.html,https://www.sec.gov/Archives/edgar/data/1340677/000117625611000387/silvercorp6knr110505.htm
0,2010-12-31,SVM,2011-02-09 00:00:00,2011-02-08 20:46:55,Q3,51840000,11780000,40060000,0.772762,60000.0,4000000.0,204523000,-140000.0,-1189999.9999999995,10590000,-69862000,-3199999.9999999995,-38882000,-0.750039,41240000,0.795525,-140000.0,41590000,0.802276,5100000.0,29080000,0.560957,0.17416,0.17416,166970000,166970000,https://www.sec.gov/Archives/edgar/data/1340677/000117625611000100/0001176256-11-000100-index.html,https://www.sec.gov/Archives/edgar/data/1340677/000117625611000100/silvercorp6knr110204.htm
0,2010-09-30,SVM,2010-10-04 00:00:00,2010-10-01 18:52:39,Q2,36340000,9740000.0,26600000,0.731976,1110000.0,3580000.0,266794000,-80000.0,4000000.0,13740000,-71267000,1600000.0,-51847000,-1.42672,22600000,0.621904,-80000.0,22870000,0.629334,5390000.0,12430000,0.342047,0.07332,0.07332,169540000,169540000,https://www.sec.gov/Archives/edgar/data/1340677/000117625610000810/0001176256-10-000810-index.html,https://www.sec.gov/Archives/edgar/data/1340677/000117625610000810/silvercorp6k100930.htm
0,2010-06-30,SVM,2010-07-16 00:00:00,2010-07-16 16:50:40,Q1,36730000,10190000,26540000,0.72257,1330000.0,4670000.0,446340000,-110000.0,4560000.000000001,14750000,-68991000,1700000.0,-49921000,-1.359134,21980000,0.598421,-110000.0,22190000,0.604138,3250000.0,14120000,0.384427,0.08529,0.08529,165560000,165560000,https://www.sec.gov/Archives/edgar/data/1340677/000117625610000605/0001176256-10-000605-index.html,https://www.sec.gov/Archives/edgar/data/1340677/000117625610000605/silvercorp6k100715.htm
0,2010-03-31,SVM,2010-04-07 00:00:00,2010-04-07 15:20:37,Q4,28220000,8950000.0,19280000,0.683203,700000.0,2840000.0,998000.0,-20000.0,3920000.0,12870000,-76859000,1199999.9999999998,-63759000,-2.259355,15350000,0.54394,-50000.0,15360000,0.544295,2140000.0,9760000.0,0.345854,0.05811,0.05811,167960000,167960000,https://www.sec.gov/Archives/edgar/data/1340677/000117625610000311/0001176256-10-000311-index.html,https://www.sec.gov/Archives/edgar/data/1340677/000117625610000311/silvercorp6ktr100405.htm
0,2009-12-31,SVM,2010-02-16 00:00:00,2010-02-16 13:57:32,Q3,31280000,7060000.0,24230000,0.774616,940000.0,2930000.0,852831000,-40000.0,5140000.0,12200000,-299377000,1500000.0,-282787000,-9.040505,19090000,0.610294,-70000.0,18990000,0.607097,2680000.0,12410000,0.396739,0.08088,0.08088,153440000,153440000,https://www.sec.gov/Archives/edgar/data/1340677/000117625610000129/0001176256-10-000129-index.html,https://www.sec.gov/Archives/edgar/data/1340677/000117625610000129/silvercorp6kq2090930.htm
0,2009-09-30,SVM,2009-10-01 00:00:00,2009-10-01 15:56:41,Q2,25090000,6000000.0,19090000,0.760861,960000.0,2580000.0,0.0,-20000.0,3830000.0,9830000.0,160000.0,1000000.0,12400000,0.494221,15250000,0.607812,-50000.0,14540000,0.579514,2350000.0,8890000.0,0.354324,0.05442,0.05442,163360000,163360000,https://www.sec.gov/Archives/edgar/data/1340677/000117625609000888/0001176256-09-000888-index.html,https://www.sec.gov/Archives/edgar/data/1340677/000117625609000888/silvercorp6koct1.htm
0,2009-06-30,SVM,2009-07-06 00:00:00,2009-07-06 15:00:39,Q1,22570000,5900000.0,16670000,0.738591,2310000.0,3370000.0,412694000,-130000.0,5100000.0,11000000,-74463000,1100000.0,-64483000,-2.857023,11580000,0.51307,-160000.0,11560000,0.512184,1390000.0,7490000.0,0.331856,0.0461,0.0461,162490000,162490000,https://www.sec.gov/Archives/edgar/data/1340677/000117625609000641/0001176256-09-000641-index.html,https://www.sec.gov/Archives/edgar/data/1340677/000117625609000641/silvercorp6knrjuly6.htm
0,2009-03-31,SVM,2009-04-22 00:00:00,2009-04-21 21:00:10,Q4,17390000,6380000.0,11010000,0.633122,500000.0,2260000.0,998000.0,40000.0,5040000.0,11420000,-76859000,100000.00000000052,-73039000,-4.200058,5970000.0,0.343301,0.0,5730000.0,0.3295,2480000.0,1240000.0,0.071305,0.008,0.008,155000000,155000000,https://www.sec.gov/Archives/edgar/data/1340677/000117625609000385/0001176256-09-000385-index.html,https://www.sec.gov/Archives/edgar/data/1340677/000117625609000385/silvercorp6knrapr21.htm
0,2008-12-31,SVM,2009-01-09 00:00:00,2009-01-08 21:02:54,Q3,15170000,9930000.0,5240000.0,0.345419,200000.0,2690000.0,843253000,-340000.0,50360000,60290000,-347234000,2899999.9999999995,-382824000,-25.235597,-45130000,-2.974951,-370000.0,-44890000,-2.95913,-6430000.0,-32060000,-2.113382,-0.21135,-0.21135,151690000,151690000,https://www.sec.gov/Archives/edgar/data/1340677/000117625609000017/0001176256-09-000017-index.html,https://www.sec.gov/Archives/edgar/data/1340677/000117625609000017/silvercorp6k.htm
0,2008-09-30,SVM,2008-10-01 00:00:00,2008-10-01 16:53:47,Q2,20100000,9870000.0,10230000,0.508955,1150000.0,3070000.0,0.0,-50000.0,2780000.000000001,12650000.000000002,3000.0,2600000.0,8593000.0,0.427512,7450000.0,0.370647,-90000.0,7690000.0,0.382587,1130000.0,4860000.0,0.241791,0.03194,0.03194,152160000,152160000,https://www.sec.gov/Archives/edgar/data/1340677/000117625608001097/0001176256-08-001097-index.html,https://www.sec.gov/Archives/edgar/data/1340677/000117625608001097/silvercorp6koct1.htm
0,2008-06-30,SVM,2008-08-14 00:00:00,2008-08-14 16:12:54,Q1,30860000,9510000.0,21350000,0.691834,480000.0,3330000.0,0.0,-10000.0,4420000.0,13930000,29000.0,1600000.0,15119000,0.489922,16930000,0.548607,-30000.0,17700000,0.573558,1890000.0,11600000,0.375891,0.07573,0.07573,153180000,153180000,https://www.sec.gov/Archives/edgar/data/1052045/000110465908053034/0001104659-08-053034-index.html,https://www.sec.gov/Archives/edgar/data/1052045/000110465908053034/a08-19226_110q.htm
0,2008-03-31,SVM,2008-05-14 00:00:00,2008-05-14 16:39:44,Q4,26390000,6560000.0,19830000,0.751421,1040000.0,3710000.0,0.0,-4370000.0,710000.0,7270000.0,41000.0,300000.0000000003,11911000,0.451345,19120000,0.724517,-4380000.0,15420000,0.584312,1880000.0,9690000.0,0.367185,0.06257,0.06257,154860000,154860000,https://www.sec.gov/Archives/edgar/data/1052045/000110465908033178/0001104659-08-033178-index.html,https://www.sec.gov/Archives/edgar/data/1052045/000110465908033178/a08-14120_110q.htm
0,2007-12-31,SVM,2008-03-28,2008-03-27 18:08:08,Q3,30410000,5920000.0,24490000,0.805327,230000.0,2750000.0,157285000,-60000.0,3150000.0000000005,9070000.0,-99672000,1100000.0,-80712000,-2.654127,21340000,0.701743,-70000.0,23510000,0.773101,0.0,17860000,0.587307,0.11833,0.11833,150930000,150930000,https://www.sec.gov/Archives/edgar/data/1052045/000104746908003560/a2183947z10-k.htm,https://www.sec.gov/Archives/edgar/data/1052045/000104746908003560/a2183947z10-k.htm
0,2007-09-30,SVM,2007-11-14 00:00:00,2007-11-14 15:25:06,Q2,29330000,5980000.0,23340000,0.795772,320000.0,1670000.0,173855000,0.0,2750000.0,8730000.0,-78266000,1600000.0,-59736000,-2.036686,20600000,0.702353,-20000.0,22370000,0.7627,120000.0,16810000,0.573133,0.11124,0.11124,151110000,151110000,https://www.sec.gov/Archives/edgar/data/1052045/000116923207004297/0001169232-07-004297-index.html,https://www.sec.gov/Archives/edgar/data/1052045/000116923207004297/d73027_10-q.htm
0,2007-06-30,SVM,2007-08-10 00:00:00,2007-08-10 15:46:28,Q1,22240000,4860000.0,17380000,0.781475,230000.0,1540000.0,480182000,10000.0,2409999.999999999,7269999.999999999,-13896000,700000.0,-186000.0,-0.008363,14970000,0.673112,0.0,17250000,0.775629,-1450000.0,14460000,0.65018,0.09625,0.09625,150240000,150240000,https://www.sec.gov/Archives/edgar/data/1052045/000116923207003221/0001169232-07-003221-index.html,https://www.sec.gov/Archives/edgar/data/1052045/000116923207003221/d72462_10-q.htm
0,2007-03-31,SVM,2007-05-10 00:00:00,2007-05-10 17:03:48,Q4,13250000,3510000.0,9740000.0,0.735094,260000.0,1560000.0,0.0,60000.0,2110000.0000000005,5620000.0,-14283000,700000.0000000001,-5323000.0,-0.401736,7630000.0,0.575849,0.0,10080000,0.760755,1390000.0,6870000.0,0.518491,0.04519,0.04519,152040000,152040000,https://www.sec.gov/Archives/edgar/data/1052045/000116923207002270/0001169232-07-002270-index.html,https://www.sec.gov/Archives/edgar/data/1052045/000116923207002270/d71921_10q.htm
0,2006-12-31,SVM,2007-02-27,2007-02-27 17:24:21,Q3,12930000,2370000.0,10560000,0.816705,30000.0,1540000.0,207698000,-30000.0,1500000.0,3870000.0,-14791000,199999.99999999997,-6391000.0,-0.494277,9060000.0,0.700696,-30000.0,10420000,0.805878,0.0,8200000.0,0.634184,0.05467,0.05467,150000000,150000000,https://www.sec.gov/Archives/edgar/data/1052045/000116923207001104/d71013_10-k.htm,https://www.sec.gov/Archives/edgar/data/1052045/000116923207001104/d71013_10-k.htm
0,2006-09-30,SVM,2006-11-09,2006-11-09 17:13:11,Q2,9550000.0,2170000.0,7390000.0,0.773822,280000.0,1470000.0,258235000,0.0,1820000.0000000002,3990000.0000000005,-16081000,300000.00000000006,-11001000,-1.151937,5560000.0,0.582199,0.0,6410000.0,0.671204,0.0,4780000.0,0.500524,0.03191,0.03191,149800000,149800000,https://www.sec.gov/Archives/edgar/data/1052045/000116923206004401/d69834_10q.htm,https://www.sec.gov/Archives/edgar/data/1052045/000116923206004401/d69834_10q.htm
0,2006-06-30,SVM,2006-08-04,2006-08-04 16:16:07,Q1,3860000.0,820000.0,3040000.0,0.787565,250000.0,860000.0,263056000,0.0,1160000.0,1980000.0,-16093000,100000.0,-13893000,-3.599223,1880000.0,0.487047,0.0,2730000.0,0.707254,0.0,2100000.0,0.544041,0.01412,0.01412,148680000,148680000,https://www.sec.gov/Archives/edgar/data/1052045/000116923206003282/d06_68880-10q.htm,https://www.sec.gov/Archives/edgar/data/1052045/000116923206003282/d06_68880-10q.htm
0,2006-03-31,SVM,2006-05-09,2006-05-09 17:21:21,Q4,0.0,0.0,0.0,0.3437824111886254,170000.0,1840000.0,195820000,0.0,1540000.0,1540000.0,-14430000,100000.0,-15650000,0.05572271194935891,-1540000.0,0.03964449785397358,0.0,-1310000.0,0.011935620717194027,0.0,-1320000.0,0.0,-0.01014,-0.01014,130190000,130190000,https://www.sec.gov/Archives/edgar/data/1052045/000116923206002290/d67993_10-q.htm,https://www.sec.gov/Archives/edgar/data/1052045/000116923206002290/d67993_10-q.htm
0,2005-12-31,SVM,,,Q3,0.0,0.0,0.0,0.0,200000.0,740000.0,0.0,0.0,1200000.0,1200000.0,80000.0,0.0,-920000.0,0.0,-1200000.0,0.0,0.0,-1120000.0,0.0,0.0,-1000000.0,0.0,-0.00803,-0.00803,124600000,124600000,,
