,date,symbol,fillingDate,acceptedDate,period,revenue,costOfRevenue,grossProfit,grossProfitRatio,researchAndDevelopmentExpenses,generalAndAdministrativeExpenses,sellingAndMarketingExpenses,otherExpenses,operatingExpenses,costAndExpenses,interestExpense,depreciationAndAmortization,ebitda,ebitdaratio,operatingIncome,operatingIncomeRatio,totalOtherIncomeExpensesNet,incomeBeforeTax,incomeBeforeTaxRatio,incomeTaxExpense,netIncome,netIncomeRatio,eps,epsdiluted,weightedAverageShsOut,weightedAverageShsOutDil,link,finalLink
0,2020-09-30,BCC,2020-10-30,2020-10-30 16:23:38,Q3,1589313000,1261697000,327616000,0.20613686542550147,0.0,148944000,122884000,-302000.0,71000.0,1430741000,7002000.0,0.0,178872000,0.11254674189413917,158572000,0.08671985946128925,-13858000,137825000,0.08671985946128925,34633000,103192000,0.06492868302216115,2.62,2.61,39315000,39526000,https://www.sec.gov/Archives/edgar/data/1328581/000132858120000122/0001328581-20-000122-index.htm,https://www.sec.gov/Archives/edgar/data/1328581/000132858120000122/bcc-20200930.htm
0,2020-06-30,BCC,2020-07-31,2020-07-31 16:29:39,Q2,1242760000,1048902000,193858000,0.15598989346293735,0.0,122321000,103566000,-302000.0,-170000.0,1190952000,6633000.0,0.0,72132000,0.05804177797804886,51808000,0.03614535388972931,-445000.0,44920000,0.03614535388972931,11334000,33586000,0.0270253307155042,0.85,0.85,39312000,39387000,https://www.sec.gov/Archives/edgar/data/1328581/000132858120000090/0001328581-20-000090-index.htm,https://www.sec.gov/Archives/edgar/data/1328581/000132858120000090/bcc-20200630.htm
0,2020-03-31,BCC,2020-05-07 00:00:00,2020-05-07 16:47:35,Q1,1170534000,992270000,178264000,0.1522928851276426,0.0,115547000,99463000,-387000.0,169000.0,1143318000,6421000.0,0.0,63343000,0.05411461777274304,27216000,0.013845817379076558,-5243000.0,16207000,0.013845817379076558,4007000.0,12200000,0.010422593448802,0.31,0.31,39163000,39405000,https://www.sec.gov/Archives/edgar/data/1328581/000132858120000072/0001328581-20-000072-index.html,https://www.sec.gov/Archives/edgar/data/1328581/000132858120000072/bcc331202010-q.htm
0,2019-12-31,BCC,2020-02-24 00:00:00,2020-02-24 17:02:01,Q4,1101713000,939375000,162338000,0.14735053503044804,0.0,117288000,98280000,-272000.0,-226000.0,1076938000,6596000.0,0.0,46606000,0.04230321326879142,24775000,0.01756537319610461,107000.0,19352000,0.01756537319610461,4705000.0,14647000,0.013294750992318326,0.37,0.37,39093000,39418000,https://www.sec.gov/Archives/edgar/data/1328581/000132858120000024/0001328581-20-000024-index.html,https://www.sec.gov/Archives/edgar/data/1328581/000132858120000024/bcc1231201910-k.htm
0,2019-09-30,BCC,2019-11-07 00:00:00,2019-11-07 08:21:55,Q3,1269524000,1078924000,190600000,0.15013501123255646,0.0,125170000,106567000,-1613000.0,-437000.0,1224626000,6532000.0,0.0,65641000,0.05170520604573053,44898000,0.02900378409545625,-2382000.0,36821000,0.02900378409545625,9650000.0,27171000,0.02140250991710279,0.7,0.69,39087000,39292000,https://www.sec.gov/Archives/edgar/data/1328581/000132858119000113/0001328581-19-000113-index.html,https://www.sec.gov/Archives/edgar/data/1328581/000132858119000113/bcc930201910-q.htm
0,2019-06-30,BCC,2019-08-05,2019-08-02 18:05:21,Q2,1230081000,1049655000,180426000,0.1466781455855346,0.0,115652000,98866000,-290000.0,188000.0,1184949000,6486000.0,0.0,65291000,0.05307861839992651,45132000,0.03046059568434924,-1593000.0,37469000,0.03046059568434924,9751000.0,27718000,0.022533475437796373,0.71,0.71,39087000,39199000,https://www.sec.gov/Archives/edgar/data/1328581/000132858119000103/bcc630201910-q.htm,https://www.sec.gov/Archives/edgar/data/1328581/000132858119000103/bcc630201910-q.htm
0,2019-03-31,BCC,2019-05-07 00:00:00,2019-05-06 18:06:08,Q1,1042086000,897822000,144264000,0.13843771051525497,0.0,103701000,87026000,-299000.0,-308000.0,1020432000,6437000.0,0.0,41635000,0.03995351631247325,21654000,0.013999804238805626,-1120000.0,14589000,0.013999804238805626,3200000.0,11389000,0.010929040405494365,0.29,0.29,38884000,39203000,https://www.sec.gov/Archives/edgar/data/1328581/000132858119000088/0001328581-19-000088-index.html,https://www.sec.gov/Archives/edgar/data/1328581/000132858119000088/bcc331201910-q.htm
0,2018-12-31,BCC,2019-02-26 00:00:00,2019-02-25 18:39:09,Q4,1065805000,940878000,124927000,0.11721374923180132,0.0,105603000,89546000,-597000.0,-11262000,1111768000,6666000.0,0.0,-7121000.0,-0.00668133476574045,-45963000,-0.08766331552207017,-41451000,-93432000,-0.08766331552207017,-21186000,-72246000,-0.06778538287960743,-1.85,-1.85,38968000,38968000,https://www.sec.gov/Archives/edgar/data/1328581/000132858119000025/0001328581-19-000025-index.html,https://www.sec.gov/Archives/edgar/data/1328581/000132858119000025/bcc1231201810-k.htm
0,2018-09-30,BCC,2018-11-06 00:00:00,2018-11-05 18:13:35,Q3,1338512000,1163020000,175492000,0.13110976965466128,0.0,110286000,93395000,-11778000,10870000,1308057000,6585000.0,0.0,43593000,0.03256825489797626,30455000,0.009737678855325914,-11336000,13034000,0.009737678855325914,-814000.0,13848000,0.010345816847364835,0.36,0.35,38998000,39461000,https://www.sec.gov/Archives/edgar/data/1328581/000132858118000102/0001328581-18-000102-index.html,https://www.sec.gov/Archives/edgar/data/1328581/000132858118000102/bcc930201810-q.htm
0,2018-06-30,BCC,2018-08-06 00:00:00,2018-08-03 18:09:19,Q2,1408132000,1193918000,214214000,0.15212636315345437,0.0,116818000,96841000,-12380000,-956000.0,1334076000,6580000.0,0.0,86734000,0.06159507773418969,74056000,0.03952754429272256,-12053000,55660000,0.03952754429272256,13835000,41825000,0.029702471075154887,1.07,1.06,38981000,39403000,https://www.sec.gov/Archives/edgar/data/1328581/000132858118000086/0001328581-18-000086-index.html,https://www.sec.gov/Archives/edgar/data/1328581/000132858118000086/bcc630201810-q.htm
0,2018-03-31,BCC,2018-05-04 00:00:00,2018-05-03 18:40:35,Q1,1182841000,1009778000,173063000,0.14631129627735256,0.0,99242000,83356000,-244000.0,-94000.0,1131037000,6362000.0,0.0,74419000,0.06291547215559826,51804000,0.03959957424539731,1134000.0,46840000,0.03959957424539731,9790000.0,37050000,0.03132289124235633,0.96,0.94,38778000,39396000,https://www.sec.gov/Archives/edgar/data/1328581/000132858118000069/0001328581-18-000069-index.html,https://www.sec.gov/Archives/edgar/data/1328581/000132858118000069/bcc331201810-q.htm
0,2017-12-31,BCC,2018-02-26 00:00:00,2018-02-23 17:51:52,Q4,1091965000,946894000,145071000,0.13285315921297844,0.0,101209000,83754000,0.0,512000.0,1070363000,6220000.0,0.0,44119000,0.040403309629887404,21602000,0.015810030541271926,1589000.0,17264000,0.015810030541271926,-1858000.0,19122000,0.017511550278626147,0.0,0.0,0.0,0.0,https://www.sec.gov/Archives/edgar/data/1328581/000132858118000012/0001328581-18-000012-index.html,https://www.sec.gov/Archives/edgar/data/1328581/000132858118000012/bcc1231201710-k.htm
0,2017-09-30,BCC,2017-10-31 00:00:00,2017-10-30 17:58:46,Q3,1226644000,1045772000,180872000,0.14745272466991238,0.0,104040000,87564000,0.0,1138000.0,1170636000,6295000.0,0.0,76343000,0.06223729134125305,56008000,0.0407102631244273,57000.0,49937000,0.0407102631244273,18276000,31661000,0.025811074769859877,0.82,0.81,38660000,39139000,https://www.sec.gov/Archives/edgar/data/1328581/000132858117000062/0001328581-17-000062-index.html,https://www.sec.gov/Archives/edgar/data/1328581/000132858117000062/bcc930201710-q.htm
0,2017-06-30,BCC,2017-08-03 00:00:00,2017-08-03 16:14:41,Q2,1138939000,980226000,158713000,0.13935162462607742,0.0,97901000,82336000,0.0,-1238000.0,1096490000,6491000.0,0.0,62607000,0.05496958133842111,42449000,0.030994636236005617,-711000.0,35301000,0.030994636236005617,13147000,22154000,0.019451436819706763,0.57,0.57,38643000,39002000,https://www.sec.gov/Archives/edgar/data/1328581/000132858117000052/0001328581-17-000052-index.html,https://www.sec.gov/Archives/edgar/data/1328581/000132858117000052/bcc630201710-q.htm
0,2017-03-31,BCC,2017-05-03 00:00:00,2017-05-02 17:57:23,Q1,974443000,846767000,127676000,0.13102459558948035,0.0,87273000,73701000,0.0,-35000.0,953349000,6364000.0,0.0,40952000,0.04202606001582442,21094000,0.01548166491010762,323000.0,15086000,0.01548166491010762,5066000.0,10020000,0.010282797454545828,0.26,0.26,38500000,38901000,https://www.sec.gov/Archives/edgar/data/1328581/000132858117000041/0001328581-17-000041-index.html,https://www.sec.gov/Archives/edgar/data/1328581/000132858117000041/bcc331201710-q.htm
0,2016-12-31,BCC,2017-02-24 00:00:00,2017-02-23 18:42:32,Q4,919533000,812073000,107460000,0.11686366884059626,0.0,90429000,75875000,0.0,434000.0,922534000,7328000.0,0.0,17471000,0.01899986188641408,-3001000.0,-0.010925110898684441,129000.0,-10046000,-0.010925110898684441,-14141000,4095000.0,0.004453347514444832,0.11,0.11,38565000,38942000,https://www.sec.gov/Archives/edgar/data/1328581/000132858117000012/0001328581-17-000012-index.html,https://www.sec.gov/Archives/edgar/data/1328581/000132858117000012/bcc1231201610-k.htm
0,2016-09-30,BCC,2016-10-26 00:00:00,2016-10-26 16:53:13,Q3,1067214000,922101000,145113000,0.13597366601262728,0.0,94393000,80026000,0.0,-46000.0,1035907000,7135000.0,0.0,51315000,0.04808313983887018,31307000,0.014526608533995993,-8729000.0,15503000,0.014526608533995993,5522000.0,9981000.0,0.009352388555622397,0.26,0.26,38814000,39120000,https://www.sec.gov/Archives/edgar/data/1328581/000132858116000268/0001328581-16-000268-index.html,https://www.sec.gov/Archives/edgar/data/1328581/000132858116000268/bcc930201610-q.htm
0,2016-06-30,BCC,2016-07-28 00:00:00,2016-07-27 18:05:19,Q2,1043773000,894715000,149058000,0.14280691299736628,0.0,92467000,76855000,0.0,172000.0,1005906000,6427000.0,0.0,56890000,0.05450418817118281,37867000,0.028706433295362113,-1504000.0,29963000,0.028706433295362113,10735000,19228000,0.018421629990428953,0.5,0.49,38814000,38972000,https://www.sec.gov/Archives/edgar/data/1328581/000132858116000256/0001328581-16-000256-index.html,https://www.sec.gov/Archives/edgar/data/1328581/000132858116000256/bcc630201610-q.htm
0,2016-03-31,BCC,2016-05-03 00:00:00,2016-05-02 18:44:51,Q1,880695000,769544000,111151000,0.12620827868898996,0.0,84093000,68041000,0.0,-1585000.0,867290000,5802000.0,0.0,29219000,0.033177206637939355,13405000,0.008948614446545058,129000.0,7881000.0,0.008948614446545058,2931000.0,4950000.0,0.0056205610341832305,0.13,0.13,38853000,38880000,https://www.sec.gov/Archives/edgar/data/1328581/000132858116000245/0001328581-16-000245-index.html,https://www.sec.gov/Archives/edgar/data/1328581/000132858116000245/bcc331201610-q.htm
0,2015-12-31,BCC,2016-02-25 00:00:00,2016-02-24 17:55:27,Q4,876535000,769764000,106771000,0.12181030991346609,0.0,84560000,70506000,0.0,48000.0,868833000,5731000.0,0.0,22687000,0.025882594534160072,7702000.0,0.0022691620984900776,-84000.0,1989000.0,0.0022691620984900776,-339000.0,2328000.0,0.0026559121997410257,0.06,0.06,38845000,38994000,https://www.sec.gov/Archives/edgar/data/1328581/000132858116000155/0001328581-16-000155-index.html,https://www.sec.gov/Archives/edgar/data/1328581/000132858116000155/bcc1231201510-k.htm
0,2015-09-30,BCC,2015-10-28 00:00:00,2015-10-28 16:58:11,Q3,991580000,854134000,137446000,0.1386131224913774,0.0,84013000,72668000,0.0,-1256000.0,951140000,5729000.0,0.0,55189000,0.05565763730611751,40440000,0.034930111539159724,-148000.0,34636000,0.034930111539159724,12629000,22007000,0.02219387240565562,0.56,0.56,39127000,39240000,https://www.sec.gov/Archives/edgar/data/1328581/000132858115000128/0001328581-15-000128-index.html,https://www.sec.gov/Archives/edgar/data/1328581/000132858115000128/bcc930201510-q.htm
0,2015-06-30,BCC,2015-07-29 00:00:00,2015-07-29 16:17:58,Q2,955397000,824583000,130814000,0.13692109144156828,0.0,80272000,68254000,0.0,-98000.0,918038000,5591000.0,0.0,51089000,0.05347410552890579,37359000,0.033354720603058205,41000.0,31867000,0.033354720603058205,11637000,20230000,0.021174443712927715,0.51,0.51,39494000,39600000,https://www.sec.gov/Archives/edgar/data/1328581/000132858115000115/0001328581-15-000115-index.html,https://www.sec.gov/Archives/edgar/data/1328581/000132858115000115/bcc630201510-q.htm
0,2015-03-31,BCC,2015-04-29 00:00:00,2015-04-29 16:41:58,Q1,809903000,705039000,104864000,0.1294772336934176,0.0,73888000,61880000,0.0,-299000.0,792215000,5481000.0,0.0,31744000,0.03919481715711635,17688000,0.015051185141924403,-107000.0,12190000,0.015051185141924403,4573000.0,7617000.0,0.0094048299611188,0.19,0.19,39498000,39622000,https://www.sec.gov/Archives/edgar/data/1328581/000132858115000098/0001328581-15-000098-index.html,https://www.sec.gov/Archives/edgar/data/1328581/000132858115000098/bcc331201510-q.htm
0,2014-12-31,BCC,2015-02-25,2015-02-25 16:23:13,Q4,862046000,741641000,120405000,0.13967352090259685,0.0,78074000,65348000,0.0,0.0,833149000,5504000.0,0.0,42783000,0.049629602132600814,28897000,0.026862835625941075,-293000.0,23157000,0.026862835625941075,7416000.0,15741000,0.018260046447637367,0.4,0.4,39428000,39604000,https://www.sec.gov/Archives/edgar/data/1328581/000132858115000032/bcc1231201410-k.htm,https://www.sec.gov/Archives/edgar/data/1328581/000132858115000032/bcc1231201410-k.htm
0,2014-09-30,BCC,2014-11-05 00:00:00,2014-11-05 12:55:44,Q3,983319000,827890000,155429000,0.15806569383892716,0.0,85887000,72714000,0.0,148000.0,927128000,5514000.0,0.0,69855000,0.07104001854942292,56191000,0.05127328974625732,-316000.0,50418000,0.05127328974625732,18133000,32285000,0.03283268196790665,0.82,0.82,39423000,39481000,https://www.sec.gov/Archives/edgar/data/1328581/000132858114000051/0001328581-14-000051-index.html,https://www.sec.gov/Archives/edgar/data/1328581/000132858114000051/bcc930201410-q.htm
0,2014-06-30,BCC,2014-07-30 00:00:00,2014-07-30 12:44:13,Q2,961187000,823532000,137655000,0.14321354741585143,0.0,79106000,67181000,0.0,163000.0,915283000,5519000.0,0.0,58844000,0.061220137184543694,45904000,0.04234763890897401,266000.0,40704000,0.04234763890897401,14286000,26418000,0.02748476623175303,0.67,0.67,39420000,39463000,https://www.sec.gov/Archives/edgar/data/1328581/000132858114000042/0001328581-14-000042-index.html,https://www.sec.gov/Archives/edgar/data/1328581/000132858114000042/bcc630201410-q.htm
0,2014-03-31,BCC,2014-05-08 00:00:00,2014-05-08 13:21:08,Q1,767180000,672608000,94572000,0.12327224380197607,0.0,69595000,58930000,0.0,-1900000.0,752623000,5512000.0,0.0,27356000,0.03565786386506426,14557000,0.011765165932375714,-89000.0,9026000.0,0.011765165932375714,3461000.0,5565000.0,0.007253838734065017,0.14,0.14,39372000,39452000,https://www.sec.gov/Archives/edgar/data/1328581/000132858114000029/0001328581-14-000029-index.html,https://www.sec.gov/Archives/edgar/data/1328581/000132858114000029/bcc331201410-q.htm
0,2013-12-31,BCC,2014-02-28,2014-02-28 10:39:57,Q4,798344000,690994000,107350000,0.13446584429769623,0.0,74258000,61933000,0.0,-162000.0,776923000,5580000.0,0.0,33687000,0.042196095918551405,21421000,0.019725832473219563,-122000.0,15748000,0.019725832473219563,5920000.0,9828000.0,0.012310482699187318,0.25,0.25,39365000,39435000,https://www.sec.gov/Archives/edgar/data/1328581/000132858114000010/bcc1231201310-k.htm,https://www.sec.gov/Archives/edgar/data/1328581/000132858114000010/bcc1231201310-k.htm
0,2013-09-30,BCC,2013-11-14 00:00:00,2013-11-14 11:43:12,Q3,877979000,759777000,118202000,0.13462964376141115,0.0,79111000,66244000,0.0,-350000.0,847500000,5174000.0,0.0,40009000,0.045569427059189344,30479000,0.029000693638458322,69000.0,25462000,0.029000693638458322,9602000.0,15860000,0.018064213380957858,0.39,0.39,40625000,40640000,https://www.sec.gov/Archives/edgar/data/1328581/000132858113000067/0001328581-13-000067-index.html,https://www.sec.gov/Archives/edgar/data/1328581/000132858113000067/bcc930201310-q.htm
0,2013-06-30,BCC,2013-07-31 00:00:00,2013-07-31 16:46:48,Q2,852295000,750996000,101299000,0.11885438727201263,0.0,70353000,60102000,0.0,-39000.0,830076000,4781000.0,0.0,31524000,0.03698719340134578,22219000,0.02019136566564394,-291000.0,17209000,0.02019136566564394,6797000.0,10412000,0.012216427410697001,0.24,0.24,43229000,43233000,https://www.sec.gov/Archives/edgar/data/1328581/000132858113000047/0001328581-13-000047-index.html,https://www.sec.gov/Archives/edgar/data/1328581/000132858113000047/bcc630201310-q.htm
0,2013-03-31,BCC,2013-05-01 00:00:00,2013-05-01 16:03:32,Q1,744878000,644847000,100031000,0.13429179006495023,0.0,67050000,57004000,0.0,-134000.0,720240000,4891000.0,0.0,33588000,0.045091947943153105,24638000,0.02648621653478825,-80000.0,19729000,0.02648621653478825,-61107000,80836000,0.10852246945137324,2.15,2.15,37569000,37569000,https://www.sec.gov/Archives/edgar/data/1328581/000132858113000023/0001328581-13-000023-index.html,https://www.sec.gov/Archives/edgar/data/1328581/000132858113000023/bcc331201310-q.htm
