,date,symbol,fillingDate,acceptedDate,period,revenue,costOfRevenue,grossProfit,grossProfitRatio,researchAndDevelopmentExpenses,generalAndAdministrativeExpenses,sellingAndMarketingExpenses,otherExpenses,operatingExpenses,costAndExpenses,interestExpense,depreciationAndAmortization,ebitda,ebitdaratio,operatingIncome,operatingIncomeRatio,totalOtherIncomeExpensesNet,incomeBeforeTax,incomeBeforeTaxRatio,incomeTaxExpense,netIncome,netIncomeRatio,eps,epsdiluted,weightedAverageShsOut,weightedAverageShsOutDil,link,finalLink
0,2017-12-31,YECO,2018-02-02 00:00:00,2018-02-02 16:05:39,Q2,38722623,21820960,16901663,0.43648032314339863,0.0,12031042,624443.0,-235307.0,0.0,33852002,987568.0,0.0,49380732,1.27524243386095,4870621.0,-0.06281353925843298,-50825469,-2432305.0,-0.06281353925843298,-193774.0,-2238531.0,-0.05780938445208115,-0.95,-0.95,2411065.0,2411065.0,https://www.sec.gov/Archives/edgar/data/1607741/000121390018001210/0001213900-18-001210-index.html,https://www.sec.gov/Archives/edgar/data/1607741/000121390018001210/f6k013118_yulongeco.htm
0,2017-09-30,YECO,2017-10-02 00:00:00,2017-10-02 12:00:26,Q1,911560.0,2473640.0,-1562080.0,-1.713634,0.0,-296750.0,0.0,0.0,4988530.000000001,0.0,0.0,0.0,-6342760.0,-6.958138,-6550610.0,-7.186153,-1300.0,-6342750.0,-6.958127,117790.0,-6460550.0,-7.087356,-2.68113,-2.68113,2409640.0,2409640.0,https://www.sec.gov/Archives/edgar/data/1607741/000121390017010173/0001213900-17-010173-index.html,https://www.sec.gov/Archives/edgar/data/1607741/000121390017010173/f6k100217_yulongeco.htm
0,2017-06-30,YECO,2017-07-11 00:00:00,2017-07-11 16:59:23,Q4,9506700.0,7610820.0,1895880.0,0.199426,0.0,5825990.0,0.0,0.0,7740090.0,0.0,0.0,-115109.99999999999,-7278140.0,-0.76558,-5844210.0,-0.614746,-789500.0,-7163030.0,-0.753472,266550.0,-7429580.0,-0.78151,-3.08329,-3.08329,2409630.0,2409630.0,https://www.sec.gov/Archives/edgar/data/1607741/000121390017007436/0001213900-17-007436-index.html,https://www.sec.gov/Archives/edgar/data/1607741/000121390017007436/f6k071117_yulongeco.htm
0,2016-12-31,YECO,2017-08-31,2017-08-31 17:23:44,Q3,1783390.0,1490460.0,292930.0,0.16425459377926308,0.0,2215320.0,62643.0,0.0,0.0,3705780.0,160333.0,0.0,-1780080.0,-0.9981439842098475,-1922390.0,-1.3638660079960077,-349582.0,-2432305.0,-1.3638660079960077,-193774.0,-2238531.0,-1.255211142823499,-0.95,-0.95,2411064.0,2411064.0,https://www.sec.gov/Archives/edgar/data/1607741/000121390017009352/f10q1216_yulongeco.htm,https://www.sec.gov/Archives/edgar/data/1607741/000121390017009352/f10q1216_yulongeco.htm
0,2016-09-30,YECO,2017-08-31,2017-08-31 17:21:17,Q2,2804030.0,1892801.0,911229.0,0.32497120216260167,0.0,1986541.0,79821.0,0.0,0.0,3879342.0,196592.0,0.0,-913629.0,-0.3258271131193318,-1075312.0,-0.9703836977493108,-1452052.0,-2720985.0,-0.9703836977493108,117791.0,-2838776.0,-1.0123914508760605,-1.2,-1.2,2405377.0,2405377.0,https://www.sec.gov/Archives/edgar/data/1607741/000121390017009349/f10q0916_yulongeco.htm,https://www.sec.gov/Archives/edgar/data/1607741/000121390017009349/f10q0916_yulongeco.htm
0,2016-06-30,YECO,2017-08-25,2017-08-25 17:11:55,Q4,5497039.0,3564274.0,1932765.0,0.35160110743256506,0.0,10145081,115682.0,0.0,0.0,13709355,301223.0,0.0,-7761918.0,-1.4120179973254692,-8212316.0,-11.082425829614817,-52436384,-60920527,-11.082425829614817,491928.0,-61412455,-11.171915462124245,0.0,0.0,0.0,0.0,https://www.sec.gov/Archives/edgar/data/1607741/000121390017009199/0001213900-17-009199-index.htm,https://www.sec.gov/Archives/edgar/data/1607741/000121390017009199/f10k2016_yulongecomaterial.htm
0,2016-03-31,YECO,2016-05-16 00:00:00,2016-05-16 09:05:53,Q3,11204864,6894055.0,4310809.0,0.38472657945692157,0.0,755623.0,85335.0,0.0,0.0,7649678.0,251372.0,0.0,4164751.0,0.37169134761475014,3555186.0,0.2995387538840275,24105.0,3356291.0,0.2995387538840275,810791.0,2545500.0,0.22717812549978295,1.05,1.05,2394123.0,2394123.0,https://www.sec.gov/Archives/edgar/data/1607741/000121390016013344/0001213900-16-013344-index.html,https://www.sec.gov/Archives/edgar/data/1607741/000121390016013344/f10q0316_yulongecomaterials.htm
0,2015-12-31,YECO,2016-02-16 00:00:00,2016-02-16 09:26:10,Q2,12591660,7802077.0,4789583.0,0.38037740853866764,0.0,1469850.0,106262.0,0.0,0.0,9271927.0,217505.0,0.0,3955302.0,0.31412077517976184,3319733.0,0.24477606606277488,-45884.0,3082137.0,0.24477606606277488,985888.0,2096249.0,0.16647916160379173,0.9,0.9,2373987.0,2373987.0,https://www.sec.gov/Archives/edgar/data/1607741/000121390016010934/0001213900-16-010934-index.html,https://www.sec.gov/Archives/edgar/data/1607741/000121390016010934/f10q1215_yulongeco.htm
0,2015-09-30,YECO,2015-11-12 00:00:00,2015-11-12 08:01:29,Q1,13350868,7905107.0,5445761.0,0.40789565142880596,0.0,923273.0,144648.0,0.0,0.0,8828380.0,268165.0,0.0,5131796.0,0.38437920291025274,4522488.0,0.3482406537162977,391599.0,4649315.0,0.3482406537162977,1068632.0,3580683.0,0.26819851713012216,1.5,1.5,2373987.0,2373987.0,https://www.sec.gov/Archives/edgar/data/1607741/000121390015008428/0001213900-15-008428-index.html,https://www.sec.gov/Archives/edgar/data/1607741/000121390015008428/f10q0915_yulongeco.htm
