,date,symbol,fillingDate,acceptedDate,period,revenue,costOfRevenue,grossProfit,grossProfitRatio,researchAndDevelopmentExpenses,generalAndAdministrativeExpenses,sellingAndMarketingExpenses,otherExpenses,operatingExpenses,costAndExpenses,interestExpense,depreciationAndAmortization,ebitda,ebitdaratio,operatingIncome,operatingIncomeRatio,totalOtherIncomeExpensesNet,incomeBeforeTax,incomeBeforeTaxRatio,incomeTaxExpense,netIncome,netIncomeRatio,eps,epsdiluted,weightedAverageShsOut,weightedAverageShsOutDil,link,finalLink
0,2020-09-30,HRT.TO,2020-09-30,2020-09-30,Q3,12215000,10159000,2056000.0,0.1683176422431437,0.0,2378000.0,0.0,-39000.0,135000.0,13469000,2231000.0,230000.0,1605000.0,0.1313958248055669,-1254000.0,-0.9619320507572656,-8264000.0,-11750000,-0.9619320507572656,0.0,-11750000,-0.9619320507572656,-0.014,-0.014,854971856,854971856,https://www.sedar.com/ModifyCompanyDocumentSearchForm.do?lang=EN&company_search=Harte Gold Corp&document_selection=0&industry_group=A&FromDate=13&FromMonth=05&FromYear=2000&ToDate=13&ToMonth=11&ToYear=2020&Variable=Issuer,https://www.sedar.com/ModifyCompanyDocumentSearchForm.do?lang=EN&company_search=Harte Gold Corp&document_selection=0&industry_group=A&FromDate=13&FromMonth=05&FromYear=2000&ToDate=13&ToMonth=11&ToYear=2020&Variable=Issuer
0,2020-06-30,HRT.TO,2020-06-30,2020-06-30,Q2,3669000.0,2890000.0,779000.0,0.2123194330880349,0.0,3795000.0,0.0,-126000.0,127000.0,10114000,1600000.0,1008000.0,-5563000.0,-1.5162169528481875,-6445000.0,-6.230580539656582,-14815000,-22860000,-6.230580539656582,0.0,-22860000,-6.230580539656582,-0.027,-0.027,846207229,846207229,https://www.sedar.com/ModifyCompanyDocumentSearchForm.do?lang=EN&company_search=Harte Gold Corp&document_selection=0&industry_group=A&FromDate=13&FromMonth=05&FromYear=2000&ToDate=13&ToMonth=11&ToYear=2020&Variable=Issuer,https://www.sedar.com/ModifyCompanyDocumentSearchForm.do?lang=EN&company_search=Harte Gold Corp&document_selection=0&industry_group=A&FromDate=13&FromMonth=05&FromYear=2000&ToDate=13&ToMonth=11&ToYear=2020&Variable=Issuer
0,2020-03-31,HRT.TO,2020-03-31,2020-03-31,Q1,15667000,15991000,-324000.0,-0.020680411055083933,0.0,1429000.0,0.0,927000.0,492000.0,17968000,1561000.0,56000.0,2920000.0,0.18637901321248485,-2301000.0,-1.029616391140614,-12269000,-16131000,-1.029616391140614,0.0,-16131000,-1.029616391140614,-0.023,-0.023,710209976,710209976,https://www.sedar.com/ModifyCompanyDocumentSearchForm.do?lang=EN&company_search=Harte Gold Corp&document_selection=0&industry_group=A&FromDate=13&FromMonth=05&FromYear=2000&ToDate=13&ToMonth=11&ToYear=2020&Variable=Issuer,https://www.sedar.com/ModifyCompanyDocumentSearchForm.do?lang=EN&company_search=Harte Gold Corp&document_selection=0&industry_group=A&FromDate=13&FromMonth=05&FromYear=2000&ToDate=13&ToMonth=11&ToYear=2020&Variable=Issuer
0,2019-12-31,HRT.TO,2019-12-31,2019-12-31,Q4,15597542,18122073,-2524531.0,-0.16185441270169365,0.0,2430456.0,0.0,112755.0,889812.0,21466341,1901775.0,0.0,-1081775.0,-0.06935547921589184,-5868799.0,-0.4580579427194362,646848.0,-7144578.0,-0.4580579427194362,0.0,-7144578.0,-0.4580579427194362,-0.008356506649734679,-0.008356506649734679,854971856,854971856,https://www.sedar.com/ModifyCompanyDocumentSearchForm.do?lang=EN&company_search=Harte Gold Corp&document_selection=0&industry_group=A&FromDate=13&FromMonth=05&FromYear=2000&ToDate=13&ToMonth=11&ToYear=2020&Variable=Issuer,https://www.sedar.com/ModifyCompanyDocumentSearchForm.do?lang=EN&company_search=Harte Gold Corp&document_selection=0&industry_group=A&FromDate=13&FromMonth=05&FromYear=2000&ToDate=13&ToMonth=11&ToYear=2020&Variable=Issuer
0,2019-09-30,HRT.TO,2019-09-30,2019-09-30,Q3,14477166,19260311,-4783145.0,-0.3303923571781936,0.0,1555620.0,0.0,0.0,1152289.0,21968220,1663149.0,0.0,-3362982.0,-0.2322956026062007,-7491054.0,-1.0486554481726602,-6033288.0,-15181559,-1.0486554481726602,0.0,-15181559,-1.0486554481726602,-0.024,-0.024,641489959,641489959,https://www.sedar.com/ModifyCompanyDocumentSearchForm.do?lang=EN&company_search=Harte Gold Corp&document_selection=0&industry_group=A&FromDate=13&FromMonth=05&FromYear=2000&ToDate=13&ToMonth=11&ToYear=2020&Variable=Issuer,https://www.sedar.com/ModifyCompanyDocumentSearchForm.do?lang=EN&company_search=Harte Gold Corp&document_selection=0&industry_group=A&FromDate=13&FromMonth=05&FromYear=2000&ToDate=13&ToMonth=11&ToYear=2020&Variable=Issuer
0,2019-06-30,HRT.TO,2019-06-30,2019-06-30,Q2,11821413,12866813,-1045400.0,-0.08843274488421984,0.0,1008028.0,0.0,-112504.0,1699144.0,15573985,3132865.0,0.0,-78713.0,-0.006658510281300552,-3752572.0,-2.190980469086056,-19025334,-25900485,-2.190980469086056,0.0,-25900485,-2.190980469086056,-0.043,-0.043,602884397,602884397,https://www.sedar.com/ModifyCompanyDocumentSearchForm.do?lang=EN&company_search=Harte Gold Corp&document_selection=0&industry_group=A&FromDate=13&FromMonth=05&FromYear=2000&ToDate=13&ToMonth=11&ToYear=2020&Variable=Issuer,https://www.sedar.com/ModifyCompanyDocumentSearchForm.do?lang=EN&company_search=Harte Gold Corp&document_selection=0&industry_group=A&FromDate=13&FromMonth=05&FromYear=2000&ToDate=13&ToMonth=11&ToYear=2020&Variable=Issuer
0,2019-03-31,HRT.TO,2019-03-31,2019-03-31,Q1,7858879.0,13610900,-5752021.0,-0.7319136736931565,0.0,4245516.0,0.0,630749.0,2029659.0,19886075,3371958.0,0.0,-8310785.0,-1.0575026031066264,-12027196,-1.6992728861202724,2044774.0,-13354380,-1.6992728861202724,0.0,-13354380,-1.6992728861202724,-0.022,-0.022,599762740,599762740,https://www.sedar.com/ModifyCompanyDocumentSearchForm.do?lang=EN&company_search=Harte Gold Corp&document_selection=0&industry_group=A&FromDate=13&FromMonth=05&FromYear=2000&ToDate=13&ToMonth=11&ToYear=2020&Variable=Issuer,https://www.sedar.com/ModifyCompanyDocumentSearchForm.do?lang=EN&company_search=Harte Gold Corp&document_selection=0&industry_group=A&FromDate=13&FromMonth=05&FromYear=2000&ToDate=13&ToMonth=11&ToYear=2020&Variable=Issuer
0,2018-12-31,HRT.TO,2018-12-31,2018-12-31,Q4,0.0,207591.0,-207591.0,0.0,0.0,1945903.0,119908.0,-74434.0,28851252,31512018,-98483.0,0.0,-31001149,0.0,-31512018,0.0,-2965552.0,-34508647,0.0,0.0,-34508647,0.0,-0.04036231924808528,-0.04036231924808528,854971856,854971856,https://www.sedar.com/ModifyCompanyDocumentSearchForm.do?lang=EN&company_search=Harte Gold Corp&document_selection=0&industry_group=A&FromDate=13&FromMonth=05&FromYear=2000&ToDate=13&ToMonth=11&ToYear=2020&Variable=Issuer,https://www.sedar.com/ModifyCompanyDocumentSearchForm.do?lang=EN&company_search=Harte Gold Corp&document_selection=0&industry_group=A&FromDate=13&FromMonth=05&FromYear=2000&ToDate=13&ToMonth=11&ToYear=2020&Variable=Issuer
0,2018-09-30,HRT.TO,2018-09-30,2018-09-30,Q3,0.0,1511.0,-1511.0,0.0,0.0,874339.0,36385.0,-53868.0,0.0,875850.0,131926.0,0.0,-806218.0,0.0,-875850.0,0.0,-169435.0,-1109090.0,0.0,0.0,-1109090.0,0.0,-0.002,-0.002,580783308,580783308,https://www.sedar.com/ModifyCompanyDocumentSearchForm.do?lang=EN&company_search=Harte Gold Corp&document_selection=0&industry_group=A&FromDate=13&FromMonth=05&FromYear=2000&ToDate=13&ToMonth=11&ToYear=2020&Variable=Issuer,https://www.sedar.com/ModifyCompanyDocumentSearchForm.do?lang=EN&company_search=Harte Gold Corp&document_selection=0&industry_group=A&FromDate=13&FromMonth=05&FromYear=2000&ToDate=13&ToMonth=11&ToYear=2020&Variable=Issuer
0,2018-06-30,HRT.TO,2018-06-30,2018-06-30,Q2,0.0,1510.0,-1510.0,0.0,0.0,758848.0,49950.0,-90423.0,0.0,760358.0,5700.0,0.0,-709966.0,0.0,-760358.0,0.0,14282.0,-702894.0,0.0,0.0,-702894.0,0.0,-0.001,-0.001,574829413,574829413,https://www.sedar.com/ModifyCompanyDocumentSearchForm.do?lang=EN&company_search=Harte Gold Corp&document_selection=0&industry_group=A&FromDate=13&FromMonth=05&FromYear=2000&ToDate=13&ToMonth=11&ToYear=2020&Variable=Issuer,https://www.sedar.com/ModifyCompanyDocumentSearchForm.do?lang=EN&company_search=Harte Gold Corp&document_selection=0&industry_group=A&FromDate=13&FromMonth=05&FromYear=2000&ToDate=13&ToMonth=11&ToYear=2020&Variable=Issuer
0,2018-03-31,HRT.TO,2018-03-31,2018-03-31,Q1,0.0,1511.0,-1511.0,0.0,0.0,4952874.0,37706.0,1173838.0,-1173838.0,4954385.0,16200.0,0.0,-3766479.0,0.0,-4954385.0,0.0,1400660.0,-3557368.0,0.0,0.0,-3557368.0,0.0,-0.006,-0.006,566473085,566473085,https://www.sedar.com/ModifyCompanyDocumentSearchForm.do?lang=EN&company_search=Harte Gold Corp&document_selection=0&industry_group=A&FromDate=13&FromMonth=05&FromYear=2000&ToDate=13&ToMonth=11&ToYear=2020&Variable=Issuer,https://www.sedar.com/ModifyCompanyDocumentSearchForm.do?lang=EN&company_search=Harte Gold Corp&document_selection=0&industry_group=A&FromDate=13&FromMonth=05&FromYear=2000&ToDate=13&ToMonth=11&ToYear=2020&Variable=Issuer
0,2017-12-31,HRT.TO,2017-12-31,2017-12-31,Q4,0.0,2029.0,-2029.0,0.0,0.0,978462.0,112855.0,0.0,0.0,980491.0,209230.0,0.0,-939753.0,0.0,-980491.0,0.0,0.0,-1151012.0,0.0,0.0,-4417044.0,0.0,-0.005166303392330613,-0.005166303392330613,854971856,854971856,https://www.sedar.com/ModifyCompanyDocumentSearchForm.do?lang=EN&company_search=Harte Gold Corp&document_selection=0&industry_group=A&FromDate=13&FromMonth=05&FromYear=2000&ToDate=13&ToMonth=11&ToYear=2020&Variable=Issuer,https://www.sedar.com/ModifyCompanyDocumentSearchForm.do?lang=EN&company_search=Harte Gold Corp&document_selection=0&industry_group=A&FromDate=13&FromMonth=05&FromYear=2000&ToDate=13&ToMonth=11&ToYear=2020&Variable=Issuer
0,2017-09-30,HRT.TO,2017-09-30,2017-09-30,Q3,0.0,132.0,-132.0,0.0,0.0,626554.0,35399.0,-111538.0,0.0,626686.0,160855.0,0.0,-539748.0,0.0,-626686.0,0.0,-111538.0,-700735.0,0.0,0.0,-700735.0,0.0,-0.001,-0.001,495304718,495304718,https://www.sedar.com/ModifyCompanyDocumentSearchForm.do?lang=EN&company_search=Harte Gold Corp&document_selection=0&industry_group=A&FromDate=13&FromMonth=05&FromYear=2000&ToDate=13&ToMonth=11&ToYear=2020&Variable=Issuer,https://www.sedar.com/ModifyCompanyDocumentSearchForm.do?lang=EN&company_search=Harte Gold Corp&document_selection=0&industry_group=A&FromDate=13&FromMonth=05&FromYear=2000&ToDate=13&ToMonth=11&ToYear=2020&Variable=Issuer
0,2017-06-30,HRT.TO,2017-06-30,2017-06-30,Q2,0.0,132.0,-132.0,0.0,0.0,754255.0,34360.0,-72621.0,0.0,754387.0,154380.0,0.0,-704026.0,0.0,-754387.0,0.0,-72621.0,-858538.0,0.0,0.0,-858538.0,0.0,-0.002,-0.002,452269283,452269283,https://www.sedar.com/ModifyCompanyDocumentSearchForm.do?lang=EN&company_search=Harte Gold Corp&document_selection=0&industry_group=A&FromDate=13&FromMonth=05&FromYear=2000&ToDate=13&ToMonth=11&ToYear=2020&Variable=Issuer,https://www.sedar.com/ModifyCompanyDocumentSearchForm.do?lang=EN&company_search=Harte Gold Corp&document_selection=0&industry_group=A&FromDate=13&FromMonth=05&FromYear=2000&ToDate=13&ToMonth=11&ToYear=2020&Variable=Issuer
0,2017-03-31,HRT.TO,2017-03-31,2017-03-31,Q1,0.0,132.0,-132.0,0.0,0.0,664744.0,78983.0,4680385.0,-4680385.0,664876.0,149933.0,0.0,4078154.0,0.0,-664876.0,0.0,4680385.0,3928089.0,0.0,0.0,3928089.0,0.0,0.009,0.009,436676524,436676524,https://www.sedar.com/ModifyCompanyDocumentSearchForm.do?lang=EN&company_search=Harte Gold Corp&document_selection=0&industry_group=A&FromDate=13&FromMonth=05&FromYear=2000&ToDate=13&ToMonth=11&ToYear=2020&Variable=Issuer,https://www.sedar.com/ModifyCompanyDocumentSearchForm.do?lang=EN&company_search=Harte Gold Corp&document_selection=0&industry_group=A&FromDate=13&FromMonth=05&FromYear=2000&ToDate=13&ToMonth=11&ToYear=2020&Variable=Issuer
0,2016-12-31,HRT.TO,2016-12-31,2016-12-31,Q4,0.0,148.0,-148.0,0.0,0.0,2158994.0,70017.0,0.0,0.0,2159142.0,140996.0,0.0,-2140076.0,0.0,-2159142.0,0.0,0.0,-2281220.0,0.0,0.0,-1725729.0,0.0,-0.002018462932889805,-0.002018462932889805,854971856,854971856,https://www.sedar.com/ModifyCompanyDocumentSearchForm.do?lang=EN&company_search=Harte Gold Corp&document_selection=0&industry_group=A&FromDate=13&FromMonth=05&FromYear=2000&ToDate=13&ToMonth=11&ToYear=2020&Variable=Issuer,https://www.sedar.com/ModifyCompanyDocumentSearchForm.do?lang=EN&company_search=Harte Gold Corp&document_selection=0&industry_group=A&FromDate=13&FromMonth=05&FromYear=2000&ToDate=13&ToMonth=11&ToYear=2020&Variable=Issuer
0,2016-09-30,HRT.TO,2016-09-30,2016-09-30,Q3,0.0,148.0,-148.0,0.0,0.0,334841.0,28999.0,-38960.0,0.0,334989.0,154674.0,0.0,-330130.0,0.0,-334989.0,0.0,-38960.0,-484952.0,0.0,0.0,-484952.0,0.0,-0.001,-0.001,346244552,346244552,https://www.sedar.com/ModifyCompanyDocumentSearchForm.do?lang=EN&company_search=Harte Gold Corp&document_selection=0&industry_group=A&FromDate=13&FromMonth=05&FromYear=2000&ToDate=13&ToMonth=11&ToYear=2020&Variable=Issuer,https://www.sedar.com/ModifyCompanyDocumentSearchForm.do?lang=EN&company_search=Harte Gold Corp&document_selection=0&industry_group=A&FromDate=13&FromMonth=05&FromYear=2000&ToDate=13&ToMonth=11&ToYear=2020&Variable=Issuer
0,2016-06-30,HRT.TO,2016-06-30,2016-06-30,Q2,0.0,148.0,-148.0,0.0,0.0,347921.0,21957.0,-50338.0,0.0,348069.0,155132.0,0.0,-347084.0,0.0,-348069.0,0.0,-50338.0,-502364.0,0.0,0.0,-502364.0,0.0,-0.002,-0.002,320062646,320062646,https://www.sedar.com/ModifyCompanyDocumentSearchForm.do?lang=EN&company_search=Harte Gold Corp&document_selection=0&industry_group=A&FromDate=13&FromMonth=05&FromYear=2000&ToDate=13&ToMonth=11&ToYear=2020&Variable=Issuer,https://www.sedar.com/ModifyCompanyDocumentSearchForm.do?lang=EN&company_search=Harte Gold Corp&document_selection=0&industry_group=A&FromDate=13&FromMonth=05&FromYear=2000&ToDate=13&ToMonth=11&ToYear=2020&Variable=Issuer
0,2016-03-31,HRT.TO,2016-03-31,2016-03-31,Q1,0.0,148.0,-148.0,0.0,0.0,354702.0,1198.0,60000.0,-60000.0,354850.0,0.0,0.0,-354702.0,0.0,-354850.0,0.0,60000.0,-294542.0,0.0,0.0,-294542.0,0.0,-0.001,-0.001,306493375,306493375,https://www.sedar.com/ModifyCompanyDocumentSearchForm.do?lang=EN&company_search=Harte Gold Corp&document_selection=0&industry_group=A&FromDate=13&FromMonth=05&FromYear=2000&ToDate=13&ToMonth=11&ToYear=2020&Variable=Issuer,https://www.sedar.com/ModifyCompanyDocumentSearchForm.do?lang=EN&company_search=Harte Gold Corp&document_selection=0&industry_group=A&FromDate=13&FromMonth=05&FromYear=2000&ToDate=13&ToMonth=11&ToYear=2020&Variable=Issuer
0,2015-12-31,HRT.TO,2015-12-31,2015-12-31,Q4,0.0,109.0,-109.0,0.0,0.0,634137.0,46643.0,65167.0,-65167.0,634246.0,251.0,0.0,-628539.0,0.0,-634246.0,0.0,25852.0,-689360.0,0.0,0.0,-1044139.0,0.0,-0.0012212554046925259,-0.0012212554046925259,854971856,854971856,https://www.sedar.com/ModifyCompanyDocumentSearchForm.do?lang=EN&company_search=Harte Gold Corp&document_selection=0&industry_group=A&FromDate=13&FromMonth=05&FromYear=2000&ToDate=13&ToMonth=11&ToYear=2020&Variable=Issuer,https://www.sedar.com/ModifyCompanyDocumentSearchForm.do?lang=EN&company_search=Harte Gold Corp&document_selection=0&industry_group=A&FromDate=13&FromMonth=05&FromYear=2000&ToDate=13&ToMonth=11&ToYear=2020&Variable=Issuer
0,2015-09-30,HRT.TO,2015-09-30,2015-09-30,Q3,0.0,109.0,-109.0,0.0,0.0,158870.0,4015.0,-19781.0,0.0,158979.0,0.0,0.0,-158870.0,0.0,-158979.0,0.0,-19781.0,-158517.0,0.0,0.0,-158517.0,0.0,-0.001,-0.001,258502197,258502197,https://www.sedar.com/ModifyCompanyDocumentSearchForm.do?lang=EN&company_search=Harte Gold Corp&document_selection=0&industry_group=A&FromDate=13&FromMonth=05&FromYear=2000&ToDate=13&ToMonth=11&ToYear=2020&Variable=Issuer,https://www.sedar.com/ModifyCompanyDocumentSearchForm.do?lang=EN&company_search=Harte Gold Corp&document_selection=0&industry_group=A&FromDate=13&FromMonth=05&FromYear=2000&ToDate=13&ToMonth=11&ToYear=2020&Variable=Issuer
0,2015-06-30,HRT.TO,2015-06-30,2015-06-30,Q2,0.0,109.0,-109.0,0.0,0.0,159310.0,4761.0,-34116.0,0.0,159419.0,51.0,0.0,-159310.0,0.0,-159419.0,0.0,-34116.0,-157972.0,0.0,0.0,-157972.0,0.0,-0.001,-0.001,257251032,257251032,https://www.sedar.com/ModifyCompanyDocumentSearchForm.do?lang=EN&company_search=Harte Gold Corp&document_selection=0&industry_group=A&FromDate=13&FromMonth=05&FromYear=2000&ToDate=13&ToMonth=11&ToYear=2020&Variable=Issuer,https://www.sedar.com/ModifyCompanyDocumentSearchForm.do?lang=EN&company_search=Harte Gold Corp&document_selection=0&industry_group=A&FromDate=13&FromMonth=05&FromYear=2000&ToDate=13&ToMonth=11&ToYear=2020&Variable=Issuer
0,2015-03-31,HRT.TO,2015-03-31,2015-03-31,Q1,0.0,34.0,-34.0,0.0,0.0,218690.0,5108.0,56673.0,-56673.0,218724.0,0.0,0.0,-218690.0,0.0,-218724.0,0.0,56673.0,-160223.0,0.0,0.0,-160223.0,0.0,-0.001,-0.001,254658691,254658691,https://www.sedar.com/ModifyCompanyDocumentSearchForm.do?lang=EN&company_search=Harte Gold Corp&document_selection=0&industry_group=A&FromDate=13&FromMonth=05&FromYear=2000&ToDate=13&ToMonth=11&ToYear=2020&Variable=Issuer,https://www.sedar.com/ModifyCompanyDocumentSearchForm.do?lang=EN&company_search=Harte Gold Corp&document_selection=0&industry_group=A&FromDate=13&FromMonth=05&FromYear=2000&ToDate=13&ToMonth=11&ToYear=2020&Variable=Issuer
0,2014-12-31,HRT.TO,2014-12-31,2014-12-31,Q4,0.0,49.0,-49.0,0.0,0.0,154593.0,18190.0,0.0,0.0,154642.0,2275.0,0.0,-148013.0,0.0,-154642.0,0.0,0.0,-150337.0,0.0,0.0,-437716.0,0.0,-0.0005119653903554926,-0.0005119653903554926,854971856,854971856,https://www.sedar.com/ModifyCompanyDocumentSearchForm.do?lang=EN&company_search=Harte Gold Corp&document_selection=0&industry_group=A&FromDate=13&FromMonth=05&FromYear=2000&ToDate=13&ToMonth=11&ToYear=2020&Variable=Issuer,https://www.sedar.com/ModifyCompanyDocumentSearchForm.do?lang=EN&company_search=Harte Gold Corp&document_selection=0&industry_group=A&FromDate=13&FromMonth=05&FromYear=2000&ToDate=13&ToMonth=11&ToYear=2020&Variable=Issuer
0,2014-09-30,HRT.TO,2014-09-30,2014-09-30,Q3,0.0,49.0,-49.0,0.0,0.0,242068.0,1452.0,-19135.0,0.0,242117.0,0.0,0.0,-240024.0,0.0,-242117.0,0.0,-19135.0,-240073.0,0.0,0.0,-240073.0,0.0,-0.001,-0.001,232698295,232698295,https://www.sedar.com/ModifyCompanyDocumentSearchForm.do?lang=EN&company_search=Harte Gold Corp&document_selection=0&industry_group=A&FromDate=13&FromMonth=05&FromYear=2000&ToDate=13&ToMonth=11&ToYear=2020&Variable=Issuer,https://www.sedar.com/ModifyCompanyDocumentSearchForm.do?lang=EN&company_search=Harte Gold Corp&document_selection=0&industry_group=A&FromDate=13&FromMonth=05&FromYear=2000&ToDate=13&ToMonth=11&ToYear=2020&Variable=Issuer
0,2014-06-30,HRT.TO,2014-06-30,2014-06-30,Q2,0.0,28.0,-28.0,0.0,0.0,419528.0,2247.0,-44288.0,0.0,419556.0,0.0,0.0,-418812.0,0.0,-419556.0,0.0,-44288.0,-418840.0,0.0,0.0,-418840.0,0.0,-0.002,-0.002,217578802,217578802,https://www.sedar.com/ModifyCompanyDocumentSearchForm.do?lang=EN&company_search=Harte Gold Corp&document_selection=0&industry_group=A&FromDate=13&FromMonth=05&FromYear=2000&ToDate=13&ToMonth=11&ToYear=2020&Variable=Issuer,https://www.sedar.com/ModifyCompanyDocumentSearchForm.do?lang=EN&company_search=Harte Gold Corp&document_selection=0&industry_group=A&FromDate=13&FromMonth=05&FromYear=2000&ToDate=13&ToMonth=11&ToYear=2020&Variable=Issuer
0,2014-03-31,HRT.TO,2014-03-31,2014-03-31,Q1,0.0,70.0,-70.0,0.0,0.0,136661.0,1359.0,234278.0,-234278.0,136731.0,0.0,0.0,98554.0,0.0,-136731.0,0.0,234278.0,98484.0,0.0,0.0,98484.0,0.0,0.000457,0.000457,215559985,215559985,https://www.sedar.com/ModifyCompanyDocumentSearchForm.do?lang=EN&company_search=Harte Gold Corp&document_selection=0&industry_group=A&FromDate=13&FromMonth=05&FromYear=2000&ToDate=13&ToMonth=11&ToYear=2020&Variable=Issuer,https://www.sedar.com/ModifyCompanyDocumentSearchForm.do?lang=EN&company_search=Harte Gold Corp&document_selection=0&industry_group=A&FromDate=13&FromMonth=05&FromYear=2000&ToDate=13&ToMonth=11&ToYear=2020&Variable=Issuer
0,2013-12-31,HRT.TO,2013-12-31,2013-12-31,Q4,0.0,70.0,-70.0,0.0,0.0,140796.0,3901.0,0.0,0.0,140866.0,1668.0,0.0,-201302.0,0.0,-140866.0,0.0,-66842.0,-203040.0,0.0,0.0,-742192.0,0.0,-0.0008680893935764829,-0.0008680893935764829,854971856,854971856,https://www.sedar.com/ModifyCompanyDocumentSearchForm.do?lang=EN&company_search=Harte Gold Corp&document_selection=0&industry_group=A&FromDate=13&FromMonth=05&FromYear=2000&ToDate=13&ToMonth=11&ToYear=2020&Variable=Issuer,https://www.sedar.com/ModifyCompanyDocumentSearchForm.do?lang=EN&company_search=Harte Gold Corp&document_selection=0&industry_group=A&FromDate=13&FromMonth=05&FromYear=2000&ToDate=13&ToMonth=11&ToYear=2020&Variable=Issuer
0,2013-09-30,HRT.TO,2013-09-30,2013-09-30,Q3,0.0,70.0,-70.0,0.0,0.0,132673.0,2071.0,-21426.0,0.0,132743.0,0.0,0.0,-132673.0,0.0,-132743.0,0.0,-21426.0,-132743.0,0.0,0.0,-132743.0,0.0,-0.001,-0.001,199064901,199064901,https://www.sedar.com/ModifyCompanyDocumentSearchForm.do?lang=EN&company_search=Harte Gold Corp&document_selection=0&industry_group=A&FromDate=13&FromMonth=05&FromYear=2000&ToDate=13&ToMonth=11&ToYear=2020&Variable=Issuer,https://www.sedar.com/ModifyCompanyDocumentSearchForm.do?lang=EN&company_search=Harte Gold Corp&document_selection=0&industry_group=A&FromDate=13&FromMonth=05&FromYear=2000&ToDate=13&ToMonth=11&ToYear=2020&Variable=Issuer
0,2013-06-30,HRT.TO,2013-06-30,2013-06-30,Q2,0.0,70.0,-70.0,0.0,0.0,118292.0,708.0,-22375.0,0.0,118362.0,687.0,0.0,-118292.0,0.0,-118362.0,0.0,-22375.0,-116415.0,0.0,0.0,-116415.0,0.0,-0.001,-0.001,190181554,190181554,https://www.sedar.com/ModifyCompanyDocumentSearchForm.do?lang=EN&company_search=Harte Gold Corp&document_selection=0&industry_group=A&FromDate=13&FromMonth=05&FromYear=2000&ToDate=13&ToMonth=11&ToYear=2020&Variable=Issuer,https://www.sedar.com/ModifyCompanyDocumentSearchForm.do?lang=EN&company_search=Harte Gold Corp&document_selection=0&industry_group=A&FromDate=13&FromMonth=05&FromYear=2000&ToDate=13&ToMonth=11&ToYear=2020&Variable=Issuer
0,2013-03-31,HRT.TO,2013-03-31,2013-03-31,Q1,0.0,70.0,-70.0,0.0,0.0,153896.0,1826.0,370771.0,-370771.0,153966.0,859.0,0.0,220807.0,0.0,-153966.0,0.0,370771.0,219878.0,0.0,0.0,219878.0,0.0,0.001,0.001,190181554,190181554,https://www.sedar.com/ModifyCompanyDocumentSearchForm.do?lang=EN&company_search=Harte Gold Corp&document_selection=0&industry_group=A&FromDate=13&FromMonth=05&FromYear=2000&ToDate=13&ToMonth=11&ToYear=2020&Variable=Issuer,https://www.sedar.com/ModifyCompanyDocumentSearchForm.do?lang=EN&company_search=Harte Gold Corp&document_selection=0&industry_group=A&FromDate=13&FromMonth=05&FromYear=2000&ToDate=13&ToMonth=11&ToYear=2020&Variable=Issuer
0,2012-12-31,HRT.TO,2012-12-31,2012-12-31,Q4,0.0,400.0,-400.0,0.0,0.0,174188.0,0.0,0.0,0.0,275913.0,0.0,0.0,-171846.0,0.0,-275913.0,0.0,0.0,-171946.0,0.0,0.0,-171946.0,0.0,-0.00020111305277866363,-0.00020111305277866363,854971856,854971856,https://www.sedar.com/ModifyCompanyDocumentSearchForm.do?lang=EN&company_search=Harte Gold Corp&document_selection=0&industry_group=A&FromDate=13&FromMonth=05&FromYear=2000&ToDate=13&ToMonth=11&ToYear=2020&Variable=Issuer,https://www.sedar.com/ModifyCompanyDocumentSearchForm.do?lang=EN&company_search=Harte Gold Corp&document_selection=0&industry_group=A&FromDate=13&FromMonth=05&FromYear=2000&ToDate=13&ToMonth=11&ToYear=2020&Variable=Issuer
0,2012-09-30,HRT.TO,2012-09-30,2012-09-30,Q3,0.0,0.0,0.0,0.0,0.0,122771.0,0.0,0.0,0.0,122871.0,0.0,0.0,-115387.0,0.0,-122871.0,0.0,0.0,-115487.0,0.0,0.0,-115487.0,0.0,-0.001,-0.001,172436393,172436393,https://www.sedar.com/ModifyCompanyDocumentSearchForm.do?lang=EN&company_search=Harte Gold Corp&document_selection=0&industry_group=A&FromDate=13&FromMonth=05&FromYear=2000&ToDate=13&ToMonth=11&ToYear=2020&Variable=Issuer,https://www.sedar.com/ModifyCompanyDocumentSearchForm.do?lang=EN&company_search=Harte Gold Corp&document_selection=0&industry_group=A&FromDate=13&FromMonth=05&FromYear=2000&ToDate=13&ToMonth=11&ToYear=2020&Variable=Issuer
0,2012-06-30,HRT.TO,2012-06-30,2012-06-30,Q2,0.0,0.0,0.0,0.0,0.0,653749.0,0.0,0.0,0.0,653849.0,0.0,0.0,-648412.0,0.0,-653849.0,0.0,0.0,-648512.0,0.0,0.0,-648512.0,0.0,-0.004,-0.004,165963572,165963572,https://www.sedar.com/ModifyCompanyDocumentSearchForm.do?lang=EN&company_search=Harte Gold Corp&document_selection=0&industry_group=A&FromDate=13&FromMonth=05&FromYear=2000&ToDate=13&ToMonth=11&ToYear=2020&Variable=Issuer,https://www.sedar.com/ModifyCompanyDocumentSearchForm.do?lang=EN&company_search=Harte Gold Corp&document_selection=0&industry_group=A&FromDate=13&FromMonth=05&FromYear=2000&ToDate=13&ToMonth=11&ToYear=2020&Variable=Issuer
0,2012-03-31,HRT.TO,2012-03-31,2012-03-31,Q1,6273.0,0.0,6273.0,1.0,0.0,160232.0,0.0,0.0,-101625.0,58707.0,6887.0,0.0,-52334.0,-8.342738721504862,-52434.0,0.0,0.0,0.0,0.0,0.0,-59321.0,-9.456559859716243,0.0,0.0,164888114,164888114,https://www.sedar.com/ModifyCompanyDocumentSearchForm.do?lang=EN&company_search=Harte Gold Corp&document_selection=0&industry_group=A&FromDate=13&FromMonth=05&FromYear=2000&ToDate=13&ToMonth=11&ToYear=2020&Variable=Issuer,https://www.sedar.com/ModifyCompanyDocumentSearchForm.do?lang=EN&company_search=Harte Gold Corp&document_selection=0&industry_group=A&FromDate=13&FromMonth=05&FromYear=2000&ToDate=13&ToMonth=11&ToYear=2020&Variable=Issuer
0,2011-12-31,HRT.TO,2011-12-31,2011-12-31,Q4,0.0,0.0,0.0,0.0,0.0,138252.0,-2030.0,0.0,0.0,138394.0,0.0,0.0,-130820.0,0.0,-138394.0,0.0,0.0,-130962.0,0.0,0.0,-130962.0,0.0,-0.0001531769719446765,-0.0001531769719446765,854971856,854971856,https://www.sedar.com/ModifyCompanyDocumentSearchForm.do?lang=EN&company_search=Harte Gold Corp&document_selection=0&industry_group=A&FromDate=13&FromMonth=05&FromYear=2000&ToDate=13&ToMonth=11&ToYear=2020&Variable=Issuer,https://www.sedar.com/ModifyCompanyDocumentSearchForm.do?lang=EN&company_search=Harte Gold Corp&document_selection=0&industry_group=A&FromDate=13&FromMonth=05&FromYear=2000&ToDate=13&ToMonth=11&ToYear=2020&Variable=Issuer
0,2011-09-30,HRT.TO,2011-09-30,2011-09-30,Q3,0.0,0.0,0.0,0.0,0.0,267914.0,2452.0,0.0,0.0,268056.0,0.0,0.0,-262428.0,0.0,-268056.0,0.0,0.0,-262570.0,0.0,0.0,-262570.0,0.0,-0.002,-0.002,142512563,142512563,https://www.sedar.com/ModifyCompanyDocumentSearchForm.do?lang=EN&company_search=Harte Gold Corp&document_selection=0&industry_group=A&FromDate=13&FromMonth=05&FromYear=2000&ToDate=13&ToMonth=11&ToYear=2020&Variable=Issuer,https://www.sedar.com/ModifyCompanyDocumentSearchForm.do?lang=EN&company_search=Harte Gold Corp&document_selection=0&industry_group=A&FromDate=13&FromMonth=05&FromYear=2000&ToDate=13&ToMonth=11&ToYear=2020&Variable=Issuer
0,2011-06-30,HRT.TO,2011-06-30,2011-06-30,Q2,6781.0,0.0,6781.0,1.0,0.0,266170.0,0.0,0.0,0.0,266312.0,0.0,0.0,-259389.0,-38.25232266627341,-259531.0,0.0,0.0,0.0,0.0,0.0,-259531.0,-38.27326353045274,-0.002,-0.002,140089231,157436944,https://www.sedar.com/ModifyCompanyDocumentSearchForm.do?lang=EN&company_search=Harte Gold Corp&document_selection=0&industry_group=A&FromDate=13&FromMonth=05&FromYear=2000&ToDate=13&ToMonth=11&ToYear=2020&Variable=Issuer,https://www.sedar.com/ModifyCompanyDocumentSearchForm.do?lang=EN&company_search=Harte Gold Corp&document_selection=0&industry_group=A&FromDate=13&FromMonth=05&FromYear=2000&ToDate=13&ToMonth=11&ToYear=2020&Variable=Issuer
0,2011-03-31,HRT.TO,2011-03-31,2011-03-31,Q1,2429.0,0.0,2429.0,1.0,0.0,227814.0,0.0,0.0,-547571.0,-319615.0,1823.0,0.0,322186.0,132.64141622066694,322044.0,131.83244133388226,0.0,320221.0,131.83244133388226,0.0,320221.0,131.83244133388226,0.002,0.002,139831135,160572269,https://www.sedar.com/ModifyCompanyDocumentSearchForm.do?lang=EN&company_search=Harte Gold Corp&document_selection=0&industry_group=A&FromDate=13&FromMonth=05&FromYear=2000&ToDate=13&ToMonth=11&ToYear=2020&Variable=Issuer,https://www.sedar.com/ModifyCompanyDocumentSearchForm.do?lang=EN&company_search=Harte Gold Corp&document_selection=0&industry_group=A&FromDate=13&FromMonth=05&FromYear=2000&ToDate=13&ToMonth=11&ToYear=2020&Variable=Issuer
0,2010-08-31,HRT.TO,2010-08-31,2010-08-31,Q3,0.0,0.0,0.0,0.0,0.0,1152930.0,1720.0,0.0,0.0,1155572.0,0.0,0.0,-1152930.0,0.0,-1155572.0,0.0,0.0,-1155572.0,0.0,-250000.0,-905572.0,0.0,-0.007,-0.007,127350172,127350172,https://www.sedar.com/ModifyCompanyDocumentSearchForm.do?lang=EN&company_search=Harte Gold Corp&document_selection=0&industry_group=A&FromDate=13&FromMonth=05&FromYear=2000&ToDate=13&ToMonth=11&ToYear=2020&Variable=Issuer,https://www.sedar.com/ModifyCompanyDocumentSearchForm.do?lang=EN&company_search=Harte Gold Corp&document_selection=0&industry_group=A&FromDate=13&FromMonth=05&FromYear=2000&ToDate=13&ToMonth=11&ToYear=2020&Variable=Issuer
0,2010-05-31,HRT.TO,2010-05-31,2010-05-31,Q2,0.0,0.0,0.0,0.0,0.0,107998.0,0.0,0.0,-1.0,107997.0,0.0,0.0,-107997.0,0.0,-107997.0,0.0,0.0,-107997.0,0.0,0.0,-107997.0,0.0,-0.002,-0.002,68500726,68500726,https://www.sedar.com/ModifyCompanyDocumentSearchForm.do?lang=EN&company_search=Harte Gold Corp&document_selection=0&industry_group=A&FromDate=13&FromMonth=05&FromYear=2000&ToDate=13&ToMonth=11&ToYear=2020&Variable=Issuer,https://www.sedar.com/ModifyCompanyDocumentSearchForm.do?lang=EN&company_search=Harte Gold Corp&document_selection=0&industry_group=A&FromDate=13&FromMonth=05&FromYear=2000&ToDate=13&ToMonth=11&ToYear=2020&Variable=Issuer
0,2010-02-28,HRT.TO,2010-02-28,2010-02-28,Q1,86.0,0.0,86.0,1.0,0.0,80447.0,0.0,0.0,0.0,80447.0,0.0,0.0,-80361.0,-934.4302325581396,-80361.0,-934.4302325581396,0.0,-80361.0,-934.4302325581396,-112833.0,32472.0,377.5813953488372,0.001,0.001,62125900,62125900,https://www.sedar.com/ModifyCompanyDocumentSearchForm.do?lang=EN&company_search=Harte Gold Corp&document_selection=0&industry_group=A&FromDate=13&FromMonth=05&FromYear=2000&ToDate=13&ToMonth=11&ToYear=2020&Variable=Issuer,https://www.sedar.com/ModifyCompanyDocumentSearchForm.do?lang=EN&company_search=Harte Gold Corp&document_selection=0&industry_group=A&FromDate=13&FromMonth=05&FromYear=2000&ToDate=13&ToMonth=11&ToYear=2020&Variable=Issuer
0,2009-11-30,HRT.TO,2009-11-30,2009-11-30,Q4,0.0,0.0,0.0,0.0,0.0,436102.0,0.0,0.0,0.0,436102.0,0.0,0.0,-436102.0,0.0,-436102.0,0.0,0.0,-3192235.0,0.0,-140474.0,-3051761.0,0.0,-0.003569428605846413,-0.003569428605846413,854971856,854971856,https://www.sedar.com/ModifyCompanyDocumentSearchForm.do?lang=EN&company_search=Harte Gold Corp&document_selection=0&industry_group=A&FromDate=13&FromMonth=05&FromYear=2000&ToDate=13&ToMonth=11&ToYear=2020&Variable=Issuer,https://www.sedar.com/ModifyCompanyDocumentSearchForm.do?lang=EN&company_search=Harte Gold Corp&document_selection=0&industry_group=A&FromDate=13&FromMonth=05&FromYear=2000&ToDate=13&ToMonth=11&ToYear=2020&Variable=Issuer
0,2009-08-31,HRT.TO,2009-08-31,2009-08-31,Q3,0.0,0.0,0.0,0.0,0.0,76497.0,0.0,0.0,0.0,76497.0,0.0,0.0,-76497.0,0.0,-76497.0,0.0,0.0,-76497.0,0.0,0.0,-76497.0,0.0,-0.001,-0.001,53892768,53892768,https://www.sedar.com/ModifyCompanyDocumentSearchForm.do?lang=EN&company_search=Harte Gold Corp&document_selection=0&industry_group=A&FromDate=13&FromMonth=05&FromYear=2000&ToDate=13&ToMonth=11&ToYear=2020&Variable=Issuer,https://www.sedar.com/ModifyCompanyDocumentSearchForm.do?lang=EN&company_search=Harte Gold Corp&document_selection=0&industry_group=A&FromDate=13&FromMonth=05&FromYear=2000&ToDate=13&ToMonth=11&ToYear=2020&Variable=Issuer
0,2009-05-31,HRT.TO,2009-05-31,2009-05-31,Q2,685.0,0.0,685.0,1.0,0.0,137856.0,0.0,0.0,0.0,137856.0,0.0,0.0,-137171.0,-200.24963503649636,-137171.0,-200.24963503649636,0.0,-137171.0,-200.24963503649636,-128905.0,-8266.0,-12.067153284671534,0.0,0.0,50520304,50520304,https://www.sedar.com/ModifyCompanyDocumentSearchForm.do?lang=EN&company_search=Harte Gold Corp&document_selection=0&industry_group=A&FromDate=13&FromMonth=05&FromYear=2000&ToDate=13&ToMonth=11&ToYear=2020&Variable=Issuer,https://www.sedar.com/ModifyCompanyDocumentSearchForm.do?lang=EN&company_search=Harte Gold Corp&document_selection=0&industry_group=A&FromDate=13&FromMonth=05&FromYear=2000&ToDate=13&ToMonth=11&ToYear=2020&Variable=Issuer
0,2009-02-28,HRT.TO,2009-02-28,2009-02-28,Q1,0.0,0.0,0.0,0.0,0.0,587467.0,0.0,0.0,0.0,587467.0,0.0,0.0,-587467.0,0.0,-587467.0,0.0,0.0,-587467.0,0.0,0.0,-587467.0,0.0,-0.01,-0.01,45019231,45019231,https://www.sedar.com/ModifyCompanyDocumentSearchForm.do?lang=EN&company_search=Harte Gold Corp&document_selection=0&industry_group=A&FromDate=13&FromMonth=05&FromYear=2000&ToDate=13&ToMonth=11&ToYear=2020&Variable=Issuer,https://www.sedar.com/ModifyCompanyDocumentSearchForm.do?lang=EN&company_search=Harte Gold Corp&document_selection=0&industry_group=A&FromDate=13&FromMonth=05&FromYear=2000&ToDate=13&ToMonth=11&ToYear=2020&Variable=Issuer
0,2008-11-30,HRT.TO,2008-11-30,2008-11-30,Q4,-1.0,0.0,0.0,0.0,0.0,108758.0,0.0,0.0,0.0,108758.0,0.0,0.0,-108759.0,108759.0,-108759.0,0.0,0.0,0.0,0.0,0.0,19159.0,-19159.0,2.2408924768162193e-05,2.2408924768162193e-05,854971856,854971856,https://www.sedar.com/ModifyCompanyDocumentSearchForm.do?lang=EN&company_search=Harte Gold Corp&document_selection=0&industry_group=A&FromDate=13&FromMonth=05&FromYear=2000&ToDate=13&ToMonth=11&ToYear=2020&Variable=Issuer,https://www.sedar.com/ModifyCompanyDocumentSearchForm.do?lang=EN&company_search=Harte Gold Corp&document_selection=0&industry_group=A&FromDate=13&FromMonth=05&FromYear=2000&ToDate=13&ToMonth=11&ToYear=2020&Variable=Issuer
0,2008-08-31,HRT.TO,2008-08-31,2008-08-31,Q3,1150.0,0.0,0.0,0.0,0.0,90412.0,0.0,0.0,0.0,90412.0,0.0,0.0,-89262.0,-77.6191304347826,-89262.0,0.0,0.0,0.0,0.0,0.0,-89262.0,-77.6191304347826,-0.0021,-0.0021,43248772,43248772,https://www.sedar.com/ModifyCompanyDocumentSearchForm.do?lang=EN&company_search=Harte Gold Corp&document_selection=0&industry_group=A&FromDate=13&FromMonth=05&FromYear=2000&ToDate=13&ToMonth=11&ToYear=2020&Variable=Issuer,https://www.sedar.com/ModifyCompanyDocumentSearchForm.do?lang=EN&company_search=Harte Gold Corp&document_selection=0&industry_group=A&FromDate=13&FromMonth=05&FromYear=2000&ToDate=13&ToMonth=11&ToYear=2020&Variable=Issuer
0,2008-05-31,HRT.TO,,,Q2,0.0,0.0,0.0,0.0,0.0,116139.0,0.0,0.0,0.0,116139.0,0.0,0.0,-116139.0,0.0,-116139.0,0.0,0.0,0.0,0.0,0.0,-108647.0,0.0,-0.000762,-0.000762,42704994,42704994,https://www.sedar.com/ModifyCompanyDocumentSearchForm.do?lang=EN&company_search=Harte Gold Corp&document_selection=0&industry_group=A&FromDate=13&FromMonth=05&FromYear=2000&ToDate=13&ToMonth=11&ToYear=2020&Variable=Issuer,https://www.sedar.com/ModifyCompanyDocumentSearchForm.do?lang=EN&company_search=Harte Gold Corp&document_selection=0&industry_group=A&FromDate=13&FromMonth=05&FromYear=2000&ToDate=13&ToMonth=11&ToYear=2020&Variable=Issuer
0,2008-02-29,HRT.TO,,,Q1,0.0,0.0,0.0,0.0,0.0,249428.0,0.0,0.0,0.0,249428.0,0.0,0.0,-249428.0,0.0,-249428.0,0.0,0.0,0.0,0.0,0.0,-246911.0,0.0,-0.005782,-0.005782,42704994,42704994,https://www.sedar.com/ModifyCompanyDocumentSearchForm.do?lang=EN&company_search=Harte Gold Corp&document_selection=0&industry_group=A&FromDate=13&FromMonth=05&FromYear=2000&ToDate=13&ToMonth=11&ToYear=2020&Variable=Issuer,https://www.sedar.com/ModifyCompanyDocumentSearchForm.do?lang=EN&company_search=Harte Gold Corp&document_selection=0&industry_group=A&FromDate=13&FromMonth=05&FromYear=2000&ToDate=13&ToMonth=11&ToYear=2020&Variable=Issuer
0,2007-11-30,HRT.TO,2007-11-30,2007-11-30,Q4,11217.0,0.0,0.0,0.0,0.0,-354.0,0.0,0.0,0.0,-354.0,0.0,0.0,11571.0,1.03155924043862,11571.0,0.0,0.0,0.0,0.0,0.0,11571.0,1.03155924043862,1.3533778824176875e-05,1.3533778824176875e-05,854971856,854971856,https://www.sedar.com/ModifyCompanyDocumentSearchForm.do?lang=EN&company_search=Harte Gold Corp&document_selection=0&industry_group=A&FromDate=13&FromMonth=05&FromYear=2000&ToDate=13&ToMonth=11&ToYear=2020&Variable=Issuer,https://www.sedar.com/ModifyCompanyDocumentSearchForm.do?lang=EN&company_search=Harte Gold Corp&document_selection=0&industry_group=A&FromDate=13&FromMonth=05&FromYear=2000&ToDate=13&ToMonth=11&ToYear=2020&Variable=Issuer
0,2007-08-31,HRT.TO,2007-08-31,2007-08-31,Q3,0.0,0.0,0.0,0.0,0.0,83840.0,0.0,0.0,0.0,83840.0,0.0,0.0,-83840.0,0.0,-83840.0,0.0,0.0,0.0,0.0,0.0,-83840.0,0.0,-0.0023,-0.0023,36438254,36438254,https://www.sedar.com/ModifyCompanyDocumentSearchForm.do?lang=EN&company_search=Harte Gold Corp&document_selection=0&industry_group=A&FromDate=13&FromMonth=05&FromYear=2000&ToDate=13&ToMonth=11&ToYear=2020&Variable=Issuer,https://www.sedar.com/ModifyCompanyDocumentSearchForm.do?lang=EN&company_search=Harte Gold Corp&document_selection=0&industry_group=A&FromDate=13&FromMonth=05&FromYear=2000&ToDate=13&ToMonth=11&ToYear=2020&Variable=Issuer
0,2007-05-31,HRT.TO,2007-05-31,2007-05-31,Q2,0.0,0.0,0.0,0.0,0.0,175170.0,0.0,0.0,0.0,175170.0,0.0,0.0,-175170.0,0.0,-175170.0,0.0,0.0,0.0,0.0,0.0,-175170.0,0.0,-0.005,-0.005,36347846,36347846,https://www.sedar.com/ModifyCompanyDocumentSearchForm.do?lang=EN&company_search=Harte Gold Corp&document_selection=0&industry_group=A&FromDate=13&FromMonth=05&FromYear=2000&ToDate=13&ToMonth=11&ToYear=2020&Variable=Issuer,https://www.sedar.com/ModifyCompanyDocumentSearchForm.do?lang=EN&company_search=Harte Gold Corp&document_selection=0&industry_group=A&FromDate=13&FromMonth=05&FromYear=2000&ToDate=13&ToMonth=11&ToYear=2020&Variable=Issuer
0,2007-02-28,HRT.TO,2007-02-28,2007-02-28,Q1,1650.0,0.0,0.0,0.0,0.0,477939.0,0.0,0.0,0.0,477939.0,0.0,0.0,-476289.0,-288.66,-476289.0,0.0,0.0,0.0,0.0,0.0,-476289.0,-288.66,-0.013,-0.013,36072604,36072604,https://www.sedar.com/ModifyCompanyDocumentSearchForm.do?lang=EN&company_search=Harte Gold Corp&document_selection=0&industry_group=A&FromDate=13&FromMonth=05&FromYear=2000&ToDate=13&ToMonth=11&ToYear=2020&Variable=Issuer,https://www.sedar.com/ModifyCompanyDocumentSearchForm.do?lang=EN&company_search=Harte Gold Corp&document_selection=0&industry_group=A&FromDate=13&FromMonth=05&FromYear=2000&ToDate=13&ToMonth=11&ToYear=2020&Variable=Issuer
0,2006-11-30,HRT.TO,,,Q4,0.0,0.0,0.0,0.0,0.0,-29622454,0.0,0.0,0.0,-29622454,0.0,0.0,29622824,0.0,29622824,0.0,0.0,0.0,0.0,0.0,29622824,0.0,0.03464771827530192,0.03464771827530192,854971856,854971856,https://www.sedar.com/ModifyCompanyDocumentSearchForm.do?lang=EN&company_search=Harte Gold Corp&document_selection=0&industry_group=A&FromDate=13&FromMonth=05&FromYear=2000&ToDate=13&ToMonth=11&ToYear=2020&Variable=Issuer,https://www.sedar.com/ModifyCompanyDocumentSearchForm.do?lang=EN&company_search=Harte Gold Corp&document_selection=0&industry_group=A&FromDate=13&FromMonth=05&FromYear=2000&ToDate=13&ToMonth=11&ToYear=2020&Variable=Issuer
0,2006-08-31,HRT.TO,,,Q3,0.0,0.0,0.0,0.0,0.0,388765.0,0.0,0.0,0.0,388765.0,0.0,0.0,-388765.0,0.0,-388765.0,0.0,0.0,0.0,0.0,0.0,-388765.0,0.0,-0.0129,-0.0129,30245436,30245436,https://www.sedar.com/ModifyCompanyDocumentSearchForm.do?lang=EN&company_search=Harte Gold Corp&document_selection=0&industry_group=A&FromDate=13&FromMonth=05&FromYear=2000&ToDate=13&ToMonth=11&ToYear=2020&Variable=Issuer,https://www.sedar.com/ModifyCompanyDocumentSearchForm.do?lang=EN&company_search=Harte Gold Corp&document_selection=0&industry_group=A&FromDate=13&FromMonth=05&FromYear=2000&ToDate=13&ToMonth=11&ToYear=2020&Variable=Issuer
0,2006-05-31,HRT.TO,,,Q2,0.0,0.0,0.0,0.0,0.0,140613.0,0.0,0.0,0.0,140613.0,0.0,0.0,-140613.0,0.0,-140613.0,0.0,0.0,0.0,0.0,0.0,-140613.0,0.0,-0.005,-0.005,27054686,27054686,https://www.sedar.com/ModifyCompanyDocumentSearchForm.do?lang=EN&company_search=Harte Gold Corp&document_selection=0&industry_group=A&FromDate=13&FromMonth=05&FromYear=2000&ToDate=13&ToMonth=11&ToYear=2020&Variable=Issuer,https://www.sedar.com/ModifyCompanyDocumentSearchForm.do?lang=EN&company_search=Harte Gold Corp&document_selection=0&industry_group=A&FromDate=13&FromMonth=05&FromYear=2000&ToDate=13&ToMonth=11&ToYear=2020&Variable=Issuer
0,2006-02-28,HRT.TO,,,Q1,0.0,0.0,0.0,0.0,0.0,129785.0,0.0,0.0,0.0,129785.0,0.0,0.0,-129785.0,0.0,-129785.0,0.0,0.0,0.0,0.0,0.0,-129785.0,0.0,-0.005,-0.005,27054686,27054686,https://www.sedar.com/ModifyCompanyDocumentSearchForm.do?lang=EN&company_search=Harte Gold Corp&document_selection=0&industry_group=A&FromDate=13&FromMonth=05&FromYear=2000&ToDate=13&ToMonth=11&ToYear=2020&Variable=Issuer,https://www.sedar.com/ModifyCompanyDocumentSearchForm.do?lang=EN&company_search=Harte Gold Corp&document_selection=0&industry_group=A&FromDate=13&FromMonth=05&FromYear=2000&ToDate=13&ToMonth=11&ToYear=2020&Variable=Issuer
0,2005-11-30,HRT.TO,,,Q4,0.0,0.0,0.0,0.0,0.0,176916.0,0.0,0.0,0.0,176916.0,0.0,0.0,-176741.0,0.0,-176741.0,0.0,0.0,0.0,0.0,0.0,-176741.0,0.0,-0.0002067214245237097,-0.0002067214245237097,854971856,854971856,https://www.sedar.com/ModifyCompanyDocumentSearchForm.do?lang=EN&company_search=Harte Gold Corp&document_selection=0&industry_group=A&FromDate=13&FromMonth=05&FromYear=2000&ToDate=13&ToMonth=11&ToYear=2020&Variable=Issuer,https://www.sedar.com/ModifyCompanyDocumentSearchForm.do?lang=EN&company_search=Harte Gold Corp&document_selection=0&industry_group=A&FromDate=13&FromMonth=05&FromYear=2000&ToDate=13&ToMonth=11&ToYear=2020&Variable=Issuer
0,2005-08-31,HRT.TO,,,Q3,0.0,0.0,0.0,0.0,0.0,116024.0,0.0,0.0,0.0,116024.0,0.0,0.0,-116024.0,0.0,-116024.0,0.0,0.0,0.0,0.0,0.0,-116024.0,0.0,-0.0045,-0.0045,25607186,25607186,https://www.sedar.com/ModifyCompanyDocumentSearchForm.do?lang=EN&company_search=Harte Gold Corp&document_selection=0&industry_group=A&FromDate=13&FromMonth=05&FromYear=2000&ToDate=13&ToMonth=11&ToYear=2020&Variable=Issuer,https://www.sedar.com/ModifyCompanyDocumentSearchForm.do?lang=EN&company_search=Harte Gold Corp&document_selection=0&industry_group=A&FromDate=13&FromMonth=05&FromYear=2000&ToDate=13&ToMonth=11&ToYear=2020&Variable=Issuer
0,2005-05-31,HRT.TO,,,Q2,0.0,0.0,0.0,0.0,0.0,81301.0,0.0,0.0,0.0,81301.0,0.0,0.0,-81301.0,0.0,-81301.0,0.0,0.0,0.0,0.0,0.0,-81301.0,0.0,-0.003,-0.003,23620519,23620519,https://www.sedar.com/ModifyCompanyDocumentSearchForm.do?lang=EN&company_search=Harte Gold Corp&document_selection=0&industry_group=A&FromDate=13&FromMonth=05&FromYear=2000&ToDate=13&ToMonth=11&ToYear=2020&Variable=Issuer,https://www.sedar.com/ModifyCompanyDocumentSearchForm.do?lang=EN&company_search=Harte Gold Corp&document_selection=0&industry_group=A&FromDate=13&FromMonth=05&FromYear=2000&ToDate=13&ToMonth=11&ToYear=2020&Variable=Issuer
0,2005-02-28,HRT.TO,,,Q1,0.0,0.0,0.0,0.0,0.0,32143.0,0.0,0.0,0.0,32143.0,0.0,0.0,-32143.0,0.0,-32143.0,0.0,0.0,0.0,0.0,0.0,-32143.0,0.0,-0.002,-0.002,22737519,22737519,https://www.sedar.com/ModifyCompanyDocumentSearchForm.do?lang=EN&company_search=Harte Gold Corp&document_selection=0&industry_group=A&FromDate=13&FromMonth=05&FromYear=2000&ToDate=13&ToMonth=11&ToYear=2020&Variable=Issuer,https://www.sedar.com/ModifyCompanyDocumentSearchForm.do?lang=EN&company_search=Harte Gold Corp&document_selection=0&industry_group=A&FromDate=13&FromMonth=05&FromYear=2000&ToDate=13&ToMonth=11&ToYear=2020&Variable=Issuer
0,2004-11-30,HRT.TO,,,Q4,0.0,0.0,0.0,0.0,0.0,26029.0,0.0,0.0,0.0,26029.0,0.0,0.0,-26029.0,0.0,-26029.0,0.0,0.0,0.0,0.0,0.0,-151029.0,0.0,-0.00017664791997550852,-0.00017664791997550852,854971856,854971856,https://www.sedar.com/ModifyCompanyDocumentSearchForm.do?lang=EN&company_search=Harte Gold Corp&document_selection=0&industry_group=A&FromDate=13&FromMonth=05&FromYear=2000&ToDate=13&ToMonth=11&ToYear=2020&Variable=Issuer,https://www.sedar.com/ModifyCompanyDocumentSearchForm.do?lang=EN&company_search=Harte Gold Corp&document_selection=0&industry_group=A&FromDate=13&FromMonth=05&FromYear=2000&ToDate=13&ToMonth=11&ToYear=2020&Variable=Issuer
0,2004-08-31,HRT.TO,,,Q3,0.0,0.0,0.0,0.0,0.0,186117.0,0.0,0.0,0.0,186117.0,0.0,0.0,-186117.0,0.0,-186117.0,0.0,0.0,0.0,0.0,0.0,-186117.0,0.0,-0.0904,-0.0904,20568419,20568419,https://www.sedar.com/ModifyCompanyDocumentSearchForm.do?lang=EN&company_search=Harte Gold Corp&document_selection=0&industry_group=A&FromDate=13&FromMonth=05&FromYear=2000&ToDate=13&ToMonth=11&ToYear=2020&Variable=Issuer,https://www.sedar.com/ModifyCompanyDocumentSearchForm.do?lang=EN&company_search=Harte Gold Corp&document_selection=0&industry_group=A&FromDate=13&FromMonth=05&FromYear=2000&ToDate=13&ToMonth=11&ToYear=2020&Variable=Issuer
0,2004-05-31,HRT.TO,,,Q2,0.0,0.0,0.0,0.0,0.0,128302.0,0.0,0.0,0.0,128302.0,0.0,0.0,-128302.0,0.0,-128302.0,0.0,0.0,0.0,0.0,0.0,-128302.0,0.0,-0.006,-0.006,20568419,20568419,https://www.sedar.com/ModifyCompanyDocumentSearchForm.do?lang=EN&company_search=Harte Gold Corp&document_selection=0&industry_group=A&FromDate=13&FromMonth=05&FromYear=2000&ToDate=13&ToMonth=11&ToYear=2020&Variable=Issuer,https://www.sedar.com/ModifyCompanyDocumentSearchForm.do?lang=EN&company_search=Harte Gold Corp&document_selection=0&industry_group=A&FromDate=13&FromMonth=05&FromYear=2000&ToDate=13&ToMonth=11&ToYear=2020&Variable=Issuer
0,2004-02-29,HRT.TO,,,Q1,0.0,0.0,0.0,0.0,0.0,204251.0,0.0,0.0,0.0,204251.0,0.0,0.0,-204251.0,0.0,-204251.0,0.0,0.0,0.0,0.0,0.0,-204251.0,0.0,-0.011,-0.011,18148419,18148419,https://www.sedar.com/ModifyCompanyDocumentSearchForm.do?lang=EN&company_search=Harte Gold Corp&document_selection=0&industry_group=A&FromDate=13&FromMonth=05&FromYear=2000&ToDate=13&ToMonth=11&ToYear=2020&Variable=Issuer,https://www.sedar.com/ModifyCompanyDocumentSearchForm.do?lang=EN&company_search=Harte Gold Corp&document_selection=0&industry_group=A&FromDate=13&FromMonth=05&FromYear=2000&ToDate=13&ToMonth=11&ToYear=2020&Variable=Issuer
0,2003-11-30,HRT.TO,,,Q4,0.0,0.0,0.0,0.0,0.0,68837.0,0.0,0.0,0.0,68837.0,0.0,0.0,-68837.0,0.0,-68837.0,0.0,0.0,0.0,0.0,0.0,-68837.0,0.0,-8.051376137929855e-05,-8.051376137929855e-05,854971856,854971856,https://www.sedar.com/ModifyCompanyDocumentSearchForm.do?lang=EN&company_search=Harte Gold Corp&document_selection=0&industry_group=A&FromDate=13&FromMonth=05&FromYear=2000&ToDate=13&ToMonth=11&ToYear=2020&Variable=Issuer,https://www.sedar.com/ModifyCompanyDocumentSearchForm.do?lang=EN&company_search=Harte Gold Corp&document_selection=0&industry_group=A&FromDate=13&FromMonth=05&FromYear=2000&ToDate=13&ToMonth=11&ToYear=2020&Variable=Issuer
0,2003-08-31,HRT.TO,,,Q3,0.0,0.0,0.0,0.0,0.0,80852.0,0.0,0.0,0.0,80852.0,0.0,0.0,-80852.0,0.0,-80852.0,0.0,0.0,0.0,0.0,0.0,-80852.0,0.0,-0.0066,-0.0066,12183011,12183011,https://www.sedar.com/ModifyCompanyDocumentSearchForm.do?lang=EN&company_search=Harte Gold Corp&document_selection=0&industry_group=A&FromDate=13&FromMonth=05&FromYear=2000&ToDate=13&ToMonth=11&ToYear=2020&Variable=Issuer,https://www.sedar.com/ModifyCompanyDocumentSearchForm.do?lang=EN&company_search=Harte Gold Corp&document_selection=0&industry_group=A&FromDate=13&FromMonth=05&FromYear=2000&ToDate=13&ToMonth=11&ToYear=2020&Variable=Issuer
0,2003-05-31,HRT.TO,,,Q2,0.0,0.0,0.0,0.0,0.0,30808.0,0.0,0.0,0.0,30808.0,0.0,0.0,-30808.0,0.0,-30808.0,0.0,0.0,0.0,0.0,0.0,-30808.0,0.0,-0.003,-0.003,11383011,11383011,https://www.sedar.com/ModifyCompanyDocumentSearchForm.do?lang=EN&company_search=Harte Gold Corp&document_selection=0&industry_group=A&FromDate=13&FromMonth=05&FromYear=2000&ToDate=13&ToMonth=11&ToYear=2020&Variable=Issuer,https://www.sedar.com/ModifyCompanyDocumentSearchForm.do?lang=EN&company_search=Harte Gold Corp&document_selection=0&industry_group=A&FromDate=13&FromMonth=05&FromYear=2000&ToDate=13&ToMonth=11&ToYear=2020&Variable=Issuer
0,2003-02-28,HRT.TO,,,Q1,0.0,0.0,0.0,0.0,0.0,64348.0,0.0,0.0,0.0,64348.0,0.0,0.0,-64348.0,0.0,-64348.0,0.0,0.0,0.0,0.0,0.0,-64348.0,0.0,-0.006,-0.006,11383011,11383011,https://www.sedar.com/ModifyCompanyDocumentSearchForm.do?lang=EN&company_search=Harte Gold Corp&document_selection=0&industry_group=A&FromDate=13&FromMonth=05&FromYear=2000&ToDate=13&ToMonth=11&ToYear=2020&Variable=Issuer,https://www.sedar.com/ModifyCompanyDocumentSearchForm.do?lang=EN&company_search=Harte Gold Corp&document_selection=0&industry_group=A&FromDate=13&FromMonth=05&FromYear=2000&ToDate=13&ToMonth=11&ToYear=2020&Variable=Issuer
0,2002-11-30,HRT.TO,,,Q4,0.0,0.0,0.0,0.0,0.0,49538.0,0.0,0.0,0.0,49538.0,0.0,0.0,-49538.0,0.0,-49538.0,0.0,0.0,0.0,0.0,0.0,-49538.0,0.0,-5.7941088530989024e-05,-5.7941088530989024e-05,854971856,854971856,https://www.sedar.com/ModifyCompanyDocumentSearchForm.do?lang=EN&company_search=Harte Gold Corp&document_selection=0&industry_group=A&FromDate=13&FromMonth=05&FromYear=2000&ToDate=13&ToMonth=11&ToYear=2020&Variable=Issuer,https://www.sedar.com/ModifyCompanyDocumentSearchForm.do?lang=EN&company_search=Harte Gold Corp&document_selection=0&industry_group=A&FromDate=13&FromMonth=05&FromYear=2000&ToDate=13&ToMonth=11&ToYear=2020&Variable=Issuer
0,2002-08-31,HRT.TO,,,Q3,0.0,0.0,0.0,0.0,0.0,43051.0,0.0,0.0,0.0,43051.0,0.0,0.0,-43051.0,0.0,-43051.0,0.0,0.0,0.0,0.0,0.0,-43051.0,0.0,-0.0045,-0.0045,8433011.0,8433011.0,https://www.sedar.com/ModifyCompanyDocumentSearchForm.do?lang=EN&company_search=Harte Gold Corp&document_selection=0&industry_group=A&FromDate=13&FromMonth=05&FromYear=2000&ToDate=13&ToMonth=11&ToYear=2020&Variable=Issuer,https://www.sedar.com/ModifyCompanyDocumentSearchForm.do?lang=EN&company_search=Harte Gold Corp&document_selection=0&industry_group=A&FromDate=13&FromMonth=05&FromYear=2000&ToDate=13&ToMonth=11&ToYear=2020&Variable=Issuer
0,2002-05-31,HRT.TO,,,Q2,0.0,0.0,0.0,0.0,0.0,35413.0,0.0,0.0,0.0,35413.0,0.0,0.0,-35413.0,0.0,-35413.0,0.0,0.0,0.0,0.0,0.0,-35413.0,0.0,-0.005,-0.005,7433011.0,7433011.0,https://www.sedar.com/ModifyCompanyDocumentSearchForm.do?lang=EN&company_search=Harte Gold Corp&document_selection=0&industry_group=A&FromDate=13&FromMonth=05&FromYear=2000&ToDate=13&ToMonth=11&ToYear=2020&Variable=Issuer,https://www.sedar.com/ModifyCompanyDocumentSearchForm.do?lang=EN&company_search=Harte Gold Corp&document_selection=0&industry_group=A&FromDate=13&FromMonth=05&FromYear=2000&ToDate=13&ToMonth=11&ToYear=2020&Variable=Issuer
0,2002-02-28,HRT.TO,,,Q1,0.0,0.0,0.0,0.0,0.0,38779.0,0.0,0.0,0.0,38779.0,0.0,0.0,-38779.0,0.0,-38779.0,0.0,0.0,0.0,0.0,0.0,-38779.0,0.0,-0.009,-0.009,4433011.0,4433011.0,https://www.sedar.com/ModifyCompanyDocumentSearchForm.do?lang=EN&company_search=Harte Gold Corp&document_selection=0&industry_group=A&FromDate=13&FromMonth=05&FromYear=2000&ToDate=13&ToMonth=11&ToYear=2020&Variable=Issuer,https://www.sedar.com/ModifyCompanyDocumentSearchForm.do?lang=EN&company_search=Harte Gold Corp&document_selection=0&industry_group=A&FromDate=13&FromMonth=05&FromYear=2000&ToDate=13&ToMonth=11&ToYear=2020&Variable=Issuer
0,2001-11-30,HRT.TO,,,Q4,0.0,0.0,0.0,0.0,0.0,11886.0,0.0,0.0,0.0,11886.0,0.0,0.0,-11888.0,0.0,-11888.0,0.0,0.0,0.0,0.0,0.0,110729.0,0.0,0.0001295118654759555,0.0001295118654759555,854971856,854971856,https://www.sedar.com/ModifyCompanyDocumentSearchForm.do?lang=EN&company_search=Harte Gold Corp&document_selection=0&industry_group=A&FromDate=13&FromMonth=05&FromYear=2000&ToDate=13&ToMonth=11&ToYear=2020&Variable=Issuer,https://www.sedar.com/ModifyCompanyDocumentSearchForm.do?lang=EN&company_search=Harte Gold Corp&document_selection=0&industry_group=A&FromDate=13&FromMonth=05&FromYear=2000&ToDate=13&ToMonth=11&ToYear=2020&Variable=Issuer
0,2001-08-31,HRT.TO,2001-08-31,2001-08-31,Q3,1.0,0.0,0.0,0.0,0.0,7257.0,0.0,0.0,0.0,7257.0,0.0,0.0,-7256.0,-7256.0,-7256.0,0.0,-122615.0,0.0,0.0,0.0,-129872.0,-129872.0,-0.029,-0.029,2723002.0,2723002.0,https://www.sedar.com/ModifyCompanyDocumentSearchForm.do?lang=EN&company_search=Harte Gold Corp&document_selection=0&industry_group=A&FromDate=13&FromMonth=05&FromYear=2000&ToDate=13&ToMonth=11&ToYear=2020&Variable=Issuer,https://www.sedar.com/ModifyCompanyDocumentSearchForm.do?lang=EN&company_search=Harte Gold Corp&document_selection=0&industry_group=A&FromDate=13&FromMonth=05&FromYear=2000&ToDate=13&ToMonth=11&ToYear=2020&Variable=Issuer
0,2001-05-31,HRT.TO,2001-05-31,2001-05-31,Q2,1.0,0.0,0.0,0.0,0.0,14677.0,0.0,0.0,0.0,14677.0,0.0,0.0,-14676.0,-14676.0,-14676.0,0.0,0.0,0.0,0.0,0.0,-14677.0,-14677.0,-0.03,-0.03,4433414.0,4433414.0,https://www.sedar.com/ModifyCompanyDocumentSearchForm.do?lang=EN&company_search=Harte Gold Corp&document_selection=0&industry_group=A&FromDate=13&FromMonth=05&FromYear=2000&ToDate=13&ToMonth=11&ToYear=2020&Variable=Issuer,https://www.sedar.com/ModifyCompanyDocumentSearchForm.do?lang=EN&company_search=Harte Gold Corp&document_selection=0&industry_group=A&FromDate=13&FromMonth=05&FromYear=2000&ToDate=13&ToMonth=11&ToYear=2020&Variable=Issuer
0,2001-02-28,HRT.TO,2001-02-28,2001-02-28,Q1,1.0,0.0,0.0,0.0,0.0,11145.0,0.0,0.0,0.0,11145.0,0.0,0.0,-11144.0,-11144.0,-11144.0,0.0,0.0,0.0,0.0,0.0,-11145.0,-11145.0,-0.002514,-0.002514,4433411.0,4433411.0,https://www.sedar.com/ModifyCompanyDocumentSearchForm.do?lang=EN&company_search=Harte Gold Corp&document_selection=0&industry_group=A&FromDate=13&FromMonth=05&FromYear=2000&ToDate=13&ToMonth=11&ToYear=2020&Variable=Issuer,https://www.sedar.com/ModifyCompanyDocumentSearchForm.do?lang=EN&company_search=Harte Gold Corp&document_selection=0&industry_group=A&FromDate=13&FromMonth=05&FromYear=2000&ToDate=13&ToMonth=11&ToYear=2020&Variable=Issuer
0,2000-11-30,HRT.TO,2000-11-30,2000-11-30,Q4,0.0,0.0,0.0,0.0,0.0,0.0,0.0,0.0,0.0,0.0,0.0,0.0,-41256.0,0.0,-41256.0,0.0,0.0,0.0,0.0,0.0,-8553.0,0.0,-1.0003838067857991e-05,-1.0003838067857991e-05,854971856,854971856,https://www.sedar.com/ModifyCompanyDocumentSearchForm.do?lang=EN&company_search=Harte Gold Corp&document_selection=0&industry_group=A&FromDate=13&FromMonth=05&FromYear=2000&ToDate=13&ToMonth=11&ToYear=2020&Variable=Issuer,https://www.sedar.com/ModifyCompanyDocumentSearchForm.do?lang=EN&company_search=Harte Gold Corp&document_selection=0&industry_group=A&FromDate=13&FromMonth=05&FromYear=2000&ToDate=13&ToMonth=11&ToYear=2020&Variable=Issuer
0,2000-08-31,HRT.TO,2000-08-31,2000-08-31,Q3,1.0,0.0,0.0,0.0,0.0,0.0,0.0,0.0,0.0,0.0,0.0,0.0,1.0,1.0,1.0,0.0,0.0,0.0,0.0,0.0,-1479179.0,-1479179.0,-0.657012,-0.657012,2251372.0,2251372.0,https://www.sedar.com/ModifyCompanyDocumentSearchForm.do?lang=EN&company_search=Harte Gold Corp&document_selection=0&industry_group=A&FromDate=13&FromMonth=05&FromYear=2000&ToDate=13&ToMonth=11&ToYear=2020&Variable=Issuer,https://www.sedar.com/ModifyCompanyDocumentSearchForm.do?lang=EN&company_search=Harte Gold Corp&document_selection=0&industry_group=A&FromDate=13&FromMonth=05&FromYear=2000&ToDate=13&ToMonth=11&ToYear=2020&Variable=Issuer
0,2000-05-31,HRT.TO,2000-05-31,2000-05-31,Q2,1.0,0.0,0.0,0.0,0.0,0.0,0.0,0.0,0.0,0.0,0.0,0.0,1.0,1.0,1.0,0.0,0.0,0.0,0.0,0.0,-10934.0,-10934.0,-0.004857,-0.004857,2251372.0,2251372.0,https://www.sedar.com/ModifyCompanyDocumentSearchForm.do?lang=EN&company_search=Harte Gold Corp&document_selection=0&industry_group=A&FromDate=13&FromMonth=05&FromYear=2000&ToDate=13&ToMonth=11&ToYear=2020&Variable=Issuer,https://www.sedar.com/ModifyCompanyDocumentSearchForm.do?lang=EN&company_search=Harte Gold Corp&document_selection=0&industry_group=A&FromDate=13&FromMonth=05&FromYear=2000&ToDate=13&ToMonth=11&ToYear=2020&Variable=Issuer
0,2000-02-29,HRT.TO,2000-02-29,2000-02-29,Q1,1.0,0.0,0.0,0.0,0.0,0.0,0.0,0.0,0.0,0.0,0.0,0.0,1.0,1.0,1.0,0.0,0.0,0.0,0.0,0.0,-9375.0,-9375.0,-0.004164,-0.004164,2251372.0,2251372.0,https://www.sedar.com/ModifyCompanyDocumentSearchForm.do?lang=EN&company_search=Harte Gold Corp&document_selection=0&industry_group=A&FromDate=13&FromMonth=05&FromYear=2000&ToDate=13&ToMonth=11&ToYear=2020&Variable=Issuer,https://www.sedar.com/ModifyCompanyDocumentSearchForm.do?lang=EN&company_search=Harte Gold Corp&document_selection=0&industry_group=A&FromDate=13&FromMonth=05&FromYear=2000&ToDate=13&ToMonth=11&ToYear=2020&Variable=Issuer
0,1999-11-30,HRT.TO,1999-11-30,1999-11-30,Q4,0.0,0.0,0.0,0.0,0.0,0.0,0.0,0.0,0.0,0.0,0.0,0.0,0.0,0.0,0.0,0.0,0.0,0.0,0.0,0.0,-13120.0,0.0,-1.5345534368092696e-05,-1.5345534368092696e-05,854971856,854971856,https://www.sedar.com/ModifyCompanyDocumentSearchForm.do?lang=EN&company_search=Harte Gold Corp&document_selection=0&industry_group=A&FromDate=13&FromMonth=05&FromYear=2000&ToDate=13&ToMonth=11&ToYear=2020&Variable=Issuer,https://www.sedar.com/ModifyCompanyDocumentSearchForm.do?lang=EN&company_search=Harte Gold Corp&document_selection=0&industry_group=A&FromDate=13&FromMonth=05&FromYear=2000&ToDate=13&ToMonth=11&ToYear=2020&Variable=Issuer
0,1999-08-31,HRT.TO,1999-08-31,1999-08-31,Q3,1.0,0.0,0.0,0.0,0.0,0.0,0.0,0.0,0.0,0.0,0.0,0.0,1.0,1.0,1.0,0.0,0.0,0.0,0.0,0.0,-9652.0,-9652.0,-0.004287,-0.004287,2251372.0,2251372.0,https://www.sedar.com/ModifyCompanyDocumentSearchForm.do?lang=EN&company_search=Harte Gold Corp&document_selection=0&industry_group=A&FromDate=13&FromMonth=05&FromYear=2000&ToDate=13&ToMonth=11&ToYear=2020&Variable=Issuer,https://www.sedar.com/ModifyCompanyDocumentSearchForm.do?lang=EN&company_search=Harte Gold Corp&document_selection=0&industry_group=A&FromDate=13&FromMonth=05&FromYear=2000&ToDate=13&ToMonth=11&ToYear=2020&Variable=Issuer
0,1999-05-31,HRT.TO,1999-05-31,1999-05-31,Q2,1.0,0.0,0.0,0.0,0.0,0.0,0.0,0.0,0.0,0.0,0.0,0.0,1.0,1.0,1.0,0.0,0.0,0.0,0.0,0.0,-15691.0,-15691.0,-0.00697,-0.00697,2251372.0,2251372.0,https://www.sedar.com/ModifyCompanyDocumentSearchForm.do?lang=EN&company_search=Harte Gold Corp&document_selection=0&industry_group=A&FromDate=13&FromMonth=05&FromYear=2000&ToDate=13&ToMonth=11&ToYear=2020&Variable=Issuer,https://www.sedar.com/ModifyCompanyDocumentSearchForm.do?lang=EN&company_search=Harte Gold Corp&document_selection=0&industry_group=A&FromDate=13&FromMonth=05&FromYear=2000&ToDate=13&ToMonth=11&ToYear=2020&Variable=Issuer
0,1999-02-28,HRT.TO,1999-02-28,1999-02-28,Q1,1.0,0.0,0.0,0.0,0.0,0.0,0.0,0.0,0.0,0.0,0.0,0.0,1.0,1.0,1.0,0.0,0.0,0.0,0.0,0.0,-9587.0,-9587.0,-0.004258,-0.004258,2251372.0,2251372.0,https://www.sedar.com/ModifyCompanyDocumentSearchForm.do?lang=EN&company_search=Harte Gold Corp&document_selection=0&industry_group=A&FromDate=13&FromMonth=05&FromYear=2000&ToDate=13&ToMonth=11&ToYear=2020&Variable=Issuer,https://www.sedar.com/ModifyCompanyDocumentSearchForm.do?lang=EN&company_search=Harte Gold Corp&document_selection=0&industry_group=A&FromDate=13&FromMonth=05&FromYear=2000&ToDate=13&ToMonth=11&ToYear=2020&Variable=Issuer
0,1998-11-30,HRT.TO,1998-11-30,1998-11-30,Q4,0.0,0.0,0.0,0.0,0.0,0.0,0.0,0.0,0.0,0.0,0.0,0.0,0.0,0.0,0.0,0.0,0.0,0.0,0.0,0.0,-27114.0,0.0,-3.17133246079623e-05,-3.17133246079623e-05,854971856,854971856,https://www.sedar.com/ModifyCompanyDocumentSearchForm.do?lang=EN&company_search=Harte Gold Corp&document_selection=0&industry_group=A&FromDate=13&FromMonth=05&FromYear=2000&ToDate=13&ToMonth=11&ToYear=2020&Variable=Issuer,https://www.sedar.com/ModifyCompanyDocumentSearchForm.do?lang=EN&company_search=Harte Gold Corp&document_selection=0&industry_group=A&FromDate=13&FromMonth=05&FromYear=2000&ToDate=13&ToMonth=11&ToYear=2020&Variable=Issuer
0,1998-08-31,HRT.TO,1998-08-31,1998-08-31,Q3,1.0,0.0,0.0,0.0,0.0,0.0,0.0,0.0,0.0,0.0,0.0,0.0,1.0,1.0,1.0,0.0,0.0,0.0,0.0,0.0,-24722.0,-24722.0,-0.010981,-0.010981,2251372.0,2251372.0,https://www.sedar.com/ModifyCompanyDocumentSearchForm.do?lang=EN&company_search=Harte Gold Corp&document_selection=0&industry_group=A&FromDate=13&FromMonth=05&FromYear=2000&ToDate=13&ToMonth=11&ToYear=2020&Variable=Issuer,https://www.sedar.com/ModifyCompanyDocumentSearchForm.do?lang=EN&company_search=Harte Gold Corp&document_selection=0&industry_group=A&FromDate=13&FromMonth=05&FromYear=2000&ToDate=13&ToMonth=11&ToYear=2020&Variable=Issuer
0,1998-05-31,HRT.TO,1998-05-31,1998-05-31,Q2,1.0,0.0,0.0,0.0,0.0,0.0,0.0,0.0,0.0,0.0,0.0,0.0,1.0,1.0,1.0,0.0,0.0,0.0,0.0,0.0,-10567.0,-10567.0,-0.004694,-0.004694,2251372.0,2251372.0,https://www.sedar.com/ModifyCompanyDocumentSearchForm.do?lang=EN&company_search=Harte Gold Corp&document_selection=0&industry_group=A&FromDate=13&FromMonth=05&FromYear=2000&ToDate=13&ToMonth=11&ToYear=2020&Variable=Issuer,https://www.sedar.com/ModifyCompanyDocumentSearchForm.do?lang=EN&company_search=Harte Gold Corp&document_selection=0&industry_group=A&FromDate=13&FromMonth=05&FromYear=2000&ToDate=13&ToMonth=11&ToYear=2020&Variable=Issuer
0,1998-02-28,HRT.TO,1998-02-28,1998-02-28,Q1,1.0,0.0,0.0,0.0,0.0,0.0,0.0,0.0,0.0,0.0,0.0,0.0,1.0,1.0,1.0,0.0,0.0,0.0,0.0,0.0,-10201.0,-10201.0,-0.004531,-0.004531,2251372.0,2251372.0,https://www.sedar.com/ModifyCompanyDocumentSearchForm.do?lang=EN&company_search=Harte Gold Corp&document_selection=0&industry_group=A&FromDate=13&FromMonth=05&FromYear=2000&ToDate=13&ToMonth=11&ToYear=2020&Variable=Issuer,https://www.sedar.com/ModifyCompanyDocumentSearchForm.do?lang=EN&company_search=Harte Gold Corp&document_selection=0&industry_group=A&FromDate=13&FromMonth=05&FromYear=2000&ToDate=13&ToMonth=11&ToYear=2020&Variable=Issuer
