,date,symbol,fillingDate,acceptedDate,period,revenue,costOfRevenue,grossProfit,grossProfitRatio,researchAndDevelopmentExpenses,generalAndAdministrativeExpenses,sellingAndMarketingExpenses,otherExpenses,operatingExpenses,costAndExpenses,interestExpense,depreciationAndAmortization,ebitda,ebitdaratio,operatingIncome,operatingIncomeRatio,totalOtherIncomeExpensesNet,incomeBeforeTax,incomeBeforeTaxRatio,incomeTaxExpense,netIncome,netIncomeRatio,eps,epsdiluted,weightedAverageShsOut,weightedAverageShsOutDil,link,finalLink
0,2020-08-31,NTIC,2020-11-13,2020-11-13 17:00:33,Q4,10028685,6617787.0,3410898.0,0.34011418246759173,1061292.0,4251718.0,2171761.0,0.0,-1121641.0,10809156,16034.0,0.0,175127.0,0.017462608507496247,-780471.0,0.015863794704889026,803746.0,159093.0,0.015863794704889026,1804690.0,-1764872.0,-0.17598239450137282,-0.19,-0.19,9099990.0,9099990.0,https://www.sec.gov/Archives/edgar/data/875582/000117184320007980/0001171843-20-007980-index.htm,https://www.sec.gov/Archives/edgar/data/875582/000117184320007980/f10k_111320p.htm
0,2020-05-31,NTIC,2020-07-09,2020-07-09 16:07:07,Q3,9744823.0,6499102.0,3245721.0,0.3330713138658342,950127.0,4700948.0,2487396.0,0.0,-876706.0,11273471,73738.0,0.0,-1263035.0,-0.12961087133137256,-1528648.0,-0.08109321226255213,811787.0,-790239.0,-0.08109321226255213,142285.0,-965221.0,-0.09904961844868809,-0.11,-0.11,9099990.0,9099990.0,https://www.sec.gov/Archives/edgar/data/875582/000117184320004868/0001171843-20-004868-index.htm,https://www.sec.gov/Archives/edgar/data/875582/000117184320004868/f10q_070920p.htm
0,2020-02-29,NTIC,2020-04-08 00:00:00,2020-04-08 17:01:26,Q2,13233783,8687301.0,4546482.0,0.34355119771874754,1006395.0,5455353.0,3110240.0,0.0,-1256213.0,13892836,9377.0,0.0,1034022.0,0.07813502760321822,-659053.0,0.05647787937885939,1360804.0,747416.0,0.05647787937885939,463594.0,179834.0,0.013589009280264004,0.02,0.02,9097236.0,9461727.0,https://www.sec.gov/Archives/edgar/data/875582/000117184320002494/0001171843-20-002494-index.html,https://www.sec.gov/Archives/edgar/data/875582/000117184320002494/f10q_040820p.htm
0,2019-11-30,NTIC,2020-01-08 00:00:00,2020-01-08 09:21:02,Q1,14631400,9805084.0,4826316.0,0.32986016375739846,961641.0,4936979.0,2887292.0,0.0,-1358325.0,14345379,5444.0,0.0,1898702.0,0.129768989980453,286021.0,0.11096716650491409,1293990.0,1623605.0,0.11096716650491409,264066.0,1212550.0,0.08287313585849611,0.13,0.13,9095607.0,9407642.0,https://www.sec.gov/Archives/edgar/data/875582/000117184320000112/0001171843-20-000112-index.html,https://www.sec.gov/Archives/edgar/data/875582/000117184320000112/f10q_010820p.htm
0,2019-08-31,NTIC,2019-11-13 00:00:00,2019-11-13 17:01:28,Q4,13447564,9086655.0,4360909.0,0.3242898862574664,1017331.0,5253962.0,2890929.0,0.0,-1428547.0,13929401,2210.0,0.0,1453004.0,0.10804960660533015,-481837.0,0.08707279623283444,1628730.0,1170917.0,0.08707279623283444,189506.0,828846.0,0.06163540102876625,0.09,0.09,9086816.0,9342557.0,https://www.sec.gov/Archives/edgar/data/875582/000117184319007508/0001171843-19-007508-index.html,https://www.sec.gov/Archives/edgar/data/875582/000117184319007508/f10k_111319p.htm
0,2019-05-31,NTIC,2019-07-09,2019-07-09 17:01:42,Q3,14893117,10138353,4754764.0,0.31925915844211794,1005045.0,5288680.0,2761488.0,0.0,-1433823.0,14998255,5165.0,0.0,2060746.0,0.13836901972904664,-105138.0,0.12027173358001551,1877410.0,1791221.0,0.12027173358001551,150257.0,1482149.0,0.09951905971060322,0.16,0.16,9084354.0,9392444.0,https://www.sec.gov/Archives/edgar/data/875582/000117184319004479/f10q_071019p.htm,https://www.sec.gov/Archives/edgar/data/875582/000117184319004479/f10q_071019p.htm
0,2019-02-28,NTIC,2019-04-08 00:00:00,2019-04-08 08:01:42,Q2,13315404,9284099.0,4031305.0,0.3027549896345616,927537.0,4468618.0,2505081.0,0.0,-1436774.0,13243480,3835.0,0.0,2078819.0,0.1561213613946674,71924.0,0.13506364508354385,1715216.0,1798427.0,0.13506364508354385,246371.0,1401568.0,0.10525914196820464,0.155,0.15,9084354.0,9447860.0,https://www.sec.gov/Archives/edgar/data/875582/000117184319002265/0001171843-19-002265-index.html,https://www.sec.gov/Archives/edgar/data/875582/000117184319002265/f10q_040819p.htm
0,2018-11-30,NTIC,2019-01-09 00:00:00,2019-01-09 09:01:40,Q1,14094052,9461137.0,4632915.0,0.32871419801771695,872157.0,5306891.0,2811094.0,0.0,-1428435.0,14211750,2357.0,0.0,2181417.0,0.15477571673497445,-117698.0,0.13458826460978007,2004162.0,1896894.0,0.13458826460978007,255703.0,1497059.0,0.10621920509446113,0.165,0.16,9084350.0,9478576.0,https://www.sec.gov/Archives/edgar/data/875582/000117184319000202/0001171843-19-000202-index.html,https://www.sec.gov/Archives/edgar/data/875582/000117184319000202/f10q_010819p.htm
0,2018-08-31,NTIC,2018-11-13 00:00:00,2018-11-13 17:01:27,Q4,14743971,9671768.0,5072203.0,0.3440187857124787,943129.0,5345476.0,2857732.0,0.0,-1517607.0,14442766,3955.0,0.0,2336099.0,0.15844435667975745,301205.0,0.13877780958739,1733992.0,2046136.0,0.13877780958739,-252480.0,2142141.0,0.145289284684567,0.235,0.225,9082608.0,9503462.0,https://www.sec.gov/Archives/edgar/data/875582/000117184318007912/0001171843-18-007912-index.html,https://www.sec.gov/Archives/edgar/data/875582/000117184318007912/f10k_111318p.htm
0,2018-05-31,NTIC,2018-07-16 00:00:00,2018-07-16 08:02:00,Q3,12923837,8592366.0,4331471.0,0.3351536389696032,860347.0,4772479.0,2784694.0,0.0,-1508500.0,12716692,3139.0,0.0,2765046.0,0.2139493093266342,207145.0,0.19233467583969063,2246066.0,2485702.0,0.19233467583969063,181683.0,2142752.0,0.1657984389620513,0.235,0.23,9078706.0,9414064.0,https://www.sec.gov/Archives/edgar/data/875582/000117184318005179/0001171843-18-005179-index.html,https://www.sec.gov/Archives/edgar/data/875582/000117184318005179/f10q_071618p.htm
0,2018-02-28,NTIC,2018-04-16 00:00:00,2018-04-16 09:01:57,Q2,12213975,8012836.0,4201139.0,0.3439616504864305,922746.0,4448852.0,2643636.0,0.0,-1608890.0,11775544,5779.0,0.0,2542302.0,0.2081469791775405,438431.0,0.1853231237168899,1805997.0,2263532.0,0.1853231237168899,841909.0,1332847.0,0.10912475258873544,0.145,0.145,9074816.0,9346676.0,https://www.sec.gov/Archives/edgar/data/875582/000117184318002728/0001171843-18-002728-index.html,https://www.sec.gov/Archives/edgar/data/875582/000117184318002728/f10q_041618p.htm
0,2017-11-30,NTIC,2018-01-12 00:00:00,2018-01-12 16:24:16,Q1,11543038,7888470.0,3654568.0,0.3166036532150375,798731.0,4819694.0,2599949.0,0.0,-1507142.0,11999753,5089.0,0.0,1579332.0,0.13682117307419417,-456715.0,0.11293214143451663,1741328.0,1303580.0,0.11293214143451663,104991.0,1083626.0,0.0938770192041298,0.12,0.12,9074736.0,9217576.0,https://www.sec.gov/Archives/edgar/data/875582/000117184318000341/0001171843-18-000341-index.html,https://www.sec.gov/Archives/edgar/data/875582/000117184318000341/f10q_011218p.htm
0,2017-08-31,NTIC,2017-11-21 00:00:00,2017-11-21 10:45:27,Q4,10901178,7059558.0,3841620.0,0.3524041163257769,794183.0,4377506.0,2566920.0,0.0,-1511020.0,10720227,4880.0,0.0,1997072.0,0.18319781586907397,180951.0,0.16110956081994074,1555749.0,1756284.0,0.16110956081994074,219096.0,1385105.0,0.1270601213923853,0.155,0.15,9054740.0,9187490.0,https://www.sec.gov/Archives/edgar/data/875582/000117184317007207/0001171843-17-007207-index.html,https://www.sec.gov/Archives/edgar/data/875582/000117184317007207/f10k_112117p.htm
0,2017-05-31,NTIC,2017-07-14 00:00:00,2017-07-14 11:13:27,Q3,10223019,6774001.0,3449018.0,0.3373776376626122,733651.0,4113493.0,2430824.0,0.0,-1442048.0,10179097,7409.0,0.0,1966070.0,0.19231794443500497,43922.0,0.16957075008859906,1686016.0,1733525.0,0.16957075008859906,237801.0,1352416.0,0.13229125368934558,0.15,0.15,9053542.0,9183054.0,https://www.sec.gov/Archives/edgar/data/875582/000117184317004086/0001171843-17-004086-index.html,https://www.sec.gov/Archives/edgar/data/875582/000117184317004086/f10q_071417p.htm
0,2017-02-28,NTIC,2017-04-11 00:00:00,2017-04-11 09:01:32,Q2,8742903.0,5870186.0,2872717.0,0.32857701841139036,742037.0,4089010.0,2246482.0,0.0,-1184028.0,9517205.0,3470.0,0.0,834798.0,0.09548293055521719,-774302.0,0.06975749359223132,1383139.0,609883.0,0.06975749359223132,124909.0,386966.0,0.04426058484235728,0.045,0.045,9050182.0,9124048.0,https://www.sec.gov/Archives/edgar/data/875582/000117184317002059/0001171843-17-002059-index.html,https://www.sec.gov/Archives/edgar/data/875582/000117184317002059/f10q_041117p.htm
0,2016-11-30,NTIC,2017-01-17 00:00:00,2017-01-17 08:01:23,Q1,9702023.0,6612766.0,3089257.0,0.31841369578282797,642522.0,4510864.0,2039084.0,0.0,-1315591.0,10450561,4623.0,0.0,752684.0,0.07758010880823515,-748538.0,0.05405120148653533,1274004.0,524406.0,0.05405120148653533,117713.0,297639.0,0.03067803487994205,0.035,0.035,9063900.0,9117756.0,https://www.sec.gov/Archives/edgar/data/875582/000117184317000251/0001171843-17-000251-index.html,https://www.sec.gov/Archives/edgar/data/875582/000117184317000251/f10q_011717p.htm
0,2016-08-31,NTIC,2016-11-22 00:00:00,2016-11-22 15:44:36,Q4,9517619.0,6399260.0,3118359.0,0.3276406630691983,1375024.0,3920417.0,1747637.0,-7255.0,-1208769.0,10485932,-17726.0,0.0,-1525410.0,-0.16027222774939826,-968313.0,-0.18017878210926494,-747976.0,-1714873.0,-0.18017878210926494,363761.0,-1442747.0,-0.15158696728667118,-0.16,-0.16,9075008.0,9075008.0,https://www.sec.gov/Archives/edgar/data/875582/000117184316013352/0001171843-16-013352-index.html,https://www.sec.gov/Archives/edgar/data/875582/000117184316013352/f10k_112216p.htm
0,2016-05-31,NTIC,2016-07-11,2016-07-11 09:01:11,Q3,8686575.0,5777249.0,2909326.0,0.3349221068142507,1231950.0,3198277.0,1507200.0,6294.0,-1085122.0,9122354.0,15465.0,0.0,1455744.0,0.1675854983120505,-435779.0,0.1438290695699974,1670758.0,1249382.0,0.1438290695699974,225395.0,917373.0,0.10560813669369112,0.1,0.1,9077940.0,9127602.0,https://www.sec.gov/Archives/edgar/data/875582/000117184316011028/f10q_071116p.htm,https://www.sec.gov/Archives/edgar/data/875582/000117184316011028/f10q_071116p.htm
0,2016-02-29,NTIC,2016-04-11 00:00:00,2016-04-11 11:01:07,Q2,7704934.0,5268224.0,2436710.0,0.3162531956795477,1113525.0,2984520.0,1475433.0,961.0,-673572.0,8692697.0,10796.0,0.0,172397.0,0.022374883418858616,-987763.0,-0.003964602422292001,953628.0,-30547.0,-0.003964602422292001,40466.0,-107789.0,-0.013989607178984271,-0.01,-0.01,9074858.0,9074858.0,https://www.sec.gov/Archives/edgar/data/875582/000117184316009098/0001171843-16-009098-index.html,https://www.sec.gov/Archives/edgar/data/875582/000117184316009098/f10q_041116p.htm
0,2015-11-30,NTIC,2016-01-11 00:00:00,2016-01-11 09:01:16,Q1,7024437.0,4875423.0,2149014.0,0.3059339844602493,1004097.0,3382696.0,1525083.0,0.0,-1168435.0,8093781.0,4726.0,0.0,117388.0,0.016711374876022093,-1069344.0,-0.010839872291544504,983753.0,-76144.0,-0.010839872291544504,-3502.0,-234351.0,-0.03336224668254552,-0.025,-0.025,9076742.0,9076742.0,https://www.sec.gov/Archives/edgar/data/875582/000117184316007133/0001171843-16-007133-index.html,https://www.sec.gov/Archives/edgar/data/875582/000117184316007133/gff10q_011116p.htm
0,2015-08-31,NTIC,2015-11-13 00:00:00,2015-11-13 17:02:47,Q4,8102314.0,5496374.0,2605940.0,0.3216291049692717,1078400.0,3389163.0,1651793.0,-1630.0,-926257.0,9037680.0,6728.0,0.0,369892.0,0.045652637012093086,-935366.0,0.024181363496897305,1128688.0,195925.0,0.024181363496897305,153196.0,4515.0,0.0005572482132882038,0.000498,0.000492,9058502.0,9170392.0,https://www.sec.gov/Archives/edgar/data/875582/000117184315006334/0001171843-15-006334-index.html,https://www.sec.gov/Archives/edgar/data/875582/000117184315006334/gff10k_111315.htm
0,2015-05-31,NTIC,2015-07-10 00:00:00,2015-07-10 09:00:35,Q3,8277575.0,5595207.0,2682368.0,0.3240523945720818,1064710.0,3137710.0,1434627.0,0.0,-976378.0,8821249.0,6004.0,0.0,1350792.0,0.16318692370652033,-543674.0,0.14293799814559216,1724915.0,1183180.0,0.14293799814559216,114180.0,905435.0,0.10938408893909146,0.1,0.1,9050218.0,9189984.0,https://www.sec.gov/Archives/edgar/data/875582/000117184315003761/0001171843-15-003761-index.html,https://www.sec.gov/Archives/edgar/data/875582/000117184315003761/f10q_071015.htm
0,2015-02-28,NTIC,2015-04-09 00:00:00,2015-04-09 17:24:29,Q2,6728709.0,4657740.0,2070969.0,0.30778103199291273,854256.0,2892302.0,1339441.0,2145.0,-338733.0,8065565.0,3223.0,0.0,292031.0,0.0434007474539321,-1336856.0,0.020679895653088875,1476794.0,139149.0,0.020679895653088875,197614.0,-128644.0,-0.019118674919661408,-0.015,-0.015,9045028.0,9045028.0,https://www.sec.gov/Archives/edgar/data/875582/000117184315001899/0001171843-15-001899-index.html,https://www.sec.gov/Archives/edgar/data/875582/000117184315001899/f10q_041015.htm
0,2014-11-30,NTIC,2015-01-08,2015-01-08 11:29:28,Q1,7214095.0,4806611.0,2407484.0,0.33371947555445275,1049913.0,2933149.0,1394887.0,0.0,-1606553.0,7183120.0,5005.0,0.0,1792391.0,0.24845680573932005,30975.0,0.2284111867115695,1606683.0,1647780.0,0.2284111867115695,183684.0,1008265.0,0.13976319968062523,0.11,0.11,9037946.0,9319242.0,https://www.sec.gov/Archives/edgar/data/875582/000117184314005562/f10k_111414.htm,https://www.sec.gov/Archives/edgar/data/875582/000117184314005562/f10k_111414.htm
0,2014-08-31,NTIC,2014-11-14 00:00:00,2014-11-14 14:01:00,Q4,7377180.0,4923967.0,2453213.0,0.33254075405507255,1026255.0,2784721.0,1296272.0,4393.0,-1615446.0,7119497.0,14613.0,0.0,1913359.0,0.25936184287220865,257683.0,0.2382063335854622,1508332.0,1757291.0,0.2382063335854622,305623.0,1242525.0,0.16842817987361025,0.14,0.135,8974956.0,9189992.0,https://www.sec.gov/Archives/edgar/data/875582/000117184314005562/0001171843-14-005562-index.html,https://www.sec.gov/Archives/edgar/data/875582/000117184314005562/f10k_111414.htm
0,2014-05-31,NTIC,2014-07-11 00:00:00,2014-07-11 08:00:40,Q3,6920820.0,4669322.0,2251498.0,0.32532243289090024,1104632.0,2622917.0,1315264.0,0.0,-1647817.0,6749054.0,7063.0,0.0,1906247.0,0.27543658121436476,171766.0,0.25423822610615504,1593465.0,1759537.0,0.25423822610615504,361280.0,980217.0,0.1416330723815964,0.11,0.105,8923760.0,9180688.0,https://www.sec.gov/Archives/edgar/data/875582/000117184314003221/0001171843-14-003221-index.html,https://www.sec.gov/Archives/edgar/data/875582/000117184314003221/f10q_071114.htm
0,2014-02-28,NTIC,2014-04-11 00:00:00,2014-04-11 08:00:42,Q2,6219008.0,4051833.0,2167175.0,0.3484759948853579,1099345.0,2501249.0,1291316.0,0.0,-1691202.0,5961225.0,11976.0,0.0,1778119.0,0.2859168214609147,257783.0,0.2643231846622484,1395451.0,1643828.0,0.2643231846622484,259759.0,1025044.0,0.16482435783970692,0.115,0.11,8869674.0,9159206.0,https://www.sec.gov/Archives/edgar/data/875582/000117184314001659/0001171843-14-001659-index.html,https://www.sec.gov/Archives/edgar/data/875582/000117184314001659/f10q_041114.htm
0,2013-11-30,NTIC,2014-01-10,2014-01-10 10:46:20,Q1,6309100.0,4158031.0,2151069.0,0.3409470447448923,1138520.0,2706382.0,1318886.0,0.0,-1780384.0,6222549.0,13670.0,0.0,1654212.0,0.2621946077887496,86551.0,0.2381350747333217,1427748.0,1502418.0,0.2381350747333217,198000.0,858586.0,0.1360869220649538,0.095,0.095,8869540.0,9105338.0,https://www.sec.gov/Archives/edgar/data/875582/000117184313004772/f10k_112213.htm,https://www.sec.gov/Archives/edgar/data/875582/000117184313004772/f10k_112213.htm
0,2013-08-31,NTIC,2013-11-22 00:00:00,2013-11-22 12:50:29,Q4,6086734.0,4093963.0,1992771.0,0.3273957757970038,962265.0,2364415.0,1256829.0,670126.0,-1456953.0,5963690.0,-12233.0,0.0,2419509.0,0.39750529594360456,123044.0,0.3768919423782935,2174768.0,2294041.0,0.3768919423782935,332000.0,1615750.0,0.26545434710963217,0.18,0.18,8863896.0,9002034.0,https://www.sec.gov/Archives/edgar/data/875582/000117184313004772/0001171843-13-004772-index.html,https://www.sec.gov/Archives/edgar/data/875582/000117184313004772/f10k_112213.htm
0,2013-05-31,NTIC,2013-07-12 00:00:00,2013-07-12 16:50:46,Q3,5877033.0,4054364.0,1822669.0,0.3101342122802441,1002651.0,2349397.0,1243687.0,0.0,-1582815.0,5823597.0,50986.0,0.0,1619141.0,0.2755031322778007,53436.0,0.24600321284566548,1440335.0,1445769.0,0.24600321284566548,158000.0,927112.0,0.15775170906816416,0.105,0.105,8842758.0,8937722.0,https://www.sec.gov/Archives/edgar/data/875582/000117184313002744/0001171843-13-002744-index.html,https://www.sec.gov/Archives/edgar/data/875582/000117184313002744/f10q_071213.htm
0,2013-02-28,NTIC,2013-04-12 00:00:00,2013-04-12 08:00:50,Q2,5246350.0,3633913.0,1612437.0,0.30734453477179374,912393.0,2318052.0,1174065.0,0.0,-1449425.0,5414933.0,6988.0,0.0,1116006.0,0.21272046279794524,-168583.0,0.1877791226281129,1138438.0,985155.0,0.1877791226281129,240000.0,434410.0,0.0828023292384229,0.05,0.05,8837642.0,8970152.0,https://www.sec.gov/Archives/edgar/data/875582/000117184313001336/0001171843-13-001336-index.html,https://www.sec.gov/Archives/edgar/data/875582/000117184313001336/f10q_041213.htm
0,2012-11-30,NTIC,2013-01-14 00:00:00,2013-01-14 06:09:33,Q1,5291747.0,3690972.0,1600775.0,0.30250406907208527,938206.0,2789478.0,1171095.0,0.0,-1476590.0,7418656.0,6474.0,0.0,-824134.0,-0.15573949397051673,-2126909.0,0.1686656599417924,3000573.0,892536.0,0.1686656599417924,134000.0,389622.0,0.0736282365729125,0.045,0.045,8812410.0,8880872.0,https://www.sec.gov/Archives/edgar/data/875582/000117184313000136/0001171843-13-000136-index.html,https://www.sec.gov/Archives/edgar/data/875582/000117184313000136/f10q_011413.htm
0,2012-08-31,NTIC,2012-11-21 00:00:00,2012-11-21 12:24:21,Q4,5170307.0,3695713.0,1474594.0,0.2852043408640918,1019045.0,2308102.0,1192337.0,0.0,0.0,7022860.0,9874.0,0.0,536121.0,0.10369229525442106,-1852553.0,0.0805776136697492,10143845,416611.0,0.0805776136697492,21000.0,429209.0,0.08301421946511106,0.0,0.0,0.0,0.0,https://www.sec.gov/Archives/edgar/data/875582/000117184312004247/0001171843-12-004247-index.html,https://www.sec.gov/Archives/edgar/data/875582/000117184312004247/f10k_112112.htm
0,2012-05-31,NTIC,2012-07-13 00:00:00,2012-07-13 08:00:52,Q3,7804904.0,4143514.0,3661390.0,0.4691140339458371,1067454.0,2712909.0,1270996.0,0.0,0.0,7923877.0,6264.0,0.0,2582663.0,0.33090259662386623,-118973.0,0.31449752617072546,6825.0,2454623.0,0.31449752617072546,814000.0,1454037.0,0.1862978711845783,0.165,0.165,8798580.0,8922088.0,https://www.sec.gov/Archives/edgar/data/875582/000117184312002551/0001171843-12-002551-index.html,https://www.sec.gov/Archives/edgar/data/875582/000117184312002551/f10q_071312.htm
0,2012-02-29,NTIC,2012-04-12,2012-04-12 08:00:46,Q2,4974328.0,3480082.0,1494246.0,0.3003915302730339,974777.0,2350451.0,1014082.0,0.0,0.0,6805310.0,7284.0,0.0,832339.0,0.16732692335527533,-1830982.0,0.14152484516501526,0.0,703991.0,0.14152484516501526,100000.0,606193.0,0.12186430006223957,0.07,0.07,8796712.0,8932870.0,https://www.sec.gov/Archives/edgar/data/875582/000117184312001217/f10q_041212.htm,https://www.sec.gov/Archives/edgar/data/875582/000117184312001217/f10q_041212.htm
0,2011-11-30,NTIC,2012-01-13 00:00:00,2012-01-13 08:00:37,Q1,4832114.0,3209476.0,1622638.0,0.3358029218681513,814305.0,2578763.0,1108486.0,0.0,0.0,6602544.0,5966.0,0.0,-285090.0,-0.05899902196016071,-1770430.0,0.21552078448480314,2809757.0,1041421.0,0.21552078448480314,106000.0,958757.0,0.19841357219635133,0.11,0.11,8711332.0,8867448.0,https://www.sec.gov/Archives/edgar/data/875582/000117184312000110/0001171843-12-000110-index.html,https://www.sec.gov/Archives/edgar/data/875582/000117184312000110/f10q_011412.htm
0,2011-08-31,NTIC,2011-11-21 00:00:00,2011-11-18 17:31:17,Q4,5549190.0,3612852.0,1936338.0,0.34894065620387843,1055594.0,2045124.0,1002467.0,0.0,277621.0,6991191.0,6186.0,0.0,1417860.0,0.255507560562893,-1442001.0,0.23312231154456778,6825.0,1293640.0,0.23312231154456778,216000.0,1027751.0,0.18520739062818178,0.0,0.0,0.0,0.0,https://www.sec.gov/Archives/edgar/data/875582/000117184311003555/0001171843-11-003555-index.html,https://www.sec.gov/Archives/edgar/data/875582/000117184311003555/f10k_111811.htm
0,2011-05-31,NTIC,2011-07-13 00:00:00,2011-07-13 10:00:35,Q3,5100778.0,3458851.0,1641927.0,0.3218973654607199,1207889.0,2294453.0,1167630.0,0.0,244959.0,7206152.0,7880.0,0.0,1372422.0,0.26906130790244154,-2105374.0,0.24509104297422865,6825.0,1250155.0,0.24509104297422865,228000.0,1023549.0,0.20066527106257123,0.12,0.115,8687202.0,8854194.0,https://www.sec.gov/Archives/edgar/data/875582/000117184311001977/0001171843-11-001977-index.html,https://www.sec.gov/Archives/edgar/data/875582/000117184311001977/f10q_071311.htm
0,2011-02-28,NTIC,2011-04-13 00:00:00,2011-04-13 09:30:33,Q2,4778118.0,3006232.0,1771886.0,0.3708334536736012,907170.0,2240465.0,921554.0,0.0,0.0,6153867.0,22241.0,0.0,1285779.0,0.26909737264755706,-1375749.0,0.23884278286974076,2531808.0,1141219.0,0.23884278286974076,140000.0,949039.0,0.19862192603866208,0.11,0.11,8681868.0,8839842.0,https://www.sec.gov/Archives/edgar/data/875582/000117184311000982/0001171843-11-000982-index.html,https://www.sec.gov/Archives/edgar/data/875582/000117184311000982/f10q_041311.htm
0,2010-11-30,NTIC,2011-01-12,2011-01-12 09:28:43,Q1,4098441.0,2690705.0,1407736.0,0.34348085040140874,1193456.0,2331941.0,999053.0,0.0,0.0,6216102.0,23234.0,0.0,-1988513.0,-0.4851876603811059,-2117661.0,0.24811239200466714,3153836.0,1016874.0,0.24811239200466714,122000.0,899781.0,0.21954226009353311,0.105,0.105,8528374.0,8649514.0,https://www.sec.gov/Archives/edgar/data/875582/000110465910059629/a10-21679_110k.htm,https://www.sec.gov/Archives/edgar/data/875582/000110465910059629/a10-21679_110k.htm
0,2010-08-31,NTIC,2010-11-23 00:00:00,2010-11-23 10:28:47,Q4,5561686.0,3613821.0,1947865.0,0.35022922905032755,807205.0,2542810.0,1055113.0,0.0,0.0,6963836.0,24039.0,0.0,1020127.0,0.18342045919169114,-1402150.0,0.1550991911445558,4619.0,862613.0,0.1550991911445558,-11000.0,849442.0,0.15273102436922906,0.0,0.0,0.0,0.0,https://www.sec.gov/Archives/edgar/data/875582/000110465910059629/0001104659-10-059629-index.html,https://www.sec.gov/Archives/edgar/data/875582/000110465910059629/a10-21679_110k.htm
0,2010-05-31,NTIC,2010-07-14 00:00:00,2010-07-14 08:21:37,Q3,3237198.0,2172902.0,1064296.0,0.32877074556452834,960780.0,1897199.0,819572.0,0.0,0.0,5030881.0,23867.0,0.0,992963.0,0.3067353309868596,-1793683.0,0.2600915977335955,6825.0,841968.0,0.2600915977335955,-110000.0,951698.0,0.29398819596453474,0.115,0.11,8488172.0,8599710.0,https://www.sec.gov/Archives/edgar/data/875582/000110465910037915/0001104659-10-037915-index.html,https://www.sec.gov/Archives/edgar/data/875582/000110465910037915/a10-13010_110q.htm
0,2010-02-28,NTIC,2010-04-13 00:00:00,2010-04-12 17:42:22,Q2,2876478.0,1840647.0,1035831.0,0.3601039187506388,32483.0,1394505.0,555270.0,0.0,0.0,3267635.0,23783.0,0.0,408911.0,0.14215683207033045,-391157.0,0.08782997818860426,657509.0,252641.0,0.08782997818860426,-94000.0,346641.0,0.12050883059074326,0.04,0.04,8481358.0,8572744.0,https://www.sec.gov/Archives/edgar/data/875582/000110465910019375/0001104659-10-019375-index.html,https://www.sec.gov/Archives/edgar/data/875582/000110465910019375/a10-7949_110q.htm
0,2009-11-30,NTIC,2010-01-14 00:00:00,2010-01-14 09:56:44,Q1,2711402.0,1757496.0,953906.0,0.3518128259844907,35117.0,1481681.0,561652.0,0.0,0.0,3274294.0,25987.0,0.0,573596.0,0.211549596850633,-562892.0,0.15516142571260183,6825.0,420705.0,0.15516142571260183,-15000.0,435705.0,0.16069361902071327,0.055,0.05,8298192.0,8330882.0,https://www.sec.gov/Archives/edgar/data/875582/000110465910001629/0001104659-10-001629-index.html,https://www.sec.gov/Archives/edgar/data/875582/000110465910001629/a10-1828_110q.htm
0,2009-08-31,NTIC,2009-11-30 00:00:00,2009-11-30 15:38:00,Q4,1896560.0,1176593.0,719967.0,0.379617307124478,-36646.0,1119863.0,500580.0,0.0,0.0,2259810.0,30140.0,0.0,-532378.0,-0.2807071750959632,-363250.0,-0.5960749989454591,-735614.0,-1130492.0,-0.5960749989454591,75000.0,-1205492.0,-0.6356202809296833,0.0,0.0,0.0,0.0,https://www.sec.gov/Archives/edgar/data/875582/000110465909067552/0001104659-09-067552-index.html,https://www.sec.gov/Archives/edgar/data/875582/000110465909067552/a09-34324_110k.htm
0,2009-05-31,NTIC,2009-07-14 00:00:00,2009-07-14 08:00:22,Q3,1673634.0,995672.0,677962.0,0.4050837877337578,13823.0,1176748.0,577736.0,0.0,0.0,2186243.0,27933.0,0.0,-378091.0,-0.22591020497910536,-512609.0,-0.3553220118616137,-60646.0,-594679.0,-0.3553220118616137,44000.0,-638679.0,-0.38161210874062074,-0.085,-0.085,7509192.0,7509192.0,https://www.sec.gov/Archives/edgar/data/875582/000110465909043033/0001104659-09-043033-index.html,https://www.sec.gov/Archives/edgar/data/875582/000110465909043033/a09-18139_110q.htm
0,2009-02-28,NTIC,2009-04-14 00:00:00,2009-04-14 12:20:00,Q2,1734170.0,1155436.0,578734.0,0.3337239140338029,31395.0,1220320.0,575796.0,0.0,0.0,2407151.0,42440.0,0.0,-542128.0,-0.3126152568663972,-672981.0,-1.134658655149149,-1254206.0,-1967691.0,-1.134658655149149,-454000.0,-1513691.0,-0.8728619454840068,-0.205,-0.205,7501940.0,7501940.0,https://www.sec.gov/Archives/edgar/data/875582/000110465909023948/0001104659-09-023948-index.html,https://www.sec.gov/Archives/edgar/data/875582/000110465909023948/a09-9916_110q.htm
0,2008-11-30,NTIC,2009-01-14 00:00:00,2009-01-13 17:44:29,Q1,3270944.0,2292967.0,977977.0,0.2989892214602268,6067.0,1712008.0,0.0,0.0,0.0,4011042.0,0.0,0.0,-753158.0,-0.23025707563321168,-740098.0,0.014028366123051939,808277.0,45886.0,0.014028366123051939,33000.0,12886.0,0.0039395354980091375,0.0,0.0,7470866.0,7541144.0,https://www.sec.gov/Archives/edgar/data/875582/000110465909002054/0001104659-09-002054-index.html,https://www.sec.gov/Archives/edgar/data/875582/000110465909002054/a09-2983_110q.htm
0,2008-08-31,NTIC,2008-11-25 00:00:00,2008-11-25 09:20:34,Q4,3172590.0,1875190.0,1297400.0,0.40894032950995873,31336.0,1675299.0,0.0,0.0,0.0,3581825.0,0.0,0.0,-1009585.0,-0.31822107489464446,-409235.0,0.06396099086235536,641074.0,202922.0,0.06396099086235536,-245000.0,447922.0,0.14118496244393383,0.0,0.0,0.0,0.0,https://www.sec.gov/Archives/edgar/data/875582/000110465908072839/0001104659-08-072839-index.html,https://www.sec.gov/Archives/edgar/data/875582/000110465908072839/a08-29149_110k.htm
0,2008-05-31,NTIC,2008-07-09,2008-07-09 11:00:52,Q3,3269721.0,2059855.0,1209866.0,0.37002117306033144,32631.0,1502541.0,0.0,0.0,0.0,3595027.0,0.0,0.0,-187964.0,-0.057486250355917215,-325306.0,0.2863082201814773,1250811.0,936148.0,0.2863082201814773,148000.0,788148.0,0.24104441938624122,0.105,0.105,7446332.0,7517292.0,https://www.sec.gov/Archives/edgar/data/875582/000110465908044616/a08-18227_110qsb.htm,https://www.sec.gov/Archives/edgar/data/875582/000110465908044616/a08-18227_110qsb.htm
0,2008-02-29,NTIC,2008-04-14,2008-04-14 07:05:35,Q2,2762856.0,1609954.0,1152902.0,0.4172863153200891,53616.0,1648827.0,0.0,0.0,0.0,3312397.0,0.0,0.0,-1052113.0,-0.38080631057137976,-549541.0,0.3071785138277203,1437890.0,848690.0,0.3071785138277203,189000.0,659690.0,0.23877103982256043,0.09,0.09,7441044.0,7507494.0,https://www.sec.gov/Archives/edgar/data/875582/000110465908024038/a08-10719_110qsb.htm,https://www.sec.gov/Archives/edgar/data/875582/000110465908024038/a08-10719_110qsb.htm
0,2007-11-30,NTIC,2008-01-11,2008-01-11 15:10:51,Q1,3485585.0,2093691.0,1391894.0,0.39932866362461394,57128.0,1807941.0,0.0,0.0,0.0,3958760.0,0.0,0.0,-524561.0,-0.1504943933371299,-473175.0,0.21121160436483402,1218761.0,736196.0,0.21121160436483402,78000.0,658196.0,0.18883372518529887,0.09,0.09,7384306.0,7468204.0,https://www.sec.gov/Archives/edgar/data/875582/000120677407002753/northerntech_10ksb.htm,https://www.sec.gov/Archives/edgar/data/875582/000120677407002753/northerntech_10ksb.htm
0,2007-08-31,NTIC,2007-11-29,2007-11-29 14:11:23,Q4,3918963.0,2519049.0,1399914.0,0.3572154164252125,52672.0,1595990.0,0.0,0.0,0.0,4167711.0,32869.0,0.0,-450877.0,-0.11505007829877445,-248748.0,0.24807098204295372,1233172.0,972181.0,0.24807098204295372,-185000.0,1157181.0,0.29527734760445556,0.0,0.0,0.0,0.0,https://www.sec.gov/Archives/edgar/data/875582/000120677407002753/northerntech_10ksb.htm,https://www.sec.gov/Archives/edgar/data/875582/000120677407002753/northerntech_10ksb.htm
0,2007-05-31,NTIC,2007-07-12,2007-07-12 16:54:48,Q3,4407798.0,2876012.0,1531786.0,0.3475172864092229,46941.0,1495118.0,0.0,0.0,0.0,4418071.0,41139.0,0.0,96031.0,0.021786615448348586,-10273.0,0.16307462365562125,761939.0,718800.0,0.16307462365562125,91000.0,627800.0,0.14242939445047165,0.085,0.085,7358032.0,7417252.0,https://www.sec.gov/Archives/edgar/data/875582/000120677407001755/nt139420.htm,https://www.sec.gov/Archives/edgar/data/875582/000120677407001755/nt139420.htm
0,2007-02-28,NTIC,2007-04-12,2007-04-12 10:24:40,Q2,3884895.0,2459064.0,1425831.0,0.3670191858467217,45335.0,1614454.0,0.0,0.0,0.0,4118853.0,0.0,0.0,1918.0,0.0004937070371271295,-233958.0,0.15346695341830346,874606.0,596203.0,0.15346695341830346,148000.0,448203.0,0.11537068569420796,0.06,0.06,7328496.0,7380520.0,https://www.sec.gov/Archives/edgar/data/875582/000120677407000981/nt110590.htm,https://www.sec.gov/Archives/edgar/data/875582/000120677407000981/nt110590.htm
0,2006-11-30,NTIC,2007-01-12,2007-01-12 17:27:52,Q1,4617374.0,2945055.0,1672319.0,0.3621796718221223,0.0,1676961.0,0.0,0.0,1.0,4622017.0,0.0,0.0,-431454.0,-0.09344142363170062,-4643.0,0.24304377336555366,1178399.0,1122224.0,0.24304377336555366,132000.0,990224.0,0.21445609560758994,0.135,0.135,7248628.0,7336190.0,https://www.sec.gov/Archives/edgar/data/875582/000120677407002700/nt139420.htm,https://www.sec.gov/Archives/edgar/data/875582/000120677407002700/nt139420.htm
0,2006-08-31,NTIC,2007-11-20,2007-11-19 21:35:31,Q4,4105271.0,2542721.0,1562550.0,0.38062042676354374,82839.0,1537295.0,0.0,0.0,0.0,4162855.0,0.0,0.0,31841.0,0.007756126209451215,-57584.0,-0.39762783017247827,215516.0,-1632370.0,-0.39762783017247827,-19000.0,162389.0,0.03955621930927337,0.0,0.0,0.0,0.0,https://www.sec.gov/Archives/edgar/data/875582/000120677407002700/nt139420.htm,https://www.sec.gov/Archives/edgar/data/875582/000120677407002700/nt139420.htm
0,2006-05-31,NTIC,2006-07-14,2006-07-14 09:12:00,Q3,4320371.0,2759360.0,1561011.0,0.3613141093669965,65411.0,1510312.0,0.0,0.0,0.0,4335083.0,0.0,0.0,76492.0,0.017704960985989397,-14712.0,0.1592370192282098,721335.0,687963.0,0.1592370192282098,-30000.0,717963.0,0.16618086733755041,0.1,0.1,7221986.0,7277590.0,https://www.sec.gov/Archives/edgar/data/875582/000120677406001542/nt110590.htm,https://www.sec.gov/Archives/edgar/data/875582/000120677406001542/nt110590.htm
0,2006-02-28,NTIC,2006-04-13,2006-04-13 09:03:50,Q2,3775693.0,2315245.0,1460448.0,0.38680263464217035,78672.0,1438145.0,0.0,0.0,0.0,3832062.0,0.0,0.0,31605.0,0.008370648778912904,-56369.0,0.06243357179728331,314851.0,235730.0,0.06243357179728331,31000.0,204730.0,0.054223158503617745,0.03,0.03,7195630.0,7257188.0,https://www.sec.gov/Archives/edgar/data/875582/000120677406000757/nt110590.htm,https://www.sec.gov/Archives/edgar/data/875582/000120677406000757/nt110590.htm
0,2005-11-30,NTIC,2006-01-17,2006-01-17 11:08:36,Q1,4403630.0,2729111.0,1674519.0,0.38025878650113654,0.0,1454268.0,0.0,0.0,0.0,4183379.0,0.0,0.0,362564.0,0.08233298437879659,220251.0,0.20573594965971256,677994.0,905985.0,0.20573594965971256,272000.0,633985.0,0.143968725801214,0.09,0.09,7179986.0,7215128.0,https://www.sec.gov/Archives/edgar/data/875582/000120677405001876/nt101265.htm,https://www.sec.gov/Archives/edgar/data/875582/000120677405001876/nt101265.htm
0,2005-08-31,NTIC,2005-11-21,2005-11-21 15:57:30,Q4,3825841.0,2433471.0,1392370.0,0.36393828180522925,0.0,586509.0,0.0,0.0,0.0,3779642.0,0.0,0.0,67274.0,0.01758410765110207,46199.0,0.16284785488994447,543978.0,623030.0,0.16284785488994447,-11000.0,634030.0,0.16572303971858737,0.0,0.0,0.0,0.0,https://www.sec.gov/Archives/edgar/data/875582/000120677405001876/nt101265.htm,https://www.sec.gov/Archives/edgar/data/875582/000120677405001876/nt101265.htm
0,2005-05-31,NTIC,,,Q3,3680263.0,2185636.0,1494627.0,0.4061196169947637,0.0,1277346.0,0.0,0.0,0.0,3462982.0,0.0,0.0,700698.0,0.19039345829360566,217281.0,0.1121156286928407,194739.0,412615.0,0.1121156286928407,39000.0,373615.0,0.10151855995074265,0.05,0.05,7164072.0,7181848.0,,
0,2005-04-28,NTIC,2005-07-15,2005-07-15 12:17:18,Q3,3680263000,2185636000,1494627000,0.4061196169947637,0.0,344167000,781454000,0.0,1125621000,3311257000,9949000.0,52422000,465037000,0.12635971940048848,412615000,0.1121156286928407,0.0,412615000,0.1121156286928407,39000000,373615000,0.10151855995074265,103.79155,103.79155,3585007.0,3599667.0,https://www.sec.gov/Archives/edgar/data/875582/000120677405001241/0001206774-05-001241-index.htm,https://www.sec.gov/Archives/edgar/data/875582/000120677405001241/nt911455.htm
0,2005-02-28,NTIC,2005-04-20,2005-04-20 16:43:36,Q2,3478352.0,1988460.0,1489892.0,0.4283327276825347,177775.0,1458255.0,0.0,0.0,0.0,3624490.0,0.0,0.0,-128739.0,-0.03701149279888867,-146138.0,-0.015721238103561685,49613.0,-54684.0,-0.015721238103561685,107000.0,-161684.0,-0.04648293214717775,-0.025,-0.025,7163984.0,7163984.0,https://www.sec.gov/Archives/edgar/data/875582/000120677405000667/nt714671.htm,https://www.sec.gov/Archives/edgar/data/875582/000120677405000667/nt714671.htm
0,2004-11-30,NTIC,2005-01-18,2005-01-18 09:38:15,Q1,2533241.0,1255148.0,1278093.0,0.5045287834832928,0.0,1460198.0,0.0,0.0,0.0,2715346.0,0.0,0.0,66342.0,0.0261885860839928,-182105.0,0.09012960077623881,396393.0,228320.0,0.09012960077623881,-119000.0,347320.0,0.13710499711634228,0.05,0.05,7163984.0,7211390.0,https://www.sec.gov/Archives/edgar/data/875582/000120677404001691/d15800_10-k.htm,https://www.sec.gov/Archives/edgar/data/875582/000120677404001691/d15800_10-k.htm
0,2004-08-31,NTIC,2004-11-30,2004-11-30 17:08:04,Q4,2731346.0,1296665.0,1434681.0,0.5252651989165781,0.0,649031.0,0.0,0.0,0.0,2609042.0,0.0,0.0,490518.0,0.17958837877002767,122304.0,0.05174005783229221,6162.0,141320.0,0.05174005783229221,72000.0,69320.0,0.02537942831116966,0.0,0.0,0.0,0.0,https://www.sec.gov/Archives/edgar/data/875582/000120677404001691/d15800_10-k.htm,https://www.sec.gov/Archives/edgar/data/875582/000120677404001691/d15800_10-k.htm
0,2004-05-31,NTIC,2004-07-15,2004-07-15 17:03:35,Q3,3101925.0,1461523.0,1640402.0,0.5288335469103863,0.0,1375907.0,0.0,0.0,0.0,2837430.0,0.0,0.0,437455.0,0.14102694294671858,264495.0,0.1652892961628666,230097.0,512715.0,0.1652892961628666,1000.0,511715.0,0.16496691570556993,0.07,0.07,7220314.0,7237124.0,https://www.sec.gov/Archives/edgar/data/875582/000120677404000699/nt7126110qsb.htm,https://www.sec.gov/Archives/edgar/data/875582/000120677404000699/nt7126110qsb.htm
0,2004-02-29,NTIC,2004-04-14,2004-04-14 14:23:07,Q2,2543648.0,1209119.0,1334529.0,0.5246516027374857,125795.0,1163861.0,0.0,0.0,0.0,2498775.0,0.0,0.0,257904.0,0.1013913874875769,44873.0,0.057820500320799106,77936.0,147075.0,0.057820500320799106,65000.0,82075.0,0.03226665010252991,0.01,0.01,7251900.0,7280030.0,https://www.sec.gov/Archives/edgar/data/875582/000120677404000320/nt71163.htm,https://www.sec.gov/Archives/edgar/data/875582/000120677404000320/nt71163.htm
0,2003-11-30,NTIC,2004-01-14,2004-01-14 15:23:49,Q1,2538757.0,1313113.0,1225644.0,0.48277326266357906,204464.0,1036988.0,0.0,0.0,0.0,2554565.0,0.0,0.0,-152146.0,-0.05992932761977614,-15808.0,0.1670916121550822,431522.0,424205.0,0.1670916121550822,51000.0,373205.0,0.1470030412520773,0.05,0.05,7252384.0,7281208.0,https://www.sec.gov/Archives/edgar/data/875582/000120677404000011/d13784.htm,https://www.sec.gov/Archives/edgar/data/875582/000120677404000011/d13784.htm
0,2003-08-31,NTIC,2003-12-15,2003-12-15 16:16:40,Q4,2181762.0,1010386.0,1171376.0,0.536894491699828,268279.0,1289204.0,0.0,0.0,0.0,2567869.0,0.0,0.0,-394392.0,-0.18076765476711026,-386107.0,-0.0835563182418614,189369.0,-182300.0,-0.0835563182418614,-68000.0,-114300.0,-0.05238884901286208,0.0,0.0,0.0,0.0,https://www.sec.gov/Archives/edgar/data/875582/000120677403000889/d13692.htm,https://www.sec.gov/Archives/edgar/data/875582/000120677403000889/d13692.htm
0,2003-05-31,NTIC,2003-07-15,2003-07-15 14:39:45,Q3,2189926.0,1084671.0,1105255.0,0.5046997021817176,225111.0,964822.0,0.0,0.0,0.0,2274604.0,0.0,0.0,160391.0,0.07324037433228338,-84678.0,-0.046899301620237394,-34174.0,-102706.0,-0.046899301620237394,-82000.0,-20706.0,-0.00945511400841855,-0.005,-0.005,7259726.0,7270358.0,https://www.sec.gov/Archives/edgar/data/875582/000120677403000566/d12973.htm,https://www.sec.gov/Archives/edgar/data/875582/000120677403000566/d12973.htm
0,2003-02-28,NTIC,2003-04-14,2003-04-14 15:04:16,Q2,2001116.0,958424.0,1042692.0,0.5210552511698472,193820.0,975547.0,0.0,0.0,0.0,2127791.0,0.0,0.0,-206477.0,-0.10318092504382555,-126675.0,0.22807923178866193,534431.0,456413.0,0.22807923178866193,66000.0,390413.0,0.1950976355193802,0.055,0.055,7270172.0,7273832.0,https://www.sec.gov/Archives/edgar/data/875582/000120677403000309/d12486.htm,https://www.sec.gov/Archives/edgar/data/875582/000120677403000309/d12486.htm
0,2002-11-30,NTIC,,,Q1,1981071.0,916592.0,1064479.0,0.5373250125815784,210710.0,930330.0,0.0,0.0,0.0,2057632.0,0.0,0.0,-74378.0,-0.03754433839069877,-76561.0,0.12686067283807598,305627.0,251320.0,0.12686067283807598,-1000.0,252320.0,0.12736545030440605,0.035,0.035,7277060.0,7277060.0,,
0,2002-08-31,NTIC,,,Q4,1984560.0,868272.0,1116288.0,0.562486394969162,227592.0,974647.0,0.0,0.0,0.0,2070511.0,0.0,0.0,-51632.0,-0.026016850082637964,-85951.0,0.19444209295763293,403824.0,385882.0,0.19444209295763293,45000.0,340882.0,0.17176704156084976,0.0,0.0,0.0,0.0,,
0,2002-05-31,NTIC,2002-07-12,2002-07-12 17:02:12,Q3,2003500.0,1000718.0,1002782.0,0.5005150985774894,204564.0,845064.0,0.0,0.0,0.0,2050346.0,0.0,0.0,-201349.0,-0.10049862740204642,-46846.0,0.2176186673321687,472189.0,435999.0,0.2176186673321687,60000.0,375999.0,0.18767107561766908,0.05,0.05,7335494.0,7335494.0,https://www.sec.gov/Archives/edgar/data/875582/000114523602000056/adp_ntic.htm,https://www.sec.gov/Archives/edgar/data/875582/000114523602000056/adp_ntic.htm
0,2002-02-28,NTIC,2002-04-15,2002-04-15 00:00:00,Q2,1564085.0,798411.0,765674.0,0.4895347759233034,183544.0,877296.0,0.0,0.0,0.0,1859251.0,0.0,0.0,-280087.0,-0.17907402730670008,-295166.0,-0.043007253442108324,221069.0,-67267.0,-0.043007253442108324,-90000.0,22733.0,0.014534376328652215,0.005,0.005,7338546.0,7338546.0,https://www.sec.gov/Archives/edgar/data/875582/000100547702001646/d50346_10qsb.htm,https://www.sec.gov/Archives/edgar/data/875582/000100547702001646/d50346_10qsb.htm
0,2001-11-30,NTIC,2002-01-14,2002-01-14 00:00:00,Q1,2099189.0,910722.0,1188467.0,0.5661553104556093,190096.0,822237.0,0.0,0.0,3000.0,1926055.0,0.0,0.0,-48014.0,-0.022872642720593524,173134.0,0.3132457344241038,458553.0,657562.0,0.3132457344241038,170000.0,487562.0,0.23226207835502186,0.065,0.065,7341740.0,7341740.0,https://www.sec.gov/Archives/edgar/data/875582/000089155401506717/d70662_10ksb.htm,https://www.sec.gov/Archives/edgar/data/875582/000089155401506717/d70662_10ksb.htm
0,2001-08-31,NTIC,2001-11-29,2001-11-29 00:00:00,Q4,2322101.0,1328241.0,993860.0,0.428000332457546,186052.0,702141.0,0.0,0.0,0.0,2216434.0,0.0,0.0,61237.0,0.026371376611094868,105667.0,0.1306515091290172,-25952.0,303386.0,0.1306515091290172,85000.0,218386.0,0.09404672751099112,0.0,0.0,0.0,0.0,https://www.sec.gov/Archives/edgar/data/875582/000089155401506717/d70662_10ksb.htm,https://www.sec.gov/Archives/edgar/data/875582/000089155401506717/d70662_10ksb.htm
0,2001-05-31,NTIC,,,Q3,2363956.0,1060792.0,1303164.0,0.5512640675207153,174409.0,925025.0,0.0,0.0,-54193.0,2160226.0,0.0,0.0,17124.0,0.00724378964752305,203730.0,0.21422310736748063,335673.0,506414.0,0.21422310736748063,170000.0,336414.0,0.14230975534231602,0.045,0.045,7484538.0,7484712.0,,
0,2001-02-28,NTIC,,,Q2,2083350.0,986383.0,1096967.0,0.5265399476804186,130820.0,961423.0,0.0,0.0,0.0,2146736.0,0.0,0.0,-266924.0,-0.12812249502003983,-63386.0,0.11669666642666858,271648.0,243120.0,0.11669666642666858,100000.0,143120.0,0.06869705042359661,0.02,0.02,7575662.0,7576868.0,,
0,2000-11-30,NTIC,,,Q1,2500312.0,1236039.0,1264273.0,0.5056460953672982,156848.0,946992.0,0.0,0.0,0.0,2392250.0,0.0,0.0,-347638.0,-0.13903784807656006,108062.0,0.26177773013927863,508071.0,654526.0,0.26177773013927863,200000.0,454526.0,0.1817877128934309,0.06,0.06,7592350.0,7608116.0,,
0,2000-08-31,NTIC,,,Q4,2693663.0,1439192.0,1254471.0,0.46571193204198147,164750.0,406751.0,0.0,0.0,0.0,2091944.0,0.0,0.0,215291.0,0.07992499432928321,601719.0,0.45479668392074285,467679.0,1225069.0,0.45479668392074285,505000.0,720069.0,0.2673196312976048,0.0,0.0,0.0,0.0,,
0,2000-05-31,NTIC,,,Q3,2812990.0,1305113.0,1507877.0,0.5360406542504594,106468.0,891908.0,0.0,0.0,0.0,2344337.0,0.0,0.0,-116746.0,-0.04150245823838691,468653.0,0.3991290406293659,626247.0,1122746.0,0.3991290406293659,360000.0,762746.0,0.27115133718925416,0.1,0.1,7731048.0,7749210.0,,
0,2000-02-29,NTIC,,,Q2,2693682.0,1308899.0,1384783.0,0.5140855527861121,201043.0,976740.0,0.0,0.0,0.0,2525468.0,0.0,0.0,-298561.0,-0.11083750791667317,168214.0,0.25771379101170816,505561.0,694199.0,0.25771379101170816,220000.0,474199.0,0.17604119565709686,0.06,0.06,7740254.0,7780962.0,,
0,1999-11-30,NTIC,,,Q1,2800000.0,1300000.0,1500000.0,0.5357142857142857,100000.0,1200000.0,0.0,0.0,0.0,2600000.0,0.0,0.0,-500000.0,-0.17857142857142858,200000.0,0.35714285714285715,700000.0,1000000.0,0.35714285714285715,300000.0,700000.0,0.25,0.085,0.085,7734758.0,7741838.0,,
0,1999-08-31,NTIC,,,Q4,3300000.0,1400000.0,1900000.0,0.5757575757575758,200000.0,800000.0,0.0,0.0,0.0,2500000.0,0.0,0.0,500000.0,0.15151515151515152,800000.0,0.3939393939393939,400000.0,1300000.0,0.3939393939393939,400000.0,900000.0,0.2727272727272727,0.0,0.0,0.0,0.0,,
0,1999-05-31,NTIC,,,Q3,2400000.0,1200000.0,1200000.0,0.5,100000.0,800000.0,0.0,0.0,0.0,2100000.0,0.0,0.0,-400000.0,-0.16666666666666666,300000.0,0.375,700000.0,900000.0,0.375,200000.0,700000.0,0.2916666666666667,0.085,0.085,8235294.0,8235294.0,,
0,1999-02-28,NTIC,,,Q2,2000000.0,900000.0,1100000.0,0.55,200000.0,700000.0,0.0,0.0,0.0,1900000.0,0.0,0.0,-200000.0,-0.1,100000.0,0.3,400000.0,600000.0,0.3,200000.0,400000.0,0.2,0.05,0.05,8000000.0,8000000.0,,
0,1998-11-30,NTIC,,,Q1,2200000.0,1100000.0,1100000.0,0.5,100000.0,900000.0,0.0,0.0,0.0,2100000.0,0.0,0.0,-500000.0,-0.22727272727272727,100000.0,0.36363636363636365,600000.0,800000.0,0.36363636363636365,200000.0,600000.0,0.2727272727272727,0.07,0.07,8571429.0,8571429.0,,
0,1998-08-31,NTIC,,,Q4,2300000.0,1000000.0,1300000.0,0.5652173913043478,100000.0,400000.0,0.0,0.0,0.0,1500000.0,0.0,0.0,100000.0,0.043478260869565216,800000.0,0.5652173913043478,700000.0,1300000.0,0.5652173913043478,500000.0,800000.0,0.34782608695652173,0.0,0.0,0.0,0.0,,
0,1998-05-31,NTIC,,,Q3,2600000.0,1300000.0,1300000.0,0.5,100000.0,700000.0,0.0,0.0,0.0,2100000.0,0.0,0.0,0.0,0.0,500000.0,0.38461538461538464,500000.0,1000000.0,0.38461538461538464,300000.0,700000.0,0.2692307692307692,0.085,0.085,8235294.0,8235294.0,,
0,1998-02-28,NTIC,,,Q2,2500000.0,1100000.0,1400000.0,0.56,100000.0,800000.0,0.0,0.0,0.0,2100000.0,0.0,0.0,100000.0,0.04,400000.0,0.32,400000.0,800000.0,0.32,300000.0,500000.0,0.2,0.065,0.065,7692308.0,7692308.0,,
0,1997-11-30,NTIC,,,Q1,2700000.0,1400000.0,1300000.0,0.48148148148148145,100000.0,800000.0,0.0,0.0,0.0,2300000.0,0.0,0.0,0.0,0.0,400000.0,0.3333333333333333,400000.0,900000.0,0.3333333333333333,300000.0,600000.0,0.2222222222222222,0.065,0.065,9230769.0,9230769.0,,
0,1997-08-31,NTIC,,,Q4,2200000.0,1000000.0,1200000.0,0.5454545454545454,100000.0,800000.0,0.0,0.0,0.0,1900000.0,0.0,0.0,-600000.0,-0.2727272727272727,300000.0,0.5,900000.0,1100000.0,0.5,300000.0,800000.0,0.36363636363636365,0.0,0.0,0.0,0.0,,
0,1997-05-31,NTIC,,,Q3,2500000.0,1200000.0,1300000.0,0.52,100000.0,800000.0,0.0,0.0,0.0,2100000.0,0.0,0.0,-200000.0,-0.08,400000.0,0.44,600000.0,1100000.0,0.44,400000.0,700000.0,0.28,0.085,0.085,8235294.0,8235294.0,,
0,1997-02-28,NTIC,,,Q2,2100000.0,900000.0,1200000.0,0.5714285714285714,100000.0,700000.0,0.0,0.0,0.0,1800000.0,0.0,0.0,-100000.0,-0.047619047619047616,300000.0,0.38095238095238093,500000.0,800000.0,0.38095238095238093,300000.0,500000.0,0.23809523809523808,0.065,0.065,7692308.0,7692308.0,,
0,1996-11-30,NTIC,,,Q1,1900000.0,900000.0,1000000.0,0.5263157894736842,100000.0,800000.0,0.0,0.0,0.0,1800000.0,0.0,0.0,-400000.0,-0.21052631578947367,100000.0,0.3684210526315789,500000.0,700000.0,0.3684210526315789,200000.0,500000.0,0.2631578947368421,0.06,0.06,8333333.0,8333333.0,,
0,1996-08-31,NTIC,,,Q4,1900000.0,800000.0,1100000.0,0.5789473684210527,100000.0,800000.0,0.0,0.0,0.0,1700000.0,0.0,0.0,-700000.0,-0.3684210526315789,200000.0,0.631578947368421,900000.0,1200000.0,0.631578947368421,500000.0,700000.0,0.3684210526315789,0.0,0.0,0.0,0.0,,
