,date,symbol,fillingDate,acceptedDate,period,revenue,costOfRevenue,grossProfit,grossProfitRatio,researchAndDevelopmentExpenses,generalAndAdministrativeExpenses,sellingAndMarketingExpenses,otherExpenses,operatingExpenses,costAndExpenses,interestExpense,depreciationAndAmortization,ebitda,ebitdaratio,operatingIncome,operatingIncomeRatio,totalOtherIncomeExpensesNet,incomeBeforeTax,incomeBeforeTaxRatio,incomeTaxExpense,netIncome,netIncomeRatio,eps,epsdiluted,weightedAverageShsOut,weightedAverageShsOutDil,link,finalLink
0,2020-06-30,GOLD,2020-08-11 00:00:00,2020-08-10 21:52:31,Q2,3055000000,1900000000,1155000000,0.378069,78000000,71000000,0.0,19000000,193000000,2093000000,-74000000,566000000,1107000000,0.362357,962000000,0.314894,-8000000.0,880000000,0.288052,258000000,357000000,0.116858,0.20079,0.20079,1778000000,1778000000,https://www.sec.gov/Archives/edgar/data/756894/000119312520215351/0001193125-20-215351-index.htm,https://www.sec.gov/Archives/edgar/data/756894/000119312520215351/d46718d6k.htm
0,2020-03-31,GOLD,2020-04-03 00:00:00,2020-04-03 17:21:42,Q1,2721000000,1776000000,945000000,0.347299,71000000,40000000,0.0,8000000.0,-193000000,1583000000,-73000000,524000000,1237000000,0.454612,1138000000,0.418229,-16000000,1049000000,0.38552,386000000,400000000,0.147005,0.22497,0.22497,1778000000,1778000000,https://www.sec.gov/Archives/edgar/data/756894/000119312520098327/0001193125-20-098327-index.html,https://www.sec.gov/Archives/edgar/data/756894/000119312520098327/d858973d6k.htm
0,2019-12-31,GOLD,2020-02-13 00:00:00,2020-02-13 11:23:19,Q4,2883000000,1987000000,896000000,0.310787,40000000,31000000,0.0,-876000000,-1770000000,217000000,-416000000,572000000,2327000000,0.807145,2666000000,0.924731,310000000,2560000000,0.887964,784000000,1387000000,0.481096,0.77965,0.77965,1779000000,1779000000,https://www.sec.gov/Archives/edgar/data/756894/000119312520034815/0001193125-20-034815-index.html,https://www.sec.gov/Archives/edgar/data/756894/000119312520034815/d886456d6k.htm
0,2019-09-30,GOLD,2019-11-06 00:00:00,2019-11-06 15:01:16,Q3,2678000000,1889000000,789000000,0.294623,86000000,68000000,0.0,20000000,-2559000000,-670000000,-105000000,559000000,3522000000,1.315161,3348000000,1.250187,-17000000,3226000000,1.20463,791000000,2277000000,0.850261,1.2967,1.2967,1756000000,1756000000,https://www.sec.gov/Archives/edgar/data/756894/000119312519285780/0001193125-19-285780-index.html,https://www.sec.gov/Archives/edgar/data/756894/000119312519285780/d829685d6k.htm
0,2019-06-30,GOLD,2019-07-05 00:00:00,2019-07-05 16:39:10,Q2,2063000000,1545000000,518000000,0.251091,98000000,59000000,0.0,4000000.0,136000000,1681000000,-99000000,466000000,602000000,0.291808,382000000,0.185167,-19000000,264000000,0.127969,41000000,194000000,0.094038,0.11073,0.11073,1752000000,1752000000,https://www.sec.gov/Archives/edgar/data/756894/000119312519189769/0001193125-19-189769-index.html,https://www.sec.gov/Archives/edgar/data/756894/000119312519189769/d769324d6k.htm
0,2019-03-31,GOLD,2019-04-05 00:00:00,2019-04-05 16:54:12,Q1,2093000000,1490000000,603000000,0.288103,74000000,54000000,0.0,11000000,176000000,1666000000,-101000000,435000000,612000000,0.292403,427000000,0.204013,-19000000,307000000,0.146679,167000000,111000000,0.053034,0.06357,0.06357,1746000000,1746000000,https://www.sec.gov/Archives/edgar/data/756894/000119312519099353/0001193125-19-099353-index.html,https://www.sec.gov/Archives/edgar/data/756894/000119312519099353/d703973d6k.htm
0,2018-12-31,GOLD,2019-01-02 00:00:00,2019-01-02 17:20:31,Q4,1904000000,1577000000,327000000,0.171744,87000000,53000000,0.0,41000000,599000000,2176000000,-134000000,441000000,-114000000,-0.059874,-272000000,-0.142857,17000000,-389000000,-0.204307,776000000,-1197000000,-0.628676,-1.02571,-1.02571,1167000000,1167000000,https://www.sec.gov/Archives/edgar/data/756894/000119312519000759/0001193125-19-000759-index.html,https://www.sec.gov/Archives/edgar/data/756894/000119312519000759/d675256d6k.htm
0,2018-09-30,GOLD,2018-10-05 00:00:00,2018-10-05 16:36:20,Q3,1837000000,1315000000,522000000,0.284159,89000000,71000000,0.0,-24000000,673000000,1988000000,-129000000,363000000,-73000000,-0.039739,-151000000,-0.082199,-1000000.0,-281000000,-0.152967,105000000,-412000000,-0.224279,-0.35304,-0.35304,1167000000,1167000000,https://www.sec.gov/Archives/edgar/data/756894/000119312518294727/0001193125-18-294727-index.html,https://www.sec.gov/Archives/edgar/data/756894/000119312518294727/d616847d6k.htm
0,2018-06-30,GOLD,2018-07-26 00:00:00,2018-07-26 16:56:54,Q2,1712000000,1176000000,536000000,0.313084,97000000,93000000,0.0,32000000,360000000,1536000000,-134000000,328000000,216000000,0.126168,176000000,0.102804,-2000000.0,40000000,0.023364,116000000,-94000000,-0.054907,-0.08055,-0.08055,1167000000,1167000000,https://www.sec.gov/Archives/edgar/data/756894/000119312518227887/0001193125-18-227887-index.html,https://www.sec.gov/Archives/edgar/data/756894/000119312518227887/d671737d6k.htm
0,2018-03-31,GOLD,2018-04-24 00:00:00,2018-04-24 16:11:05,Q1,1790000000,1152000000,638000000,0.356425,73000000,48000000,0.0,12000000,112000000,1264000000,-132000000,325000000,552000000,0.30838,526000000,0.293855,-1000000.0,393000000,0.219553,201000000,158000000,0.088268,0.13539,0.13539,1167000000,1167000000,https://www.sec.gov/Archives/edgar/data/756894/000119312518128798/0001193125-18-128798-index.html,https://www.sec.gov/Archives/edgar/data/756894/000119312518128798/d575519d6k.htm
0,2017-12-31,GOLD,2018-02-16 00:00:00,2018-02-15 19:31:47,Q4,2228000000,1411000000,817000000,0.366697,98000000,62000000,0.0,-47000000,1103000000,2514000000,-128000000,434000000,386000000,0.17325,-286000000,-0.128366,-2000000.0,-416000000,-0.186715,394000000,-314000000,-0.140934,-0.2693,-0.2693,1166000000,1166000000,https://www.sec.gov/Archives/edgar/data/756894/000119312518047541/0001193125-18-047541-index.html,https://www.sec.gov/Archives/edgar/data/756894/000119312518047541/d538984d6k.htm
0,2017-09-30,GOLD,2017-10-27 00:00:00,2017-10-26 17:50:17,Q3,1993000000,1270000000,723000000,0.36277,100000000,69000000,0.0,42000000,315000000,1585000000,-139000000,390000000,554000000,0.277973,408000000,0.204717,2000000.0,271000000,0.135976,314000000,-11000000,-0.005519,-0.00943,-0.00943,1166000000,1166000000,https://www.sec.gov/Archives/edgar/data/756894/000119312517321470/0001193125-17-321470-index.html,https://www.sec.gov/Archives/edgar/data/756894/000119312517321470/d475885d6k.htm
0,2017-06-30,GOLD,2017-07-27 00:00:00,2017-07-27 16:07:01,Q2,2160000000,1277000000,883000000,0.408796,81000000,45000000,0.0,41000000,-675000000,602000000,-149000000,409000000,1618000000,0.749074,1558000000,0.721296,2000000.0,1411000000,0.653241,274000000,1084000000,0.501852,0.92967,0.92967,1166000000,1166000000,https://www.sec.gov/Archives/edgar/data/756894/000119312517238483/0001193125-17-238483-index.html,https://www.sec.gov/Archives/edgar/data/756894/000119312517238483/d429608d6k.htm
0,2017-03-31,GOLD,2017-04-26 00:00:00,2017-04-25 20:29:12,Q1,1993000000,1342000000,651000000,0.326643,75000000,72000000,0.0,-1000000.0,-980000000,362000000,-147000000,414000000,1538000000,0.771701,1631000000,0.818364,-3000000.0,1481000000,0.743101,592000000,679000000,0.340692,0.58233,0.58233,1166000000,1166000000,https://www.sec.gov/Archives/edgar/data/756894/000119312517137325/0001193125-17-137325-index.html,https://www.sec.gov/Archives/edgar/data/756894/000119312517137325/d376212d6k.htm
0,2016-12-31,GOLD,2017-02-15 00:00:00,2017-02-15 17:31:07,Q4,2319000000,1454000000,865000000,0.373006,82000000,38000000,0.0,3000000.0,-24000000,1430000000,-154000000,418000000,912000000,0.393273,889000000,0.383355,2000000.0,735000000,0.316947,223000000,425000000,0.183269,0.36481,0.36481,1165000000,1165000000,https://www.sec.gov/Archives/edgar/data/756894/000119312517045469/0001193125-17-045469-index.html,https://www.sec.gov/Archives/edgar/data/756894/000119312517045469/d272688d6k.htm
0,2016-09-30,GOLD,2016-10-27 00:00:00,2016-10-27 14:26:37,Q3,2297000000,1291000000,1006000000,0.437963,44000000,73000000,0.0,0.0,267000000,1558000000,-154000000,389000000,745000000,0.324336,739000000,0.321724,-5000000.0,580000000,0.252503,335000000,175000000,0.076186,0.15021,0.15021,1165000000,1165000000,https://www.sec.gov/Archives/edgar/data/756894/000119312516749485/0001193125-16-749485-index.html,https://www.sec.gov/Archives/edgar/data/756894/000119312516749485/d246071d6k.htm
0,2016-06-30,GOLD,,,Q2,2012000000,1336000000,676000000,0.335984,56000000,88000000,0.0,0.0,168000000,1504000000,-156000000,382000000,537000000,0.266899,508000000,0.252485,-3000000.0,349000000,0.173459,173000000,138000000,0.068588,0.11845,0.11845,1165000000,1165000000,,
0,2016-03-31,GOLD,2016-04-27 00:00:00,2016-04-26 17:50:34,Q1,1930000000,1324000000,606000000,0.31399,55000000,60000000,0.0,7000000.0,318000000,1642000000,-168000000,385000000,320000000,0.165803,288000000,0.149223,-6000000.0,114000000,0.059067,186000000,-83000000,-0.043005,-0.07124,-0.07124,1165000000,1165000000,https://www.sec.gov/Archives/edgar/data/756894/000119312516556759/0001193125-16-556759-index.html,https://www.sec.gov/Archives/edgar/data/756894/000119312516556759/d130374d6k.htm
0,2015-12-31,GOLD,2016-02-18 00:00:00,2016-02-18 16:29:40,Q4,2238000000,1767000000,471000000,0.210456,86000000,29000000,0.0,-5000000.0,3570000000,5337000000,-200000000,499000000,-2684000000,-1.199285,-3099000000,-1.384718,-3000000.0,-3302000000,-1.475424,-361000000,-2622000000,-1.171582,-2.25064,-2.25064,1165000000,1165000000,https://www.sec.gov/Archives/edgar/data/756894/000119312516468373/0001193125-16-468373-index.html,https://www.sec.gov/Archives/edgar/data/756894/000119312516468373/d147223d6k.htm
0,2015-09-30,GOLD,2015-10-29 00:00:00,2015-10-29 16:00:01,Q3,2315000000,1741000000,574000000,0.247948,86000000,46000000,0.0,4000000.0,499000000,2240000000,-205000000,432000000,85000000,0.036717,75000000,0.032397,4000000.0,-130000000,-0.056156,122000000,-264000000,-0.114039,-0.22661,-0.22661,1165000000,1165000000,https://www.sec.gov/Archives/edgar/data/756894/000119312515357964/0001193125-15-357964-index.html,https://www.sec.gov/Archives/edgar/data/756894/000119312515357964/d69142d6k.htm
0,2015-06-30,GOLD,2015-08-06 00:00:00,2015-08-06 15:33:55,Q2,2231000000,1688000000,543000000,0.243389,97000000,74000000,0.0,3000000.0,257000000,1945000000,-192000000,419000000,321000000,0.143882,286000000,0.128194,3000000.0,94000000,0.042134,103000000,-9000000.0,-0.004034,-0.00773,-0.00773,1165000000,1165000000,https://www.sec.gov/Archives/edgar/data/756894/000119312515280828/0001193125-15-280828-index.html,https://www.sec.gov/Archives/edgar/data/756894/000119312515280828/d88405d6k.htm
0,2015-03-31,GOLD,2015-04-15 00:00:00,2015-04-15 12:07:37,Q1,2245000000,1707000000,538000000,0.239644,86000000,70000000,0.0,4000000.0,150000000,1857000000,-194000000,421000000,389000000,0.173274,388000000,0.172829,4000000.0,194000000,0.086414,105000000,57000000,0.02539,0.04893,0.04893,1165000000,1165000000,https://www.sec.gov/Archives/edgar/data/756894/000119312515130638/0001193125-15-130638-index.html,https://www.sec.gov/Archives/edgar/data/756894/000119312515130638/d909083d6k.htm
0,2014-12-31,GOLD,,,Q4,2577000000,1902000000,675000000,0.261932,262000000,85000000,0.0,-432000000,3901000000,5803000000,-196000000,434000000,-2994000000,-1.161816,-3226000000,-1.251843,1000000.0,-3421000000,-1.327513,-381000000,-2851000000,-1.106325,-2.44721,-2.44721,1165000000,1165000000,,
0,2014-09-30,GOLD,2014-10-31 00:00:00,2014-10-31 15:10:33,Q3,2624000000,1680000000,944000000,0.359756,102000000,104000000,0.0,-4000000.0,297000000,1977000000,-195000000,412000000,617000000,0.235137,647000000,0.24657,-4000000.0,452000000,0.172256,275000000,125000000,0.047637,0.1073,0.1073,1165000000,1165000000,https://www.sec.gov/Archives/edgar/data/756894/000119312514391891/0001193125-14-391891-index.html,https://www.sec.gov/Archives/edgar/data/756894/000119312514391891/d811218d6k.htm
0,2014-06-30,GOLD,2014-07-18 00:00:00,2014-07-18 16:23:29,Q2,2458000000,1631000000,827000000,0.336452,105000000,96000000,0.0,8000000.0,730000000,2361000000,-197000000,400000000,57000000,0.02319,97000000,0.039463,8000000.0,-100000000,-0.040683,123000000,-269000000,-0.109439,-0.2309,-0.2309,1165000000,1165000000,https://www.sec.gov/Archives/edgar/data/756894/000119312514272851/0001193125-14-272851-index.html,https://www.sec.gov/Archives/edgar/data/756894/000119312514272851/d761263d6k.htm
0,2014-03-31,GOLD,2014-05-01 00:00:00,2014-05-01 11:35:26,Q1,2647000000,1718000000,929000000,0.350963,100000000,113000000,0.0,5000000.0,315000000,2033000000,-198000000,402000000,581000000,0.219494,614000000,0.231961,5000000.0,416000000,0.157159,289000000,88000000,0.033245,0.07554,0.07554,1165000000,1165000000,https://www.sec.gov/Archives/edgar/data/756894/000119312514175492/0001193125-14-175492-index.html,https://www.sec.gov/Archives/edgar/data/756894/000119312514175492/d720637d6k.htm
0,2013-12-31,GOLD,,,Q4,2942000000,1899000000,1043000000,0.354521,526000000,256000000,0.0,-497000000,3979000000,5878000000,-174000000,442000000,-2900000000,-0.985724,-2936000000,-0.997961,0.0,-3110000000,-1.057104,-338000000,-2830000000,-0.961931,-2.60829,-2.60829,1085000000,1085000000,,
0,2013-09-30,GOLD,2013-10-31 00:00:00,2013-10-31 15:48:28,Q3,2985000000,1788000000,1197000000,0.401005,48000000,87000000,0.0,93000000,311000000,2099000000,-103000000,441000000,1258000000,0.421441,886000000,0.296817,-17000000,766000000,0.256616,748000000,172000000,0.057621,0.17183,0.17183,1001000000,1001000000,https://www.sec.gov/Archives/edgar/data/756894/000119312513420779/0001193125-13-420779-index.html,https://www.sec.gov/Archives/edgar/data/756894/000119312513420779/d619300d6k.htm
0,2013-06-30,GOLD,2013-07-05 00:00:00,2013-07-05 12:30:33,Q2,3201000000,1832000000,1369000000,0.427679,58000000,161000000,0.0,47000000,9618000000,11450000000,-144000000,453000000,-8459000000,-2.642612,-8249000000,-2.577007,-16000000,-8409000000,-2.626992,-213000000,-8555000000,-2.672602,-8.54645,-8.54645,1001000000,1001000000,https://www.sec.gov/Archives/edgar/data/756894/000119312513283562/0001193125-13-283562-index.html,https://www.sec.gov/Archives/edgar/data/756894/000119312513283562/d564455d6k.htm
0,2013-03-31,GOLD,2013-04-25 00:00:00,2013-04-25 12:00:32,Q1,3399000000,1810000000,1589000000,0.46749,48000000,127000000,0.0,43000000,198000000,2008000000,-105000000,396000000,1571000000,0.462195,1391000000,0.409238,43000000,1286000000,0.378347,433000000,847000000,0.249191,0.84615,0.84615,1001000000,1001000000,https://www.sec.gov/Archives/edgar/data/756894/000119312513172800/0001193125-13-172800-index.html,https://www.sec.gov/Archives/edgar/data/756894/000119312513172800/d523973d6k.htm
0,2012-12-31,GOLD,2013-02-15 00:00:00,2013-02-15 16:09:17,Q4,4149000000,2085000000,2064000000,0.497469,108000000,383000000,0.0,-141000000,6340000000,8425000000,2000000.0,492000000,-3955000000,-0.953242,-4276000000,-1.03061,-44000000,-4318000000,-1.040733,-1436000000,-3013000000,-0.726199,-3.00999,-3.00999,1001000000,1001000000,https://www.sec.gov/Archives/edgar/data/756894/000119312513062690/0001193125-13-062690-index.html,https://www.sec.gov/Archives/edgar/data/756894/000119312513062690/d482590d6k.htm
0,2012-09-30,GOLD,2012-11-02 00:00:00,2012-11-02 09:23:37,Q3,3399000000,1733000000,1666000000,0.490144,95000000,117000000,0.0,44000000,513000000,2246000000,-30000000,398000000,1478000000,0.434834,1153000000,0.339217,44000000,1123000000,0.330391,461000000,649000000,0.190939,0.64835,0.64835,1001000000,1001000000,https://www.sec.gov/Archives/edgar/data/756894/000119312512448082/0001193125-12-448082-index.html,https://www.sec.gov/Archives/edgar/data/756894/000119312512448082/d428355d6k.htm
0,2012-06-30,GOLD,2012-07-27 00:00:00,2012-07-27 06:17:05,Q2,3244000000,1729000000,1515000000,0.467016,85000000,127000000,0.0,30000000,329000000,2058000000,-32000000,362000000,1453000000,0.447904,1186000000,0.365598,-17000000,1137000000,0.350493,336000000,787000000,0.242602,0.78621,0.78621,1001000000,1001000000,https://www.sec.gov/Archives/edgar/data/756894/000119312512317973/0001193125-12-317973-index.html,https://www.sec.gov/Archives/edgar/data/756894/000119312512317973/d382766d6k.htm
0,2012-03-31,GOLD,2012-04-03 00:00:00,2012-04-03 14:58:32,Q1,3602000000,1710000000,1892000000,0.525264,71000000,122000000,0.0,28000000,257000000,1967000000,-31000000,399000000,1944000000,0.5397,1635000000,0.453914,-12000000,1592000000,0.441977,537000000,1039000000,0.288451,1.03796,1.03796,1001000000,1001000000,https://www.sec.gov/Archives/edgar/data/756894/000119312512147887/0001193125-12-147887-index.html,https://www.sec.gov/Archives/edgar/data/756894/000119312512147887/d327400d6k.htm
0,2011-12-31,GOLD,2012-02-17 00:00:00,2012-02-17 14:02:09,Q4,3762000000,1706000000,2056000000,0.546518,98000000,131000000,0.0,69000000,468000000,2174000000,-39000000,402000000,1911000000,0.507974,1588000000,0.422116,-5000000.0,1548000000,0.411483,589000000,959000000,0.254918,0.95804,0.95804,1001000000,1001000000,https://www.sec.gov/Archives/edgar/data/756894/000119312512067104/0001193125-12-067104-index.html,https://www.sec.gov/Archives/edgar/data/756894/000119312512067104/d302893d6k.htm
0,2011-09-30,GOLD,2011-11-01 00:00:00,2011-11-01 08:47:03,Q3,3971000000,1694000000,2277000000,0.573407,94000000,111000000,0.0,35000000,250000000,1944000000,-50000000,376000000,2345000000,0.590531,2027000000,0.510451,-9000000.0,2037000000,0.512969,654000000,1365000000,0.343742,1.36364,1.36364,1001000000,1001000000,https://www.sec.gov/Archives/edgar/data/756894/000119312511289845/0001193125-11-289845-index.html,https://www.sec.gov/Archives/edgar/data/756894/000119312511289845/d251255d6k.htm
0,2011-06-30,GOLD,2011-07-19 00:00:00,2011-07-19 17:30:52,Q2,3416000000,1486000000,1930000000,0.564988,89000000,95000000,0.0,28000000,243000000,1729000000,-27000000,337000000,2019000000,0.591042,1687000000,0.493852,-16000000,1730000000,0.50644,550000000,1159000000,0.339286,1.15784,1.15784,1001000000,1001000000,https://www.sec.gov/Archives/edgar/data/756894/000119312511191472/0001193125-11-191472-index.html,https://www.sec.gov/Archives/edgar/data/756894/000119312511191472/d6k.htm
0,2011-03-31,GOLD,2011-04-05 00:00:00,2011-04-04 19:37:25,Q1,3087000000,1354000000,1733000000,0.561386,65000000,98000000,0.0,29000000,270000000,1624000000,-21000000,304000000,1778000000,0.575964,1463000000,0.473923,-3000000.0,1509000000,0.488824,494000000,1001000000,0.324263,1.0,1.0,1001000000,1001000000,https://www.sec.gov/Archives/edgar/data/756894/000110465911018569/0001104659-11-018569-index.html,https://www.sec.gov/Archives/edgar/data/756894/000110465911018569/a10-24327_56k.htm
0,2010-12-31,GOLD,2011-03-31 00:00:00,2011-03-31 15:55:26,Q4,3011000000,1331000000,1680000000,0.557954,73000000,118000000,0.0,44000000,261000000,1592000000,86000000,276000000,1832000000,0.608436,1419000000,0.471272,-111000000,1449000000,0.481235,509000000,961000000,0.319163,0.96389,0.96389,997000000,997000000,https://www.sec.gov/Archives/edgar/data/756894/000110465911017950/0001104659-11-017950-index.html,https://www.sec.gov/Archives/edgar/data/756894/000110465911017950/a10-24327_140f.htm
0,2010-09-30,GOLD,2010-10-29 00:00:00,2010-10-29 15:34:29,Q3,2788000000,1301000000,1487000000,0.533357,56000000,92000000,0.0,24000000,160000000,1461000000,73000000,316000000,1707000000,0.612267,1327000000,0.475968,-96000000,1320000000,0.473458,376000000,942000000,0.337877,0.94389,0.94389,998000000,998000000,https://www.sec.gov/Archives/edgar/data/756894/000095012310098119/0000950123-10-098119-index.html,https://www.sec.gov/Archives/edgar/data/756894/000095012310098119/o66132e6vk.htm
0,2010-06-30,GOLD,2010-07-30 00:00:00,2010-07-30 11:53:40,Q2,2621000000,1262000000,1359000000,0.518504,56000000,100000000,0.0,55000000,266000000,1528000000,128000000,314000000,1572000000,0.599771,1093000000,0.417016,-117000000,1108000000,0.422739,271000000,859000000,0.327738,0.85311,0.85311,1006900000,1006900000,https://www.sec.gov/Archives/edgar/data/756894/000095012310070310/0000950123-10-070310-index.html,https://www.sec.gov/Archives/edgar/data/756894/000095012310070310/o63974e6vk.htm
0,2010-03-31,GOLD,2010-04-01 00:00:00,2010-04-01 17:04:36,Q1,2581000000,1268000000,1313000000,0.508718,44000000,76000000,0.0,19000000,80000000,1348000000,56000000,306000000,1587000000,0.614878,1233000000,0.477722,-103000000,1190000000,0.461062,405000000,820000000,0.317706,0.82329,0.82329,996000000,996000000,https://www.sec.gov/Archives/edgar/data/756894/000110465910018087/0001104659-10-018087-index.html,https://www.sec.gov/Archives/edgar/data/756894/000110465910018087/a10-4461_86k.htm
0,2009-12-31,GOLD,2010-03-16 00:00:00,2010-03-16 16:17:22,Q4,2358000000,978000000,1380000000,0.585242,60000000,227000000,0.0,-68000000,867000000,1845000000,72000000,263000000,843000000,0.357506,513000000,0.217557,-104000000,484000000,0.205259,295000000,213000000,0.090331,0.21386,0.21386,996000000,996000000,https://www.sec.gov/Archives/edgar/data/1206942/000110465910014589/0001104659-10-014589-index.html,https://www.sec.gov/Archives/edgar/data/1206942/000110465910014589/a10-6374_110q.htm
0,2009-09-30,GOLD,2009-10-14 00:00:00,2009-10-14 16:15:41,Q3,2038000000,952000000,1086000000,0.532875,63000000,105000000,0.0,20000000,6319000000,7271000000,81000000,290000000,-4852000000,-2.380765,-5233000000,-2.567713,-76000000,-5228000000,-2.56526,127000000,-5350000000,-2.625123,-6.06576,-6.06576,882000000,882000000,https://www.sec.gov/Archives/edgar/data/756894/000119312509207816/0001193125-09-207816-index.html,https://www.sec.gov/Archives/edgar/data/756894/000119312509207816/d6k.htm
0,2009-06-30,GOLD,2009-07-31 00:00:00,2009-07-31 11:37:48,Q2,1965000000,949000000,1016000000,0.517048,49000000,60000000,0.0,60000000,349000000,1298000000,82000000,265000000,1028000000,0.523155,667000000,0.33944,-78000000,679000000,0.345547,189000000,492000000,0.250382,0.55593,0.55593,885000000,885000000,https://www.sec.gov/Archives/edgar/data/756894/000095012309028144/0000950123-09-028144-index.html,https://www.sec.gov/Archives/edgar/data/756894/000095012309028144/o56478e6vk.htm
0,2009-03-31,GOLD,2009-04-30 00:00:00,2009-04-30 17:13:23,Q1,1775000000,928000000,847000000,0.477183,54000000,49000000,0.0,60000000,417000000,1345000000,71000000,255000000,734000000,0.413521,430000000,0.242254,-68000000,435000000,0.24507,37000000,371000000,0.209014,0.41921,0.41921,885000000,885000000,https://www.sec.gov/Archives/edgar/data/756894/000090956709000380/0000909567-09-000380-index.html,https://www.sec.gov/Archives/edgar/data/756894/000090956709000380/o55041e6vk.htm
0,2008-12-31,GOLD,2009-01-05 00:00:00,2009-01-05 13:30:06,Q4,1810000000,1021000000,789000000,0.435912,118000000,45000000,0.0,122000000,1129000000,2150000000,89000000,190000000,-21000000,-0.011602,-340000000,-0.187845,-90000000,-167000000,-0.092265,168000000,-468000000,-0.258564,-0.5367,-0.5367,872000000,872000000,https://www.sec.gov/Archives/edgar/data/756894/000090956709000007/0000909567-09-000007-index.html,https://www.sec.gov/Archives/edgar/data/756894/000090956709000007/o42843e6vk.htm
0,2008-09-30,GOLD,2008-10-31 00:00:00,2008-10-31 13:16:10,Q3,1878000000,1028000000,850000000,0.452609,96000000,39000000,0.0,58000000,583000000,1611000000,84000000,262000000,625000000,0.332801,267000000,0.142173,-49000000,311000000,0.165602,25000000,254000000,0.13525,0.28733,0.28733,884000000,884000000,https://www.sec.gov/Archives/edgar/data/756894/000090956708001102/0000909567-08-001102-index.html,https://www.sec.gov/Archives/edgar/data/756894/000090956708001102/o42272e6vk.htm
0,2008-06-30,GOLD,2008-08-01 00:00:00,2008-08-01 17:25:13,Q2,1967000000,882000000,1085000000,0.551601,137000000,38000000,0.0,50000000,489000000,1371000000,106000000,264000000,1003000000,0.509914,596000000,0.302999,-55000000,647000000,0.328927,148000000,485000000,0.246568,0.54802,0.54802,885000000,885000000,https://www.sec.gov/Archives/edgar/data/756894/000090956708000888/0000909567-08-000888-index.html,https://www.sec.gov/Archives/edgar/data/756894/000090956708000888/o41512e6vk.htm
0,2008-03-31,GOLD,2008-04-02 00:00:00,2008-04-02 17:25:13,Q1,1958000000,775000000,1183000000,0.604188,89000000,33000000,0.0,54000000,456000000,1231000000,86000000,241000000,1094000000,0.558733,727000000,0.371297,-49000000,768000000,0.392237,253000000,514000000,0.262513,0.58079,0.58079,885000000,885000000,https://www.sec.gov/Archives/edgar/data/756894/000090956708000384/0000909567-08-000384-index.html,https://www.sec.gov/Archives/edgar/data/756894/000090956708000384/o39993e6vk.htm
0,2007-12-31,GOLD,,,Q4,1917000000,834000000,1083000000,0.564945,98000000,51000000,0.0,73000000,548000000,1382000000,118000000,203000000,906000000,0.472613,535000000,0.279082,-43000000,592000000,0.308816,15000000,570000000,0.29734,0.63687,0.63687,895000000,895000000,,
0,2007-09-30,GOLD,2007-11-02 00:00:00,2007-11-02 17:10:03,Q3,1684000000,794000000,890000000,0.528504,97000000,38000000,0.0,50000000,512000000,1306000000,42000000,348000000,760000000,0.451306,378000000,0.224466,-57000000,374000000,0.22209,58000000,312000000,0.185273,0.35495,0.35495,879000000,879000000,https://www.sec.gov/Archives/edgar/data/756894/000090956707001337/0000909567-07-001337-index.html,https://www.sec.gov/Archives/edgar/data/756894/000090956707001337/o38247e6vk.htm
0,2007-06-30,GOLD,2007-08-03 00:00:00,2007-08-03 16:06:41,Q2,1642000000,776000000,866000000,0.527406,105000000,33000000,0.0,44000000,428000000,1204000000,121000000,231000000,869000000,0.529233,438000000,0.266748,-60000000,502000000,0.305725,121000000,396000000,0.241169,0.45154,0.45154,877000000,877000000,https://www.sec.gov/Archives/edgar/data/756894/000090956707001011/0000909567-07-001011-index.html,https://www.sec.gov/Archives/edgar/data/756894/000090956707001011/o37244e6vk.htm
0,2007-03-31,GOLD,2007-04-02 00:00:00,2007-04-02 16:31:13,Q1,1089000000,740000000,349000000,0.320478,67000000,33000000,0.0,38000000,358000000,1098000000,74000000,208000000,270000000,0.247934,-9000000.0,-0.008264,-59000000,12000000,0.011019,147000000,-159000000,-0.146006,-0.18382,-0.18382,865000000,865000000,https://www.sec.gov/Archives/edgar/data/756894/000090956707000544/0000909567-07-000544-index.html,https://www.sec.gov/Archives/edgar/data/756894/000090956707000544/o35578e40vf.htm
0,2006-12-31,GOLD,2007-04-02 00:00:00,2007-04-02 16:31:13,Q4,1348000000,762000000,586000000,0.434718,84000000,44000000,0.0,93000000,470000000,1232000000,41000000,265000000,796000000,0.590504,116000000,0.086053,51000000,200000000,0.148368,72000000,418000000,0.310089,0.47826,0.47826,874000000,874000000,https://www.sec.gov/Archives/edgar/data/756894/000090956707000544/0000909567-07-000544-index.html,https://www.sec.gov/Archives/edgar/data/756894/000090956707000544/o35578e40vf.htm
0,2006-09-30,GOLD,,,Q3,1562000000,695000000,867000000,0.555058,82000000,33000000,0.0,72000000,371000000,1066000000,51000000,184000000,741000000,0.474392,496000000,0.317542,-60000000,491000000,0.314341,101000000,405000000,0.259283,0.46075,0.46075,879000000,879000000,,
0,2006-06-30,GOLD,,,Q2,1532000000,628000000,904000000,0.590078,72000000,31000000,0.0,22000000,285000000,913000000,52000000,160000000,802000000,0.523499,619000000,0.404047,-72000000,604000000,0.394256,131000000,459000000,0.299608,0.52278,0.52278,878000000,878000000,,
0,2006-03-31,GOLD,,,Q1,1188000000,656000000,532000000,0.447811,52000000,34000000,0.0,29000000,280000000,936000000,70000000,165000000,503000000,0.423401,252000000,0.212121,-59000000,265000000,0.223064,44000000,224000000,0.188552,0.2839,0.2839,789000000,789000000,,
0,2005-12-31,GOLD,,,Q4,776000000,367000000,409000000,0.527062,46000000,18000000,0.0,33000000,222000000,589000000,10000000,129000000,314000000,0.404639,187000000,0.240979,-16000000,181000000,0.233247,0.0,175000000,0.225515,0.32348,0.32348,541000000,541000000,,
0,2005-09-30,GOLD,,,Q3,627000000,310000000,317000000,0.505582,27000000,17000000,0.0,10000000,169000000,479000000,9000000.0,111000000,269000000,0.429027,148000000,0.236045,-7000000.0,150000000,0.239234,36000000,113000000,0.180223,0.20965,0.20965,539000000,539000000,,
0,2005-06-30,GOLD,,,Q2,463000000,266000000,197000000,0.425486,37000000,19000000,0.0,9000000.0,159000000,425000000,11000000,94000000,159000000,0.343413,38000000,0.082073,4000000.0,53000000,0.114471,7000000.0,47000000,0.101512,0.08769,0.08769,536000000,536000000,,
0,2005-03-31,GOLD,,,Q1,484000000,271000000,213000000,0.440083,31000000,17000000,0.0,7000000.0,148000000,419000000,8000000.0,93000000,184000000,0.380165,65000000,0.134298,5000000.0,78000000,0.161157,17000000,66000000,0.136364,0.12313,0.12313,536000000,536000000,,
0,2004-12-31,GOLD,,,Q4,501000000,252000000,249000000,0.497006,40000000,21000000,0.0,-41000000,259000000,511000000,6000000.0,100000000,59000000,0.117764,-10000000,-0.01996,-43000000,-47000000,-0.093812,-203000000,156000000,0.311377,0.29268,0.29268,533000000,533000000,,
0,2004-09-30,GOLD,,,Q3,500000000,279000000,221000000,0.442,38000000,16000000,0.0,12000000,183000000,462000000,5000000.0,117000000,159000000,0.318,38000000,0.076,-6000000.0,37000000,0.074,5000000.0,32000000,0.064,0.06004,0.06004,533000000,533000000,,
0,2004-06-30,GOLD,,,Q2,454000000,266000000,188000000,0.414097,34000000,18000000,0.0,9000000.0,176000000,442000000,7000000.0,115000000,137000000,0.301762,12000000,0.026432,-4000000.0,15000000,0.03304,-19000000,34000000,0.07489,0.06367,0.06367,534000000,534000000,,
0,2004-03-31,GOLD,,,Q1,477000000,250000000,227000000,0.475891,29000000,16000000,0.0,20000000,185000000,435000000,6000000.0,120000000,166000000,0.348008,42000000,0.08805,-8000000.0,40000000,0.083857,14000000,26000000,0.054507,0.04842,0.04842,537000000,537000000,,
0,2003-12-31,GOLD,,,Q4,536000000,310000000,226000000,0.421642,36000000,20000000,0.0,0.0,202000000,512000000,57000000,132000000,262000000,0.488806,24000000,0.044776,-8000000.0,73000000,0.136194,-4000000.0,77000000,0.143657,0.14366,0.14366,536000000,536000000,,
0,2003-09-30,GOLD,,,Q3,549000000,290000000,259000000,0.471767,38000000,21000000,0.0,0.0,193000000,483000000,3000000.0,134000000,194000000,0.35337,66000000,0.120219,-12000000,57000000,0.103825,22000000,35000000,0.063752,0.06506,0.06506,538000000,538000000,,
0,2003-06-30,GOLD,,,Q2,491000000,271000000,220000000,0.448065,34000000,20000000,0.0,0.0,185000000,456000000,20000000,131000000,195000000,0.397149,35000000,0.071283,-11000000,44000000,0.089613,-15000000,59000000,0.120163,0.10926,0.10926,540000000,540000000,,
