,date,symbol,fillingDate,acceptedDate,period,revenue,costOfRevenue,grossProfit,grossProfitRatio,researchAndDevelopmentExpenses,generalAndAdministrativeExpenses,sellingAndMarketingExpenses,otherExpenses,operatingExpenses,costAndExpenses,interestExpense,depreciationAndAmortization,ebitda,ebitdaratio,operatingIncome,operatingIncomeRatio,totalOtherIncomeExpensesNet,incomeBeforeTax,incomeBeforeTaxRatio,incomeTaxExpense,netIncome,netIncomeRatio,eps,epsdiluted,weightedAverageShsOut,weightedAverageShsOutDil,link,finalLink
0,2020-08-31,CCF,2020-11-12,2020-11-12 16:34:19,Q4,0.0,161615000,-161615000,0.0,4007000.0,49364000,0.0,-1675000.0,53371000,214986000,246000.0,1026000.0,48267000,0.0,47241000,0.0,-1675000.0,45320000,0.0,0.0,34157000,0.0,3.6224475727681704,3.6224475727681704,9429260.0,9429260.0,https://www.sec.gov/Archives/edgar/data/830524/000155837020013721/0001558370-20-013721-index.htm,https://www.sec.gov/Archives/edgar/data/830524/000155837020013721/ccf-20200831x10k.htm
0,2020-05-31,CCF,2020-07-08,2020-07-08 16:50:28,Q3,64871000,39689000,25182000,0.3881857840945877,0.0,12773000,0.0,-307.0,13040999.999999996,52730000,-67000.0,3846000.0000000005,16306000,0.25136,12141000,0.187156,-307000.0,12527000,0.193106,2619000.0,9908000.0,0.152734,1.05077,1.05077,9429260.0,9429260.0,https://www.sec.gov/Archives/edgar/data/830524/000155837020008076/0001558370-20-008076-index.htm,https://www.sec.gov/Archives/edgar/data/830524/000155837020008076/ccf-20200531x10q.htm
0,2020-02-29,CCF,2020-04-09 00:00:00,2020-04-09 17:19:43,Q2,65582000,40666000,24916000,0.379921,0.0,13810000,0.0,-789000.0,13870000.000000006,54536000.00000001,56000.0,3899999.9999999995,14761000,0.225077,11046000,0.16843,-185000.0,10805000,0.164756,2926000.0,7879000.0,0.12014,0.83427,0.83427,9444210.0,9444210.0,https://www.sec.gov/Archives/edgar/data/830524/000155837020003782/0001558370-20-003782-index.html,https://www.sec.gov/Archives/edgar/data/830524/000155837020003782/ccf-20200229x10q.htm
0,2019-11-30,CCF,2020-01-08 00:00:00,2020-01-08 16:58:22,Q1,66802000,41783000,25019000,0.374525,0.0,13640000,0.0,-604000.0,14289000.000000002,56072000,55000.0,3967000.0,14093000,0.210967,10730000,0.160624,-604000.0,10071000,0.150759,2709000.0,7362000.0,0.110206,0.77973,0.77973,9441710.0,9441710.0,https://www.sec.gov/Archives/edgar/data/830524/000155837020000084/0001558370-20-000084-index.html,https://www.sec.gov/Archives/edgar/data/830524/000155837020000084/ccf-20191130x10q.htm
0,2019-08-31,CCF,2019-11-13 00:00:00,2019-11-13 17:19:11,Q4,70105000,43969000,26136000,0.372812,0.0,13029000,0.0,-992000.0,13561999.999999998,57531000,62000.0,4234000.0,16921000,0.241367,12574000,0.17936,113000.0,12625000,0.180087,2551000.0,10074000,0.143699,1.07358,1.07358,9383580.0,9383580.0,https://www.sec.gov/Archives/edgar/data/830524/000155837019010957/0001558370-19-010957-index.html,https://www.sec.gov/Archives/edgar/data/830524/000155837019010957/ccf-20190831x10k.htm
0,2019-05-31,CCF,2019-07-09 00:00:00,2019-07-09 17:04:42,Q3,72112000,46406000,25706000,0.356473,0.0,13251000,0.0,-1105000.0,13444000.000000004,59850000,91000.0,4257000.000000001,16536000.000000002,0.22931,12262000,0.170041,17000.0,12188000,0.169015,3647000.0,8541000.0,0.118441,0.91066,0.91066,9378910.0,9378910.0,https://www.sec.gov/Archives/edgar/data/830524/000155837019006045/0001558370-19-006045-index.html,https://www.sec.gov/Archives/edgar/data/830524/000155837019006045/ccf-20190531x10q.htm
0,2019-02-28,CCF,2019-04-09 00:00:00,2019-04-09 17:12:28,Q2,66631000,43213000,23418000,0.351458,0.0,13086000,0.0,-1122000.0,15496000.000000002,58709000,162000.0,4365000.0,11459000,0.171977,7922000.0,0.118894,-828000.0,6932000.0,0.104036,1659000.0,5273000.0,0.079137,0.56257,0.56257,9373030.0,9373030.0,https://www.sec.gov/Archives/edgar/data/830524/000155837019002898/0001558370-19-002898-index.html,https://www.sec.gov/Archives/edgar/data/830524/000155837019002898/ccf-20190228x10q.htm
0,2018-11-30,CCF,2019-01-08 00:00:00,2019-01-08 16:18:21,Q1,72503000,46575000,25928000,0.357613,0.0,13362000,0.0,-294000.0,13622000,60197000,204000.0,4351000.0,16363000,0.225687,12306000,0.169731,-294000.0,11808000,0.162862,2985000.0,8823000.0,0.121692,0.94049,0.94049,9381300.0,9381300.0,https://www.sec.gov/Archives/edgar/data/830524/000155837019000101/0001558370-19-000101-index.html,https://www.sec.gov/Archives/edgar/data/830524/000155837019000101/ccf-20181130x10q.htm
0,2018-08-31,CCF,2018-11-27 00:00:00,2018-11-27 16:58:42,Q4,77480000,48000000,29480000,0.380485,0.0,14400000,0.0,482000.0,15670000.000000002,63670000,298000.0,5310000.000000001,19498000,0.251652,13810000,0.17824,460000.0,13970000,0.180305,2730000.0,11160000,0.144037,1.18977,1.18977,9380000.0,9380000.0,https://www.sec.gov/Archives/edgar/data/830524/000155837018009471/0001558370-18-009471-index.html,https://www.sec.gov/Archives/edgar/data/830524/000155837018009471/ccf-20180831x10k.htm
0,2018-05-31,CCF,2018-07-06 00:00:00,2018-07-06 16:53:54,Q3,78920000,48250000,30670000,0.388621,0.0,13710000,0.0,23000.0,12229999.999999996,60480000,389000.0,4469999.999999999,23459000,0.29725,18440000,0.233654,600000.0,18650000,0.236315,5060000.0,13540000,0.171566,1.44504,1.44504,9370000.0,9370000.0,https://www.sec.gov/Archives/edgar/data/830524/000155837018005530/0001558370-18-005530-index.html,https://www.sec.gov/Archives/edgar/data/830524/000155837018005530/ccf-20180531x10q.htm
0,2018-02-28,CCF,2018-04-09 00:00:00,2018-04-09 16:44:14,Q2,65880000,41990000,23880000,0.362477,0.0,12140000,0.0,-577000.0,12530000.000000002,54520000,440000.0,4290000.000000001,15920000.000000002,0.241651,11350000,0.172283,-260000.0,11740000,0.178203,1070000.0,10120000,0.153613,1.08467,1.08467,9330000.0,9330000.0,https://www.sec.gov/Archives/edgar/data/830524/000155837018002853/0001558370-18-002853-index.html,https://www.sec.gov/Archives/edgar/data/830524/000155837018002853/ccf-20180228x10q.htm
0,2017-11-30,CCF,2018-01-09 00:00:00,2018-01-09 16:13:01,Q1,61920000,36900000,25020000,0.40407,0.0,12060000,0.0,-319000.0,12050000.000000004,48950000.00000001,45000.0,3560000.0,16205000,0.261709,12960000,0.209302,-320000.0,12600000,0.203488,4280000.0,8320000.0,0.134367,0.88699,0.88699,9380000.0,9380000.0,https://www.sec.gov/Archives/edgar/data/830524/000155837018000075/0001558370-18-000075-index.html,https://www.sec.gov/Archives/edgar/data/830524/000155837018000075/ccf-20171130x10q.htm
0,2017-08-31,CCF,2017-11-09 00:00:00,2017-11-09 17:24:33,Q4,68990000,40380000,28620000,0.414843,0.0,12170000,0.0,724000.0,12189999.999999998,52570000,128000.0,3580000.0000000005,20188000,0.292622,16430000,0.23815,190000.0,16490000,0.23902,5070000.0,11410000,0.165386,1.20869,1.20869,9440000.0,9440000.0,https://www.sec.gov/Archives/edgar/data/830524/000155837017008752/0001558370-17-008752-index.html,https://www.sec.gov/Archives/edgar/data/830524/000155837017008752/ccf-20170831x10k.htm
0,2017-05-31,CCF,2017-07-07 00:00:00,2017-07-07 16:37:30,Q3,64900000,37510000,27390000,0.422034,0.0,12300000,0.0,536000.0,10290000,47800000,158000.0,3530000.0,20808000,0.320616,17110000,0.263636,160000.0,17110000,0.263636,5260000.0,11860000,0.182743,1.26981,1.26981,9340000.0,9340000.0,https://www.sec.gov/Archives/edgar/data/830524/000155837017005069/0001558370-17-005069-index.html,https://www.sec.gov/Archives/edgar/data/830524/000155837017005069/ccf-20170531x10q.htm
0,2017-02-28,CCF,2017-04-07 00:00:00,2017-04-07 16:31:47,Q2,57310000,32860000,24450000,0.426627,0.0,11520000,0.0,372000.0,11540000,44400000,307000.0,3630000.0,16577000,0.289251,12910000,0.225266,-30000.0,12640000,0.220555,4260000.0,8380000.0,0.146222,0.8953,0.8953,9360000.0,9360000.0,https://www.sec.gov/Archives/edgar/data/830524/000155837017002533/0001558370-17-002533-index.html,https://www.sec.gov/Archives/edgar/data/830524/000155837017002533/ccf-20170228x10q.htm
0,2016-11-30,CCF,2017-01-06 00:00:00,2017-01-06 17:29:17,Q1,61360000,35290000,26070000,0.42487,0.0,11750000,0.0,399000.0,12360000,47650000,246000.0,3520000.0000000005,18416000,0.30013,13710000,0.223435,400000.0,14650000,0.238755,4290000.0,10360000,0.16884,1.10802,1.10802,9350000.0,9350000.0,https://www.sec.gov/Archives/edgar/data/830524/000155837017000043/0001558370-17-000043-index.html,https://www.sec.gov/Archives/edgar/data/830524/000155837017000043/ccf-20161130x10q.htm
0,2016-08-31,CCF,2016-11-14 00:00:00,2016-11-14 17:23:32,Q4,61460000,36280000,25170000,0.409535,0.0,11070000,0.0,2351000.0,11140000,47420000,260000.0,3400000.0000000005,18920000,0.307842,14040000,0.228441,1480000.0,15260000,0.248292,4400000.0,10860000,0.1767,1.16649,1.16649,9310000.0,9310000.0,https://www.sec.gov/Archives/edgar/data/830524/000155837016010069/0001558370-16-010069-index.html,https://www.sec.gov/Archives/edgar/data/830524/000155837016010069/ccf-20160831x10k.htm
0,2016-05-31,CCF,2016-07-08 00:00:00,2016-07-08 16:02:30,Q3,64240000,38540000,25700000,0.400062,0.0,11910000,0.0,876000.0,12430000,50970000,284000.0,3350000.0,16104000,0.250685,13260000,0.206413,-510000.0,12470000,0.194116,4940000.0,7530000.0,0.117217,0.80881,0.80881,9310000.0,9310000.0,https://www.sec.gov/Archives/edgar/data/830524/000155837016006601/0001558370-16-006601-index.html,https://www.sec.gov/Archives/edgar/data/830524/000155837016006601/ccf-20160531x10q.htm
0,2016-02-29,CCF,2016-04-08 00:00:00,2016-04-08 16:21:14,Q2,54920000,34900000,20030000,0.364712,0.0,10150000,0.0,1388000.0,10430000,45330000,260000.0,3309999.9999999995,14320000,0.260743,9590000.0,0.174618,1420000.0,10750000,0.195739,3780000.0,6970000.0,0.126912,0.75027,0.75027,9290000.0,9290000.0,https://www.sec.gov/Archives/edgar/data/830524/000155837016004557/0001558370-16-004557-index.html,https://www.sec.gov/Archives/edgar/data/830524/000155837016004557/ccf-20160229x10q.htm
0,2015-11-30,CCF,2016-01-11 00:00:00,2016-01-11 16:29:16,Q1,57480000,34720000,22760000,0.395964,0.0,11370000,0.0,-31000.0,10840000.000000004,45560000,250000.0,3389999.9999999995,15280000,0.265832,11920000,0.207376,-30000.0,11640000,0.202505,4190000.0,7450000.0,0.12961,0.80194,0.80194,9290000.0,9290000.0,https://www.sec.gov/Archives/edgar/data/830524/000155837016002953/0001558370-16-002953-index.html,https://www.sec.gov/Archives/edgar/data/830524/000155837016002953/ccf-20151130x10q.htm
0,2015-08-31,CCF,2015-11-16 00:00:00,2015-11-16 17:12:35,Q4,64910000,40340000,24570000,0.378524,0.0,11170000,0.0,44000.0,11759999.999999998,52100000,253000.0,3389999.999999999,15982999.999999998,0.246233,12810000,0.19735,-220000.0,12340000,0.190109,4160000.0,8180000.0,0.126021,0.873,0.873,9370000.0,9370000.0,https://www.sec.gov/Archives/edgar/data/830524/000155837015002705/0001558370-15-002705-index.html,https://www.sec.gov/Archives/edgar/data/830524/000155837015002705/ccf-20150831x10k.htm
0,2015-05-31,CCF,2015-07-10 00:00:00,2015-07-10 16:04:03,Q3,64900000,40140000,24760000,0.38151,0.0,11790000,0.0,266000.0,12130000.000000004,52270000,266000.0,3490000.000000001,15626000,0.24077,12630000,0.194607,-500000.0,11860000,0.182743,4700000.0,7170000.0,0.110478,0.77514,0.77514,9250000.0,9250000.0,https://www.sec.gov/Archives/edgar/data/830524/000110465915050649/0001104659-15-050649-index.html,https://www.sec.gov/Archives/edgar/data/830524/000110465915050649/a15-11702_110q.htm
0,2015-02-28,CCF,2015-04-09 00:00:00,2015-04-09 16:35:58,Q2,52300000,34230000,18070000,0.345507,0.0,12090000,0.0,766000.0,11930000,46160000,270000.0,3090000.0,9620000.0,0.183939,6150000.0,0.117591,380000.0,6260000.0,0.119694,2190000.0,4070000.0,0.07782,0.44143,0.44143,9220000.0,9220000.0,https://www.sec.gov/Archives/edgar/data/830524/000110465915026764/0001104659-15-026764-index.html,https://www.sec.gov/Archives/edgar/data/830524/000110465915026764/a15-2417_110q.htm
0,2014-11-30,CCF,2015-01-09,2015-01-09 13:32:15,Q1,55930000,34480000,21460000,0.383694,0.0,10960000,0.0,385000.0,10800000.000000004,45280000.00000001,274000.0,2599999.9999999995,13554000,0.242339,10660000,0.190595,390000.0,10770000,0.192562,3770000.0,6910000.0,0.123547,0.74946,0.74946,9220000.0,9220000.0,https://www.sec.gov/Archives/edgar/data/830524/000110465915001498/a14-25808_110q.htm,https://www.sec.gov/Archives/edgar/data/830524/000110465915001498/a14-25808_110q.htm
0,2014-08-31,CCF,2014-11-14 00:00:00,2014-11-14 15:49:45,Q4,61030000,38700000,22340000,0.366049,0.0,11750000,0.0,0.0,11750000,50450000,277000.0,2650000.0000000005,13337000,0.218532,10580000,0.173357,-10000.0,10300000,0.168769,3400000.0,7010000.0,0.114862,0.76362,0.76362,9180000.0,9180000.0,https://www.sec.gov/Archives/edgar/data/830524/000104746914009223/0001047469-14-009223-index.html,https://www.sec.gov/Archives/edgar/data/830524/000104746914009223/a2222194z10-k.htm
0,2014-05-31,CCF,2014-07-10 00:00:00,2014-07-10 16:18:12,Q3,57600000,37090000,20510000,0.356076,0.0,10480000,0.0,-10000.0,10500000,47590000,278000.0,2620000.0,12618000,0.219063,10010000,0.173785,-10000.0,9730000.0,0.168924,3400000.0,6320000.0,0.109722,0.6892,0.6892,9170000.0,9170000.0,https://www.sec.gov/Archives/edgar/data/830524/000110465914051006/0001104659-14-051006-index.html,https://www.sec.gov/Archives/edgar/data/830524/000110465914051006/a14-15937_110q.htm
0,2014-02-28,CCF,2014-04-09 00:00:00,2014-04-09 14:21:00,Q2,51190000,33990000,17200000,0.336003,0.0,9860000.0,0.0,-125000.0,9890000.0,43880000,285000.0,2620000.0,9845000.0,0.192323,7310000.0,0.142801,-130000.0,6900000.0,0.134792,2420000.0,4520000.0,0.088298,0.48707,0.48707,9280000.0,9280000.0,https://www.sec.gov/Archives/edgar/data/830524/000110465914026665/0001104659-14-026665-index.html,https://www.sec.gov/Archives/edgar/data/830524/000110465914026665/a14-7889_110q.htm
0,2013-11-30,CCF,2014-01-09,2014-01-09 17:12:02,Q1,54180000,35480000,18710000,0.34533,0.0,10440000,0.0,-105000.0,10440000.000000006,45920000.00000001,303000.0,2620000.0,16453000,0.303673,8270000.0,0.152639,-110000.0,13560000,0.250277,4750000.0,8780000.0,0.162052,0.95956,0.95956,9150000.0,9150000.0,https://www.sec.gov/Archives/edgar/data/830524/000110465914001456/a13-26565_110q.htm,https://www.sec.gov/Archives/edgar/data/830524/000110465914001456/a13-26565_110q.htm
0,2013-08-31,CCF,2013-11-14 00:00:00,2013-11-14 16:16:05,Q4,58560000,38460000,20090000,0.343067,0.0,11000000,0.0,-282000.0,11000000,49460000,305000.0,2640000.0,11975000,0.204491,9100000.0,0.155396,30000.0,8820000.0,0.150615,3130000.0,5900000.0,0.100751,0.65121,0.65121,9060000.0,9060000.0,https://www.sec.gov/Archives/edgar/data/830524/000104746913010544/0001047469-13-010544-index.html,https://www.sec.gov/Archives/edgar/data/830524/000104746913010544/a2217383z10-k.htm
0,2013-05-31,CCF,2013-07-10 00:00:00,2013-07-10 16:14:12,Q3,55730000,36830000,18900000,0.339135,0.0,10780000,0.0,-2000.0,10790000,47620000,313000.0,2670000.0,10843000,0.194563,8120000.0,0.145702,0.0,7800000.0,0.139961,2730000.0,5130000.0,0.092051,0.57191,0.57191,8970000.0,8970000.0,https://www.sec.gov/Archives/edgar/data/830524/000110465913053827/0001104659-13-053827-index.html,https://www.sec.gov/Archives/edgar/data/830524/000110465913053827/a13-15263_110q.htm
0,2013-02-28,CCF,2013-04-09 00:00:00,2013-04-09 15:48:07,Q2,48370000,33470000,14900000,0.308042,0.0,10920000,0.0,284000.0,10920000.000000002,44390000,314000.0,2620000.0,6974000.0,0.14418,3990000.0,0.082489,220000.0,3890000.0,0.080422,1400000.0,2640000.0,0.054579,0.29497,0.29497,8950000.0,8950000.0,https://www.sec.gov/Archives/edgar/data/830524/000110465913027988/0001104659-13-027988-index.html,https://www.sec.gov/Archives/edgar/data/830524/000110465913027988/a13-8033_110q.htm
0,2012-11-30,CCF,2013-01-09 00:00:00,2013-01-09 12:49:04,Q1,53400000,37270000,16130000,0.30206,0.0,10540000,0.0,0.0,10540000,47810000,362000.0,2730000.0,8452000.0,0.158277,5590000.0,0.104682,70000.0,5300000.0,0.099251,1820000.0,3540000.0,0.066292,0.39642,0.39642,8930000.0,8930000.0,https://www.sec.gov/Archives/edgar/data/830524/000110465913001394/0001104659-13-001394-index.html,https://www.sec.gov/Archives/edgar/data/830524/000110465913001394/a12-28300_110q.htm
0,2012-08-31,CCF,2012-11-14 00:00:00,2012-11-14 17:35:26,Q4,52230000,36020000,16210000,0.310358,0.0,9060000.0,0.0,-203000.0,12269999.999999996,48289999.99999999,295000.0,2110000.0000000005,6025000.0,0.115355,3940000.0,0.075436,-100000.0,3550000.0,0.067969,1180000.0,2440000.0,0.046716,0.27727,0.27727,8800000.0,8800000.0,https://www.sec.gov/Archives/edgar/data/830524/000104746912010587/0001047469-12-010587-index.html,https://www.sec.gov/Archives/edgar/data/830524/000104746912010587/a2211841z10-k.htm
0,2012-05-31,CCF,2012-07-10 00:00:00,2012-07-10 16:45:48,Q3,35140000,22210000,12930000,0.367957,0.0,7600000.0,0.0,-266000.0,7599999.999999998,29809999.999999996,31000.0,1250000.0000000002,6311000.0,0.179596,5330000.0,0.151679,-270000.0,5030000.0,0.143142,1660000.0,3370000.0,0.095902,0.38295,0.38295,8800000.0,8800000.0,https://www.sec.gov/Archives/edgar/data/830524/000110465912048280/0001104659-12-048280-index.html,https://www.sec.gov/Archives/edgar/data/830524/000110465912048280/a12-14499_110q.htm
0,2012-02-29,CCF,2012-04-09 00:00:00,2012-04-09 15:25:07,Q2,29420000,21020000,8400000.0,0.28552,0.0,6510000.0,0.0,469000.0,6520000.0,27540000,36000.0,1279999.9999999998,3166000.0,0.107614,1890000.0,0.064242,-10000.0,1840000.0,0.062542,650000.0,1200000.0,0.040789,0.13652,0.13652,8790000.0,8790000.0,https://www.sec.gov/Archives/edgar/data/830524/000110465912024357/0001104659-12-024357-index.html,https://www.sec.gov/Archives/edgar/data/830524/000110465912024357/a12-6002_110q.htm
0,2011-11-30,CCF,2012-01-09 00:00:00,2012-01-09 16:47:20,Q1,32130000,22000000,10130000,0.315282,0.0,6990000.0,0.0,0.0,6989999.999999998,28989999.999999996,36000.0,1250000.0,4866000.0,0.151447,3140000.0,0.097728,50000.0,3580000.0,0.111422,1250000.0,2330000.0,0.072518,0.26598,0.26598,8760000.0,8760000.0,https://www.sec.gov/Archives/edgar/data/830524/000110465912001185/0001104659-12-001185-index.html,https://www.sec.gov/Archives/edgar/data/830524/000110465912001185/a11-31637_110q.htm
0,2011-08-31,CCF,2011-11-14 00:00:00,2011-11-14 16:54:56,Q4,32890000,21590000,11300000,0.343569,0.0,6320000.0,0.0,-172000.0,6309999.999999999,27900000,42000.0,1469999.9999999998,6702000.0,0.20377,4980000.0,0.151414,250000.0,5190000.0,0.157799,1570000.0,3620000.0,0.110064,0.41324,0.41324,8760000.0,8760000.0,https://www.sec.gov/Archives/edgar/data/830524/000104746911009551/0001047469-11-009551-index.html,https://www.sec.gov/Archives/edgar/data/830524/000104746911009551/a2206352z10-k.htm
0,2011-05-31,CCF,2011-07-11 00:00:00,2011-07-11 17:04:34,Q3,32630000,21230000,11400000,0.349372,0.0,7210000.0,0.0,48000.0,7210000.000000001,28440000,-26000.0,1220000.0000000002,5384000.0,0.165002,4190000.0,0.128409,50000.0,4190000.0,0.128409,1220000.0,2970000.0,0.091021,0.33827,0.33827,8780000.0,8780000.0,https://www.sec.gov/Archives/edgar/data/830524/000110465911038551/0001104659-11-038551-index.html,https://www.sec.gov/Archives/edgar/data/830524/000110465911038551/a11-14158_110q.htm
0,2011-02-28,CCF,2011-04-11 00:00:00,2011-04-11 16:58:44,Q2,26260000,17440000,8820000.0,0.335872,0.0,6660000.0,0.0,124000.0,6669999.999999998,24109999.999999996,87000.0,1270000.0,3507000.0,0.133549,2160000.0,0.082254,10000.0,2150000.0,0.081874,730000.0,1420000.0,0.054075,0.16473,0.16473,8620000.0,8620000.0,https://www.sec.gov/Archives/edgar/data/830524/000110465911019596/0001104659-11-019596-index.html,https://www.sec.gov/Archives/edgar/data/830524/000110465911019596/a11-9975_110q.htm
0,2010-11-30,CCF,2011-01-10,2011-01-10 16:24:39,Q1,31270000,20060000,11210000,0.358491,0.0,6590000.0,0.0,0.0,6590000.0,26650000,93000.0,1110000.0,5853000.0,0.187176,4620000.0,0.147745,120000.0,4640000.0,0.148385,1720000.0,2930000.0,0.0937,0.32628,0.32628,8980000.0,8980000.0,https://www.sec.gov/Archives/edgar/data/830524/000110465911001036/a11-2961_110q.htm,https://www.sec.gov/Archives/edgar/data/830524/000110465911001036/a11-2961_110q.htm
0,2010-08-31,CCF,2010-11-15 00:00:00,2010-11-15 16:39:44,Q4,35440000,22370000,13070000,0.368792,0.0,7150000.0,0.0,-74000.0,7149999.999999999,29520000,101000.0,1650000.0000000005,8071000.0,0.227737,5920000.0,0.167043,-20000.0,5800000.0,0.163657,1950000.0,4370000.0,0.123307,0.50579,0.50579,8640000.0,8640000.0,https://www.sec.gov/Archives/edgar/data/830524/000104746910009792/0001047469-10-009792-index.html,https://www.sec.gov/Archives/edgar/data/830524/000104746910009792/a2200991z10-k.htm
0,2010-05-31,CCF,2010-07-12 00:00:00,2010-07-12 15:05:35,Q3,33280000,20320000,12960000,0.389423,0.0,7080000.0,0.0,99000.0,7079999.999999998,27399999.999999996,100000.0,1699999.9999999998,8250000.0,0.247897,5880000.0,0.176683,100000.0,5880000.0,0.176683,2050000.0,4400000.0,0.132212,0.50926,0.50926,8640000.0,8640000.0,https://www.sec.gov/Archives/edgar/data/830524/000110465910037704/0001104659-10-037704-index.html,https://www.sec.gov/Archives/edgar/data/830524/000110465910037704/a10-13009_110q.htm
0,2010-02-28,CCF,2010-04-09 00:00:00,2010-04-09 16:46:20,Q2,25760000,17100000,8660000.0,0.33618,0.0,6560000.0,0.0,-25000.0,6570000.0,23670000,99000.0,1560000.0,3959000.0,0.153688,2100000.0,0.081522,-130000.0,1860000.0,0.072205,670000.0,1630000.0,0.063276,0.19176,0.19176,8500000.0,8500000.0,https://www.sec.gov/Archives/edgar/data/830524/000110465910019136/0001104659-10-019136-index.html,https://www.sec.gov/Archives/edgar/data/830524/000110465910019136/a10-7871_110q.htm
0,2009-11-30,CCF,2010-01-11 00:00:00,2010-01-11 16:49:11,Q1,24260000,15040000,9220000.0,0.380049,0.0,6360000.0,0.0,0.0,6359999.999999999,21400000,60000.0,1210000.0,4460000.0,0.183842,2870000.0,0.118302,110000.0,2910000.0,0.119951,1070000.0,2120000.0,0.087387,0.24146,0.24146,8780000.0,8780000.0,https://www.sec.gov/Archives/edgar/data/830524/000110465910001154/0001104659-10-001154-index.html,https://www.sec.gov/Archives/edgar/data/830524/000110465910001154/a10-1579_110q.htm
0,2009-08-31,CCF,2009-11-16 00:00:00,2009-11-13 17:57:16,Q4,12070000,5430000.0,6650000.0,0.550953,0.0,4350000.0,0.0,0.0,4350000.0,9780000.0,-12986000,800000.0000000003,-8686000.0,-0.719635,2300000.0,0.190555,130000.0,2430000.0,0.201326,690000.0,2810000.0,0.232809,0.32636,0.32636,8610000.0,8610000.0,https://www.sec.gov/Archives/edgar/data/830524/000104746909010146/0001047469-09-010146-index.html,https://www.sec.gov/Archives/edgar/data/830524/000104746909010146/a2195469z10-k.htm
0,2009-05-31,CCF,2009-07-10 00:00:00,2009-07-10 15:37:06,Q3,25090000,17640000,7450000.0,0.296931,0.0,5580000.0,0.0,0.0,6079999.999999998,23719999.999999996,13003000,970000.0,15343000,0.611519,1370000.0,0.054603,0.0,1370000.0,0.054603,510000.0,860000.0,0.034277,0.0974,0.0974,8830000.0,8830000.0,https://www.sec.gov/Archives/edgar/data/830524/000135448809001192/0001354488-09-001192-index.html,https://www.sec.gov/Archives/edgar/data/830524/000135448809001192/chase10q.htm
0,2009-02-28,CCF,2009-04-09 00:00:00,2009-04-09 14:23:46,Q2,23000000,17640000,5360000.0,0.233043,0.0,4850000.0,0.0,0.0,4849999.999999998,22489999.999999996,10335000,950000.0,12005000,0.521957,520000.0,0.022609,210000.0,720000.0,0.031304,270000.0,450000.0,0.019565,0.05184,0.05184,8680000.0,8680000.0,https://www.sec.gov/Archives/edgar/data/830524/000110465909023402/0001104659-09-023402-index.html,https://www.sec.gov/Archives/edgar/data/830524/000110465909023402/a09-9639_110q.htm
0,2008-11-30,CCF,2009-01-09 00:00:00,2009-01-09 17:17:07,Q1,31070000,21560000,9510000.0,0.306083,0.0,6030000.0,0.0,0.0,6030000.000000001,27590000,5289000.0,940000.0,9819000.0,0.316028,3480000.0,0.112005,120000.0,3590000.0,0.115546,1330000.0,2260000.0,0.072739,0.26097,0.26097,8660000.0,8660000.0,https://www.sec.gov/Archives/edgar/data/830524/000110465909001641/0001104659-09-001641-index.html,https://www.sec.gov/Archives/edgar/data/830524/000110465909001641/a09-2693_110q.htm
0,2008-08-31,CCF,2008-11-14 00:00:00,2008-11-14 17:12:30,Q4,35670000,24090000,11580000,0.324643,0.0,6110000.0,0.0,0.0,6109999.999999999,30200000,39854000,910000.0,46464000,1.302607,5470000.0,0.15335,90000.0,5700000.0,0.159798,1880000.0,3820000.0,0.107093,0.43607,0.43607,8760000.0,8760000.0,https://www.sec.gov/Archives/edgar/data/830524/000104746908012335/0001047469-08-012335-index.html,https://www.sec.gov/Archives/edgar/data/830524/000104746908012335/a2189201z10-k.htm
0,2008-05-31,CCF,2008-07-10 00:00:00,2008-07-10 14:27:24,Q3,33930000,22920000,11000000,0.324197,0.0,5980000.0,0.0,0.0,5979999.999999997,28899999.999999996,180503000,979999.9999999998,186593000,5.499352,5030000.0,0.148246,120000.0,5110000.0,0.150604,1890000.0,3220000.0,0.094901,0.3714,0.3714,8670000.0,8670000.0,https://www.sec.gov/Archives/edgar/data/830524/000110465908045064/0001104659-08-045064-index.html,https://www.sec.gov/Archives/edgar/data/830524/000110465908045064/a08-18362_110q.htm
0,2008-02-29,CCF,2008-04-09 00:00:00,2008-04-09 14:40:12,Q2,28250000,19710000,8540000.0,0.302301,0.0,5660000.0,0.0,0.0,5660000.0,25370000,145703000,950000.0,149613000,5.296035,2880000.0,0.101947,140000.0,2960000.0,0.104779,1100000.0,1860000.0,0.065841,0.21553,0.21553,8630000.0,8630000.0,https://www.sec.gov/Archives/edgar/data/830524/000110465908023434/0001104659-08-023434-index.html,https://www.sec.gov/Archives/edgar/data/830524/000110465908023434/a08-10436_110q.htm
0,2007-11-30,CCF,2008-01-09,2008-01-09 15:18:04,Q1,34640000,22960000,11670000,0.336894,0.0,6200000.0,0.0,0.0,6210000.000000001,29170000,82952000,980000.0,89442000,2.582044,5470000.0,0.15791,130000.0,5510000.0,0.159065,2040000.0,3470000.0,0.100173,0.4068,0.4068,8530000.0,8530000.0,https://www.sec.gov/Archives/edgar/data/830524/000110465908001552/a08-1592_110q.htm,https://www.sec.gov/Archives/edgar/data/830524/000110465908001552/a08-1592_110q.htm
0,2007-08-31,CCF,2007-11-14 00:00:00,2007-11-14 13:42:31,Q4,34170000,22710000,11460000,0.335382,0.0,5920000.0,0.0,0.0,5919999.999999998,28629999.999999996,899745000,869999.9999999999,906025000,26.515218,5540000.0,0.162131,50000.0,5420000.0,0.158619,2000000.0,3410000.0,0.099795,0.40071,0.40071,8510000.0,8510000.0,https://www.sec.gov/Archives/edgar/data/830524/000104746907009210/0001047469-07-009210-index.html,https://www.sec.gov/Archives/edgar/data/830524/000104746907009210/a2181159z10-k.htm
0,2007-05-31,CCF,2007-07-16 00:00:00,2007-07-16 15:32:04,Q3,34540000,23350000,11190000,0.323972,0.0,6150000.0,0.0,0.0,6459999.999999997,29809999.999999996,731567000,1020000.0,737127000,21.341257,4730000.0,0.136943,50000.0,4540000.0,0.131442,1680000.0,2860000.0,0.082803,0.34048,0.34048,8400000.0,8400000.0,https://www.sec.gov/Archives/edgar/data/830524/000110465907054113/0001104659-07-054113-index.html,https://www.sec.gov/Archives/edgar/data/830524/000110465907054113/a07-19556_110q.htm
0,2007-02-28,CCF,2007-04-16 00:00:00,2007-04-16 12:28:09,Q2,27500000,20030000,7470000.0,0.271636,0.0,5130000.0,0.0,0.0,5129999.999999999,25160000,491351000,809999.9999999999,494341000,17.976036,2340000.0,0.085091,90000.0,2180000.0,0.079273,810000.0,1370000.0,0.049818,0.16427,0.16427,8340000.0,8340000.0,https://www.sec.gov/Archives/edgar/data/830524/000110465907028492/0001104659-07-028492-index.html,https://www.sec.gov/Archives/edgar/data/830524/000110465907028492/a07-11461_110q.htm
0,2006-11-30,CCF,2007-01-16,2007-01-16 12:33:21,Q1,31240000,21800000,9450000.0,0.302497,0.0,5220000.0,0.0,0.0,5210000.000000001,27010000,244928000,799999.9999999999,249778000,7.995455,4230000.0,0.135403,60000.0,4040000.0,0.129321,1500000.0,2550000.0,0.081626,0.31212,0.31212,8170000.0,8170000.0,https://www.sec.gov/Archives/edgar/data/830524/000110465907002572/a07-1938_110q.htm,https://www.sec.gov/Archives/edgar/data/830524/000110465907002572/a07-1938_110q.htm
0,2006-08-31,CCF,2006-11-29,2006-11-29 10:45:28,Q4,31240000,21920000,9320000.0,0.298335,0.0,4610000.0,0.0,183594000,4609999.999999999,26530000,1017654000,760000.0,1022904000,32.743406,4710000.0,0.150768,50000.0,4500000.0,0.144046,1720000.0,2770000.0,0.088668,0.34325,0.34325,8070000.0,8070000.0,https://www.sec.gov/Archives/edgar/data/830524/000110465906078309/a06-24557_110k.htm,https://www.sec.gov/Archives/edgar/data/830524/000110465906078309/a06-24557_110k.htm
0,2006-05-31,CCF,2006-07-17,2006-07-17 11:33:35,Q3,28010000,20220000,7790000.0,0.278115,0.0,4830000.0,0.0,0.0,5290000.000000003,25510000.000000004,760847000,810000.0,763937000,27.273724,2510000.0,0.089611,50000.0,2280000.0,0.0814,910000.0,1370000.0,0.048911,0.17189,0.17189,7970000.0,7970000.0,https://www.sec.gov/Archives/edgar/data/830524/000110465906047223/a06-16171_110q.htm,https://www.sec.gov/Archives/edgar/data/830524/000110465906047223/a06-16171_110q.htm
0,2006-02-28,CCF,2006-04-13,2006-04-13 13:58:42,Q2,24340000,17940000,6400000.0,0.262942,0.0,4560000.0,0.0,0.0,4559999.999999999,22500000,490272000,680000.0,492552000,20.236319,1840000.0,0.075596,50000.0,1600000.0,0.065735,650000.0,950000.0,0.03903,0.11935,0.11935,7960000.0,7960000.0,https://www.sec.gov/Archives/edgar/data/830524/000110465906024944/a06-8898_110q.htm,https://www.sec.gov/Archives/edgar/data/830524/000110465906024944/a06-8898_110q.htm
0,2005-11-30,CCF,2006-01-17,2006-01-17 06:57:14,Q1,24850000,17520000,7330000.0,0.29497,0.0,6580000.0,0.0,0.0,6580000.000000002,24100000.000000004,205456000,610000.0,206656000,8.316137,750000.0,0.030181,40000.0,580000.0,0.02334,-430000.0,1020000.0,0.041046,0.12961,0.12961,7870000.0,7870000.0,https://www.sec.gov/Archives/edgar/data/830524/000110465906002215/a06-2491_110q.htm,https://www.sec.gov/Archives/edgar/data/830524/000110465906002215/a06-2491_110q.htm
0,2005-08-31,CCF,2005-11-23,2005-11-23 11:25:15,Q4,25590000,17940000,7640000.0,0.298554,0.0,4320000.0,0.0,40000.0,4430000.0,22370000,495653000,549999.9999999997,499423000,19.516335,3220000.0,0.12583,40000.0,3220000.0,0.12583,1210000.0,2010000.0,0.078546,0.25475,0.25475,7890000.0,7890000.0,https://www.sec.gov/Archives/edgar/data/830524/000110465905057445/a05-20657_210k.htm,https://www.sec.gov/Archives/edgar/data/830524/000110465905057445/a05-20657_210k.htm
0,2005-05-31,CCF,2005-07-14,2005-07-14 16:27:21,Q3,23550000,17220000,6330000.0,0.26879,0.0,4010000.0,0.0,-40000.0,4710000.000000001,21930000,344044000,420000.0000000002,346084000,14.695711,1620000.0,0.06879,-40000.0,1620000.0,0.06879,590000.0,1030000.0,0.043737,0.13138,0.13138,7840000.0,7840000.0,https://www.sec.gov/Archives/edgar/data/830524/000110465905032459/a05-12179_110q.htm,https://www.sec.gov/Archives/edgar/data/830524/000110465905032459/a05-12179_110q.htm
0,2005-02-28,CCF,2005-04-14,2005-04-14 08:51:43,Q2,19860000,15190000,4660000.0,0.234642,0.0,4110000.0,0.0,76886000,4189999.9999999995,19380000,207127000,610000.0,208227000,10.484743,480000.0,0.024169,0.0,480000.0,0.024169,180000.0,310000.0,0.015609,0.03949,0.03949,7850000.0,7850000.0,https://www.sec.gov/Archives/edgar/data/830524/000110465905016387/a05-6702_110q.htm,https://www.sec.gov/Archives/edgar/data/830524/000110465905016387/a05-6702_110q.htm
0,2004-11-30,CCF,2005-01-14,2005-01-14 14:33:11,Q1,22400000,15870000,6530000.0,0.291518,0.0,4190000.0,0.0,38605000,4240000.0,20110000,95262000,630000.0,98192000,4.383571,2290000.0,0.102232,0.0,2290000.0,0.102232,860000.0,1440000.0,0.064286,0.18414,0.18414,7820000.0,7820000.0,https://www.sec.gov/Archives/edgar/data/830524/000110465905001481/a05-1407_110q.htm,https://www.sec.gov/Archives/edgar/data/830524/000110465905001481/a05-1407_110q.htm
0,2004-08-31,CCF,2004-11-24,2004-11-24 15:54:49,Q4,22720000,16000000,6720000.0,0.295775,0.0,3840000.0,0.0,40000.0,4010000.000000002,20010000.000000004,345918000,130000.00000000006,348818000,15.352905,2710000.0,0.119278,40000.0,2710000.0,0.119278,1030000.0,1740000.0,0.076585,0.22025,0.22025,7900000.0,7900000.0,https://www.sec.gov/Archives/edgar/data/830524/000104746904035224/a2147040z10-k.htm,https://www.sec.gov/Archives/edgar/data/830524/000104746904035224/a2147040z10-k.htm
0,2004-05-31,CCF,2004-07-14,2004-07-14 14:20:38,Q3,22200000,15770000,6440000.0,0.29009,0.0,4140000.0,0.0,-30000.0,4210000.000000001,19980000,273681000,690000.0,276581000,12.458604,2220000.0,0.1,-30000.0,2220000.0,0.1,840000.0,1370000.0,0.061712,0.17587,0.17587,7790000.0,7790000.0,https://www.sec.gov/Archives/edgar/data/830524/000110465904019551/a04-7726_110q.htm,https://www.sec.gov/Archives/edgar/data/830524/000110465904019551/a04-7726_110q.htm
0,2004-02-29,CCF,2004-04-14,2004-04-14 11:36:17,Q2,19880000,14030000,5850000.0,0.294266,0.0,4020000.0,0.0,61496000,4070000.000000002,18100000.000000004,174510000,500000.0000000001,176770000,8.891851,1770000.0,0.089034,0.0,1770000.0,0.089034,660000.0,1100000.0,0.055332,0.13836,0.13836,7950000.0,7950000.0,https://www.sec.gov/Archives/edgar/data/830524/000110465904010087/a04-4405_110q.htm,https://www.sec.gov/Archives/edgar/data/830524/000110465904010087/a04-4405_110q.htm
0,2003-11-30,CCF,2004-01-14,2004-01-14 12:47:19,Q1,22290000,15960000,6330000.0,0.283984,0.0,3880000.0,0.0,9516000.0,5020000.0,20980000,72820000,670000.0,74780000,3.354868,1310000.0,0.058771,0.0,1310000.0,0.058771,880000.0,410000.0,0.018394,0.04713,0.04713,8700000.0,8700000.0,https://www.sec.gov/Archives/edgar/data/830524/000110465904000865/a04-1233_110q.htm,https://www.sec.gov/Archives/edgar/data/830524/000110465904000865/a04-1233_110q.htm
0,2003-08-31,CCF,2003-11-24,2003-11-24 11:08:23,Q4,21170000,14410000,6760000.0,0.31932,0.0,3940000.0,0.0,0.0,4020000.0,18430000,-381475000,479999.99999999977,-378255000,-17.867501,2730000.0,0.128956,0.0,2730000.0,0.128956,890000.0,1850000.0,0.087388,0.21612,0.21612,8560000.0,8560000.0,https://www.sec.gov/Archives/edgar/data/830524/000104746903038274/a2123395z10-k.htm,https://www.sec.gov/Archives/edgar/data/830524/000104746903038274/a2123395z10-k.htm
0,2003-05-31,CCF,2003-07-10,2003-07-10 11:15:20,Q3,19500000,13830000,5670000.0,0.290769,0.0,3730000.0,0.0,0.0,3830000.0,17660000,-295182000,660000.0000000001,-292682000,-15.009333,1840000.0,0.094359,0.0,1840000.0,0.094359,600000.0,1240000.0,0.06359,0.14904,0.14904,8320000.0,8320000.0,https://www.sec.gov/Archives/edgar/data/830524/000110465903014388/j2966_10q.htm,https://www.sec.gov/Archives/edgar/data/830524/000110465903014388/j2966_10q.htm
0,2003-02-28,CCF,2003-04-14,2003-04-14 17:00:03,Q2,15920000,11130000,4800000.0,0.301508,0.0,3310000.0,0.0,0.0,3389999.999999999,14519999.999999998,-196132000,540000.0,-194202000,-12.198618,1410000.0,0.088568,0.0,1410000.0,0.088568,470000.0,920000.0,0.057789,0.11058,0.11058,8320000.0,8320000.0,https://www.sec.gov/Archives/edgar/data/830524/000083052403000015/r10q022803.htm,https://www.sec.gov/Archives/edgar/data/830524/000083052403000015/r10q022803.htm
0,2002-11-30,CCF,2003-01-15,2003-01-15 15:24:55,Q1,17980000,12290000,5690000.0,0.316463,0.0,3630000.0,0.0,0.0,3690000.0000000014,15980000.000000002,-94906000,490000.0,-92486000,-5.143826,2000000.0,0.111235,0.0,2000000.0,0.111235,690000.0,1240000.0,0.068966,0.14976,0.14976,8280000.0,8280000.0,https://www.sec.gov/Archives/edgar/data/830524/000083052403000004/r10qnov2002.htm,https://www.sec.gov/Archives/edgar/data/830524/000083052403000004/r10qnov2002.htm
0,2002-08-31,CCF,2002-11-27,2002-11-27 16:25:47,Q4,18400000,12050000,6350000.0,0.345109,0.0,3590000.0,0.0,0.0,3609999.9999999995,15660000,-516849000,290000.00000000006,-513809000,-27.924402,2740000.0,0.148913,0.0,2740000.0,0.148913,920000.0,1830000.0,0.099457,0.22621,0.22621,8090000.0,8090000.0,https://www.sec.gov/Archives/edgar/data/830524/000083052402000012/r10k2002-630.htm,https://www.sec.gov/Archives/edgar/data/830524/000083052402000012/r10k2002-630.htm
0,2002-05-31,CCF,2002-07-12,2002-07-12 17:03:00,Q3,18540000,13300000,5240000.0,0.282632,0.0,3490000.0,0.0,0.0,3640000.0000000005,16940000,-406362000,559999.9999999999,-404162000,-21.799461,1600000.0,0.0863,0.0,1600000.0,0.0863,480000.0,1160000.0,0.062567,0.13993,0.13993,8290000.0,8290000.0,https://www.sec.gov/Archives/edgar/data/830524/000083052402000008/r10q-053002.htm,https://www.sec.gov/Archives/edgar/data/830524/000083052402000008/r10q-053002.htm
0,2002-02-28,CCF,2002-04-10,2002-04-10 00:00:00,Q2,17050000,12620000,4440000.0,0.260411,0.0,3210000.0,0.0,0.0,3350000.0000000014,15970000.000000002,-265786000,500000.0,-264166000,-15.493607,1090000.0,0.06393,0.0,1090000.0,0.06393,310000.0,810000.0,0.047507,0.09794,0.09794,8270000.0,8270000.0,https://www.sec.gov/Archives/edgar/data/830524/000083052402000006/r10q-022802.htm,https://www.sec.gov/Archives/edgar/data/830524/000083052402000006/r10q-022802.htm
0,2001-11-30,CCF,2002-01-11,2002-01-11 00:00:00,Q1,15350000,11250000,4100000.0,0.267101,0.0,3070000.0,0.0,0.0,3189999.9999999995,14440000,-122096000,440000.0,-120696000,-7.862932,910000.0,0.059283,0.0,910000.0,0.059283,290000.0,670000.0,0.043648,0.08181,0.08181,8190000.0,8190000.0,https://www.sec.gov/Archives/edgar/data/830524/000083052402000004/r10q-1130.htm,https://www.sec.gov/Archives/edgar/data/830524/000083052402000004/r10q-1130.htm
0,2001-08-31,CCF,2001-11-28,2001-11-28 00:00:00,Q4,18500000,13090000,5420000.0,0.292973,0.0,2800000.0,0.0,0.0,2949999.999999999,16040000,-798963000,390000.00000000023,-796023000,-43.02827,2460000.0,0.132973,0.0,2460000.0,0.132973,750000.0,1800000.0,0.097297,0.22059,0.22059,8160000.0,8160000.0,https://www.sec.gov/Archives/edgar/data/830524/000083052401500016/r10k-630.htm,https://www.sec.gov/Archives/edgar/data/830524/000083052401500016/r10k-630.htm
0,2001-05-31,CCF,2001-07-13 00:00:00,2001-07-13 00:00:00,Q3,17200000,12050000,5140000.0,0.298837,0.0,2960000.0,0.0,0.0,3149999.9999999986,15199999.999999998,-650259000,589999.9999999999,-647579000,-37.649942,2000000.0,0.116279,0.0,2000000.0,0.116279,640000.0,1450000.0,0.084302,0.17857,0.17857,8120000.0,8120000.0,https://www.sec.gov/Archives/edgar/data/830524/000083052401500009/0000830524-01-500009-index.html,https://www.sec.gov/Archives/edgar/data/830524/000083052401500009/r10q-630.htm
0,2001-02-28,CCF,2001-04-16 00:00:00,2001-04-16 00:00:00,Q2,16910000,12030000,4880000.0,0.288587,0.0,3080000.0,0.0,0.0,3310000.0000000005,15340000,0.0,580000.0,2210000.0,0.130692,1560000.0,0.092253,0.0,1560000.0,0.092253,510000.0,1120000.0,0.066233,0.13827,0.13827,8100000.0,8100000.0,https://www.sec.gov/Archives/edgar/data/830524/000083052401500007/0000830524-01-500007-index.html,https://www.sec.gov/Archives/edgar/data/830524/000083052401500007/r10q-630.htm
0,2000-11-30,CCF,,,Q1,17930000,12280000,5640000.0,0.314557,0.0,3230000.0,0.0,0.0,3470000.0000000005,15750000,0.0,530000.0,2770000.0,0.15449,2180000.0,0.121584,0.0,2180000.0,0.121584,740000.0,1500000.0,0.083659,0.18541,0.18541,8090000.0,8090000.0,,
0,2000-08-31,CCF,,,Q4,19880000,13440000,6410000.0,0.322435,0.0,3220000.0,0.0,0.0,3470000.0000000005,16910000,0.0,440000.00000000006,3480000.0,0.17505,2960000.0,0.148893,0.0,2960000.0,0.148893,970000.0,2070000.0,0.104125,0.25619,0.25619,8080000.0,8080000.0,,
0,2000-05-31,CCF,2000-07-13 00:00:00,2000-07-13 00:00:00,Q3,18670000,13370000,5300000.0,0.283878,0.0,3070000.0,0.0,0.0,3310000.0000000005,16680000,0.0,509999.9999999999,2580000.0,0.13819,1980000.0,0.106052,0.0,1980000.0,0.106052,670000.0,1400000.0,0.074987,0.17456,0.17456,8020000.0,8020000.0,https://www.sec.gov/Archives/edgar/data/830524/000083052400000006/0000830524-00-000006-index.html,https://www.sec.gov/Archives/edgar/data/830524/000083052400000006/0000830524-00-000006-0001.txt
0,2000-02-29,CCF,2000-04-14 00:00:00,2000-04-14 00:00:00,Q2,15060000,10650000,4410000.0,0.292829,0.0,2830000.0,0.0,0.0,3049999.999999999,13699999.999999998,0.0,520000.0,1970000.0,0.13081,1360000.0,0.090305,0.0,1360000.0,0.090305,460000.0,990000.0,0.065737,0.12329,0.12329,8030000.0,8030000.0,https://www.sec.gov/Archives/edgar/data/830524/000083052400000004/0000830524-00-000004-index.html,https://www.sec.gov/Archives/edgar/data/830524/0000830524-00-000004.txt
0,1999-11-30,CCF,,,Q1,14950000,10200000,4750000.0,0.317726,0.0,2700000.0,0.0,0.0,2890000.0000000005,13090000,0.0,520000.0,2460000.0,0.164548,1860000.0,0.124415,0.0,1860000.0,0.124415,630000.0,1310000.0,0.087625,0.16773,0.16773,7810000.0,7810000.0,,
0,1999-08-31,CCF,,,Q4,14450000,9440000.0,5010000.0,0.346713,0.0,1900000.0,0.0,0.0,2099999.9999999995,11540000,0.0,510000.0,3480000.0,0.24083,2910000.0,0.201384,0.0,2910000.0,0.201384,1040000.0,1930000.0,0.133564,0.24968,0.24968,7730000.0,7730000.0,,
0,1999-05-31,CCF,,,Q3,13010000,8720000.0,4280000.0,0.328978,0.0,2350000.0,0.0,0.0,2399999.9999999986,11119999.999999998,0.0,339999.99999999994,2280000.0,0.17525,1890000.0,0.145273,0.0,1890000.0,0.145273,660000.0,1280000.0,0.098386,0.16389,0.16389,7810000.0,7810000.0,,
0,1999-02-28,CCF,,,Q2,10490000,7090000.0,3400000.0,0.324118,0.0,2210000.0,0.0,0.0,2250000.0,9340000.0,0.0,270000.0,1540000.0,0.146806,1150000.0,0.109628,0.0,1150000.0,0.109628,430000.0,840000.0,0.080076,0.10566,0.10566,7950000.0,7950000.0,,
0,1998-11-30,CCF,,,Q1,11620000,7460000.0,4140000.0,0.356282,0.0,2380000.0,0.0,0.0,2420000.000000001,9880000.000000002,0.0,270000.0,2120000.0,0.182444,1740000.0,0.149742,0.0,1740000.0,0.149742,690000.0,1160000.0,0.099828,0.14853,0.14853,7810000.0,7810000.0,,
0,1998-08-31,CCF,,,Q4,12830000,7920000.0,4880000.0,0.380359,0.0,2320000.0,0.0,0.0,2369999.999999999,10289999.999999998,0.0,219999.9999999999,2820000.0,0.219797,2540000.0,0.197973,0.0,2540000.0,0.197973,950000.0,1650000.0,0.128605,0.21236,0.21236,7770000.0,7770000.0,,
0,1998-05-31,CCF,,,Q3,11940000,7820000.0,4090000.0,0.342546,0.0,2400000.0,0.0,0.0,2469999.999999999,10289999.999999998,0.0,260000.0,1940000.0,0.162479,1650000.0,0.138191,0.0,1650000.0,0.138191,600000.0,1080000.0,0.090452,0.13706,0.13706,7880000.0,7880000.0,,
0,1998-02-28,CCF,,,Q2,10250000,6910000.0,3320000.0,0.323902,0.0,2240000.0,0.0,0.0,2310000.0000000005,9220000.0,0.0,270000.0,1410000.0,0.137561,1030000.0,0.100488,0.0,1030000.0,0.100488,420000.0,720000.0,0.070244,0.09068,0.09068,7940000.0,7940000.0,,
0,1997-11-30,CCF,,,Q1,11620000,7350000.0,4270000.0,0.36747,0.0,2770000.0,0.0,0.0,2840000.0,10190000,0.0,270000.0,3530000.0,0.303787,1430000.0,0.123064,0.0,1430000.0,0.123064,590000.0,2670000.0,0.229776,0.33755,0.33755,7910000.0,7910000.0,,
0,1997-08-31,CCF,,,Q4,11320000,7250000.0,4060000.0,0.358657,0.0,2120000.0,0.0,0.0,2230000.0000000005,9480000.0,0.0,290000.0,2310000.0,0.204064,1830000.0,0.161661,0.0,1830000.0,0.161661,780000.0,1240000.0,0.109541,0.15309,0.15309,8100000.0,8100000.0,,
0,1997-05-31,CCF,,,Q3,11340000,7410000.0,3920000.0,0.345679,0.0,2640000.0,0.0,0.0,2760000.0,10170000,0.0,-289999.9999999999,1000000.0000000001,0.088183,1160000.0,0.102293,0.0,1160000.0,0.102293,470000.0,820000.0,0.07231,0.10419,0.10419,7870000.0,7870000.0,,
0,1997-02-28,CCF,,,Q2,9250000.0,6280000.0,2960000.0,0.32,0.0,2070000.0,0.0,0.0,2190000.0000000005,8470000.0,0.0,790000.0,1700000.0,0.183784,780000.0,0.084324,0.0,780000.0,0.084324,350000.0,560000.0,0.060541,0.07152,0.07152,7830000.0,7830000.0,,
0,1996-11-30,CCF,,,Q1,9090000.0,5930000.0,3150000.0,0.346535,0.0,2050000.0,0.0,0.0,2150000.0000000005,8080000.0,0.0,220000.0,1300000.0,0.143014,1010000.0,0.111111,0.0,1010000.0,0.111111,380000.0,700000.0,0.077008,0.0894,0.0894,7830000.0,7830000.0,,
0,1996-08-31,CCF,,,Q4,9460000.0,5880000.0,3560000.0,0.376321,0.0,2110000.0,0.0,0.0,2220000.0,8100000.0,0.0,140000.0,1520000.0,0.160677,1360000.0,0.143763,0.0,1360000.0,0.143763,500000.0,880000.0,0.093023,0.11702,0.11702,7520000.0,7520000.0,,
0,1996-05-31,CCF,1996-07-09 00:00:00,1996-07-09 00:00:00,Q3,8800000.0,5880000.0,2900000.0,0.329545,0.0,2000000.0,0.0,0.0,2159999.999999999,8039999.999999999,0.0,250000.0,1030000.0,0.117045,750000.0,0.085227,0.0,750000.0,0.085227,270000.0,510000.0,0.057955,0.06782,0.06782,7520000.0,7520000.0,https://www.sec.gov/Archives/edgar/data/830524/000083052496000006/0000830524-96-000006-index.html,https://www.sec.gov/Archives/edgar/data/830524/0000830524-96-000006.txt
0,1996-02-29,CCF,1996-04-09 00:00:00,1996-04-09 00:00:00,Q2,7760000.0,5300000.0,2420000.0,0.311856,0.0,1740000.0,0.0,0.0,1890000.0000000007,7190000.000000001,0.0,490000.0,1060000.0,0.136598,560000.0,0.072165,0.0,560000.0,0.072165,200000.0,370000.0,0.04768,0.0492,0.0492,7520000.0,7520000.0,https://www.sec.gov/Archives/edgar/data/830524/000083052496000004/0000830524-96-000004-index.html,https://www.sec.gov/Archives/edgar/data/830524/0000830524-96-000004.txt
0,1995-11-30,CCF,1996-01-12 00:00:00,1996-01-12 00:00:00,Q1,8360000.0,5630000.0,2720000.0,0.325359,0.0,1790000.0,0.0,0.0,1960000.0,7590000.0,0.0,0.0,790000.0,0.094498,770000.0,0.092105,0.0,770000.0,0.092105,280000.0,510000.0,0.061005,0.06782,0.06782,7520000.0,7520000.0,https://www.sec.gov/Archives/edgar/data/830524/000083052496000002/0000830524-96-000002-index.html,https://www.sec.gov/Archives/edgar/data/830524/0000830524-96-000002.txt
