,date,symbol,fillingDate,acceptedDate,period,revenue,costOfRevenue,grossProfit,grossProfitRatio,researchAndDevelopmentExpenses,generalAndAdministrativeExpenses,sellingAndMarketingExpenses,otherExpenses,operatingExpenses,costAndExpenses,interestExpense,depreciationAndAmortization,ebitda,ebitdaratio,operatingIncome,operatingIncomeRatio,totalOtherIncomeExpensesNet,incomeBeforeTax,incomeBeforeTaxRatio,incomeTaxExpense,netIncome,netIncomeRatio,eps,epsdiluted,weightedAverageShsOut,weightedAverageShsOutDil,link,finalLink
0,2020-09-30,FSI,2020-11-13,2020-11-13 16:00:40,Q3,15822537,10886011,4936526.0,0.3119933295147295,0.0,0.0,0.0,2596463.0,2596463.0,13482474,101425.0,297530.0,2637593.0,0.1666984883650454,2340063.0,0.14789429786133537,0.0,2836408.0,0.17926379315782293,-629863.0,2206545.0,0.1394558281013974,0.17992490031556546,0.17992490031556546,12263700,12263700,https://www.sec.gov/Archives/edgar/data/1069394/000149315220021300/0001493152-20-021300-index.htm,https://www.sec.gov/Archives/edgar/data/1069394/000149315220021300/form10-q.htm
0,2020-06-30,FSI,,,Q2,7709610.0,5288500.0,2421110.0,0.314038,11600.0,1192290.0,0.0,0.0,1248590.0,6537090.0,352090.0,141439.99999999997,1886060.0,0.244638,1172520.0,0.152086,0.0,1524600.0,0.197753,259660.0,1132870.0,0.146943,0.09238,0.09238,12263700,12263700,,
0,2020-03-31,FSI,2020-05-14,2020-05-14 16:07:01,Q1,8429490.0,5479950.0,2949540.0,0.34990728976486124,28580.0,1310530.0,0.0,1382804000,1382800.0000000005,6862750.000000001,-101425000,148060.0,-99577270,-11.812965,1566740.0,0.185864,0.0,1766680.0,0.209583,434990.0,1264680.0,0.15003,0.10281,0.10281,12300900,12300900,https://www.sec.gov/Archives/edgar/data/1069394/000149315220008749/0001493152-20-008749-index.htm,https://www.sec.gov/Archives/edgar/data/1069394/000149315220008749/form10-q.htm
0,2019-12-31,FSI,2020-03-30 00:00:00,2020-03-30 16:01:41,Q4,4794700.0,3481190.0,1313510.0,0.27395,52660.0,1399360.0,91198.0,2274737.0,1534920.0000000005,5016110.000000001,334718.0,157810.0,409578.0,0.085423,-221410.0,-0.046178,0.0,-225940.0,-0.047123,-599880.0,516930.0,0.107813,0.04053,0.04053,12755740,12755740,https://www.sec.gov/Archives/edgar/data/1069394/000149315220005195/0001493152-20-005195-index.html,https://www.sec.gov/Archives/edgar/data/1069394/000149315220005195/form10-k.htm
0,2019-09-30,FSI,2019-11-14 00:00:00,2019-11-14 16:01:47,Q3,7403490.0,5024130.0,2379360.0,0.321384,15550.0,1440220.0,0.0,1559915000,1559920.0,6584050.0,-94319000,156480.0,-93536700,-12.634136,819440.0,0.110683,0.0,915800.0,0.123698,213770.0,412050.0,0.055656,0.03356,0.03356,12277790,12277790,https://www.sec.gov/Archives/edgar/data/1069394/000149315219017439/0001493152-19-017439-index.html,https://www.sec.gov/Archives/edgar/data/1069394/000149315219017439/form10-q.htm
0,2019-06-30,FSI,2019-08-14 00:00:00,2019-08-14 16:06:29,Q2,6770440.0,4618360.0,2152080.0,0.317864,35360.0,1646080.0,0.0,1888956000,1888960.0,6507320.0,-118465000,157690.00000000003,-118184570,-17.455966,263120.0,0.038863,0.0,331260.0,0.048927,150470.0,-27730.0,-0.004096,-0.00236,-0.00236,11769640,11769640,https://www.sec.gov/Archives/edgar/data/1069394/000149315219012519/0001493152-19-012519-index.html,https://www.sec.gov/Archives/edgar/data/1069394/000149315219012519/form10-q.htm
0,2019-03-31,FSI,2019-04-01 00:00:00,2019-04-01 17:31:21,Q1,8471480.0,5695890.0,2775590.0,0.327639,20090.0,1487840.0,0.0,1728996000,1729000.0,7424890.0,-129007000,148280.0,-127594490,-15.061653,1046590.0,0.123543,0.0,1293500.0,0.152689,253080.0,1011150.0,0.119359,0.08557,0.08557,11816590,11816590,https://www.sec.gov/Archives/edgar/data/1069394/000149315219004627/0001493152-19-004627-index.html,https://www.sec.gov/Archives/edgar/data/1069394/000149315219004627/form10-k.htm
0,2018-12-31,FSI,2019-04-01 00:00:00,2019-04-01 17:31:21,Q4,5674170.0,4498700.0,1175470.0,0.207162,48680.0,1458770.0,50235.0,2058913000,1247269.9999999993,5745969.999999999,49528.0,161999.99999999997,219047.99999999997,0.038604,-71800.0,-0.012654,0.0,-61040.0,-0.010758,211350.0,-203830.0,-0.035922,-0.01751,-0.01751,11638150,11638150,https://www.sec.gov/Archives/edgar/data/1069394/000149315219004627/0001493152-19-004627-index.html,https://www.sec.gov/Archives/edgar/data/1069394/000149315219004627/form10-k.htm
0,2018-09-30,FSI,2018-11-14 00:00:00,2018-11-14 16:01:42,Q3,3816630.0,2859130.0,957500.0,0.250876,32700.0,1028990.0,0.0,344590000,1156240.0,4015370.0,-7735000.0,60560.0,-7857280.0,-2.058696,-198740.0,-0.052072,0.0,-182840.0,-0.047906,-37370.0,-145470.0,-0.038115,-0.01251,-0.01251,11630990,11630990,https://www.sec.gov/Archives/edgar/data/1069394/000149315218016054/0001493152-18-016054-index.html,https://www.sec.gov/Archives/edgar/data/1069394/000149315218016054/form10-q.htm
0,2018-06-30,FSI,2018-08-14 00:00:00,2018-08-14 16:08:12,Q2,4140000.0,2600000.0,1540000.0,0.371981,20000.0,1060000.0,0.0,970623000,969999.9999999998,3570000.0,-7087000.0,60000.0,-4727000.0,-1.141787,570000.0,0.137681,0.0,2290000.0,0.55314,160000.0,2140000.0,0.516908,0.18401,0.18401,11630000,11630000,https://www.sec.gov/Archives/edgar/data/1069394/000149315218011780/0001493152-18-011780-index.html,https://www.sec.gov/Archives/edgar/data/1069394/000149315218011780/form10-q.htm
0,2018-03-31,FSI,2018-04-02 00:00:00,2018-04-02 16:01:18,Q1,4200000.0,2230000.0,1970000.0,0.469048,40000.0,1000000.0,0.0,955684000,960000.0,3190000.0,-7400000.0,60000.0,-6340000.0,-1.509524,1010000.0,0.240476,0.0,1010000.0,0.240476,300000.0,700000.0,0.166667,0.05907,0.05907,11850000,11850000,https://www.sec.gov/Archives/edgar/data/1069394/000149315218004462/0001493152-18-004462-index.html,https://www.sec.gov/Archives/edgar/data/1069394/000149315218004462/form10-k.htm
0,2017-12-31,FSI,2018-04-02 00:00:00,2018-04-02 16:01:18,Q4,2840000.0,1820000.0,1010000.0,0.355634,30000.0,1100000.0,2770.0,1024299.0,1110000.0,2930000.0,8427.0,99999.99999999999,38426.99999999998,0.013531,-90000.0,-0.03169,0.0,-70000.0,-0.024648,1420000.0,-1490000.0,-0.524648,-0.12923,-0.12923,11530000,11530000,https://www.sec.gov/Archives/edgar/data/1069394/000149315218004462/0001493152-18-004462-index.html,https://www.sec.gov/Archives/edgar/data/1069394/000149315218004462/form10-k.htm
0,2017-09-30,FSI,2017-11-14 00:00:00,2017-11-14 16:02:51,Q3,3270000.0,2270000.0,1000000.0,0.30581,40000.0,1080000.0,2192.0,1130987.0,1180000.0000000002,3450000.0,11402.0,49999.99999999999,-428598.0,-0.13107,-180000.0,-0.055046,0.0,-490000.0,-0.149847,-210000.0,-280000.0,-0.085627,-0.02435,-0.02435,11500000,11500000,https://www.sec.gov/Archives/edgar/data/1069394/000165495417010613/0001654954-17-010613-index.html,https://www.sec.gov/Archives/edgar/data/1069394/000165495417010613/fsi_10q.htm
0,2017-06-30,FSI,2017-08-14 00:00:00,2017-08-14 16:03:13,Q2,4720000.0,2840000.0,1880000.0,0.398305,20000.0,1080000.0,3718.0,0.0,1150000.0000000005,3990000.0000000005,12729.0,60000.00000000001,482729.0,0.102273,740000.0,0.15678,0.0,410000.0,0.086864,140000.0,270000.0,0.057203,0.02298,0.02298,11750000,11750000,https://www.sec.gov/Archives/edgar/data/1069394/000165495417007535/0001654954-17-007535-index.html,https://www.sec.gov/Archives/edgar/data/1069394/000165495417007535/fsi_10q.htm
0,2017-03-31,FSI,2017-05-15 00:00:00,2017-05-15 16:01:38,Q1,4660000.0,2570000.0,2090000.0,0.448498,10000.0,1010000.0,9577.0,0.0,1090000.0000000002,3660000.0000000005,11567.0,80000.0,3661567.0,0.785744,1000000.0,0.214592,0.0,3570000.0,0.766094,320000.0,3250000.0,0.697425,0.27921,0.27921,11640000,11640000,https://www.sec.gov/Archives/edgar/data/1069394/000165495417004740/0001654954-17-004740-index.html,https://www.sec.gov/Archives/edgar/data/1069394/000165495417004740/fsi_10q.htm
0,2016-12-31,FSI,2017-03-31 00:00:00,2017-03-31 16:01:26,Q4,4080000.0,2430000.0,1650000.0,0.404412,20000.0,950000.0,3971.0,940315.0,969999.9999999998,3400000.0,7823.0,130000.00000000006,807823.0000000001,0.197996,680000.0,0.166667,0.0,670000.0,0.164216,270000.0,400000.0,0.098039,0.03422,0.03422,11690000,11690000,https://www.sec.gov/Archives/edgar/data/1069394/000165495417002917/0001654954-17-002917-index.html,https://www.sec.gov/Archives/edgar/data/1069394/000165495417002917/fsi_10k.htm
0,2016-09-30,FSI,2016-11-14 00:00:00,2016-11-14 16:01:57,Q3,3120000.0,2000000.0,1120000.0,0.358974,10000.0,940000.0,5902.0,923213.0,950000.0000000002,2950000.0,11318.0,139999.99999999997,331317.99999999994,0.106192,170000.0,0.054487,0.0,180000.0,0.057692,90000.0,90000.0,0.028846,0.0077,0.0077,11690000,11690000,https://www.sec.gov/Archives/edgar/data/1069394/000165495416003958/0001654954-16-003958-index.html,https://www.sec.gov/Archives/edgar/data/1069394/000165495416003958/fsi_10q.htm
0,2016-06-30,FSI,2016-08-12 00:00:00,2016-08-12 16:01:48,Q2,3730000.0,1750000.0,1980000.0,0.530831,30000.0,1020000.0,2021.0,1019174.0,1049999.9999999998,2800000.0,11614.0,140000.0,1081614.0,0.289977,930000.0,0.24933,0.0,930000.0,0.24933,370000.0,560000.0,0.150134,0.04836,0.04836,11580000,11580000,https://www.sec.gov/Archives/edgar/data/1069394/000165495416001489/0001654954-16-001489-index.html,https://www.sec.gov/Archives/edgar/data/1069394/000165495416001489/fsi_10q.htm
0,2016-03-31,FSI,2016-05-12 00:00:00,2016-05-12 16:01:44,Q1,5310000.0,3070000.0,2240000.0,0.421846,40000.0,870000.0,9305.0,838336.0,940000.0,4010000.0,10944.0,130000.0,1440944.0,0.271364,1300000.0,0.244821,0.0,1300000.0,0.244821,560000.0,740000.0,0.13936,0.06396,0.06396,11570000,11570000,https://www.sec.gov/Archives/edgar/data/1069394/000135448816007355/0001354488-16-007355-index.html,https://www.sec.gov/Archives/edgar/data/1069394/000135448816007355/fsi_10q.htm
0,2015-12-31,FSI,2016-03-29 00:00:00,2016-03-29 16:03:27,Q4,3730000.0,2260000.0,1470000.0,0.394102,30000.0,940000.0,4412.0,887204.0,970000.0000000002,3230000.0,11726.0,149999.99999999997,651726.0,0.174725,500000.0,0.134048,0.0,500000.0,0.134048,50000.0,440000.0,0.117962,0.03288,0.03288,13380000,13380000,https://www.sec.gov/Archives/edgar/data/1069394/000135448816006741/0001354488-16-006741-index.html,https://www.sec.gov/Archives/edgar/data/1069394/000135448816006741/fsi_10k.htm
0,2015-09-30,FSI,2015-11-13 00:00:00,2015-11-13 16:06:17,Q3,3300000.0,2090000.0,1210000.0,0.366667,30000.0,890000.0,4082.0,858862.0,900000.0000000003,2990000.0000000005,11867.0,140000.0,471867.0,0.14299,310000.0,0.093939,0.0,310000.0,0.093939,80000.0,240000.0,0.072727,0.01815,0.01815,13220000,13220000,https://www.sec.gov/Archives/edgar/data/1069394/000135448815005058/0001354488-15-005058-index.html,https://www.sec.gov/Archives/edgar/data/1069394/000135448815005058/fsi_10q.htm
0,2015-06-30,FSI,2015-08-14 00:00:00,2015-08-14 16:01:43,Q2,3900000.0,2270000.0,1630000.0,0.417949,20000.0,990000.0,9620.0,963982.0,1029999.9999999998,3300000.0,14831.0,129999.99999999999,734831.0,0.188418,610000.0,0.15641,0.0,590000.0,0.151282,270000.0,320000.0,0.082051,0.02383,0.02383,13430000,13430000,https://www.sec.gov/Archives/edgar/data/1069394/000135448815003882/0001354488-15-003882-index.html,https://www.sec.gov/Archives/edgar/data/1069394/000135448815003882/fsi_10q.htm
0,2015-03-31,FSI,2015-05-15 00:00:00,2015-05-15 16:02:48,Q1,4960000.0,3060000.0,1900000.0,0.383065,20000.0,940000.0,16331.0,0.0,970000.0000000002,4030000.0,17346.0,160000.0,1077346.0,0.217207,930000.0,0.1875,0.0,910000.0,0.183468,400000.0,500000.0,0.100806,0.03782,0.03782,13220000,13220000,https://www.sec.gov/Archives/edgar/data/1069394/000135448815002507/0001354488-15-002507-index.html,https://www.sec.gov/Archives/edgar/data/1069394/000135448815002507/fsi_10q.htm
0,2014-12-31,FSI,2015-03-31,2015-03-31 16:01:03,Q4,3960000.0,2850000.0,1100000.0,0.277778,40000.0,970000.0,3804.0,926200.0,980000.0,3830000.0,22432.0,360000.00000000006,512432.00000000006,0.129402,130000.0,0.032828,0.0,130000.0,0.032828,150000.0,-20000.0,-0.005051,-0.00152,-0.00152,13170000,13170000,https://www.sec.gov/Archives/edgar/data/1069394/000135448815001493/fsi_10k.htm,https://www.sec.gov/Archives/edgar/data/1069394/000135448815001493/fsi_10k.htm
0,2014-09-30,FSI,2014-11-14 00:00:00,2014-11-14 16:00:36,Q3,3850000.0,2520000.0,1330000.0,0.345455,20000.0,1110000.0,4293.0,1070058.0,1140000.0,3660000.0,19686.0,99999.99999999999,309686.0,0.080438,190000.0,0.049351,0.0,190000.0,0.049351,10000.0,180000.0,0.046753,0.01367,0.01367,13170000,13170000,https://www.sec.gov/Archives/edgar/data/1069394/000135448814005778/0001354488-14-005778-index.html,https://www.sec.gov/Archives/edgar/data/1069394/000135448814005778/fsi_10q.htm
0,2014-06-30,FSI,2014-08-14 00:00:00,2014-08-14 16:04:39,Q2,4290000.0,2730000.0,1550000.0,0.361305,30000.0,1000000.0,5476.0,1011908.0,1060000.0,3790000.0,25940.0,130000.0,655940.0,0.1529,500000.0,0.11655,0.0,500000.0,0.11655,100000.0,400000.0,0.09324,0.03037,0.03037,13170000,13170000,https://www.sec.gov/Archives/edgar/data/1069394/000135448814004238/0001354488-14-004238-index.html,https://www.sec.gov/Archives/edgar/data/1069394/000135448814004238/fsi_10q.htm
0,2014-03-31,FSI,2014-05-15 00:00:00,2014-05-15 16:10:56,Q1,3810000.0,2660000.0,1150000.0,0.301837,40000.0,1240000.0,22474.0,1178902.0,1310000.0,3970000.0,26832.0,200000.0,66832.0,0.017541,-160000.0,-0.041995,0.0,-160000.0,-0.041995,0.0,-160000.0,-0.041995,-0.01215,-0.01215,13170000,13170000,https://www.sec.gov/Archives/edgar/data/1069394/000135448814002688/0001354488-14-002688-index.html,https://www.sec.gov/Archives/edgar/data/1069394/000135448814002688/fsi_10q.htm
0,2013-12-31,FSI,2014-03-31,2014-03-31 16:07:05,Q4,3430000.0,2370000.0,1060000.0,0.309038,20000.0,1430000.0,4989.0,1424855.0,1560000.0,3930000.0,26450.0,320000.00000000006,96450.00000000006,0.02812,-500000.0,-0.145773,250000.0,-250000.0,-0.072886,-2620000.0,2370000.0,0.690962,0.17995,0.17995,13170000,13170000,https://www.sec.gov/Archives/edgar/data/1069394/000135448814001541/fsi_10k.htm,https://www.sec.gov/Archives/edgar/data/1069394/000135448814001541/fsi_10k.htm
0,2013-09-30,FSI,2013-10-08 00:00:00,2013-10-08 16:30:21,Q3,2980000.0,2430000.0,550000.0,0.184564,20000.0,1190000.0,2401.0,1196034.0,1230000.0,3660000.0,26869.0,319999.99999999994,-333131.00000000006,-0.111789,-680000.0,-0.228188,0.0,-680000.0,-0.228188,0.0,-680000.0,-0.228188,-0.05163,-0.05163,13170000,13170000,https://www.sec.gov/Archives/edgar/data/1543679/000137647413000491/0001376474-13-000491-index.html,https://www.sec.gov/Archives/edgar/data/1543679/000137647413000491/fsc_10q.htm
0,2013-06-30,FSI,2013-08-14 00:00:00,2013-08-14 17:41:57,Q2,4880000.0,3310000.0,1570000.0,0.321721,70000.0,1370000.0,17663.0,2532094.0,1489999.9999999998,4800000.0,55880.0,330000.0,465880.0,0.095467,80000.0,0.016393,0.0,80000.0,0.016393,10000.0,70000.0,0.014344,0.00535,0.00535,13080000,13080000,https://www.sec.gov/Archives/edgar/data/1069394/000135448813004587/0001354488-13-004587-index.html,https://www.sec.gov/Archives/edgar/data/1069394/000135448813004587/fsi_10q.htm
0,2013-03-31,FSI,2013-04-01 00:00:00,2013-04-01 16:08:34,Q1,4500000.0,3160000.0,1350000.0,0.3,10000.0,1200000.0,0.0,0.0,1219999.9999999998,4380000.0,0.0,330000.0,460000.0,0.102222,120000.0,0.026667,0.0,120000.0,0.026667,60000.0,70000.0,0.015556,0.00522,0.00522,13400000,13400000,https://www.sec.gov/Archives/edgar/data/1069394/000135448813001671/0001354488-13-001671-index.html,https://www.sec.gov/Archives/edgar/data/1069394/000135448813001671/fsi_10k.htm
0,2012-12-31,FSI,2013-04-01 00:00:00,2013-04-01 16:08:34,Q4,3850000.0,2690000.0,1160000.0,0.301299,20000.0,1280000.0,0.0,2154872000,1340000.0000000002,4030000.0000000005,0.0,339999.99999999994,159999.99999999997,0.041558,-180000.0,-0.046753,0.0,-180000.0,-0.046753,200000.0,-380000.0,-0.098701,-0.02885,-0.02885,13170000,13170000,https://www.sec.gov/Archives/edgar/data/1069394/000135448813001671/0001354488-13-001671-index.html,https://www.sec.gov/Archives/edgar/data/1069394/000135448813001671/fsi_10k.htm
0,2012-09-30,FSI,2012-11-14 00:00:00,2012-11-14 16:15:52,Q3,3600000.0,2570000.0,1030000.0,0.286111,10000.0,1280000.0,0.0,1698647000,1320000.0000000002,3890000.0000000005,0.0,310000.00000000006,20000.00000000005,0.005556,-290000.0,-0.080556,0.0,-290000.0,-0.080556,170000.0,-460000.0,-0.127778,-0.03493,-0.03493,13170000,13170000,https://www.sec.gov/Archives/edgar/data/1069394/000135448812005893/0001354488-12-005893-index.html,https://www.sec.gov/Archives/edgar/data/1069394/000135448812005893/fsi_10q.htm
0,2012-06-30,FSI,2012-07-13 00:00:00,2012-07-13 09:24:37,Q2,3760000.0,2650000.0,1110000.0,0.295213,20000.0,1420000.0,0.0,1452912000,1460000.0000000005,4110000.0000000005,0.0,300000.0,-50000.0,-0.013298,-350000.0,-0.093085,0.0,-350000.0,-0.093085,120000.0,-470000.0,-0.125,-0.03569,-0.03569,13170000,13170000,https://www.sec.gov/Archives/edgar/data/1543679/000154367912000010/0001543679-12-000010-index.html,https://www.sec.gov/Archives/edgar/data/1543679/000154367912000010/firststateform10q.htm
0,2012-03-31,FSI,2012-05-15,2012-05-15 16:06:26,Q1,5190000.0,3220000.0,1970000.0,0.379576,20000.0,1130000.0,0.0,1194092000,1190000.0,4410000.0,0.0,310000.0,1090000.0,0.210019,780000.0,0.150289,0.0,780000.0,0.150289,560000.0,220000.0,0.042389,0.01642,0.01642,13400000,13400000,https://www.sec.gov/Archives/edgar/data/1069394/000135448812002573/fsi_10q.htm,https://www.sec.gov/Archives/edgar/data/1069394/000135448812002573/fsi_10q.htm
0,2011-12-31,FSI,2012-03-29 00:00:00,2012-03-29 16:41:21,Q4,3370000.0,2130000.0,1240000.0,0.367953,20000.0,1200000.0,0.0,3549127000,1230000.0,3360000.0,0.0,80000.00000000001,80000.00000000001,0.023739,10000.0,0.002967,0.0,10000.0,0.002967,260000.0,-260000.0,-0.077151,-0.01976,-0.01976,13160000,13160000,https://www.sec.gov/Archives/edgar/data/1069394/000135448812001479/0001354488-12-001479-index.html,https://www.sec.gov/Archives/edgar/data/1069394/000135448812001479/fsi_10k.htm
0,2011-09-30,FSI,2011-11-14 00:00:00,2011-11-14 15:58:35,Q3,3860000.0,2710000.0,1150000.0,0.297927,20000.0,960000.0,0.0,997856000,1000000.0,3710000.0,0.0,90000.0,250000.0,0.064767,160000.0,0.041451,0.0,160000.0,0.041451,250000.0,-90000.0,-0.023316,-0.00683,-0.00683,13170000,13170000,https://www.sec.gov/Archives/edgar/data/1069394/000135448811004374/0001354488-11-004374-index.html,https://www.sec.gov/Archives/edgar/data/1069394/000135448811004374/fsi_10q.htm
0,2011-06-30,FSI,2011-08-15 00:00:00,2011-08-15 17:04:03,Q2,3930000.0,2250000.0,1680000.0,0.427481,20000.0,1150000.0,0.0,1213689000,1210000.0,3460000.0,-2875000.0,80000.0,-2325000.0,-0.591603,470000.0,0.119593,0.0,470000.0,0.119593,300000.0,170000.0,0.043257,0.01279,0.01279,13290000,13290000,https://www.sec.gov/Archives/edgar/data/1069394/000135448811002864/0001354488-11-002864-index.html,https://www.sec.gov/Archives/edgar/data/1069394/000135448811002864/fsi_10q.htm
0,2011-03-31,FSI,2011-05-16 00:00:00,2011-05-16 17:01:11,Q1,4360000.0,2570000.0,1780000.0,0.408257,10000.0,1060000.0,0.0,0.0,1110000.0000000002,3680000.0000000005,0.0,80000.0,760000.0,0.174312,680000.0,0.155963,0.0,680000.0,0.155963,320000.0,360000.0,0.082569,0.02649,0.02649,13590000,13590000,https://www.sec.gov/Archives/edgar/data/1069394/000100487811000182/0001004878-11-000182-index.html,https://www.sec.gov/Archives/edgar/data/1069394/000100487811000182/march1110q5-11.txt
0,2010-12-31,FSI,2011-03-31 00:00:00,2011-03-31 16:41:13,Q4,2600000.0,1740000.0,860000.0,0.330769,0.0,1040000.0,0.0,0.0,1070000.0,2810000.0,-22809000,89999.99999999997,-22939000,-8.822692,-220000.0,-0.084615,0.0,-220000.0,-0.084615,200000.0,-420000.0,-0.161538,-0.03009,-0.03009,13960000,13960000,https://www.sec.gov/Archives/edgar/data/1069394/000117120011000291/0001171200-11-000291-index.html,https://www.sec.gov/Archives/edgar/data/1069394/000117120011000291/i00158_flexible-10k.htm
0,2010-09-30,FSI,2010-11-12 00:00:00,2010-11-12 06:01:31,Q3,2680000.0,1830000.0,840000.0,0.313433,20000.0,950000.0,0.0,0.0,989999.9999999998,2820000.0,-17313000,100000.0,-17363000,-6.478731,-150000.0,-0.05597,0.0,-150000.0,-0.05597,10000.0,-160000.0,-0.059701,-0.01146,-0.01146,13960000,13960000,https://www.sec.gov/Archives/edgar/data/1069394/000117120010001061/0001171200-10-001061-index.html,https://www.sec.gov/Archives/edgar/data/1069394/000117120010001061/i00506_flexible-10q.htm
0,2010-06-30,FSI,2010-08-12 00:00:00,2010-08-12 16:10:10,Q2,2830000.0,1590000.0,1240000.0,0.438163,30000.0,920000.0,0.0,782344000,959999.9999999997,2549999.9999999995,-18352000,80000.00000000001,-17992000,-6.357597,280000.0,0.09894,0.0,280000.0,0.09894,410000.0,-130000.0,-0.045936,-0.00931,-0.00931,13960000,13960000,https://www.sec.gov/Archives/edgar/data/1069394/000117120010000791/0001171200-10-000791-index.html,https://www.sec.gov/Archives/edgar/data/1069394/000117120010000791/i00367_flexible-10q.htm
0,2010-03-31,FSI,2010-05-14 00:00:00,2010-05-13 17:32:14,Q1,3380000.0,1850000.0,1530000.0,0.452663,20000.0,900000.0,0.0,947641000,949999.9999999997,2799999.9999999995,-18742000,90000.0,-18062000,-5.343787,580000.0,0.171598,0.0,580000.0,0.171598,70000.0,520000.0,0.153846,0.03725,0.03725,13960000,13960000,https://www.sec.gov/Archives/edgar/data/1069394/000117120010000481/0001171200-10-000481-index.html,https://www.sec.gov/Archives/edgar/data/1069394/000117120010000481/i00222_flexible-10q.htm
0,2009-12-31,FSI,2010-03-30 00:00:00,2010-03-30 17:07:20,Q4,2400000.0,1440000.0,960000.0,0.4,10000.0,1020000.0,0.0,1356698000,1069999.9999999998,2510000.0,-18637000,100000.00000000003,-18567000,-7.73625,-110000.0,-0.045833,80000.0,-30000.0,-0.0125,200000.0,-230000.0,-0.095833,-0.01643,-0.01643,14000000,14000000,https://www.sec.gov/Archives/edgar/data/1069394/000117120010000305/0001171200-10-000305-index.html,https://www.sec.gov/Archives/edgar/data/1069394/000117120010000305/i00144_flexible-10k.htm
0,2009-09-30,FSI,2009-11-12 00:00:00,2009-11-12 17:04:06,Q3,2450000.0,1480000.0,970000.0,0.395918,10000.0,940000.0,0.0,955821000,1060000.0,2540000.0,-19742000,99999.99999999999,-19732000,-8.053878,-90000.0,-0.036735,0.0,-90000.0,-0.036735,70000.0,-160000.0,-0.065306,-0.01146,-0.01146,13960000,13960000,https://www.sec.gov/Archives/edgar/data/1069394/000117120009000882/0001171200-09-000882-index.html,https://www.sec.gov/Archives/edgar/data/1069394/000117120009000882/i00420_flexible-10q.htm
0,2009-06-30,FSI,2009-08-13 00:00:00,2009-08-13 17:03:56,Q2,2270000.0,1570000.0,700000.0,0.30837,10000.0,870000.0,0.0,735758000,920000.0000000002,2490000.0,-16304000,100000.0,-16424000,-7.235242,-220000.0,-0.096916,0.0,-220000.0,-0.096916,0.0,-220000.0,-0.096916,-0.01541,-0.01541,14280000,14280000,https://www.sec.gov/Archives/edgar/data/1069394/000117120009000535/0001171200-09-000535-index.html,https://www.sec.gov/Archives/edgar/data/1069394/000117120009000535/i00259_flex-10q.htm
0,2009-03-31,FSI,2009-05-14 00:00:00,2009-05-14 16:38:50,Q1,2660000.0,2010000.0,650000.0,0.244361,0.0,780000.0,0.0,780231000,780000.0000000002,2790000.0,-11385000,100000.0,-11415000,-4.291353,-130000.0,-0.048872,0.0,-130000.0,-0.048872,0.0,-130000.0,-0.048872,-0.00925,-0.00925,14060000,14060000,https://www.sec.gov/Archives/edgar/data/1069394/000120095209000205/0001200952-09-000205-index.html,https://www.sec.gov/Archives/edgar/data/1069394/000120095209000205/fsi_10q-90331.htm
0,2008-12-31,FSI,2009-03-26 00:00:00,2009-03-26 17:02:13,Q4,2240000.0,1630000.0,610000.0,0.272321,10000.0,920000.0,0.0,1427235000,940000.0,2570000.0,-15289000,109999.99999999999,-15509000,-6.923661,-330000.0,-0.147321,0.0,-330000.0,-0.147321,70000.0,-400000.0,-0.178571,-0.02845,-0.02845,14060000,14060000,https://www.sec.gov/Archives/edgar/data/1069394/000120095209000141/0001200952-09-000141-index.html,https://www.sec.gov/Archives/edgar/data/1069394/000120095209000141/fsi_10k-81231.htm
0,2008-09-30,FSI,2008-11-13 00:00:00,2008-11-13 16:34:13,Q3,2100000.0,1110000.0,990000.0,0.471429,10000.0,870000.0,0.0,541004000,839999.9999999999,1950000.0,-1444000.0,110000.00000000001,-1194000.0,-0.568571,140000.0,0.066667,0.0,140000.0,0.066667,0.0,140000.0,0.066667,0.00996,0.00996,14060000,14060000,https://www.sec.gov/Archives/edgar/data/1069394/000120095208000496/0001200952-08-000496-index.html,https://www.sec.gov/Archives/edgar/data/1069394/000120095208000496/fsi_10q-80930.htm
0,2008-06-30,FSI,2008-08-14 00:00:00,2008-08-14 16:11:47,Q2,2920000.0,1650000.0,1280000.0,0.438356,50000.0,910000.0,0.0,847250000,930000.0000000002,2580000.0,12178000,120000.00000000001,12648000,4.331507,350000.0,0.119863,0.0,350000.0,0.119863,0.0,350000.0,0.119863,0.02489,0.02489,14060000,14060000,https://www.sec.gov/Archives/edgar/data/1069394/000120095208000383/0001200952-08-000383-index.html,https://www.sec.gov/Archives/edgar/data/1069394/000120095208000383/fsi_10q-80630.htm
0,2008-03-31,FSI,2008-05-15 00:00:00,2008-05-15 16:07:39,Q1,3500000.0,2330000.0,1170000.0,0.334286,20000.0,810000.0,0.0,741368000,859999.9999999999,3190000.0,-14141000,110000.0,-13721000,-3.920286,310000.0,0.088571,0.0,310000.0,0.088571,0.0,310000.0,0.088571,0.02205,0.02205,14060000,14060000,https://www.sec.gov/Archives/edgar/data/1069394/000120095208000247/0001200952-08-000247-index.html,https://www.sec.gov/Archives/edgar/data/1069394/000120095208000247/fsi_10q-80331.htm
0,2007-12-31,FSI,2009-03-04,2009-03-04 13:10:55,Q4,1700000.0,1160000.0,540000.0,0.317647,40000.0,870000.0,0.0,1402058000,990000.0,2150000.0,-7731000.0,140000.0,-8041000.0,-4.73,-450000.0,-0.264706,0.0,-450000.0,-0.264706,0.0,-450000.0,-0.264706,-0.03178,-0.03178,14160000,14160000,https://www.sec.gov/Archives/edgar/data/1069394/000120095209000115/fsi_10ksba3-71231.htm,https://www.sec.gov/Archives/edgar/data/1069394/000120095209000115/fsi_10ksba3-71231.htm
0,2007-09-30,FSI,2007-11-14,2007-11-14 17:03:04,Q3,1300000.0,850000.0,450000.0,0.346154,20000.0,930000.0,0.0,759661000,1010000.0000000002,1860000.0000000002,-1690000.0,130000.0,-1940000.0,-1.492308,-570000.0,-0.438462,-10000.0,-380000.0,-0.292308,0.0,-380000.0,-0.292308,-0.02806,-0.02806,13540000,13540000,https://www.sec.gov/Archives/edgar/data/1069394/000120095207000495/fsi_10qsb-70930.htm,https://www.sec.gov/Archives/edgar/data/1069394/000120095207000495/fsi_10qsb-70930.htm
0,2007-06-30,FSI,2007-08-14,2007-08-14 16:31:14,Q2,2140000.0,1260000.0,880000.0,0.411215,20000.0,910000.0,0.0,824981000,950000.0,2210000.0,-159000.0,130000.0,-99000.0,-0.046262,-70000.0,-0.03271,-10000.0,-70000.0,-0.03271,0.0,-70000.0,-0.03271,-0.00506,-0.00506,13840000,13840000,https://www.sec.gov/Archives/edgar/data/1069394/000120095207000348/fsi_10qsb-70630.htm,https://www.sec.gov/Archives/edgar/data/1069394/000120095207000348/fsi_10qsb-70630.htm
0,2007-03-31,FSI,2007-05-15,2007-05-15 17:15:07,Q1,2290000.0,1470000.0,820000.0,0.358079,30000.0,830000.0,0.0,716562000,849999.9999999999,2320000.0,-1025000.0,130000.0,-925000.0,-0.40393,-30000.0,-0.0131,0.0,-30000.0,-0.0131,0.0,-30000.0,-0.0131,-0.00227,-0.00227,13240000,13240000,https://www.sec.gov/Archives/edgar/data/1069394/000120095207000230/fsi_10qsb-70331.htm,https://www.sec.gov/Archives/edgar/data/1069394/000120095207000230/fsi_10qsb-70331.htm
0,2006-12-31,FSI,2007-03-29,2007-03-29 17:12:03,Q4,1700000.0,1160000.0,550000.0,0.323529,20000.0,1080000.0,0.0,881491000,1070000.0,2230000.0,-1162000.0,149999.99999999997,-1542000.0,-0.907059,-530000.0,-0.311765,0.0,-530000.0,-0.311765,0.0,-530000.0,-0.311765,-0.04074,-0.04074,13010000,13010000,https://www.sec.gov/Archives/edgar/data/1069394/000120095207000151/fsi_10ksb-61231.htm,https://www.sec.gov/Archives/edgar/data/1069394/000120095207000151/fsi_10ksb-61231.htm
0,2006-09-30,FSI,2006-11-14,2006-11-14 13:38:27,Q3,1920000.0,1180000.0,740000.0,0.385417,20000.0,880000.0,0.0,10000.0,1240000.0,2420000.0,-930000.0,150000.00000000003,-1280000.0,-0.666667,-500000.0,-0.260417,0.0,-500000.0,-0.260417,0.0,-500000.0,-0.260417,-0.03855,-0.03855,12970000,12970000,https://www.sec.gov/Archives/edgar/data/1069394/000120095206000537/fsi_10qsb-60930.htm,https://www.sec.gov/Archives/edgar/data/1069394/000120095206000537/fsi_10qsb-60930.htm
0,2006-06-30,FSI,,,Q2,2250000.0,1580000.0,670000.0,0.297778,40000.0,980000.0,0.0,-10000.0,1020000.0,2600000.0,0.0,150000.0,-200000.0,-0.088889,-350000.0,-0.155556,0.0,-350000.0,-0.155556,0.0,-350000.0,-0.155556,-0.02696,-0.02696,12980000,12980000,,
0,2006-03-31,FSI,,,Q1,2510000.0,1490000.0,1020000.0,0.406375,40000.0,900000.0,0.0,0.0,940000.0000000002,2430000.0,0.0,150000.0,230000.0,0.091633,80000.0,0.031873,0.0,80000.0,0.031873,-130000.0,210000.0,0.083665,0.01618,0.01618,12980000,12980000,,
0,2005-12-31,FSI,,,Q4,1520000.0,1310000.0,210000.0,0.138158,20000.0,660000.0,0.0,0.0,589999.9999999999,1900000.0,0.0,199999.99999999997,-180000.00000000003,-0.118421,-380000.0,-0.25,0.0,-380000.0,-0.25,0.0,-380000.0,-0.25,-0.02946,-0.02946,12900000,12900000,,
0,2005-09-30,FSI,,,Q3,1300000.0,1230000.0,70000.0,0.053846,20000.0,690000.0,0.0,0.0,439999.99999999994,1670000.0,0.0,159999.99999999997,-210000.00000000003,-0.161538,-370000.0,-0.284615,0.0,-370000.0,-0.284615,0.0,-370000.0,-0.284615,-0.03038,-0.03038,12180000,12180000,,
0,2005-06-30,FSI,,,Q2,1870000.0,1050000.0,820000.0,0.438503,0.0,1110000.0,0.0,0.0,1300000.0,2350000.0,0.0,160000.0,-320000.0,-0.171123,-480000.0,-0.256684,0.0,-480000.0,-0.256684,0.0,-480000.0,-0.256684,-0.03785,-0.03785,12680000,12680000,,
0,2005-03-31,FSI,,,Q1,2020000.0,1080000.0,940000.0,0.465347,20000.0,670000.0,0.0,0.0,889999.9999999999,1970000.0,0.0,170000.0,230000.0,0.113861,50000.0,0.024752,0.0,60000.0,0.029703,0.0,60000.0,0.029703,0.00507,0.00507,11830000,11830000,,
0,2004-12-31,FSI,,,Q4,980000.0,500000.0,480000.0,0.489796,40000.0,850000.0,0.0,0.0,1010000.0,1510000.0,0.0,30000.000000000025,-500000.0,-0.510204,-530000.0,-0.540816,0.0,-530000.0,-0.540816,0.0,-530000.0,-0.540816,-0.0448,-0.0448,11830000,11830000,,
0,2004-09-30,FSI,,,Q3,1380000.0,420000.0,960000.0,0.695652,10000.0,900000.0,0.0,0.0,1110000.0,1530000.0,0.0,169999.99999999997,19999.99999999998,0.014493,-150000.0,-0.108696,0.0,-150000.0,-0.108696,0.0,-150000.0,-0.108696,-0.01268,-0.01268,11830000,11830000,,
0,2004-06-30,FSI,,,Q2,550000.0,110000.0,440000.0,0.8,10000.0,610000.0,0.0,0.0,790000.0,900000.0,30000.0,180000.0,-120000.0,-0.218182,-360000.0,-0.654545,0.0,-330000.0,-0.6,0.0,-330000.0,-0.6,-0.02792,-0.02792,11820000,11820000,,
0,2004-03-31,FSI,,,Q1,490000.0,370000.0,120000.0,0.244898,10000.0,360000.0,0.0,0.0,370000.0,740000.0,0.0,10000.0,-240000.0,-0.489796,-260000.0,-0.530612,0.0,-250000.0,-0.510204,0.0,-250000.0,-0.510204,-0.02117,-0.02117,11810000,11810000,,
0,2003-12-31,FSI,,,Q4,340000.0,230000.0,110000.0,0.323529,10000.0,-2130000.0,0.0,0.0,-2170000.0,-1940000.0,50000.0,10000.000000000002,2380000.0,7.0,2270000.0,6.676471,0.0,2320000.0,6.823529,-30000.0,2350000.0,6.911765,0.19932,0.19932,11790000,11790000,,
0,2003-09-30,FSI,,,Q3,40000.0,40000.0,10000.0,0.25,40000.0,370000.0,0.0,0.0,370000.0,410000.0,50000.0,9999.999999999998,-260000.0,-6.5,-370000.0,-9.25,0.0,-320000.0,-8.0,-30000.0,-290000.0,-7.25,-0.0246,-0.0246,11790000,11790000,,
0,2003-06-30,FSI,,,Q2,660000.0,410000.0,250000.0,0.378788,0.0,510000.0,0.0,0.0,560000.0,970000.0,50000.0,10000.0,-200000.0,-0.30303,-310000.0,-0.469697,0.0,-260000.0,-0.393939,-30000.0,-230000.0,-0.348485,-0.01964,-0.01964,11710000,11710000,,
0,2003-03-31,FSI,,,Q1,1280000.0,690000.0,590000.0,0.460938,20000.0,430000.0,0.0,0.0,470000.0,1160000.0,50000.0,10000.0,240000.0,0.1875,130000.0,0.101563,0.0,180000.0,0.140625,50000.0,130000.0,0.101563,0.0112,0.0112,11610000,11610000,,
0,2002-12-31,FSI,,,Q4,20000.0,-10000.0,40000.0,2.0,0.0,310000.0,0.0,0.0,320000.0,310000.0,50000.0,9999.999999999998,-170000.0,-8.5,-290000.0,-14.5,0.0,-230000.0,-11.5,-20000.0,-210000.0,-10.5,-0.01989,-0.01989,10560000,10560000,,
0,2002-09-30,FSI,,,Q3,60000.0,60000.0,0.0,0.0,0.0,150000.0,0.0,0.0,160000.0,220000.0,20000.0,10000.0,-110000.0,-1.833333,-160000.0,-2.666667,0.0,-150000.0,-2.5,-40000.0,-100000.0,-1.666667,-0.00873,-0.00873,11450000,11450000,,
0,2002-06-30,FSI,,,Q2,660000.0,350000.0,310000.0,0.469697,0.0,340000.0,0.0,0.0,360000.0,710000.0,0.0,10000.0,-50000.0,-0.075758,-60000.0,-0.090909,0.0,-60000.0,-0.090909,30000.0,-90000.0,-0.136364,-0.00972,-0.00972,9260000.0,9260000.0,,
0,2002-03-31,FSI,,,Q1,380000.0,190000.0,190000.0,0.5,0.0,150000.0,0.0,0.0,150000.00000000003,340000.0,0.0,0.0,30000.0,0.078947,40000.0,0.105263,0.0,40000.0,0.105263,10000.0,20000.0,0.052632,0.00197,0.00197,10170000,10170000,,
0,2001-12-31,FSI,,,Q4,30000.0,20000.0,10000.0,0.333333,0.0,510000.0,0.0,0.0,520000.0,540000.0,0.0,10000.0,-500000.0,-16.666667,-510000.0,-17.0,0.0,-510000.0,-17.0,-40000.0,-470000.0,-15.666667,-0.05059,-0.05059,9290000.0,9290000.0,,
0,2001-09-30,FSI,,,Q3,150000.0,70000.0,80000.0,0.533333,0.0,100000.0,0.0,0.0,100000.0,170000.0,0.0,10000.0,-10000.0,-0.066667,-20000.0,-0.133333,0.0,-20000.0,-0.133333,10000.0,-30000.0,-0.2,-0.00325,-0.00325,9230000.0,9230000.0,,
0,2001-06-30,FSI,,,Q2,810000.0,460000.0,350000.0,0.432099,0.0,110000.0,0.0,0.0,119999.99999999994,579999.9999999999,0.0,0.0,230000.0,0.283951,230000.0,0.283951,0.0,230000.0,0.283951,70000.0,160000.0,0.197531,0.0173,0.0173,9250000.0,9250000.0,,
0,2001-03-31,FSI,,,Q1,350000.0,110000.0,240000.0,0.685714,0.0,70000.0,0.0,0.0,80000.0,190000.0,0.0,0.0,160000.0,0.457143,160000.0,0.457143,0.0,160000.0,0.457143,60000.0,100000.0,0.285714,0.01086,0.01086,9210000.0,9210000.0,,
