,date,symbol,fillingDate,acceptedDate,period,revenue,costOfRevenue,grossProfit,grossProfitRatio,researchAndDevelopmentExpenses,generalAndAdministrativeExpenses,sellingAndMarketingExpenses,otherExpenses,operatingExpenses,costAndExpenses,interestExpense,depreciationAndAmortization,ebitda,ebitdaratio,operatingIncome,operatingIncomeRatio,totalOtherIncomeExpensesNet,incomeBeforeTax,incomeBeforeTaxRatio,incomeTaxExpense,netIncome,netIncomeRatio,eps,epsdiluted,weightedAverageShsOut,weightedAverageShsOutDil,link,finalLink
0,2020-08-29,FUL,2020-09-24,2020-09-24 16:01:44,Q3,691463000,503248000,188215000,0.2721982231876471,0.0,128495000,0.0,0.0,129483999.99999999,632732000,-17451000,34845000,64113000,0.092721,58731000,0.084937,3922000.0,45202000,0.065372,5112000.0,41607000,0.060172,0.79114,0.79114,52591000,52591000,https://www.sec.gov/Archives/edgar/data/39368/000143774920020175/0001437749-20-020175-index.htm,https://www.sec.gov/Archives/edgar/data/39368/000143774920020175/ful20200829_10q.htm
0,2020-05-30,FUL,2020-06-25,2020-06-25 16:12:44,Q2,674602000,489694000,184908000,0.2740993949024758,0.0,127615000,0.0,-4969000000,128004999.99999994,617698999.9999999,-26579000,34071000,50576000,0.074972,56903000,0.08435,10882000,41206000,0.061082,11471000,31613000,0.046862,0.6076,0.6076,52029000,52029000,https://www.sec.gov/Archives/edgar/data/39368/000143774920013865/0001437749-20-013865-index.htm,https://www.sec.gov/Archives/edgar/data/39368/000143774920013865/ful20200530_10q.htm
0,2020-02-29,FUL,2020-03-26,2020-03-26 16:23:53,Q1,646564000,476242000,170322000,0.2634263584115416,0.0,141526000,0.0,4969000000,141569000.00000003,617811000,-16809000,34584999.99999999,33281999.999999993,0.051475,28753000,0.04447,1939000.0,13883000,0.021472,5611000.0,9895000.0,0.015304,0.18819,0.18819,52580000,52580000,https://www.sec.gov/Archives/edgar/data/39368/000143774920006222/0001437749-20-006222-index.htm,https://www.sec.gov/Archives/edgar/data/39368/000143774920001155/ful20191130_10k.htm
0,2019-11-30,FUL,2020-01-24,2020-01-24 16:33:29,Q4,739106000,537088000,202018000,0.27332750647403753,0.0,140426000,0.0,37943000000,147072999.99999997,684161000,-24471000,34667999.99999999,52916999.99999999,0.071596,54945000,0.07434,5802000.0,40580000,0.054904,10506000,32214000,0.043585,0.61449,0.61449,52424000,52424000,https://www.sec.gov/Archives/edgar/data/39368/000143774920001155/0001437749-20-001155-index.htm,https://www.sec.gov/Archives/edgar/data/39368/000143774920001155/ful20191130_10k.htm
0,2019-08-31,FUL,2019-09-27,2019-09-27 16:36:48,Q3,725376000,517768000,207608000,0.2862074289747662,0.0,138000000,0.0,0.0,124351000,642119000,-24511000,34780000,79308000,0.109334,83257000,0.114778,-12070000,66976000,0.092333,19321000,49718000,0.068541,0.96536,0.96536,51502000,51502000,https://www.sec.gov/Archives/edgar/data/39368/000143774919019169/0001437749-19-019169-index.htm,https://www.sec.gov/Archives/edgar/data/39368/000143774919019169/ful20190831_10q.htm
0,2019-06-01,FUL,2019-06-28,2019-06-28 11:45:23,Q2,759583000,540506000,219077000,0.2884174606330052,0.0,145413000,0.0,-3365000000,146697000,687203000,-23778000,35703999.99999999,65007999.99999999,0.085584,72380000,0.095289,3147000.0,51449000,0.067733,16441000,36641000,0.048238,0.70321,0.70321,52105000,52105000,https://www.sec.gov/Archives/edgar/data/39368/000143774919013031/0001437749-19-013031-index.htm,https://www.sec.gov/Archives/edgar/data/39368/000143774919013031/ful20190601_10q.htm
0,2019-03-02,FUL,2019-03-29,2019-03-29 13:38:06,Q1,672935000,492634000,180301000,0.26793226686084093,0.0,144636000,0.0,3365000000,146088999.99999994,638722999.9999999,-19978000,36054000,31460000,0.04675,34212000,0.05084,-411000.0,13823000,0.020541,3140000.0,12244000,0.018195,0.23591,0.23591,51901000,51901000,https://www.sec.gov/Archives/edgar/data/39368/000143774919006012/0001437749-19-006012-index.htm,https://www.sec.gov/Archives/edgar/data/39368/000143774919001433/ful20181201_10k.htm
0,2018-12-01,FUL,2019-01-28,2019-01-28 16:55:08,Q4,768429000,558428000,210001000,0.2732861461501323,0.0,142579000,0.0,-2324000000,145504000.00000003,703932000,-34363000,36025999.99999999,46495999.99999999,0.060508,64497000,0.083934,13652000,42863000,0.05578,3488000.0,41345000,0.053805,0.79484,0.79484,52017000,52017000,https://www.sec.gov/Archives/edgar/data/39368/000143774919001433/0001437749-19-001433-index.htm,https://www.sec.gov/Archives/edgar/data/39368/000143774919001433/ful20181201_10k.htm
0,2018-09-01,FUL,2018-09-28,2018-09-28 14:01:52,Q3,770100000,553100000,217000000,0.2817815868069082,0.0,146900000,0.0,-1375000000,149699999.99999994,702799999.9999999,-10500000,36400000,72900000,0.094663,67300000,0.087391,-12000000,44800000,0.058174,9300000.0,37700000,0.048955,0.72361,0.72361,52100000,52100000,https://www.sec.gov/Archives/edgar/data/39368/000143774918017584/0001437749-18-017584-index.htm,https://www.sec.gov/Archives/edgar/data/39368/000143774918017584/ful20180902_10q.htm
0,2018-06-02,FUL,2018-06-29,2018-06-29 17:18:33,Q2,789400000,568200000,221200000,0.28021281986318725,0.0,146500000,0.0,809000000,147899999.99999997,716100000,-12500000,36100000.00000001,81600000.00000001,0.10337,73300000,0.092855,-6100000.0,55800000,0.070687,13500000,44500000,0.056372,0.85907,0.85907,51800000,51800000,https://www.sec.gov/Archives/edgar/data/39368/000143774918012715/0001437749-18-012715-index.htm,https://www.sec.gov/Archives/edgar/data/39368/000143774918012715/ful20180602_10q.htm
0,2018-03-03,FUL,2018-04-04,2018-04-04 16:03:33,Q1,713100000,527300000,185800000,0.26055251717851635,0.0,151100000,0.0,4074000000,153000000,680300000,-33100000,36599999.99999999,54199999.99999999,0.076006,32800000,0.045996,13500000,13200000,0.018511,3000000.0,47700000,0.066891,0.91908,0.91908,51900000,51900000,https://www.sec.gov/Archives/edgar/data/39368/000143774918006329/0001437749-18-006329-index.htm,https://www.sec.gov/Archives/edgar/data/39368/000143774918001406/ful20171202_10k.htm
0,2017-12-02,FUL,2018-01-31,2018-01-31 17:28:30,Q4,678200000,514600000,163600000,0.2412267767620171,0.0,153600000,0.0,-24401000000,153600000.00000003,668200000,-20100000,27800000.000000004,-15199999.999999996,-0.022412,10000000,0.014745,-14900000,-25100000,-0.03701,-16400000,-6500000.0,-0.009584,-0.12897,-0.12897,50400000,50400000,https://www.sec.gov/Archives/edgar/data/39368/000143774918001406/0001437749-18-001406-index.htm,https://www.sec.gov/Archives/edgar/data/39368/000143774918001406/ful20171202_10k.htm
0,2017-09-02,FUL,2017-09-29,2017-09-29 14:24:34,Q3,562900000,412000000,150900000,0.2680760348196838,0.0,109400000,0.0,150000000,110700000.00000004,522700000.00000006,-7300000.0,20300000,47400000,0.084207,40200000,0.071416,-600000.0,32200000,0.057204,9300000.0,25100000,0.044591,0.48643,0.48643,51600000,51600000,https://www.sec.gov/Archives/edgar/data/39368/000143774917016514/0001437749-17-016514-index.htm,https://www.sec.gov/Archives/edgar/data/39368/000143774917016514/ful20170902_10q.htm
0,2017-06-03,FUL,2017-06-30,2017-06-30 14:30:39,Q2,561700000,410400000,151300000,0.26936086879116966,0.0,102400000,0.0,-110000000,108000000,518400000,-8300000.0,19900000,48700000,0.086701,43300000,0.077087,100000.0,35000000,0.062311,11200000,25900000,0.04611,0.50097,0.50097,51700000,51700000,https://www.sec.gov/Archives/edgar/data/39368/000143774917012074/0001437749-17-012074-index.htm,https://www.sec.gov/Archives/edgar/data/39368/000143774917012074/ful20170602_10q.htm
0,2017-03-04,FUL,2017-03-31,2017-03-31 13:32:14,Q1,503300000,360700000,142600000,0.283330021855752,0.0,105800000,0.0,621000000,116500000,477200000,-7800000.0,19300000,32100000,0.063779,26100000,0.051858,621000000,18300000,0.03636,5800000.0,14800000,0.029406,0.28738,0.28738,51500000,51500000,https://www.sec.gov/Archives/edgar/data/39368/000143774917005734/0001437749-17-005734-index.htm,https://www.sec.gov/Archives/edgar/data/39368/000143774917001382/ful20160929_10k.htm
0,2016-12-03,FUL,2017-01-31,2017-01-31 16:34:39,Q4,574900000,411100000,163800000,0.284919116368064,0.0,106500000,0.0,54000000,108299999.99999996,519399999.99999994,-7500000.0,20500000,63100000,0.109758,55500000,0.096539,-100000.0,47900000,0.083319,13400000,36700000,0.063837,0.71401,0.71401,51400000,51400000,https://www.sec.gov/Archives/edgar/data/39368/000143774917001382/0001437749-17-001382-index.htm,https://www.sec.gov/Archives/edgar/data/39368/000143774917001382/ful20160929_10k.htm
0,2016-08-27,FUL,2016-09-23,2016-09-23 16:04:54,Q3,512900000,366700000,146200000,0.28504581789822575,0.0,97700000,0.0,-956000000,94900000.00000003,461600000.00000006,-7300000.0,18600000,56500000,0.110158,51200000,0.099825,-500000.0,43500000,0.084812,12500000,32700000,0.063755,0.63495,0.63495,51500000,51500000,https://www.sec.gov/Archives/edgar/data/39368/000143774916039079/0001437749-16-039079-index.htm,https://www.sec.gov/Archives/edgar/data/39368/000143774916039079/ful20160708_10q.htm
0,2016-05-28,FUL,2016-06-24,2016-06-24 15:43:10,Q2,532500000,374300000,158200000,0.29708920187793425,0.0,103700000,0.0,-1565000000,104000000,478300000,-8500000.0,18600000,57700000,0.108357,54200000,0.101784,300000.0,46000000,0.086385,14300000,33300000,0.062535,0.64912,0.64912,51300000,51300000,https://www.sec.gov/Archives/edgar/data/39368/000143774916034376/0001437749-16-034376-index.htm,https://www.sec.gov/Archives/edgar/data/39368/000143774916034376/ful20160528_10q.htm
0,2016-02-27,FUL,2016-04-05,2016-04-05 17:09:49,Q1,474300000,336700000,137600000,0.29011174362218006,0.0,99800000,0.0,-5082000000,100199999.99999999,436900000,-6300000.0,20000000,41400000,0.087287,37400000,0.078853,-5100000.0,26000000,0.054818,8800000.0,18900000,0.039848,0.37059,0.37059,51000000,51000000,https://www.sec.gov/Archives/edgar/data/39368/000143774916029095/0001437749-16-029095-index.htm,https://www.sec.gov/Archives/edgar/data/39368/000143774916024185/ful20151128_10k.htm
0,2015-11-28,FUL,2016-01-27,2016-01-27 16:50:55,Q4,548100000,392000000,156100000,0.2848020434227331,0.0,103800000,0.0,-1219000000,104000000,496000000,-6300000.0,19599999.999999993,59599999.99999999,0.108739,52200000,0.095238,-1200000.0,44700000,0.081554,21300000,25000000,0.045612,0.48828,0.48828,51200000,51200000,https://www.sec.gov/Archives/edgar/data/39368/000143774916024185/0001437749-16-024185-index.htm,https://www.sec.gov/Archives/edgar/data/39368/000143774916024185/ful20151128_10k.htm
0,2015-08-29,FUL,2015-09-25,2015-09-25 15:46:22,Q3,524100000,377300000,146800000,0.28009921770654456,0.0,98300000,0.0,-1040000000,99599999.99999997,476899999.99999994,-6400000.0,19000000,53800000,0.102652,47200000,0.090059,-1000000.0,39800000,0.07594,14400000,26800000,0.051135,0.52039,0.52039,51500000,51500000,https://www.sec.gov/Archives/edgar/data/39368/000119312515329038/0001193125-15-329038-index.htm,https://www.sec.gov/Archives/edgar/data/39368/000119312515329038/d58282d10q.htm
0,2015-05-30,FUL,2015-06-30,2015-06-30 14:51:37,Q2,540800000,391800000,149000000,0.2755177514792899,0.0,100600000,0.0,-569000000,101500000,493300000,-6200000.0,18900000.000000004,53300000,0.098558,47400000,0.087648,-600000.0,40600000,0.075074,15400000,25200000,0.046598,0.48932,0.48932,51500000,51500000,https://www.sec.gov/Archives/edgar/data/39368/000119312515241028/0001193125-15-241028-index.htm,https://www.sec.gov/Archives/edgar/data/39368/000119312515241028/d949837d10q.htm
0,2015-02-28,FUL,2015-03-27,2015-03-27 16:45:18,Q1,470700000,354500000,116200000,0.24686636923730615,0.0,94800000,0.0,363000000,97100000.00000001,451600000,-6100000.0,17799999.999999996,26199999.999999996,0.055662,19000000,0.040365,400000.0,13300000,0.028256,4800000.0,9700000.0,0.020608,0.18872,0.18872,51400000,51400000,https://www.sec.gov/Archives/edgar/data/39368/000119312515109554/0001193125-15-109554-index.htm,https://www.sec.gov/Archives/edgar/data/39368/000119312515023748/d857282d10k.htm
0,2014-11-29,FUL,2015-01-28,2015-01-28 16:51:51,Q4,547700000,415200000,132500000,0.24192075953989411,0.0,93500000,0.0,2259000000,107400000.00000003,522600000.00000006,-5600000.0,18499999.999999993,34499999.99999999,0.062991,25100000,0.045828,2300000.0,21700000,0.03962,10900000,10700000,0.019536,0.20858,0.20858,51300000,51300000,https://www.sec.gov/Archives/edgar/data/39368/000119312515023748/0001193125-15-023748-index.htm,https://www.sec.gov/Archives/edgar/data/39368/000119312515023748/d857282d10k.htm
0,2014-08-30,FUL,2014-09-26,2014-09-26 16:18:01,Q3,526800000,401600000,125200000,0.23766135155656795,0.0,96800000,0.0,-289000000,109099999.99999997,510699999.99999994,-5300000.0,18300000.000000004,25000000.000000004,0.047456,16000000,0.030372,-300000.0,10500000,0.019932,8000000.0,4000000.0,0.007593,0.07797,0.07797,51300000,51300000,https://www.sec.gov/Archives/edgar/data/39368/000119312514354862/0001193125-14-354862-index.htm,https://www.sec.gov/Archives/edgar/data/39368/000119312514354862/d794433d10q.htm
0,2014-05-31,FUL,2014-06-27,2014-06-27 13:49:30,Q2,544000000,401400000,142600000,0.2621323529411765,0.0,96400000,0.0,-204000000,109900000.00000003,511300000.00000006,-4800000.0,17500000,42000000,0.077206,32700000,0.06011,-200000.0,27800000,0.051103,8800000.0,20500000,0.037684,0.40039,0.40039,51200000,51200000,https://www.sec.gov/Archives/edgar/data/39368/000119312514252883/0001193125-14-252883-index.htm,https://www.sec.gov/Archives/edgar/data/39368/000119312514252883/d747282d10q.htm
0,2014-03-01,FUL,2014-03-28,2014-03-28 11:59:25,Q1,486000000,352900000,133100000,0.27386831275720164,0.0,96800000,0.0,-1050000000,108600000.00000001,461500000,-4100000.0,16200000,33200000,0.068313,24500000,0.050412,-1100000.0,19300000,0.039712,6500000.0,14600000,0.030041,0.2846,0.2846,51300000,51300000,https://www.sec.gov/Archives/edgar/data/39368/000119312514120546/0001193125-14-120546-index.htm,https://www.sec.gov/Archives/edgar/data/39368/000119312514020505/d661567d10k.htm
0,2013-11-30,FUL,2014-01-24,2014-01-24 17:01:46,Q4,533500000,387900000,145600000,0.27291471415182755,0.0,92600000,0.0,-1269000000,108700000.00000004,496600000.00000006,-4300000.0,15900000.000000002,45200000,0.084724,36900000,0.069166,-1300000.0,31300000,0.058669,11700000,21900000,0.04105,0.42773,0.42773,51200000,51200000,https://www.sec.gov/Archives/edgar/data/39368/000119312514020505/0001193125-14-020505-index.htm,https://www.sec.gov/Archives/edgar/data/39368/000119312514020505/d661567d10k.htm
0,2013-08-31,FUL,2013-09-27,2013-09-27 16:56:33,Q3,514600000,370100000,144500000,0.28080062184220755,0.0,90600000,0.0,-1046000000,103399999.99999999,473500000,-4600000.0,15700000.000000002,49700000,0.09658,41100000,0.079868,-1000000.0,35500000,0.068986,10300000,28300000,0.054994,0.55382,0.55382,51100000,51100000,https://www.sec.gov/Archives/edgar/data/39368/000119312513382517/0001193125-13-382517-index.htm,https://www.sec.gov/Archives/edgar/data/39368/000119312513382517/d602888d10q.htm
0,2013-06-01,FUL,2013-06-28,2013-06-28 15:13:26,Q2,519000000,372400000,146600000,0.28246628131021195,0.0,93800000,0.0,-1814000000,104600000.00000001,477000000,-3000000.0,14399999.999999998,48200000,0.092871,42000000,0.080925,-3700000.0,35300000,0.068015,10900000,25900000,0.049904,0.50586,0.50586,51200000,51200000,https://www.sec.gov/Archives/edgar/data/39368/000119312513276968/0001193125-13-276968-index.htm,https://www.sec.gov/Archives/edgar/data/39368/000119312513276968/d560483d10q.htm
0,2013-03-02,FUL,2013-03-29,2013-03-29 12:32:32,Q1,479800000,346500000,133300000,0.27782409337223846,0.0,97600000,0.0,378000000,102899999.99999999,449400000,-5300000.0,15600000,38100000,0.079408,30400000,0.06336,400000.0,25500000,0.053147,7100000.0,20700000,0.043143,0.40588,0.40588,51000000,51000000,https://www.sec.gov/Archives/edgar/data/39368/000119312513134141/0001193125-13-134141-index.htm,https://www.sec.gov/Archives/edgar/data/39368/000119312513028025/d472120d10k.htm
0,2012-12-01,FUL,2013-01-29,2013-01-29 15:33:30,Q4,513300000,369500000,143800000,0.2801480615624391,0.0,95400000,0.0,759000000,105500000,475000000,-5500000.0,16600000,47400000,0.092344,38300000,0.074615,800000.0,33600000,0.065459,11200000,25100000,0.048899,0.49409,0.49409,50800000,50800000,https://www.sec.gov/Archives/edgar/data/39368/000119312513028025/0001193125-13-028025-index.htm,https://www.sec.gov/Archives/edgar/data/39368/000119312513028025/d472120d10k.htm
0,2012-09-01,FUL,2012-10-05,2012-10-05 17:18:14,Q3,500500000,366200000,134300000,0.2683316683316683,0.0,91400000,0.0,-623000000,96000000,462200000,-6000000.0,14800000,101500000,0.202797,38300000,0.076523,-600000.0,31700000,0.063337,9400000.0,83300000,0.166434,1.643,1.643,50700000,50700000,https://www.sec.gov/Archives/edgar/data/39368/000119312512416912/0001193125-12-416912-index.htm,https://www.sec.gov/Archives/edgar/data/39368/000119312512416912/d418143d10q.htm
0,2012-06-02,FUL,2012-07-06,2012-07-06 17:10:24,Q2,527000000,390400000,136600000,0.25920303605313094,0.0,93000000,0.0,505000000,125800000.00000007,516200000.00000006,-5700000.0,16400000,15000000,0.028463,10800000,0.020493,200000.0,5300000.0,0.010057,2400000.0,1900000.0,0.003605,0.03748,0.03748,50700000,50700000,https://www.sec.gov/Archives/edgar/data/39368/000119312512296397/0001193125-12-296397-index.htm,https://www.sec.gov/Archives/edgar/data/39368/000119312512296397/d356992d10q.htm
0,2012-03-03,FUL,2012-03-30,2012-03-30 16:27:09,Q1,345500000,247100000,98400000,0.2848046309696093,0.0,75000000,0.0,143000000,77200000.00000001,324300000,-2600000.0,9600000.0,29900000,0.086541,21200000,0.06136,400000.0,19000000,0.054993,7600000.0,15300000,0.044284,0.30417,0.30417,50300000,50300000,https://www.sec.gov/Archives/edgar/data/39368/000119312512143702/0001193125-12-143702-index.htm,https://www.sec.gov/Archives/edgar/data/39368/000119312512026988/d285612d10k.htm
0,2011-12-03,FUL,2012-01-27,2012-01-27 15:30:37,Q4,401500000,289300000,112200000,0.27945205479452057,0.0,76700000,0.0,2779000000,84199999.99999999,373500000,-2900000.0,10499999.999999998,41800000,0.10411,28100000,0.069988,2200000.0,27400000,0.068244,7800000.0,26400000,0.065753,0.53012,0.53012,49800000,49800000,https://www.sec.gov/Archives/edgar/data/39368/000119312512026988/0001193125-12-026988-index.htm,https://www.sec.gov/Archives/edgar/data/39368/000119312512026988/d285612d10k.htm
0,2011-08-27,FUL,2011-09-23,2011-09-23 15:56:52,Q3,363100000,260100000,103000000,0.28366841090608647,0.0,72100000,0.0,1568000000,72000000,332100000,-2800000.0,9700000.0,39900000,0.109887,31000000,0.085376,1700000.0,29900000,0.082346,9800000.0,23200000,0.063894,0.46493,0.46493,49900000,49900000,https://www.sec.gov/Archives/edgar/data/39368/000119312511255270/0001193125-11-255270-index.htm,https://www.sec.gov/Archives/edgar/data/39368/000119312511255270/d233893d10q.htm
0,2011-05-28,FUL,2011-06-24,2011-06-24 14:44:12,Q2,368400000,265400000,103000000,0.27958740499457113,0.0,70100000,0.0,-51000000,70100000.00000001,335500000,-2600000.0,8800000.0,39800000,0.108035,32800000,0.089034,-51000000,30300000,0.082248,8500000.0,25100000,0.068132,0.50301,0.50301,49900000,49900000,https://www.sec.gov/Archives/edgar/data/39368/000119312511173101/0001193125-11-173101-index.htm,https://www.sec.gov/Archives/edgar/data/39368/000119312511173101/d10q.htm
0,2011-02-26,FUL,2011-03-28,2011-03-28 15:44:42,Q1,311100000,225500000,85600000,0.27515268402442944,0.0,68000000,0.0,294000000,68300000.00000001,293800000,-2600000.0,10100000,27000000,0.086789,17300000,0.055609,200000.0,14900000,0.047895,5100000.0,14400000,0.046287,0.28858,0.28858,49900000,49900000,https://www.sec.gov/Archives/edgar/data/39368/000119312511079673/0001193125-11-079673-index.htm,https://www.sec.gov/Archives/edgar/data/39368/000119312511010956/d10k.htm
0,2010-11-27,FUL,2011-01-20,2011-01-20 14:57:00,Q4,360200000,258100000,102100000,0.28345363686840647,0.0,72500000,0.0,254000000,72500000,330600000,-2800000.0,8100000.000000001,35400000,0.098279,29600000,0.082177,300000.0,27100000,0.075236,8200000.0,21900000,0.0608,0.44064,0.44064,49700000,49700000,https://www.sec.gov/Archives/edgar/data/39368/000119312511010956/0001193125-11-010956-index.htm,https://www.sec.gov/Archives/edgar/data/39368/000119312511010956/d10k.htm
0,2010-08-28,FUL,2010-09-30,2010-09-30 15:28:45,Q3,338600000,242300000,96300000,0.2844063792085056,0.0,73600000,0.0,1041000000,73599999.99999997,315899999.99999994,-176917000,10099999.999999998,-143717000,-0.424445,22700000,0.067041,1000000.0,21100000,0.062315,4100000.0,19000000,0.056113,0.38306,0.38306,49600000,49600000,https://www.sec.gov/Archives/edgar/data/39368/000119312510220950/0001193125-10-220950-index.htm,https://www.sec.gov/Archives/edgar/data/39368/000119312510220950/d10q.htm
0,2010-05-29,FUL,2010-06-30,2010-06-30 15:37:56,Q2,347900000,246800000,101100000,0.29060074734119,0.0,74500000,0.0,1340000000,84099999.99999997,330899999.99999994,3043000000,10200000,3070200000,8.82495,17000000,0.048865,1300000.0,15300000,0.043978,6000000.0,11000000,0.031618,0.22177,0.22177,49600000,49600000,https://www.sec.gov/Archives/edgar/data/39368/000119312510151285/0001193125-10-151285-index.htm,https://www.sec.gov/Archives/edgar/data/39368/000119312510151285/d10q.htm
0,2010-02-27,FUL,2010-03-31,2010-03-31 15:48:46,Q1,309400000,211800000,97600000,0.3154492566257272,0.0,71400000,0.0,-63000000,71399999.99999999,283200000,1948000000,10400000,1984500000,6.414027,26200000,0.08468,-100000.0,24200000,0.078216,7100000.0,19000000,0.061409,0.38384,0.38384,49500000,49500000,https://www.sec.gov/Archives/edgar/data/39368/000119312510073329/0001193125-10-073329-index.htm,https://www.sec.gov/Archives/edgar/data/39368/000119312510010656/d10k.htm
0,2009-11-28,FUL,2010-01-22,2010-01-22 12:56:53,Q4,341600000,235100000,106500000,0.31176814988290397,0.0,71700000,0.0,0.0,71700000.00000001,306800000,1468000000,13300000.000000004,1516500000,4.439403,34800000,0.101874,-200000.0,33200000,0.09719,10600000,24600000,0.072014,0.49798,0.49798,49400000,49400000,https://www.sec.gov/Archives/edgar/data/39368/000119312510010656/0001193125-10-010656-index.htm,https://www.sec.gov/Archives/edgar/data/39368/000119312510010656/d10k.htm
0,2009-08-29,FUL,2009-10-01,2009-10-01 15:20:06,Q3,315300000,214900000,100400000,0.3184268950206153,0.0,68300000,0.0,2345000000,68299999.99999999,283200000,1680000000,11199999.999999998,1741700000,5.523945,32100000,0.101808,18500000,48900000,0.15509,15100000,35400000,0.112274,0.71951,0.71951,49200000,49200000,https://www.sec.gov/Archives/edgar/data/39368/000119312509201948/0001193125-09-201948-index.htm,https://www.sec.gov/Archives/edgar/data/39368/000119312509201948/d10q.htm
0,2009-05-30,FUL,2009-07-01,2009-07-01 14:06:24,Q2,299200000,209800000,89400000,0.29879679144385024,0.0,61500000,0.0,-1293000000,61500000,271300000,2188000000,11000000,2224700000,7.435495,27900000,0.093249,-1300000.0,24400000,0.081551,8100000.0,17600000,0.058824,0.35992,0.35992,48900000,48900000,https://www.sec.gov/Archives/edgar/data/39368/000119312509142612/0001193125-09-142612-index.htm,https://www.sec.gov/Archives/edgar/data/39368/000119312509142612/d10q.htm
0,2009-02-28,FUL,2009-04-03,2009-04-03 17:13:14,Q1,278600000,203600000,75000000,0.26920315865039485,0.0,62600000,0.0,-1052000000,63400000.00000001,267000000,2398000000,11200000.000000002,2418300000,8.680187,11600000,0.041637,-1100000.0,8200000.0,0.029433,3000000.0,6100000.0,0.021895,0.12474,0.12474,48900000,48900000,https://www.sec.gov/Archives/edgar/data/39368/000119312509072784/0001193125-09-072784-index.htm,https://www.sec.gov/Archives/edgar/data/39368/000119312509012966/d10k.htm
0,2008-11-29,FUL,2009-01-28,2009-01-28 14:48:43,Q4,350200000,262900000,87300000,0.24928612221587665,0.0,63300000,0.0,0.0,150200000.00000006,413100000.00000006,3991000000,11500000,3936600000,11.241005,-63000000,-0.179897,-100000.0,-67100000,-0.191605,-23500000,-42400000,-0.121074,-0.87967,-0.87967,48200000,48200000,https://www.sec.gov/Archives/edgar/data/39368/000119312509012966/0001193125-09-012966-index.htm,https://www.sec.gov/Archives/edgar/data/39368/000119312509012966/d10k.htm
0,2008-08-30,FUL,2008-10-03,2008-10-03 16:39:22,Q3,362000000,271500000,90500000,0.25,0.0,63800000,0.0,0.0,64300000.00000001,335800000,3872000000,11499999.999999998,3907500000,10.794199,26200000,0.072376,800000.0,23100000,0.063812,2300000.0,21700000,0.059945,0.44196,0.44196,49100000,49100000,https://www.sec.gov/Archives/edgar/data/39368/000119312508206012/0001193125-08-206012-index.htm,https://www.sec.gov/Archives/edgar/data/39368/000119312508206012/d10q.htm
0,2008-05-31,FUL,2008-07-02,2008-07-02 14:59:11,Q2,356800000,261500000,95300000,0.2670964125560538,0.0,62800000,0.0,0.0,62800000.00000001,324300000,3942000000,11500000.000000002,3983200000,11.163677,32400000,0.090807,800000.0,29300000,0.082119,8300000.0,21400000,0.059978,0.41313,0.41313,51800000,51800000,https://www.sec.gov/Archives/edgar/data/39368/000119312508145807/0001193125-08-145807-index.htm,https://www.sec.gov/Archives/edgar/data/39368/000119312508145807/d10q.htm
0,2008-03-01,FUL,2008-04-04,2008-04-04 17:00:27,Q1,322600000,231100000,91500000,0.28363298202107873,0.0,65000000,0.0,0.0,65000000.00000003,296100000.00000006,2928000000,11700000,2965100000,9.191259,26500000,0.082145,1300000.0,24900000,0.077185,7200000.0,18200000,0.056417,0.31652,0.31652,57500000,57500000,https://www.sec.gov/Archives/edgar/data/39368/000119312508075406/0001193125-08-075406-index.htm,https://www.sec.gov/Archives/edgar/data/39368/000119312508015595/d10k.htm
0,2007-12-01,FUL,2008-01-30,2008-01-30 17:26:16,Q4,360900000,253600000,107300000,0.2973122748683846,0.0,67800000,0.0,6502000000,67799999.99999999,321400000,3068000000,12099999.999999998,3115400000,8.632308,39500000,0.109449,2900000.0,39600000,0.109726,9600000.0,25700000,0.071211,0.42905,0.42905,59900000,59900000,https://www.sec.gov/Archives/edgar/data/39368/000119312508015595/0001193125-08-015595-index.htm,https://www.sec.gov/Archives/edgar/data/39368/000119312508015595/d10k.htm
0,2007-09-01,FUL,2007-10-05,2007-10-05 16:26:23,Q3,352300000,245900000,106400000,0.30201532784558616,0.0,67500000,0.0,-2657000000,67499999.99999997,313399999.99999994,2868000000,12400000,2919300000,8.286404,38900000,0.110417,900000.0,37000000,0.105024,10500000,28400000,0.080613,0.46254,0.46254,61400000,61400000,https://www.sec.gov/Archives/edgar/data/39368/000119312507214261/0001193125-07-214261-index.htm,https://www.sec.gov/Archives/edgar/data/39368/000119312507214261/d10q.htm
0,2007-06-02,FUL,2007-07-06,2007-07-06 16:57:14,Q2,353700000,248300000,105400000,0.2979926491376873,0.0,69000000,0.0,2657000000,69099999.99999997,317399999.99999994,3181000000,11899999.999999998,3230200000,9.132598,36400000,0.102912,1300000.0,34500000,0.09754,10000000,27300000,0.077184,0.4439,0.4439,61500000,61500000,https://www.sec.gov/Archives/edgar/data/39368/000119312507151055/0001193125-07-151055-index.htm,https://www.sec.gov/Archives/edgar/data/39368/000119312507151055/d10q.htm
0,2007-03-03,FUL,2007-04-06,2007-04-06 16:12:46,Q1,333400000,233700000,99700000,0.2990401919616077,0.0,71600000,0.0,0.0,71600000.00000001,305300000,3608000000,13900000,3650200000,10.94841,28000000,0.083983,1400000.0,25900000,0.077684,7500000.0,20800000,0.062388,0.33987,0.33987,61200000,61200000,https://www.sec.gov/Archives/edgar/data/39368/000119312507076317/0001193125-07-076317-index.htm,https://www.sec.gov/Archives/edgar/data/39368/000119312507033125/d10k.htm
0,2006-12-02,FUL,2007-02-15,2007-02-15 17:02:44,Q4,375000000,265800000,109200000,0.2912,0.0,80400000,0.0,159000000,80399999.99999999,346200000,4674000000,11400000.000000004,4763700000,12.7032,28800000,0.0768,159000000,24400000,0.065067,3100000.0,75200000,0.200533,1.24092,1.24092,60600000,60600000,https://www.sec.gov/Archives/edgar/data/39368/000119312507033125/0001193125-07-033125-index.htm,https://www.sec.gov/Archives/edgar/data/39368/000119312507033125/d10k.htm
0,2006-09-02,FUL,2006-10-06,2006-10-06 12:41:41,Q3,306300000,210700000,95600000,0.31211230819458047,0.0,67000000,0.0,274000.0,66900000.00000003,277600000.00000006,4575000.0,12699999.999999998,47075000,0.153689,28700000,0.093699,300000.0,24400000,0.07966,5600000.0,24200000,0.079008,0.40948,0.40948,59100000,59100000,https://www.sec.gov/Archives/edgar/data/39368/000119312506204229/0001193125-06-204229-index.htm,https://www.sec.gov/Archives/edgar/data/39368/000119312506204229/d10q.htm
0,2006-06-03,FUL,2006-07-07,2006-07-07 16:43:08,Q2,371800000,264300000,107500000,0.2891339429800968,0.0,76300000,0.0,-493000.0,76300000.00000001,340600000,4967000.0,12200000.000000004,44267000,0.119061,31200000,0.083916,-500000.0,25800000,0.069392,7600000.0,19500000,0.052448,0.32392,0.32392,60200000,60200000,https://www.sec.gov/Archives/edgar/data/39368/000119312506143313/0001193125-06-143313-index.htm,https://www.sec.gov/Archives/edgar/data/39368/000119312506143313/d10q.htm
0,2006-03-04,FUL,2006-04-07,2006-04-07 15:53:37,Q1,333000000,238900000,94100000,0.28258258258258256,0.0,73200000,0.0,499000.0,73299999.99999999,312200000,2743000.0,10399999.999999998,34243000,0.102832,20900000,0.062763,500000.0,19400000,0.058258,5800000.0,15300000,0.045946,0.25845,0.25845,59200000,59200000,https://www.sec.gov/Archives/edgar/data/39368/000119312506075838/0001193125-06-075838-index.htm,https://www.sec.gov/Archives/edgar/data/39368/000119312506031637/d10k.htm
0,2005-12-03,FUL,2006-02-14,2006-02-14 17:04:20,Q4,394400000,288000000,106400000,0.2697768762677485,0.0,76600000,0.0,1095000.0,76600000.00000001,364600000,3179000.0,8200000.0,41679000,0.105677,29800000,0.075558,1100000.0,27800000,0.070487,7000000.0,23300000,0.059077,0.39559,0.39559,58900000,58900000,https://www.sec.gov/Archives/edgar/data/39368/000119312506031637/0001193125-06-031637-index.htm,https://www.sec.gov/Archives/edgar/data/39368/000119312506031637/d10k.htm
0,2005-08-27,FUL,2005-09-30,2005-09-30 15:41:26,Q3,301700000,218900000,82800000,0.27444481272787535,0.0,64800000,0.0,-25000.0,64799999.99999998,283700000,2942000.0,13499999.999999996,36641999.99999999,0.121452,18000000,0.059662,0.0,15400000,0.051044,4700000.0,15500000,0.051376,0.26678,0.26678,58100000,58100000,https://www.sec.gov/Archives/edgar/data/39368/000119312505194950/0001193125-05-194950-index.htm,https://www.sec.gov/Archives/edgar/data/39368/000119312505194950/d10q.htm
0,2005-05-28,FUL,2005-07-01,2005-07-01 15:26:12,Q2,387900000,288400000,99500000,0.25650940964166025,0.0,78500000,0.0,-462000.0,78500000,366900000,2894000.0,13900000,40394000,0.104135,21000000,0.054138,-500000.0,22700000,0.05852,7400000.0,16200000,0.041763,0.27787,0.27787,58300000,58300000,https://www.sec.gov/Archives/edgar/data/39368/000119312505136727/0001193125-05-136727-index.htm,https://www.sec.gov/Archives/edgar/data/39368/000119312505136727/d10q.htm
0,2005-02-26,FUL,2005-04-04,2005-04-04 16:30:25,Q1,353000000,262300000,90700000,0.25694050991501416,0.0,80300000,0.0,-352000.0,80300000.00000001,342600000,3330000.0,13900000,26430000,0.074873,10400000,0.029462,-400000.0,8500000.0,0.024079,2700000.0,6500000.0,0.018414,0.11226,0.11226,57900000,57900000,https://www.sec.gov/Archives/edgar/data/39368/000119312505069400/0001193125-05-069400-index.htm,https://www.sec.gov/Archives/edgar/data/39368/000119312505037453/d10k.htm
0,2004-11-27,FUL,2005-02-25,2005-02-25 17:14:27,Q4,378500000,285500000,93000000,0.24570673712021135,0.0,72200000,0.0,-1836000.0,72199999.99999999,357700000,3309000.0,10799999.999999994,30708999.999999996,0.081133,20700000,0.05469,-1400000.0,16100000,0.042536,5700000.0,10900000,0.028798,0.18826,0.18826,57900000,57900000,https://www.sec.gov/Archives/edgar/data/39368/000119312505037453/0001193125-05-037453-index.htm,https://www.sec.gov/Archives/edgar/data/39368/000119312505037453/d10k.htm
0,2004-08-28,FUL,2004-10-04,2004-10-04 17:22:02,Q3,349500000,255800000,93700000,0.2680972818311874,0.0,79100000,0.0,-895000.0,79000000,334800000,3205000.0,14500000,28305000,0.080987,14700000,0.04206,-1900000.0,9900000.0,0.028326,1700000.0,8900000.0,0.025465,0.15371,0.15371,57900000,57900000,https://www.sec.gov/Archives/edgar/data/39368/000119312504166331/0001193125-04-166331-index.htm,https://www.sec.gov/Archives/edgar/data/39368/000119312504166331/d10q.htm
0,2004-05-29,FUL,,Not found...,Q2,363100000,262900000,100100000,0.275682,0.0,77700000,0.0,0.0,77800000.00000001,340700000,-3600000.0,13600000.000000002,26600000,0.073258,22400000,0.061691,-2300000.0,16400000,0.045167,5400000.0,11200000,0.030845,0.19411,0.19411,57700000,57700000,,
0,2004-02-28,FUL,,,Q1,318600000,232800000,85800000,0.269303,0.0,75400000,0.0,0.0,75399999.99999999,308200000,-3600000.0,13500000,16400000,0.051475,10400000,0.032643,-1000000.0,5900000.0,0.018519,1900000.0,4600000.0,0.014438,0.07958,0.07958,57800000,57800000,,
0,2003-11-29,FUL,,,Q4,346200000,252800000,93400000,0.269786,0.0,72300000,0.0,0.0,72300000.00000001,325100000,-3400000.0,13800000.000000006,28900000.000000007,0.083478,21100000,0.060947,-400000.0,17300000,0.049971,5200000.0,13300000,0.038417,0.2313,0.2313,57500000,57500000,,
0,2003-08-30,FUL,,,Q3,322100000,235000000,87100000,0.270413,0.0,67800000,0.0,0.0,67899999.99999999,302900000,-3700000.0,14799999.999999996,28199999.999999996,0.08755,19200000,0.059609,-900000.0,16600000,0.051537,4800000.0,12300000,0.038187,0.21429,0.21429,57400000,57400000,,
0,2003-05-31,FUL,,,Q2,324500000,234900000,89600000,0.276117,0.0,73100000,0.0,0.0,73100000,308000000,-3600000.0,12500000,21400000,0.065948,16400000,0.050539,-600000.0,12200000,0.037596,2700000.0,9800000.0,0.0302,0.17103,0.17103,57300000,57300000,,
0,2003-03-01,FUL,,,Q1,294600000,212400000,82100000,0.278683,0.0,70900000,0.0,0.0,70999999.99999997,283399999.99999994,-3800000.0,13000000,14000000,0.047522,11200000,0.038018,-2700000.0,4800000.0,0.016293,1600000.0,3200000.0,0.010862,0.05585,0.05585,57300000,57300000,,
0,2002-11-30,FUL,,,Q4,329600000,238400000,91200000,0.276699,0.0,73700000,0.0,0.0,73700000.00000001,312100000,-3800000.0,13800000,25600000,0.07767,17500000,0.053095,1500000.0,15300000,0.04642,5200000.0,10400000,0.031553,0.18118,0.18118,57400000,57400000,,
0,2002-08-31,FUL,2002-10-15 00:00:00,2002-10-15 17:03:57,Q3,313900000,229800000,84200000,0.268238,0.0,67700000,0.0,0.0,67599999.99999997,297399999.99999994,-4400000.0,14199999.999999996,23199999.999999996,0.073909,16500000,0.052565,1100000.0,13200000,0.042052,4200000.0,9200000.0,0.029309,0.16056,0.16056,57300000,57300000,https://www.sec.gov/Archives/edgar/data/39368/000104596902001702/0001045969-02-001702-index.html,https://www.sec.gov/Archives/edgar/data/39368/000104596902001702/d10q.txt
0,2002-06-01,FUL,2002-07-16 00:00:00,2002-07-16 15:25:19,Q2,319400000,232000000,87400000,0.273638,0.0,71400000,0.0,0.0,71300000.00000001,303300000,-4400000.0,15300000,22400000,0.070131,16100000,0.050407,-300000.0,11300000,0.035379,3600000.0,7900000.0,0.024734,0.13787,0.13787,57300000,57300000,https://www.sec.gov/Archives/edgar/data/39368/000104596902001175/0001045969-02-001175-index.html,https://www.sec.gov/Archives/edgar/data/39368/000104596902001175/d10q.txt
0,2002-03-02,FUL,2002-04-16 00:00:00,2002-04-16 00:00:00,Q1,293200000,218100000,75200000,0.25648,0.0,68800000,0.0,0.0,68799999.99999999,286900000,-4700000.0,14300000,10200000,0.034789,6300000.0,0.021487,-1100000.0,500000.0,0.001705,-100000.0,700000.0,0.002387,0.0123,0.0123,56900000,56900000,https://www.sec.gov/Archives/edgar/data/39368/000104596902000684/0001045969-02-000684-index.html,https://www.sec.gov/Archives/edgar/data/39368/000104596902000684/d10q.txt
0,2001-12-01,FUL,2002-03-01 00:00:00,2002-03-01 00:00:00,Q4,322900000,234100000,88800000,0.275008,0.0,63400000,0.0,0.0,63299999.99999998,297400000,-4900000.0,15000000.000000004,27900000.000000004,0.086404,25500000,0.078972,-3300000.0,17200000,0.053267,4900000.0,12900000,0.03995,0.22711,0.22711,56800000,56800000,https://www.sec.gov/Archives/edgar/data/39368/000104596902000336/0001045969-02-000336-index.html,https://www.sec.gov/Archives/edgar/data/39368/000104596902000336/d10k.txt
0,2001-09-01,FUL,2001-10-16 00:00:00,2001-10-16 00:00:00,Q3,315700000,229800000,85900000,0.272094,0.0,61200000,0.0,0.0,61199999.99999999,291000000,-5200000.0,13099999.999999998,26199999.999999996,0.08299,24800000,0.078556,-1500000.0,18000000,0.057016,3700000.0,14600000,0.046246,0.25704,0.25704,56800000,56800000,https://www.sec.gov/Archives/edgar/data/39368/000104596901501227/0001045969-01-501227-index.html,https://www.sec.gov/Archives/edgar/data/39368/000104596901501227/d10q.txt
0,2001-06-02,FUL,2001-07-16 00:00:00,2001-07-16 00:00:00,Q2,328500000,240300000,88200000,0.268493,0.0,64600000,0.0,0.0,64599999.99999997,304899999.99999994,-5500000.0,13300000,25800000,0.078539,23600000,0.071842,-200000.0,17900000,0.05449,6100000.0,11900000,0.036225,0.21062,0.21062,56500000,56500000,https://www.sec.gov/Archives/edgar/data/39368/000104596901500652/0001045969-01-500652-index.html,https://www.sec.gov/Archives/edgar/data/39368/000104596901500652/d10q.txt
0,2001-03-03,FUL,2001-04-17 00:00:00,2001-04-17 00:00:00,Q1,306900000,224400000,82600000,0.269143,0.0,68300000,0.0,0.0,68299999.99999999,292700000,-5700000.0,13000000,15300000,0.049853,14300000,0.046595,-500000.0,8100000.0,0.026393,3000000.0,5000000.0,0.016292,0.0885,0.0885,56500000,56500000,https://www.sec.gov/Archives/edgar/data/39368/000104596901000415/0001045969-01-000415-index.html,https://www.sec.gov/Archives/edgar/data/39368/000104596901000415/0001045969-01-000415-0001.txt
0,2000-12-02,FUL,,,Q4,364200000,263700000,100500000,0.275947,0.0,72400000,0.0,0.0,72699999.99999999,336400000,-5900000.0,13999999.999999996,30699999.999999996,0.084294,27800000,0.076332,500000.0,22400000,0.061505,8300000.0,14300000,0.039264,0.25355,0.25355,56400000,56400000,,
0,2000-08-26,FUL,2000-10-10 00:00:00,2000-10-10 00:00:00,Q3,326000000,239900000,86000000,0.263804,0.0,67000000,0.0,0.0,67100000,307000000,-5800000.0,12300000.000000004,18200000.000000004,0.055828,19000000,0.058282,-1600000.0,11600000,0.035583,4300000.0,7400000.0,0.022699,0.13121,0.13121,56400000,56400000,https://www.sec.gov/Archives/edgar/data/39368/000104596900000739/0001045969-00-000739-index.html,https://www.sec.gov/Archives/edgar/data/39368/000104596900000739/0001045969-00-000739-0001.txt
0,2000-05-27,FUL,2000-07-11 00:00:00,2000-07-11 00:00:00,Q2,350200000,250400000,99700000,0.284694,0.0,67800000,0.0,0.0,67900000,318300000,-6100000.0,12700000,34300000,0.097944,31900000,0.091091,1700000.0,27600000,0.078812,9900000.0,17800000,0.050828,0.31616,0.31616,56300000,56300000,https://www.sec.gov/Archives/edgar/data/39368/000104596900000493/0001045969-00-000493-index.html,https://www.sec.gov/Archives/edgar/data/39368/000104596900000493/0001045969-00-000493-0001.txt
0,2000-02-26,FUL,2000-04-11 00:00:00,2000-04-11 00:00:00,Q1,323600000,230500000,93100000,0.287701,0.0,69600000,0.0,0.0,69300000.00000001,299800000,-6000000.0,13200000,22900000,0.070766,23800000,0.073548,-2500000.0,15300000,0.047281,6000000.0,9700000.0,0.029975,0.17199,0.17199,56400000,56400000,https://www.sec.gov/Archives/edgar/data/39368/000104596900000263/0001045969-00-000263-index.html,https://www.sec.gov/Archives/edgar/data/39368/0001045969-00-000263.txt
0,1999-11-27,FUL,,,Q4,357100000,239800000,117300000,0.328479,0.0,80000000,0.0,0.0,86000000,325800000,-6800000.0,13000000,30100000,0.08429,31300000,0.087651,-100000.0,24400000,0.068328,10200000,13700000,0.038365,0.24334,0.24334,56300000,56300000,,
0,1999-08-28,FUL,1999-10-12 00:00:00,1999-10-12 00:00:00,Q3,331900000,223200000,108700000,0.327508,0.0,78400000,0.0,0.0,81400000.00000003,304600000.00000006,-6500000.0,11999999.999999996,26399999.999999996,0.079542,27300000,0.082254,-200000.0,20600000,0.062067,8800000.0,12100000,0.036457,0.21569,0.21569,56100000,56100000,https://www.sec.gov/Archives/edgar/data/39368/000104596999000747/0001045969-99-000747-index.html,https://www.sec.gov/Archives/edgar/data/39368/0001045969-99-000747.txt
0,1999-05-29,FUL,1999-07-13 00:00:00,1999-07-13 00:00:00,Q2,348200000,235700000,112500000,0.32309,0.0,81800000,0.0,0.0,87900000.00000003,323600000.00000006,-6600000.0,13300000,24000000,0.068926,24600000,0.070649,-1200000.0,16800000,0.048248,7300000.0,10000000,0.028719,0.17889,0.17889,55900000,55900000,https://www.sec.gov/Archives/edgar/data/39368/000104596999000515/0001045969-99-000515-index.html,https://www.sec.gov/Archives/edgar/data/39368/0001045969-99-000515.txt
0,1999-02-27,FUL,1999-04-13 00:00:00,1999-04-13 00:00:00,Q1,327200000,222600000,104600000,0.319682,0.0,81900000,0.0,0.0,84100000,306700000,-6900000.0,12500000,18700000,0.057152,20500000,0.062653,-1000000.0,12600000,0.038509,5500000.0,7600000.0,0.023227,0.13718,0.13718,55400000,55400000,https://www.sec.gov/Archives/edgar/data/39368/000104596999000253/0001045969-99-000253-index.html,https://www.sec.gov/Archives/edgar/data/39368/0001045969-99-000253.txt
0,1998-11-28,FUL,,,Q4,361100000,248600000,112500000,0.311548,0.0,86500000,0.0,0.0,89299999.99999999,337900000,-7400000.0,14299999.999999996,23299999.999999996,0.064525,23200000,0.064248,100000.0,15800000,0.043755,7400000.0,9000000.0,0.024924,0.16275,0.16275,55300000,55300000,,
0,1998-08-29,FUL,1998-10-13 00:00:00,1998-10-13 00:00:00,Q3,333500000,230400000,103100000,0.309145,0.0,81200000,0.0,0.0,105200000.00000001,335600000,-7800000.0,12000000.000000004,-5999999.999999996,-0.017991,-2100000.0,-0.006297,-700000.0,-10600000,-0.031784,100000.0,-10300000,-0.030885,-0.18727,-0.18727,55000000,55000000,https://www.sec.gov/Archives/edgar/data/39368/000104596998000747/0001045969-98-000747-index.html,https://www.sec.gov/Archives/edgar/data/39368/0001045969-98-000747.txt
0,1998-05-30,FUL,1998-07-14 00:00:00,1998-07-14 00:00:00,Q2,342000000,233300000,108700000,0.317836,0.0,84000000,0.0,0.0,84000000,317300000,-6600000.0,12100000,24200000,0.07076,24700000,0.072222,0.0,18200000,0.053216,7400000.0,11300000,0.033041,0.20397,0.20397,55400000,55400000,https://www.sec.gov/Archives/edgar/data/39368/000104596998000543/0001045969-98-000543-index.html,https://www.sec.gov/Archives/edgar/data/39368/0001045969-98-000543.txt
0,1998-02-28,FUL,1998-04-13 00:00:00,1998-04-13 00:00:00,Q1,310700000,213000000,97600000,0.314129,0.0,82200000,0.0,0.0,82199999.99999999,295200000,-5200000.0,11100000,15700000,0.050531,15400000,0.049565,-800000.0,9400000.0,0.030254,3800000.0,6000000.0,0.019311,0.1087,0.1087,55200000,55200000,https://www.sec.gov/Archives/edgar/data/39368/000104596998000361/0001045969-98-000361-index.html,https://www.sec.gov/Archives/edgar/data/39368/0001045969-98-000361.txt
0,1997-11-29,FUL,,,Q4,350400000,240400000,110000000,0.313927,0.0,82300000,0.0,0.0,82299999.99999999,322700000,-5100000.0,12699999.999999996,24899999.999999996,0.071062,27700000,0.079053,-2700000.0,19900000,0.056792,8100000.0,9200000.0,0.026256,0.16487,0.16487,55800000,55800000,,
0,1997-08-31,FUL,1997-10-14 00:00:00,1997-10-14 00:00:00,Q3,323500000,220700000,102800000,0.317774,0.0,80800000,0.0,0.0,80800000.00000001,301500000,-4900000.0,11600000.000000002,24600000,0.076043,21900000,0.067697,200000.0,17300000,0.053478,7100000.0,10800000,0.033385,0.19355,0.19355,55800000,55800000,https://www.sec.gov/Archives/edgar/data/39368/000104596997000026/0001045969-97-000026-index.html,https://www.sec.gov/Archives/edgar/data/39368/0001045969-97-000026.txt
0,1997-05-31,FUL,1997-07-15 00:00:00,1997-07-15 00:00:00,Q2,328900000,223400000,105500000,0.320766,0.0,83200000,0.0,0.0,83200000.00000001,306600000,-4900000.0,11300000,24900000,0.075707,22300000,0.067802,800000.0,18200000,0.055336,7400000.0,11100000,0.033749,0.19681,0.19681,56400000,56400000,https://www.sec.gov/Archives/edgar/data/39368/000095013197004440/0000950131-97-004440-index.html,https://www.sec.gov/Archives/edgar/data/39368/0000950131-97-004440.txt
0,1997-03-01,FUL,1997-04-14 00:00:00,1997-04-14 00:00:00,Q1,304100000,209400000,94700000,0.311411,0.0,79400000,0.0,0.0,79400000,288800000,-5000000.0,11200000,16000000,0.052614,15300000,0.050312,-500000.0,9900000.0,0.032555,4000000.0,5800000.0,0.019073,0.10302,0.10302,56300000,56300000,https://www.sec.gov/Archives/edgar/data/39368/000095013197002572/0000950131-97-002572-index.html,https://www.sec.gov/Archives/edgar/data/39368/0000950131-97-002572.txt
0,1996-11-30,FUL,1997-02-28 00:00:00,1997-02-28 00:00:00,Q4,333800000,225400000,108400000,0.324745,0.0,81800000,0.0,0.0,81799999.99999999,307200000,-4400000.0,12200000.000000004,29000000.000000004,0.086878,26700000,0.079988,-1100000.0,21200000,0.063511,8900000.0,12300000,0.036848,0.21693,0.21693,56700000,56700000,https://www.sec.gov/Archives/edgar/data/39368/000095010997001762/0000950109-97-001762-index.html,https://www.sec.gov/Archives/edgar/data/39368/0000950109-97-001762.txt
0,1996-08-31,FUL,1996-10-15 00:00:00,1996-10-15 00:00:00,Q3,318100000,215600000,102500000,0.322226,0.0,75500000,0.0,0.0,75500000.00000003,291100000.00000006,-4300000.0,8299999.999999997,40900000,0.128576,27000000,0.084879,14200000,36800000,0.115687,14900000,22000000,0.069161,0.39007,0.39007,56400000,56400000,https://www.sec.gov/Archives/edgar/data/39368/000095013196005044/0000950131-96-005044-index.html,https://www.sec.gov/Archives/edgar/data/39368/0000950131-96-005044.txt
0,1996-06-01,FUL,1996-07-16 00:00:00,1996-07-16 00:00:00,Q2,320200000,219000000,101300000,0.316365,0.0,84200000,0.0,0.0,84100000.00000001,303100000,-5000000.0,12100000,21200000,0.066209,17100000,0.053404,1900000.0,14000000,0.043723,5700000.0,8400000.0,0.026234,0.14894,0.14894,56400000,56400000,https://www.sec.gov/Archives/edgar/data/39368/000095013196003298/0000950131-96-003298-index.html,https://www.sec.gov/Archives/edgar/data/39368/0000950131-96-003298.txt
0,1996-03-02,FUL,1996-04-16 00:00:00,1996-04-16 00:00:00,Q1,303600000,211500000,92100000,0.30336,0.0,82000000,0.0,0.0,82000000,293500000,-5300000.0,14400000,13600000,0.044796,10000000,0.032938,-300000.0,4500000.0,0.014822,1800000.0,2700000.0,0.008893,0.04787,0.04787,56400000,56400000,https://www.sec.gov/Archives/edgar/data/39368/000095013196001581/0000950131-96-001581-index.html,https://www.sec.gov/Archives/edgar/data/39368/0000950131-96-001581.txt
0,1995-11-30,FUL,1996-02-27 00:00:00,1996-02-27 00:00:00,Q4,313100000,217100000,96100000,0.306931,0.0,83000000,0.0,0.0,83000000.00000003,300100000.00000006,-4400000.0,10400000.000000002,14900000.000000002,0.047589,13100000,0.04184,200000.0,8800000.0,0.028106,2600000.0,6300000.0,0.020121,0.1117,0.1117,56400000,56400000,https://www.sec.gov/Archives/edgar/data/39368/000095013196000666/0000950131-96-000666-index.html,https://www.sec.gov/Archives/edgar/data/39368/0000950131-96-000666.txt
0,1995-08-31,FUL,1995-10-13 00:00:00,1995-10-13 00:00:00,Q3,312600000,213300000,99300000,0.317658,0.0,79700000,0.0,0.0,79699999.99999999,293000000,-5100000.0,11600000.000000002,21000000,0.067179,19600000,0.0627,-200000.0,14400000,0.046065,5700000.0,8800000.0,0.028151,0.15631,0.15631,56300000,56300000,https://www.sec.gov/Archives/edgar/data/39368/000095013195002847/0000950131-95-002847-index.html,https://www.sec.gov/Archives/edgar/data/39368/0000950131-95-002847.txt
0,1995-05-31,FUL,1995-07-14 00:00:00,1995-07-14 00:00:00,Q2,322400000,218700000,103800000,0.32196,0.0,81800000,0.0,0.0,81800000.00000001,300500000,-4500000.0,10000000,22100000,0.068548,22000000,0.068238,-800000.0,16700000,0.051799,6500000.0,10100000,0.031328,0.17972,0.17972,56200000,56200000,https://www.sec.gov/Archives/edgar/data/39368/000095013195001881/0000950131-95-001881-index.html,https://www.sec.gov/Archives/edgar/data/39368/0000950131-95-001881.txt
0,1995-02-28,FUL,1995-04-12 00:00:00,1995-04-12 00:00:00,Q1,295600000,202300000,93400000,0.315968,0.0,78300000,0.0,0.0,78300000.00000001,280600000,-4100000.0,9200000.0,12900000,0.04364,15100000,0.051083,-400000.0,10600000,0.035859,4300000.0,3500000.0,0.01184,0.06239,0.06239,56100000,56100000,https://www.sec.gov/Archives/edgar/data/39368/000095013195000915/0000950131-95-000915-index.html,https://www.sec.gov/Archives/edgar/data/39368/0000950131-95-000915.txt
