,date,symbol,fillingDate,acceptedDate,period,revenue,costOfRevenue,grossProfit,grossProfitRatio,researchAndDevelopmentExpenses,generalAndAdministrativeExpenses,sellingAndMarketingExpenses,otherExpenses,operatingExpenses,costAndExpenses,interestExpense,depreciationAndAmortization,ebitda,ebitdaratio,operatingIncome,operatingIncomeRatio,totalOtherIncomeExpensesNet,incomeBeforeTax,incomeBeforeTaxRatio,incomeTaxExpense,netIncome,netIncomeRatio,eps,epsdiluted,weightedAverageShsOut,weightedAverageShsOutDil,link,finalLink
0,2020-06-30,DNT.TO,2020-06-30,2020-06-30,Q2,0.0,4782.0,-4782.0,0.0,0.0,338093.0,0.0,0.0,0.0,342875.0,325.0,0.0,-334183.0,0.0,-342875.0,0.0,26066.0,-313224.0,0.0,0.0,-313224.0,0.0,-0.001373,-0.001373,228093180,228093180,https://www.sedar.com/ModifyCompanyDocumentSearchForm.do?lang=EN&company_search=Candente Copper Corp&document_selection=0&industry_group=A&FromDate=13&FromMonth=05&FromYear=2000&ToDate=13&ToMonth=11&ToYear=2020&Variable=Issuer,https://www.sedar.com/ModifyCompanyDocumentSearchForm.do?lang=EN&company_search=Candente Copper Corp&document_selection=0&industry_group=A&FromDate=13&FromMonth=05&FromYear=2000&ToDate=13&ToMonth=11&ToYear=2020&Variable=Issuer
0,2020-03-31,DNT.TO,2020-03-31,2020-03-31,Q1,0.0,4772.0,-4772.0,0.0,0.0,156579.0,0.0,0.0,0.0,161351.0,575.0,0.0,-152275.0,0.0,-161351.0,0.0,-15456.0,-173078.0,0.0,0.0,-173078.0,0.0,-0.000818,-0.000818,211620653,211620653,https://www.sedar.com/ModifyCompanyDocumentSearchForm.do?lang=EN&company_search=Candente Copper Corp&document_selection=0&industry_group=A&FromDate=13&FromMonth=05&FromYear=2000&ToDate=13&ToMonth=11&ToYear=2020&Variable=Issuer,https://www.sedar.com/ModifyCompanyDocumentSearchForm.do?lang=EN&company_search=Candente Copper Corp&document_selection=0&industry_group=A&FromDate=13&FromMonth=05&FromYear=2000&ToDate=13&ToMonth=11&ToYear=2020&Variable=Issuer
0,2019-12-31,DNT.TO,2019-12-31,2019-12-31,Q4,0.0,4883.0,-4883.0,0.0,0.0,95390.0,0.0,586.0,0.0,100273.0,524.0,0.0,-89610.0,0.0,-100273.0,0.0,-210996.0,-306442.0,0.0,0.0,-306442.0,0.0,-0.0013434947945396701,-0.0013434947945396701,228093180,228093180,https://www.sedar.com/ModifyCompanyDocumentSearchForm.do?lang=EN&company_search=Candente Copper Corp&document_selection=0&industry_group=A&FromDate=13&FromMonth=05&FromYear=2000&ToDate=13&ToMonth=11&ToYear=2020&Variable=Issuer,https://www.sedar.com/ModifyCompanyDocumentSearchForm.do?lang=EN&company_search=Candente Copper Corp&document_selection=0&industry_group=A&FromDate=13&FromMonth=05&FromYear=2000&ToDate=13&ToMonth=11&ToYear=2020&Variable=Issuer
0,2019-09-30,DNT.TO,2019-09-30,2019-09-30,Q3,0.0,4916.0,-4916.0,0.0,0.0,100682.0,0.0,300.0,0.0,105598.0,472.0,0.0,-94209.0,0.0,-105598.0,0.0,-67227.0,-166824.0,0.0,0.0,-166824.0,0.0,-0.000855,-0.000855,195005268,195005268,https://www.sedar.com/ModifyCompanyDocumentSearchForm.do?lang=EN&company_search=Candente Copper Corp&document_selection=0&industry_group=A&FromDate=13&FromMonth=05&FromYear=2000&ToDate=13&ToMonth=11&ToYear=2020&Variable=Issuer,https://www.sedar.com/ModifyCompanyDocumentSearchForm.do?lang=EN&company_search=Candente Copper Corp&document_selection=0&industry_group=A&FromDate=13&FromMonth=05&FromYear=2000&ToDate=13&ToMonth=11&ToYear=2020&Variable=Issuer
0,2019-06-30,DNT.TO,2019-06-30,2019-06-30,Q2,0.0,4992.0,-4992.0,0.0,0.0,116197.0,0.0,-279.0,0.0,121189.0,592.0,0.0,-107789.0,0.0,-121189.0,0.0,-191467.0,-304840.0,0.0,0.0,-304840.0,0.0,-0.001563,-0.001563,195005268,195005268,https://www.sedar.com/ModifyCompanyDocumentSearchForm.do?lang=EN&company_search=Candente Copper Corp&document_selection=0&industry_group=A&FromDate=13&FromMonth=05&FromYear=2000&ToDate=13&ToMonth=11&ToYear=2020&Variable=Issuer,https://www.sedar.com/ModifyCompanyDocumentSearchForm.do?lang=EN&company_search=Candente Copper Corp&document_selection=0&industry_group=A&FromDate=13&FromMonth=05&FromYear=2000&ToDate=13&ToMonth=11&ToYear=2020&Variable=Issuer
0,2019-03-31,DNT.TO,2019-03-31,2019-03-31,Q1,0.0,5123.0,-5123.0,0.0,0.0,131034.0,0.0,90850.0,0.0,136157.0,527.0,0.0,-27329.0,0.0,-136157.0,0.0,107958.0,-15871.0,0.0,0.0,-15871.0,0.0,-8.5e-05,-8.5e-05,187573963,187573963,https://www.sedar.com/ModifyCompanyDocumentSearchForm.do?lang=EN&company_search=Candente Copper Corp&document_selection=0&industry_group=A&FromDate=13&FromMonth=05&FromYear=2000&ToDate=13&ToMonth=11&ToYear=2020&Variable=Issuer,https://www.sedar.com/ModifyCompanyDocumentSearchForm.do?lang=EN&company_search=Candente Copper Corp&document_selection=0&industry_group=A&FromDate=13&FromMonth=05&FromYear=2000&ToDate=13&ToMonth=11&ToYear=2020&Variable=Issuer
0,2018-12-31,DNT.TO,2018-12-31,2018-12-31,Q4,0.0,0.0,0.0,0.0,0.0,164048.0,0.0,-95233.0,0.0,170394.0,462.0,0.0,-164898.0,0.0,-170394.0,0.0,-34634.0,-192425.0,0.0,0.0,-192425.0,0.0,-0.0008436245222237684,-0.0008436245222237684,228093180,228093180,https://www.sedar.com/ModifyCompanyDocumentSearchForm.do?lang=EN&company_search=Candente Copper Corp&document_selection=0&industry_group=A&FromDate=13&FromMonth=05&FromYear=2000&ToDate=13&ToMonth=11&ToYear=2020&Variable=Issuer,https://www.sedar.com/ModifyCompanyDocumentSearchForm.do?lang=EN&company_search=Candente Copper Corp&document_selection=0&industry_group=A&FromDate=13&FromMonth=05&FromYear=2000&ToDate=13&ToMonth=11&ToYear=2020&Variable=Issuer
0,2018-09-30,DNT.TO,2018-09-30,2018-09-30,Q3,0.0,0.0,0.0,0.0,0.0,78001.0,0.0,18136.0,0.0,84331.0,713.0,0.0,-42599.0,0.0,-84331.0,0.0,-6034.0,-73812.0,0.0,0.0,-73812.0,0.0,-0.000409,-0.000409,180465054,180465054,https://www.sedar.com/ModifyCompanyDocumentSearchForm.do?lang=EN&company_search=Candente Copper Corp&document_selection=0&industry_group=A&FromDate=13&FromMonth=05&FromYear=2000&ToDate=13&ToMonth=11&ToYear=2020&Variable=Issuer,https://www.sedar.com/ModifyCompanyDocumentSearchForm.do?lang=EN&company_search=Candente Copper Corp&document_selection=0&industry_group=A&FromDate=13&FromMonth=05&FromYear=2000&ToDate=13&ToMonth=11&ToYear=2020&Variable=Issuer
0,2018-06-30,DNT.TO,2018-06-30,2018-06-30,Q2,0.0,0.0,0.0,0.0,0.0,94880.0,0.0,-1020.0,0.0,102456.0,546.0,0.0,-74312.0,0.0,-102456.0,0.0,-5068.0,-86482.0,0.0,0.0,-86482.0,0.0,-0.000483,-0.000483,178924820,178924820,https://www.sedar.com/ModifyCompanyDocumentSearchForm.do?lang=EN&company_search=Candente Copper Corp&document_selection=0&industry_group=A&FromDate=13&FromMonth=05&FromYear=2000&ToDate=13&ToMonth=11&ToYear=2020&Variable=Issuer,https://www.sedar.com/ModifyCompanyDocumentSearchForm.do?lang=EN&company_search=Candente Copper Corp&document_selection=0&industry_group=A&FromDate=13&FromMonth=05&FromYear=2000&ToDate=13&ToMonth=11&ToYear=2020&Variable=Issuer
0,2018-03-31,DNT.TO,2018-03-31,2018-03-31,Q1,0.0,0.0,0.0,0.0,0.0,102261.0,0.0,97264.0,0.0,108657.0,914.0,0.0,22799.0,0.0,-108657.0,0.0,97541.0,15766.0,0.0,0.0,15766.0,0.0,8.8e-05,8.8e-05,178450663,178450663,https://www.sedar.com/ModifyCompanyDocumentSearchForm.do?lang=EN&company_search=Candente Copper Corp&document_selection=0&industry_group=A&FromDate=13&FromMonth=05&FromYear=2000&ToDate=13&ToMonth=11&ToYear=2020&Variable=Issuer,https://www.sedar.com/ModifyCompanyDocumentSearchForm.do?lang=EN&company_search=Candente Copper Corp&document_selection=0&industry_group=A&FromDate=13&FromMonth=05&FromYear=2000&ToDate=13&ToMonth=11&ToYear=2020&Variable=Issuer
0,2017-12-31,DNT.TO,,,Q4,0.0,0.0,0.0,0.0,0.0,60845.0,0.0,0.0,0.0,152916.0,952.0,0.0,-131413.0,0.0,-152916.0,0.0,-1985654.0,-2125631.0,0.0,0.0,-2125631.0,0.0,-0.009319134399371345,-0.009319134399371345,228093180,228093180,https://www.sedar.com/ModifyCompanyDocumentSearchForm.do?lang=EN&company_search=Candente Copper Corp&document_selection=0&industry_group=A&FromDate=13&FromMonth=05&FromYear=2000&ToDate=13&ToMonth=11&ToYear=2020&Variable=Issuer,https://www.sedar.com/ModifyCompanyDocumentSearchForm.do?lang=EN&company_search=Candente Copper Corp&document_selection=0&industry_group=A&FromDate=13&FromMonth=05&FromYear=2000&ToDate=13&ToMonth=11&ToYear=2020&Variable=Issuer
0,2017-09-30,DNT.TO,,,Q3,0.0,0.0,0.0,0.0,0.0,102357.0,0.0,0.0,0.0,112272.0,776.0,0.0,-102357.0,0.0,-112272.0,0.0,2989.0,-110059.0,0.0,0.0,-110059.0,0.0,-0.000654,-0.000654,168259862,168259862,https://www.sedar.com/ModifyCompanyDocumentSearchForm.do?lang=EN&company_search=Candente Copper Corp&document_selection=0&industry_group=A&FromDate=13&FromMonth=05&FromYear=2000&ToDate=13&ToMonth=11&ToYear=2020&Variable=Issuer,https://www.sedar.com/ModifyCompanyDocumentSearchForm.do?lang=EN&company_search=Candente Copper Corp&document_selection=0&industry_group=A&FromDate=13&FromMonth=05&FromYear=2000&ToDate=13&ToMonth=11&ToYear=2020&Variable=Issuer
0,2017-06-30,DNT.TO,,,Q2,0.0,0.0,0.0,0.0,0.0,100771.0,0.0,0.0,0.0,111482.0,919.0,0.0,-100771.0,0.0,-111482.0,0.0,387.0,-112014.0,0.0,0.0,-112014.0,0.0,-0.000674,-0.000674,166119750,166119750,https://www.sedar.com/ModifyCompanyDocumentSearchForm.do?lang=EN&company_search=Candente Copper Corp&document_selection=0&industry_group=A&FromDate=13&FromMonth=05&FromYear=2000&ToDate=13&ToMonth=11&ToYear=2020&Variable=Issuer,https://www.sedar.com/ModifyCompanyDocumentSearchForm.do?lang=EN&company_search=Candente Copper Corp&document_selection=0&industry_group=A&FromDate=13&FromMonth=05&FromYear=2000&ToDate=13&ToMonth=11&ToYear=2020&Variable=Issuer
0,2017-03-31,DNT.TO,,,Q1,0.0,0.0,0.0,0.0,0.0,89350.0,0.0,0.0,0.0,100387.0,879.0,0.0,-89350.0,0.0,-100387.0,0.0,121437.0,20171.0,0.0,0.0,20171.0,0.0,0.000122,0.000122,165397528,165397528,https://www.sedar.com/ModifyCompanyDocumentSearchForm.do?lang=EN&company_search=Candente Copper Corp&document_selection=0&industry_group=A&FromDate=13&FromMonth=05&FromYear=2000&ToDate=13&ToMonth=11&ToYear=2020&Variable=Issuer,https://www.sedar.com/ModifyCompanyDocumentSearchForm.do?lang=EN&company_search=Candente Copper Corp&document_selection=0&industry_group=A&FromDate=13&FromMonth=05&FromYear=2000&ToDate=13&ToMonth=11&ToYear=2020&Variable=Issuer
0,2016-12-31,DNT.TO,,,Q4,0.0,0.0,0.0,0.0,0.0,566341.0,0.0,0.0,0.0,603890.0,2946.0,0.0,-566315.0,0.0,-603890.0,0.0,437344.0,-169466.0,0.0,0.0,-169466.0,0.0,-0.0007429682904153469,-0.0007429682904153469,228093180,228093180,https://www.sedar.com/ModifyCompanyDocumentSearchForm.do?lang=EN&company_search=Candente Copper Corp&document_selection=0&industry_group=A&FromDate=13&FromMonth=05&FromYear=2000&ToDate=13&ToMonth=11&ToYear=2020&Variable=Issuer,https://www.sedar.com/ModifyCompanyDocumentSearchForm.do?lang=EN&company_search=Candente Copper Corp&document_selection=0&industry_group=A&FromDate=13&FromMonth=05&FromYear=2000&ToDate=13&ToMonth=11&ToYear=2020&Variable=Issuer
0,2016-09-30,DNT.TO,,,Q3,0.0,0.0,0.0,0.0,0.0,601616.0,0.0,0.0,0.0,638547.0,2387.0,0.0,-599137.0,0.0,-638547.0,0.0,587305.0,-51150.0,0.0,0.0,-51150.0,0.0,-0.000331,-0.000331,154640742,154640742,https://www.sedar.com/ModifyCompanyDocumentSearchForm.do?lang=EN&company_search=Candente Copper Corp&document_selection=0&industry_group=A&FromDate=13&FromMonth=05&FromYear=2000&ToDate=13&ToMonth=11&ToYear=2020&Variable=Issuer,https://www.sedar.com/ModifyCompanyDocumentSearchForm.do?lang=EN&company_search=Candente Copper Corp&document_selection=0&industry_group=A&FromDate=13&FromMonth=05&FromYear=2000&ToDate=13&ToMonth=11&ToYear=2020&Variable=Issuer
0,2016-06-30,DNT.TO,,,Q2,0.0,0.0,0.0,0.0,0.0,370061.0,0.0,0.0,0.0,382356.0,730.0,0.0,-370061.0,0.0,-382356.0,0.0,491153.0,108067.0,0.0,0.0,108067.0,0.0,0.000712,0.000712,151718310,151718310,https://www.sedar.com/ModifyCompanyDocumentSearchForm.do?lang=EN&company_search=Candente Copper Corp&document_selection=0&industry_group=A&FromDate=13&FromMonth=05&FromYear=2000&ToDate=13&ToMonth=11&ToYear=2020&Variable=Issuer,https://www.sedar.com/ModifyCompanyDocumentSearchForm.do?lang=EN&company_search=Candente Copper Corp&document_selection=0&industry_group=A&FromDate=13&FromMonth=05&FromYear=2000&ToDate=13&ToMonth=11&ToYear=2020&Variable=Issuer
0,2016-03-31,DNT.TO,,,Q1,0.0,0.0,0.0,0.0,0.0,74995.0,0.0,0.0,0.0,87341.0,678.0,0.0,-74995.0,0.0,-87341.0,0.0,189471.0,101452.0,0.0,0.0,101452.0,0.0,0.000669,0.000669,151718310,151718310,https://www.sedar.com/ModifyCompanyDocumentSearchForm.do?lang=EN&company_search=Candente Copper Corp&document_selection=0&industry_group=A&FromDate=13&FromMonth=05&FromYear=2000&ToDate=13&ToMonth=11&ToYear=2020&Variable=Issuer,https://www.sedar.com/ModifyCompanyDocumentSearchForm.do?lang=EN&company_search=Candente Copper Corp&document_selection=0&industry_group=A&FromDate=13&FromMonth=05&FromYear=2000&ToDate=13&ToMonth=11&ToYear=2020&Variable=Issuer
0,2015-12-31,DNT.TO,2015-12-31,2015-12-31,Q4,0.0,0.0,0.0,0.0,0.0,206514.0,0.0,0.0,0.0,248912.0,513.0,0.0,-341449.0,0.0,-248912.0,0.0,-663953.0,-913378.0,0.0,0.0,-913378.0,0.0,-0.004004407321604267,-0.004004407321604267,228093180,228093180,https://www.sedar.com/ModifyCompanyDocumentSearchForm.do?lang=EN&company_search=Candente Copper Corp&document_selection=0&industry_group=A&FromDate=13&FromMonth=05&FromYear=2000&ToDate=13&ToMonth=11&ToYear=2020&Variable=Issuer,https://www.sedar.com/ModifyCompanyDocumentSearchForm.do?lang=EN&company_search=Candente Copper Corp&document_selection=0&industry_group=A&FromDate=13&FromMonth=05&FromYear=2000&ToDate=13&ToMonth=11&ToYear=2020&Variable=Issuer
0,2015-09-30,DNT.TO,2015-09-30,2015-09-30,Q3,0.0,0.0,0.0,0.0,0.0,94567.0,0.0,0.0,0.0,106263.0,542.0,11696.0,-94567.0,0.0,-106263.0,0.0,-168967.0,-275772.0,0.0,0.0,-275772.0,0.0,-0.001818,-0.001818,151718310,151718310,https://www.sedar.com/ModifyCompanyDocumentSearchForm.do?lang=EN&company_search=Candente Copper Corp&document_selection=0&industry_group=A&FromDate=13&FromMonth=05&FromYear=2000&ToDate=13&ToMonth=11&ToYear=2020&Variable=Issuer,https://www.sedar.com/ModifyCompanyDocumentSearchForm.do?lang=EN&company_search=Candente Copper Corp&document_selection=0&industry_group=A&FromDate=13&FromMonth=05&FromYear=2000&ToDate=13&ToMonth=11&ToYear=2020&Variable=Issuer
0,2015-06-30,DNT.TO,2015-06-30,2015-06-30,Q2,0.0,0.0,0.0,0.0,0.0,295296.0,0.0,0.0,0.0,307017.0,868.0,11721.0,-295285.0,0.0,-307017.0,0.0,40001.0,-267873.0,0.0,0.0,-267873.0,0.0,-0.001791,-0.001791,149579802,149579802,https://www.sedar.com/ModifyCompanyDocumentSearchForm.do?lang=EN&company_search=Candente Copper Corp&document_selection=0&industry_group=A&FromDate=13&FromMonth=05&FromYear=2000&ToDate=13&ToMonth=11&ToYear=2020&Variable=Issuer,https://www.sedar.com/ModifyCompanyDocumentSearchForm.do?lang=EN&company_search=Candente Copper Corp&document_selection=0&industry_group=A&FromDate=13&FromMonth=05&FromYear=2000&ToDate=13&ToMonth=11&ToYear=2020&Variable=Issuer
0,2015-03-31,DNT.TO,2015-03-31,2015-03-31,Q1,0.0,0.0,0.0,0.0,0.0,165945.0,0.0,0.0,0.0,180352.0,1981.0,0.0,-147301.0,0.0,-180352.0,0.0,52097.0,-111592.0,0.0,0.0,-111592.0,0.0,-0.000778,-0.000778,143506746,143506746,https://www.sedar.com/ModifyCompanyDocumentSearchForm.do?lang=EN&company_search=Candente Copper Corp&document_selection=0&industry_group=A&FromDate=13&FromMonth=05&FromYear=2000&ToDate=13&ToMonth=11&ToYear=2020&Variable=Issuer,https://www.sedar.com/ModifyCompanyDocumentSearchForm.do?lang=EN&company_search=Candente Copper Corp&document_selection=0&industry_group=A&FromDate=13&FromMonth=05&FromYear=2000&ToDate=13&ToMonth=11&ToYear=2020&Variable=Issuer
0,2014-12-31,DNT.TO,,,Q4,0.0,0.0,0.0,0.0,0.0,184779.0,0.0,0.0,0.0,238845.0,2314.0,0.0,-204420.0,0.0,-238845.0,0.0,-228145.0,-488945.0,0.0,0.0,-488945.0,0.0,-0.002143619550571394,-0.002143619550571394,228093180,228093180,https://www.sedar.com/ModifyCompanyDocumentSearchForm.do?lang=EN&company_search=Candente Copper Corp&document_selection=0&industry_group=A&FromDate=13&FromMonth=05&FromYear=2000&ToDate=13&ToMonth=11&ToYear=2020&Variable=Issuer,https://www.sedar.com/ModifyCompanyDocumentSearchForm.do?lang=EN&company_search=Candente Copper Corp&document_selection=0&industry_group=A&FromDate=13&FromMonth=05&FromYear=2000&ToDate=13&ToMonth=11&ToYear=2020&Variable=Issuer
0,2014-09-30,DNT.TO,2014-09-30,2014-09-30,Q3,0.0,0.0,0.0,0.0,0.0,266693.0,0.0,0.0,0.0,299100.0,1007.0,0.0,-231209.0,0.0,-299100.0,0.0,-146315.0,-410938.0,0.0,0.0,-410938.0,0.0,-0.01,-0.01,143384980,143384980,https://www.sedar.com/ModifyCompanyDocumentSearchForm.do?lang=EN&company_search=Candente Copper Corp&document_selection=0&industry_group=A&FromDate=13&FromMonth=05&FromYear=2000&ToDate=13&ToMonth=11&ToYear=2020&Variable=Issuer,https://www.sedar.com/ModifyCompanyDocumentSearchForm.do?lang=EN&company_search=Candente Copper Corp&document_selection=0&industry_group=A&FromDate=13&FromMonth=05&FromYear=2000&ToDate=13&ToMonth=11&ToYear=2020&Variable=Issuer
0,2014-06-30,DNT.TO,2014-06-30,2014-06-30,Q2,0.0,0.0,0.0,0.0,0.0,338324.0,0.0,0.0,0.0,352324.0,2508.0,0.0,-319081.0,0.0,-352324.0,0.0,1725.0,-333864.0,0.0,0.0,-333864.0,0.0,0.0,0.0,138066625,138066625,https://www.sedar.com/ModifyCompanyDocumentSearchForm.do?lang=EN&company_search=Candente Copper Corp&document_selection=0&industry_group=A&FromDate=13&FromMonth=05&FromYear=2000&ToDate=13&ToMonth=11&ToYear=2020&Variable=Issuer,https://www.sedar.com/ModifyCompanyDocumentSearchForm.do?lang=EN&company_search=Candente Copper Corp&document_selection=0&industry_group=A&FromDate=13&FromMonth=05&FromYear=2000&ToDate=13&ToMonth=11&ToYear=2020&Variable=Issuer
0,2014-03-31,DNT.TO,2014-03-31,2014-03-31,Q1,0.0,0.0,0.0,0.0,0.0,365753.0,0.0,0.0,0.0,371753.0,8343.0,0.0,-161180.0,0.0,-371753.0,0.0,59545.0,-115978.0,0.0,0.0,-115978.0,0.0,0.0,0.0,134253464,134253464,https://www.sedar.com/ModifyCompanyDocumentSearchForm.do?lang=EN&company_search=Candente Copper Corp&document_selection=0&industry_group=A&FromDate=13&FromMonth=05&FromYear=2000&ToDate=13&ToMonth=11&ToYear=2020&Variable=Issuer,https://www.sedar.com/ModifyCompanyDocumentSearchForm.do?lang=EN&company_search=Candente Copper Corp&document_selection=0&industry_group=A&FromDate=13&FromMonth=05&FromYear=2000&ToDate=13&ToMonth=11&ToYear=2020&Variable=Issuer
0,2013-12-31,DNT.TO,2013-12-31,2013-12-31,Q4,0.0,0.0,0.0,0.0,0.0,373714.0,0.0,0.0,0.0,407319.0,-2228.0,0.0,-118311.0,0.0,-407319.0,0.0,-673391.0,-1109232.0,0.0,0.0,-1109232.0,0.0,-0.004863065173627726,-0.004863065173627726,228093180,228093180,https://www.sedar.com/ModifyCompanyDocumentSearchForm.do?lang=EN&company_search=Candente Copper Corp&document_selection=0&industry_group=A&FromDate=13&FromMonth=05&FromYear=2000&ToDate=13&ToMonth=11&ToYear=2020&Variable=Issuer,https://www.sedar.com/ModifyCompanyDocumentSearchForm.do?lang=EN&company_search=Candente Copper Corp&document_selection=0&industry_group=A&FromDate=13&FromMonth=05&FromYear=2000&ToDate=13&ToMonth=11&ToYear=2020&Variable=Issuer
0,2013-09-30,DNT.TO,2013-09-30,2013-09-30,Q3,0.0,0.0,0.0,0.0,0.0,717900.0,0.0,0.0,7275.0,725175.0,3803.0,0.0,-616444.0,0.0,-725175.0,0.0,-575438.0,-1195685.0,0.0,0.0,-1195685.0,0.0,0.0,0.0,122683927,122683927,https://www.sedar.com/ModifyCompanyDocumentSearchForm.do?lang=EN&company_search=Candente Copper Corp&document_selection=0&industry_group=A&FromDate=13&FromMonth=05&FromYear=2000&ToDate=13&ToMonth=11&ToYear=2020&Variable=Issuer,https://www.sedar.com/ModifyCompanyDocumentSearchForm.do?lang=EN&company_search=Candente Copper Corp&document_selection=0&industry_group=A&FromDate=13&FromMonth=05&FromYear=2000&ToDate=13&ToMonth=11&ToYear=2020&Variable=Issuer
0,2013-06-30,DNT.TO,2013-06-30,2013-06-30,Q2,0.0,0.0,0.0,0.0,0.0,476334.0,0.0,0.0,0.0,483072.0,5498.0,6738.0,-438925.0,0.0,-483072.0,0.0,783305.0,332144.0,0.0,0.0,332144.0,0.0,0.0,0.0,122048606,122048606,https://www.sedar.com/ModifyCompanyDocumentSearchForm.do?lang=EN&company_search=Candente Copper Corp&document_selection=0&industry_group=A&FromDate=13&FromMonth=05&FromYear=2000&ToDate=13&ToMonth=11&ToYear=2020&Variable=Issuer,https://www.sedar.com/ModifyCompanyDocumentSearchForm.do?lang=EN&company_search=Candente Copper Corp&document_selection=0&industry_group=A&FromDate=13&FromMonth=05&FromYear=2000&ToDate=13&ToMonth=11&ToYear=2020&Variable=Issuer
0,2013-03-31,DNT.TO,2013-03-31,2013-03-31,Q1,0.0,0.0,0.0,0.0,0.0,406039.0,0.0,0.0,0.0,412459.0,31937.0,0.0,-406039.0,0.0,-412459.0,0.0,391487.0,-52909.0,0.0,0.0,-52909.0,0.0,0.0,0.0,121944296,121944296,https://www.sedar.com/ModifyCompanyDocumentSearchForm.do?lang=EN&company_search=Candente Copper Corp&document_selection=0&industry_group=A&FromDate=13&FromMonth=05&FromYear=2000&ToDate=13&ToMonth=11&ToYear=2020&Variable=Issuer,https://www.sedar.com/ModifyCompanyDocumentSearchForm.do?lang=EN&company_search=Candente Copper Corp&document_selection=0&industry_group=A&FromDate=13&FromMonth=05&FromYear=2000&ToDate=13&ToMonth=11&ToYear=2020&Variable=Issuer
0,2012-12-31,DNT.TO,2012-12-31,2012-12-31,Q4,0.0,0.0,0.0,0.0,0.0,-80762.0,0.0,0.0,0.0,-70071.0,423.0,0.0,-248398.0,0.0,70071.0,0.0,-2444941.0,-2450601.0,0.0,0.0,-2450601.0,0.0,-0.010743859154403478,-0.010743859154403478,228093180,228093180,https://www.sedar.com/ModifyCompanyDocumentSearchForm.do?lang=EN&company_search=Candente Copper Corp&document_selection=0&industry_group=A&FromDate=13&FromMonth=05&FromYear=2000&ToDate=13&ToMonth=11&ToYear=2020&Variable=Issuer,https://www.sedar.com/ModifyCompanyDocumentSearchForm.do?lang=EN&company_search=Candente Copper Corp&document_selection=0&industry_group=A&FromDate=13&FromMonth=05&FromYear=2000&ToDate=13&ToMonth=11&ToYear=2020&Variable=Issuer
0,2012-09-30,DNT.TO,2012-09-30,2012-09-30,Q3,0.0,0.0,0.0,0.0,0.0,674873.0,0.0,0.0,0.0,681646.0,1194.0,6773.0,-598146.0,0.0,-681646.0,0.0,96531.0,-509582.0,0.0,0.0,-509582.0,0.0,0.0,0.0,121754157,121754157,https://www.sedar.com/ModifyCompanyDocumentSearchForm.do?lang=EN&company_search=Candente Copper Corp&document_selection=0&industry_group=A&FromDate=13&FromMonth=05&FromYear=2000&ToDate=13&ToMonth=11&ToYear=2020&Variable=Issuer,https://www.sedar.com/ModifyCompanyDocumentSearchForm.do?lang=EN&company_search=Candente Copper Corp&document_selection=0&industry_group=A&FromDate=13&FromMonth=05&FromYear=2000&ToDate=13&ToMonth=11&ToYear=2020&Variable=Issuer
0,2012-06-30,DNT.TO,2012-06-30,2012-06-30,Q2,0.0,0.0,0.0,0.0,0.0,318523.0,0.0,0.0,0.0,329520.0,1685.0,10997.0,-268976.0,0.0,-329520.0,0.0,181542.0,-100116.0,0.0,0.0,-100116.0,0.0,-0.01,-0.01,121556864,121556864,https://www.sedar.com/ModifyCompanyDocumentSearchForm.do?lang=EN&company_search=Candente Copper Corp&document_selection=0&industry_group=A&FromDate=13&FromMonth=05&FromYear=2000&ToDate=13&ToMonth=11&ToYear=2020&Variable=Issuer,https://www.sedar.com/ModifyCompanyDocumentSearchForm.do?lang=EN&company_search=Candente Copper Corp&document_selection=0&industry_group=A&FromDate=13&FromMonth=05&FromYear=2000&ToDate=13&ToMonth=11&ToYear=2020&Variable=Issuer
0,2012-03-31,DNT.TO,2012-03-31,2012-03-31,Q1,0.0,0.0,0.0,0.0,0.0,567808.0,0.0,0.0,0.0,576684.0,2553.0,8876.0,-461034.0,0.0,-576684.0,0.0,-254490.0,-726953.0,0.0,0.0,-726953.0,0.0,-0.01,-0.01,118655901,118655901,https://www.sedar.com/ModifyCompanyDocumentSearchForm.do?lang=EN&company_search=Candente Copper Corp&document_selection=0&industry_group=A&FromDate=13&FromMonth=05&FromYear=2000&ToDate=13&ToMonth=11&ToYear=2020&Variable=Issuer,https://www.sedar.com/ModifyCompanyDocumentSearchForm.do?lang=EN&company_search=Candente Copper Corp&document_selection=0&industry_group=A&FromDate=13&FromMonth=05&FromYear=2000&ToDate=13&ToMonth=11&ToYear=2020&Variable=Issuer
0,2011-12-31,DNT.TO,2011-12-31,2011-12-31,Q4,0.0,0.0,0.0,0.0,0.0,-1191498.0,0.0,0.0,0.0,1016691.0,1573.0,6970.0,2052979.0,0.0,-1016691.0,0.0,-3978946.0,0.0,0.0,0.0,-5455461.0,0.0,-0.023917685745799153,-0.023917685745799153,228093180,228093180,https://www.sedar.com/ModifyCompanyDocumentSearchForm.do?lang=EN&company_search=Candente Copper Corp&document_selection=0&industry_group=A&FromDate=13&FromMonth=05&FromYear=2000&ToDate=13&ToMonth=11&ToYear=2020&Variable=Issuer,https://www.sedar.com/ModifyCompanyDocumentSearchForm.do?lang=EN&company_search=Candente Copper Corp&document_selection=0&industry_group=A&FromDate=13&FromMonth=05&FromYear=2000&ToDate=13&ToMonth=11&ToYear=2020&Variable=Issuer
0,2011-09-30,DNT.TO,2011-09-30,2011-09-30,Q3,0.0,0.0,0.0,0.0,0.0,1033606.0,0.0,0.0,0.0,1038307.0,1720.0,4701.0,-862791.0,0.0,-1038307.0,0.0,845988.0,-23224.0,0.0,0.0,-23224.0,0.0,0.0,0.0,118358494,118358494,https://www.sedar.com/ModifyCompanyDocumentSearchForm.do?lang=EN&company_search=Candente Copper Corp&document_selection=0&industry_group=A&FromDate=13&FromMonth=05&FromYear=2000&ToDate=13&ToMonth=11&ToYear=2020&Variable=Issuer,https://www.sedar.com/ModifyCompanyDocumentSearchForm.do?lang=EN&company_search=Candente Copper Corp&document_selection=0&industry_group=A&FromDate=13&FromMonth=05&FromYear=2000&ToDate=13&ToMonth=11&ToYear=2020&Variable=Issuer
0,2011-06-30,DNT.TO,2011-06-30,2011-06-30,Q2,0.0,0.0,0.0,0.0,0.0,1300767.0,0.0,0.0,0.0,1305732.0,2211.0,4965.0,-1179722.0,0.0,-1305732.0,0.0,-36846.0,-1223744.0,0.0,0.0,-1223744.0,0.0,-0.01,-0.01,118193926,118193926,https://www.sedar.com/ModifyCompanyDocumentSearchForm.do?lang=EN&company_search=Candente Copper Corp&document_selection=0&industry_group=A&FromDate=13&FromMonth=05&FromYear=2000&ToDate=13&ToMonth=11&ToYear=2020&Variable=Issuer,https://www.sedar.com/ModifyCompanyDocumentSearchForm.do?lang=EN&company_search=Candente Copper Corp&document_selection=0&industry_group=A&FromDate=13&FromMonth=05&FromYear=2000&ToDate=13&ToMonth=11&ToYear=2020&Variable=Issuer
0,2011-03-31,DNT.TO,2011-03-31,2011-03-31,Q1,0.0,0.0,0.0,0.0,0.0,832845.0,0.0,0.0,0.0,837720.0,2473.0,4875.0,-786215.0,0.0,-837720.0,0.0,-289276.0,-1082839.0,0.0,0.0,-1082839.0,0.0,-0.01,-0.01,109622770,109622770,https://www.sedar.com/ModifyCompanyDocumentSearchForm.do?lang=EN&company_search=Candente Copper Corp&document_selection=0&industry_group=A&FromDate=13&FromMonth=05&FromYear=2000&ToDate=13&ToMonth=11&ToYear=2020&Variable=Issuer,https://www.sedar.com/ModifyCompanyDocumentSearchForm.do?lang=EN&company_search=Candente Copper Corp&document_selection=0&industry_group=A&FromDate=13&FromMonth=05&FromYear=2000&ToDate=13&ToMonth=11&ToYear=2020&Variable=Issuer
0,2010-12-31,DNT.TO,2010-12-31,2010-12-31,Q4,0.0,0.0,0.0,0.0,11840.0,585886.0,0.0,0.0,0.0,522420.0,1897.0,0.0,-505200.0,0.0,-522420.0,0.0,0.0,0.0,0.0,0.0,-503258.0,0.0,-0.002206370221152601,-0.002206370221152601,228093180,228093180,https://www.sedar.com/ModifyCompanyDocumentSearchForm.do?lang=EN&company_search=Candente Copper Corp&document_selection=0&industry_group=A&FromDate=13&FromMonth=05&FromYear=2000&ToDate=13&ToMonth=11&ToYear=2020&Variable=Issuer,https://www.sedar.com/ModifyCompanyDocumentSearchForm.do?lang=EN&company_search=Candente Copper Corp&document_selection=0&industry_group=A&FromDate=13&FromMonth=05&FromYear=2000&ToDate=13&ToMonth=11&ToYear=2020&Variable=Issuer
0,2010-09-30,DNT.TO,2010-09-30,2010-09-30,Q3,0.0,0.0,0.0,0.0,11538.0,587500.0,0.0,0.0,-45216.0,562277.0,1570.0,0.0,-556995.0,0.0,-562277.0,0.0,0.0,0.0,0.0,0.0,-534234.0,0.0,0.0,0.0,98902323,98902323,https://www.sedar.com/ModifyCompanyDocumentSearchForm.do?lang=EN&company_search=Candente Copper Corp&document_selection=0&industry_group=A&FromDate=13&FromMonth=05&FromYear=2000&ToDate=13&ToMonth=11&ToYear=2020&Variable=Issuer,https://www.sedar.com/ModifyCompanyDocumentSearchForm.do?lang=EN&company_search=Candente Copper Corp&document_selection=0&industry_group=A&FromDate=13&FromMonth=05&FromYear=2000&ToDate=13&ToMonth=11&ToYear=2020&Variable=Issuer
0,2010-06-30,DNT.TO,2010-06-30,2010-06-30,Q2,0.0,0.0,0.0,0.0,0.0,336465.0,0.0,0.0,0.0,341746.0,1753.0,5281.0,-293257.0,0.0,-341746.0,0.0,307674.0,7382.0,0.0,0.0,7382.0,0.0,0.0,0.0,96607642,96607642,https://www.sedar.com/ModifyCompanyDocumentSearchForm.do?lang=EN&company_search=Candente Copper Corp&document_selection=0&industry_group=A&FromDate=13&FromMonth=05&FromYear=2000&ToDate=13&ToMonth=11&ToYear=2020&Variable=Issuer,https://www.sedar.com/ModifyCompanyDocumentSearchForm.do?lang=EN&company_search=Candente Copper Corp&document_selection=0&industry_group=A&FromDate=13&FromMonth=05&FromYear=2000&ToDate=13&ToMonth=11&ToYear=2020&Variable=Issuer
0,2010-03-31,DNT.TO,2010-03-31,2010-03-31,Q1,0.0,0.0,0.0,0.0,10562.0,295966.0,0.0,0.0,-28592.0,283217.0,5105.0,0.0,-277936.0,0.0,-283217.0,0.0,0.0,0.0,0.0,0.0,-276295.0,0.0,0.0,0.0,84242307,84242307,https://www.sedar.com/ModifyCompanyDocumentSearchForm.do?lang=EN&company_search=Candente Copper Corp&document_selection=0&industry_group=A&FromDate=13&FromMonth=05&FromYear=2000&ToDate=13&ToMonth=11&ToYear=2020&Variable=Issuer,https://www.sedar.com/ModifyCompanyDocumentSearchForm.do?lang=EN&company_search=Candente Copper Corp&document_selection=0&industry_group=A&FromDate=13&FromMonth=05&FromYear=2000&ToDate=13&ToMonth=11&ToYear=2020&Variable=Issuer
0,2009-12-31,DNT.TO,2009-12-31,2009-12-31,Q4,0.0,0.0,0.0,0.0,8508.0,423205.0,0.0,0.0,0.0,7611.0,1236.0,0.0,-190.0,0.0,-7611.0,0.0,0.0,0.0,0.0,0.0,-298778.0,0.0,-0.0013098944913653271,-0.0013098944913653271,228093180,228093180,https://www.sedar.com/ModifyCompanyDocumentSearchForm.do?lang=EN&company_search=Candente Copper Corp&document_selection=0&industry_group=A&FromDate=13&FromMonth=05&FromYear=2000&ToDate=13&ToMonth=11&ToYear=2020&Variable=Issuer,https://www.sedar.com/ModifyCompanyDocumentSearchForm.do?lang=EN&company_search=Candente Copper Corp&document_selection=0&industry_group=A&FromDate=13&FromMonth=05&FromYear=2000&ToDate=13&ToMonth=11&ToYear=2020&Variable=Issuer
0,2009-09-30,DNT.TO,2009-09-30,2009-09-30,Q3,0.0,0.0,0.0,0.0,8182.0,788931.0,0.0,-170731.0,0.0,804533.0,1100.0,0.0,-565948.0,0.0,-804533.0,0.0,-393939.0,0.0,0.0,0.0,-833990.0,0.0,-0.01,-0.01,80943127,80943127,https://www.sedar.com/ModifyCompanyDocumentSearchForm.do?lang=EN&company_search=Candente Copper Corp&document_selection=0&industry_group=A&FromDate=13&FromMonth=05&FromYear=2000&ToDate=13&ToMonth=11&ToYear=2020&Variable=Issuer,https://www.sedar.com/ModifyCompanyDocumentSearchForm.do?lang=EN&company_search=Candente Copper Corp&document_selection=0&industry_group=A&FromDate=13&FromMonth=05&FromYear=2000&ToDate=13&ToMonth=11&ToYear=2020&Variable=Issuer
0,2009-06-30,DNT.TO,2009-06-30,2009-06-30,Q2,0.0,0.0,0.0,0.0,7702.0,255232.0,0.0,450014.0,0.0,270891.0,3299.0,0.0,-262934.0,0.0,-270891.0,0.0,450014.0,0.0,0.0,0.0,179883.0,0.0,0.0,0.0,80943127,80943127,https://www.sedar.com/ModifyCompanyDocumentSearchForm.do?lang=EN&company_search=Candente Copper Corp&document_selection=0&industry_group=A&FromDate=13&FromMonth=05&FromYear=2000&ToDate=13&ToMonth=11&ToYear=2020&Variable=Issuer,https://www.sedar.com/ModifyCompanyDocumentSearchForm.do?lang=EN&company_search=Candente Copper Corp&document_selection=0&industry_group=A&FromDate=13&FromMonth=05&FromYear=2000&ToDate=13&ToMonth=11&ToYear=2020&Variable=Issuer
0,2009-03-31,DNT.TO,2009-03-31,2009-03-31,Q1,0.0,0.0,0.0,0.0,9654.0,316452.0,0.0,0.0,78206.0,411801.0,2659.0,0.0,-404312.0,0.0,-411801.0,0.0,0.0,0.0,0.0,0.0,-395494.0,0.0,0.0,0.0,80943127,80943127,https://www.sedar.com/ModifyCompanyDocumentSearchForm.do?lang=EN&company_search=Candente Copper Corp&document_selection=0&industry_group=A&FromDate=13&FromMonth=05&FromYear=2000&ToDate=13&ToMonth=11&ToYear=2020&Variable=Issuer,https://www.sedar.com/ModifyCompanyDocumentSearchForm.do?lang=EN&company_search=Candente Copper Corp&document_selection=0&industry_group=A&FromDate=13&FromMonth=05&FromYear=2000&ToDate=13&ToMonth=11&ToYear=2020&Variable=Issuer
0,2008-12-31,DNT.TO,,,Q4,0.0,0.0,0.0,0.0,0.0,548271.0,0.0,0.0,0.0,897517.0,0.0,0.0,-894601.0,0.0,-897517.0,0.0,1512030.0,0.0,0.0,0.0,-1618647.0,0.0,-0.007096428748987585,-0.007096428748987585,228093180,228093180,https://www.sedar.com/ModifyCompanyDocumentSearchForm.do?lang=EN&company_search=Candente Copper Corp&document_selection=0&industry_group=A&FromDate=13&FromMonth=05&FromYear=2000&ToDate=13&ToMonth=11&ToYear=2020&Variable=Issuer,https://www.sedar.com/ModifyCompanyDocumentSearchForm.do?lang=EN&company_search=Candente Copper Corp&document_selection=0&industry_group=A&FromDate=13&FromMonth=05&FromYear=2000&ToDate=13&ToMonth=11&ToYear=2020&Variable=Issuer
0,2008-09-30,DNT.TO,,,Q3,0.0,0.0,0.0,0.0,0.0,921708.0,0.0,0.0,0.0,930202.0,0.0,0.0,-921708.0,0.0,-930202.0,0.0,-371917.0,0.0,0.0,0.0,-1248503.0,0.0,-0.02,-0.02,80943127,80943127,https://www.sedar.com/ModifyCompanyDocumentSearchForm.do?lang=EN&company_search=Candente Copper Corp&document_selection=0&industry_group=A&FromDate=13&FromMonth=05&FromYear=2000&ToDate=13&ToMonth=11&ToYear=2020&Variable=Issuer,https://www.sedar.com/ModifyCompanyDocumentSearchForm.do?lang=EN&company_search=Candente Copper Corp&document_selection=0&industry_group=A&FromDate=13&FromMonth=05&FromYear=2000&ToDate=13&ToMonth=11&ToYear=2020&Variable=Issuer
0,2008-06-30,DNT.TO,,,Q2,0.0,0.0,0.0,0.0,0.0,1113589.0,0.0,0.0,0.0,1121619.0,0.0,0.0,-1113589.0,0.0,-1121619.0,0.0,-4854.0,0.0,0.0,0.0,-1114984.0,0.0,-0.02,-0.02,73322963,73322963,https://www.sedar.com/ModifyCompanyDocumentSearchForm.do?lang=EN&company_search=Candente Copper Corp&document_selection=0&industry_group=A&FromDate=13&FromMonth=05&FromYear=2000&ToDate=13&ToMonth=11&ToYear=2020&Variable=Issuer,https://www.sedar.com/ModifyCompanyDocumentSearchForm.do?lang=EN&company_search=Candente Copper Corp&document_selection=0&industry_group=A&FromDate=13&FromMonth=05&FromYear=2000&ToDate=13&ToMonth=11&ToYear=2020&Variable=Issuer
0,2008-03-31,DNT.TO,,,Q1,0.0,0.0,0.0,0.0,0.0,1138440.0,0.0,0.0,0.0,1146426.0,0.0,0.0,-1138440.0,0.0,-1146426.0,0.0,-12126.0,0.0,0.0,0.0,-1049517.0,0.0,-0.01,-0.01,72504090,72504090,https://www.sedar.com/ModifyCompanyDocumentSearchForm.do?lang=EN&company_search=Candente Copper Corp&document_selection=0&industry_group=A&FromDate=13&FromMonth=05&FromYear=2000&ToDate=13&ToMonth=11&ToYear=2020&Variable=Issuer,https://www.sedar.com/ModifyCompanyDocumentSearchForm.do?lang=EN&company_search=Candente Copper Corp&document_selection=0&industry_group=A&FromDate=13&FromMonth=05&FromYear=2000&ToDate=13&ToMonth=11&ToYear=2020&Variable=Issuer
0,2007-12-31,DNT.TO,,,Q4,0.0,0.0,0.0,0.0,0.0,1553305.0,0.0,0.0,0.0,1503747.0,0.0,0.0,-1553304.0,0.0,-1503747.0,0.0,-431006.0,0.0,0.0,0.0,-1729502.0,0.0,-0.007582436265740168,-0.007582436265740168,228093180,228093180,https://www.sedar.com/ModifyCompanyDocumentSearchForm.do?lang=EN&company_search=Candente Copper Corp&document_selection=0&industry_group=A&FromDate=13&FromMonth=05&FromYear=2000&ToDate=13&ToMonth=11&ToYear=2020&Variable=Issuer,https://www.sedar.com/ModifyCompanyDocumentSearchForm.do?lang=EN&company_search=Candente Copper Corp&document_selection=0&industry_group=A&FromDate=13&FromMonth=05&FromYear=2000&ToDate=13&ToMonth=11&ToYear=2020&Variable=Issuer
0,2007-09-30,DNT.TO,,,Q3,0.0,0.0,0.0,0.0,0.0,542537.0,0.0,0.0,0.0,563318.0,0.0,0.0,-542537.0,0.0,-563318.0,0.0,601052.0,0.0,0.0,0.0,104992.0,0.0,0.001491,0.001491,70393907,70393907,https://www.sedar.com/ModifyCompanyDocumentSearchForm.do?lang=EN&company_search=Candente Copper Corp&document_selection=0&industry_group=A&FromDate=13&FromMonth=05&FromYear=2000&ToDate=13&ToMonth=11&ToYear=2020&Variable=Issuer,https://www.sedar.com/ModifyCompanyDocumentSearchForm.do?lang=EN&company_search=Candente Copper Corp&document_selection=0&industry_group=A&FromDate=13&FromMonth=05&FromYear=2000&ToDate=13&ToMonth=11&ToYear=2020&Variable=Issuer
0,2007-06-30,DNT.TO,,,Q2,0.0,0.0,0.0,0.0,0.0,1584922.0,0.0,0.0,0.0,1598607.0,0.0,0.0,-1584922.0,0.0,-1598607.0,0.0,184864.0,0.0,0.0,0.0,-1402215.0,0.0,-0.01993,-0.01993,55081593,55081593,https://www.sedar.com/ModifyCompanyDocumentSearchForm.do?lang=EN&company_search=Candente Copper Corp&document_selection=0&industry_group=A&FromDate=13&FromMonth=05&FromYear=2000&ToDate=13&ToMonth=11&ToYear=2020&Variable=Issuer,https://www.sedar.com/ModifyCompanyDocumentSearchForm.do?lang=EN&company_search=Candente Copper Corp&document_selection=0&industry_group=A&FromDate=13&FromMonth=05&FromYear=2000&ToDate=13&ToMonth=11&ToYear=2020&Variable=Issuer
0,2007-03-31,DNT.TO,,,Q1,0.0,0.0,0.0,0.0,0.0,412126.0,0.0,0.0,0.0,451860.0,0.0,0.0,-412126.0,0.0,-451860.0,0.0,38308.0,0.0,0.0,0.0,-397199.0,0.0,-0.00867,-0.00867,53411984,53411984,https://www.sedar.com/ModifyCompanyDocumentSearchForm.do?lang=EN&company_search=Candente Copper Corp&document_selection=0&industry_group=A&FromDate=13&FromMonth=05&FromYear=2000&ToDate=13&ToMonth=11&ToYear=2020&Variable=Issuer,https://www.sedar.com/ModifyCompanyDocumentSearchForm.do?lang=EN&company_search=Candente Copper Corp&document_selection=0&industry_group=A&FromDate=13&FromMonth=05&FromYear=2000&ToDate=13&ToMonth=11&ToYear=2020&Variable=Issuer
0,2006-12-31,DNT.TO,,,Q4,0.0,0.0,0.0,0.0,0.0,517464.0,0.0,-86592.0,0.0,525594.0,0.0,0.0,-517264.0,0.0,-525594.0,0.0,-86792.0,0.0,0.0,0.0,-589974.0,0.0,-0.0025865481817562456,-0.0025865481817562456,228093180,228093180,https://www.sedar.com/ModifyCompanyDocumentSearchForm.do?lang=EN&company_search=Candente Copper Corp&document_selection=0&industry_group=A&FromDate=13&FromMonth=05&FromYear=2000&ToDate=13&ToMonth=11&ToYear=2020&Variable=Issuer,https://www.sedar.com/ModifyCompanyDocumentSearchForm.do?lang=EN&company_search=Candente Copper Corp&document_selection=0&industry_group=A&FromDate=13&FromMonth=05&FromYear=2000&ToDate=13&ToMonth=11&ToYear=2020&Variable=Issuer
0,2006-09-30,DNT.TO,,,Q3,0.0,0.0,0.0,0.0,0.0,398746.0,0.0,0.0,0.0,423375.0,0.0,0.0,-398746.0,0.0,-423375.0,0.0,28582.0,0.0,0.0,0.0,-368894.0,0.0,-0.01004,-0.01004,47586819,47586819,https://www.sedar.com/ModifyCompanyDocumentSearchForm.do?lang=EN&company_search=Candente Copper Corp&document_selection=0&industry_group=A&FromDate=13&FromMonth=05&FromYear=2000&ToDate=13&ToMonth=11&ToYear=2020&Variable=Issuer,https://www.sedar.com/ModifyCompanyDocumentSearchForm.do?lang=EN&company_search=Candente Copper Corp&document_selection=0&industry_group=A&FromDate=13&FromMonth=05&FromYear=2000&ToDate=13&ToMonth=11&ToYear=2020&Variable=Issuer
0,2006-06-30,DNT.TO,,,Q2,0.0,0.0,0.0,0.0,0.0,395049.0,0.0,0.0,0.0,411853.0,0.0,0.0,-395049.0,0.0,-411853.0,0.0,183844.0,0.0,0.0,0.0,-212298.0,0.0,-0.004306,-0.004306,49301444,49301444,https://www.sedar.com/ModifyCompanyDocumentSearchForm.do?lang=EN&company_search=Candente Copper Corp&document_selection=0&industry_group=A&FromDate=13&FromMonth=05&FromYear=2000&ToDate=13&ToMonth=11&ToYear=2020&Variable=Issuer,https://www.sedar.com/ModifyCompanyDocumentSearchForm.do?lang=EN&company_search=Candente Copper Corp&document_selection=0&industry_group=A&FromDate=13&FromMonth=05&FromYear=2000&ToDate=13&ToMonth=11&ToYear=2020&Variable=Issuer
0,2006-03-31,DNT.TO,,,Q1,0.0,0.0,0.0,0.0,0.0,530893.0,0.0,-62653.0,0.0,546348.0,0.0,0.0,-527316.0,0.0,-546348.0,0.0,-66230.0,0.0,0.0,0.0,-620949.0,0.0,-0.01423,-0.01423,43776018,43776018,https://www.sedar.com/ModifyCompanyDocumentSearchForm.do?lang=EN&company_search=Candente Copper Corp&document_selection=0&industry_group=A&FromDate=13&FromMonth=05&FromYear=2000&ToDate=13&ToMonth=11&ToYear=2020&Variable=Issuer,https://www.sedar.com/ModifyCompanyDocumentSearchForm.do?lang=EN&company_search=Candente Copper Corp&document_selection=0&industry_group=A&FromDate=13&FromMonth=05&FromYear=2000&ToDate=13&ToMonth=11&ToYear=2020&Variable=Issuer
0,2005-12-31,DNT.TO,,,Q4,0.0,0.0,0.0,0.0,0.0,345469.0,0.0,6680.0,0.0,349089.0,0.0,0.0,-206598.0,0.0,-349089.0,0.0,-132191.0,0.0,0.0,0.0,-473098.0,0.0,-0.002074143558347514,-0.002074143558347514,228093180,228093180,https://www.sedar.com/ModifyCompanyDocumentSearchForm.do?lang=EN&company_search=Candente Copper Corp&document_selection=0&industry_group=A&FromDate=13&FromMonth=05&FromYear=2000&ToDate=13&ToMonth=11&ToYear=2020&Variable=Issuer,https://www.sedar.com/ModifyCompanyDocumentSearchForm.do?lang=EN&company_search=Candente Copper Corp&document_selection=0&industry_group=A&FromDate=13&FromMonth=05&FromYear=2000&ToDate=13&ToMonth=11&ToYear=2020&Variable=Issuer
0,2005-09-30,DNT.TO,,,Q3,0.0,0.0,0.0,0.0,0.0,198164.0,0.0,44763.0,0.0,209895.0,0.0,0.0,159746.0,0.0,-209895.0,0.0,-313147.0,0.0,0.0,0.0,-510355.0,0.0,-0.00999,-0.00999,43718954,43718954,https://www.sedar.com/ModifyCompanyDocumentSearchForm.do?lang=EN&company_search=Candente Copper Corp&document_selection=0&industry_group=A&FromDate=13&FromMonth=05&FromYear=2000&ToDate=13&ToMonth=11&ToYear=2020&Variable=Issuer,https://www.sedar.com/ModifyCompanyDocumentSearchForm.do?lang=EN&company_search=Candente Copper Corp&document_selection=0&industry_group=A&FromDate=13&FromMonth=05&FromYear=2000&ToDate=13&ToMonth=11&ToYear=2020&Variable=Issuer
0,2005-06-30,DNT.TO,,,Q2,0.0,0.0,0.0,0.0,0.0,174339.0,0.0,0.0,1.0,183067.0,0.0,0.0,-174340.0,0.0,-183067.0,0.0,55304.0,0.0,0.0,0.0,-123155.0,0.0,-0.002893,-0.002893,42572800,42572800,https://www.sedar.com/ModifyCompanyDocumentSearchForm.do?lang=EN&company_search=Candente Copper Corp&document_selection=0&industry_group=A&FromDate=13&FromMonth=05&FromYear=2000&ToDate=13&ToMonth=11&ToYear=2020&Variable=Issuer,https://www.sedar.com/ModifyCompanyDocumentSearchForm.do?lang=EN&company_search=Candente Copper Corp&document_selection=0&industry_group=A&FromDate=13&FromMonth=05&FromYear=2000&ToDate=13&ToMonth=11&ToYear=2020&Variable=Issuer
0,2005-03-31,DNT.TO,,,Q1,0.0,0.0,0.0,0.0,0.0,355827.0,0.0,54199.0,0.0,363986.0,0.0,0.0,-350009.0,0.0,-363986.0,0.0,48381.0,0.0,0.0,0.0,-320344.0,0.0,-0.01,-0.01,36227079,36227079,https://www.sedar.com/ModifyCompanyDocumentSearchForm.do?lang=EN&company_search=Candente Copper Corp&document_selection=0&industry_group=A&FromDate=13&FromMonth=05&FromYear=2000&ToDate=13&ToMonth=11&ToYear=2020&Variable=Issuer,https://www.sedar.com/ModifyCompanyDocumentSearchForm.do?lang=EN&company_search=Candente Copper Corp&document_selection=0&industry_group=A&FromDate=13&FromMonth=05&FromYear=2000&ToDate=13&ToMonth=11&ToYear=2020&Variable=Issuer
0,2004-12-31,DNT.TO,,,Q4,0.0,0.0,0.0,0.0,0.0,210909.0,0.0,235208.0,0.0,234870.0,0.0,0.0,515597.0,0.0,-234870.0,0.0,-491297.0,0.0,0.0,0.0,-717926.0,0.0,-0.003147511907195121,-0.003147511907195121,228093180,228093180,https://www.sedar.com/ModifyCompanyDocumentSearchForm.do?lang=EN&company_search=Candente Copper Corp&document_selection=0&industry_group=A&FromDate=13&FromMonth=05&FromYear=2000&ToDate=13&ToMonth=11&ToYear=2020&Variable=Issuer,https://www.sedar.com/ModifyCompanyDocumentSearchForm.do?lang=EN&company_search=Candente Copper Corp&document_selection=0&industry_group=A&FromDate=13&FromMonth=05&FromYear=2000&ToDate=13&ToMonth=11&ToYear=2020&Variable=Issuer
0,2004-09-30,DNT.TO,,,Q3,0.0,0.0,0.0,0.0,0.0,190463.0,0.0,0.0,0.0,195760.0,0.0,0.0,-190463.0,0.0,-195760.0,0.0,90845.0,0.0,0.0,0.0,-98676.0,0.0,-0.002733,-0.002733,36104226,36104226,https://www.sedar.com/ModifyCompanyDocumentSearchForm.do?lang=EN&company_search=Candente Copper Corp&document_selection=0&industry_group=A&FromDate=13&FromMonth=05&FromYear=2000&ToDate=13&ToMonth=11&ToYear=2020&Variable=Issuer,https://www.sedar.com/ModifyCompanyDocumentSearchForm.do?lang=EN&company_search=Candente Copper Corp&document_selection=0&industry_group=A&FromDate=13&FromMonth=05&FromYear=2000&ToDate=13&ToMonth=11&ToYear=2020&Variable=Issuer
0,2004-06-30,DNT.TO,,,Q2,0.0,0.0,0.0,0.0,0.0,228722.0,0.0,0.0,0.0,239506.0,0.0,0.0,-228722.0,0.0,-239506.0,0.0,-65507.0,0.0,0.0,0.0,-293674.0,0.0,-0.00992,-0.00992,35741012,35741012,https://www.sedar.com/ModifyCompanyDocumentSearchForm.do?lang=EN&company_search=Candente Copper Corp&document_selection=0&industry_group=A&FromDate=13&FromMonth=05&FromYear=2000&ToDate=13&ToMonth=11&ToYear=2020&Variable=Issuer,https://www.sedar.com/ModifyCompanyDocumentSearchForm.do?lang=EN&company_search=Candente Copper Corp&document_selection=0&industry_group=A&FromDate=13&FromMonth=05&FromYear=2000&ToDate=13&ToMonth=11&ToYear=2020&Variable=Issuer
0,2004-03-31,DNT.TO,,,Q1,0.0,0.0,0.0,0.0,0.0,415605.0,0.0,-38330.0,1.0,423359.0,0.0,0.0,-413360.0,0.0,-423359.0,0.0,-40576.0,0.0,0.0,0.0,-446656.0,0.0,-0.00997,-0.00997,36222674,36222674,https://www.sedar.com/ModifyCompanyDocumentSearchForm.do?lang=EN&company_search=Candente Copper Corp&document_selection=0&industry_group=A&FromDate=13&FromMonth=05&FromYear=2000&ToDate=13&ToMonth=11&ToYear=2020&Variable=Issuer,https://www.sedar.com/ModifyCompanyDocumentSearchForm.do?lang=EN&company_search=Candente Copper Corp&document_selection=0&industry_group=A&FromDate=13&FromMonth=05&FromYear=2000&ToDate=13&ToMonth=11&ToYear=2020&Variable=Issuer
0,2003-12-31,DNT.TO,,,Q4,0.0,0.0,0.0,0.0,0.0,1087313.0,0.0,0.0,0.0,1112530.0,0.0,0.0,-1106412.0,0.0,-1131629.0,0.0,-195100.0,0.0,0.0,0.0,-1301758.0,0.0,-0.005707132497341657,-0.005707132497341657,228093180,228093180,https://www.sedar.com/ModifyCompanyDocumentSearchForm.do?lang=EN&company_search=Candente Copper Corp&document_selection=0&industry_group=A&FromDate=13&FromMonth=05&FromYear=2000&ToDate=13&ToMonth=11&ToYear=2020&Variable=Issuer,https://www.sedar.com/ModifyCompanyDocumentSearchForm.do?lang=EN&company_search=Candente Copper Corp&document_selection=0&industry_group=A&FromDate=13&FromMonth=05&FromYear=2000&ToDate=13&ToMonth=11&ToYear=2020&Variable=Issuer
0,2003-09-30,DNT.TO,2003-09-30,2003-09-30,Q3,7162.0,0.0,0.0,0.0,0.0,79769.0,0.0,0.0,0.0,81769.0,0.0,0.0,-72607.0,-10.137810667411337,-74607.0,0.0,-4271.0,0.0,0.0,0.0,-80282.0,-11.20943870427255,-0.01,-0.01,28757270,28757270,https://www.sedar.com/ModifyCompanyDocumentSearchForm.do?lang=EN&company_search=Candente Copper Corp&document_selection=0&industry_group=A&FromDate=13&FromMonth=05&FromYear=2000&ToDate=13&ToMonth=11&ToYear=2020&Variable=Issuer,https://www.sedar.com/ModifyCompanyDocumentSearchForm.do?lang=EN&company_search=Candente Copper Corp&document_selection=0&industry_group=A&FromDate=13&FromMonth=05&FromYear=2000&ToDate=13&ToMonth=11&ToYear=2020&Variable=Issuer
0,2003-06-30,DNT.TO,2003-06-30,2003-06-30,Q2,6941.0,0.0,0.0,0.0,0.0,115313.0,0.0,0.0,0.0,117143.0,0.0,0.0,-108372.0,-15.613312202852615,-110202.0,0.0,-4392.0,0.0,0.0,0.0,-115483.0,-16.637804350958074,-0.00994,-0.00994,28115520,28115520,https://www.sedar.com/ModifyCompanyDocumentSearchForm.do?lang=EN&company_search=Candente Copper Corp&document_selection=0&industry_group=A&FromDate=13&FromMonth=05&FromYear=2000&ToDate=13&ToMonth=11&ToYear=2020&Variable=Issuer,https://www.sedar.com/ModifyCompanyDocumentSearchForm.do?lang=EN&company_search=Candente Copper Corp&document_selection=0&industry_group=A&FromDate=13&FromMonth=05&FromYear=2000&ToDate=13&ToMonth=11&ToYear=2020&Variable=Issuer
0,2003-03-31,DNT.TO,2003-03-31,2003-03-31,Q1,4997.0,0.0,0.0,0.0,0.0,102815.0,0.0,0.0,0.0,104840.0,0.0,0.0,-97818.0,-19.575345207124276,-99843.0,0.0,-3541.0,0.0,0.0,0.0,-103995.0,-20.81148689213528,-0.00999,-0.00999,26703127,26703127,https://www.sedar.com/ModifyCompanyDocumentSearchForm.do?lang=EN&company_search=Candente Copper Corp&document_selection=0&industry_group=A&FromDate=13&FromMonth=05&FromYear=2000&ToDate=13&ToMonth=11&ToYear=2020&Variable=Issuer,https://www.sedar.com/ModifyCompanyDocumentSearchForm.do?lang=EN&company_search=Candente Copper Corp&document_selection=0&industry_group=A&FromDate=13&FromMonth=05&FromYear=2000&ToDate=13&ToMonth=11&ToYear=2020&Variable=Issuer
0,2002-12-31,DNT.TO,2002-12-31,2002-12-31,Q4,5425.0,0.0,0.0,0.0,0.0,-47793.0,0.0,0.0,0.0,-46423.0,0.0,0.0,53218.0,9.809769585253456,51848.0,0.0,-128522.0,0.0,0.0,0.0,-77756.0,-14.33290322580645,-0.00034089576900107226,-0.00034089576900107226,228093180,228093180,https://www.sedar.com/ModifyCompanyDocumentSearchForm.do?lang=EN&company_search=Candente Copper Corp&document_selection=0&industry_group=A&FromDate=13&FromMonth=05&FromYear=2000&ToDate=13&ToMonth=11&ToYear=2020&Variable=Issuer,https://www.sedar.com/ModifyCompanyDocumentSearchForm.do?lang=EN&company_search=Candente Copper Corp&document_selection=0&industry_group=A&FromDate=13&FromMonth=05&FromYear=2000&ToDate=13&ToMonth=11&ToYear=2020&Variable=Issuer
0,2002-09-30,DNT.TO,2002-09-30,2002-09-30,Q3,4842.0,0.0,0.0,0.0,0.0,116582.0,0.0,0.0,0.0,118811.0,0.0,0.0,-111740.0,-23.07724080958282,-113969.0,0.0,-1982.0,0.0,0.0,0.0,-117552.0,-24.277571251548945,-0.01002,-0.01002,9236034.0,9236034.0,https://www.sedar.com/ModifyCompanyDocumentSearchForm.do?lang=EN&company_search=Candente Copper Corp&document_selection=0&industry_group=A&FromDate=13&FromMonth=05&FromYear=2000&ToDate=13&ToMonth=11&ToYear=2020&Variable=Issuer,https://www.sedar.com/ModifyCompanyDocumentSearchForm.do?lang=EN&company_search=Candente Copper Corp&document_selection=0&industry_group=A&FromDate=13&FromMonth=05&FromYear=2000&ToDate=13&ToMonth=11&ToYear=2020&Variable=Issuer
0,2002-06-30,DNT.TO,2002-06-30,2002-06-30,Q2,473.0,0.0,0.0,0.0,0.0,59605.0,0.0,-2322.0,0.0,60086.0,0.0,0.0,68163.0,144.107822410148,-59613.0,0.0,-129617.0,0.0,0.0,0.0,-189866.0,-401.4080338266385,-0.00999,-0.00999,9236034.0,9236034.0,https://www.sedar.com/ModifyCompanyDocumentSearchForm.do?lang=EN&company_search=Candente Copper Corp&document_selection=0&industry_group=A&FromDate=13&FromMonth=05&FromYear=2000&ToDate=13&ToMonth=11&ToYear=2020&Variable=Issuer,https://www.sedar.com/ModifyCompanyDocumentSearchForm.do?lang=EN&company_search=Candente Copper Corp&document_selection=0&industry_group=A&FromDate=13&FromMonth=05&FromYear=2000&ToDate=13&ToMonth=11&ToYear=2020&Variable=Issuer
0,2002-03-31,DNT.TO,2002-03-31,2002-03-31,Q1,407.0,0.0,0.0,0.0,0.0,52811.0,0.0,0.0,-1.0,53242.0,0.0,0.0,-52403.0,-128.75429975429975,-52835.0,0.0,630.0,0.0,0.0,0.0,-52533.0,-129.07371007371006,-0.00997,-0.00997,9236034.0,9236034.0,https://www.sedar.com/ModifyCompanyDocumentSearchForm.do?lang=EN&company_search=Candente Copper Corp&document_selection=0&industry_group=A&FromDate=13&FromMonth=05&FromYear=2000&ToDate=13&ToMonth=11&ToYear=2020&Variable=Issuer,https://www.sedar.com/ModifyCompanyDocumentSearchForm.do?lang=EN&company_search=Candente Copper Corp&document_selection=0&industry_group=A&FromDate=13&FromMonth=05&FromYear=2000&ToDate=13&ToMonth=11&ToYear=2020&Variable=Issuer
