,date,symbol,fillingDate,acceptedDate,period,revenue,costOfRevenue,grossProfit,grossProfitRatio,researchAndDevelopmentExpenses,generalAndAdministrativeExpenses,sellingAndMarketingExpenses,otherExpenses,operatingExpenses,costAndExpenses,interestExpense,depreciationAndAmortization,ebitda,ebitdaratio,operatingIncome,operatingIncomeRatio,totalOtherIncomeExpensesNet,incomeBeforeTax,incomeBeforeTaxRatio,incomeTaxExpense,netIncome,netIncomeRatio,eps,epsdiluted,weightedAverageShsOut,weightedAverageShsOutDil,link,finalLink
0,2020-06-30,HL,2020-08-06 00:00:00,2020-08-06 15:55:53,Q2,166355000,132276000,34079000,0.204857,2525000.0,6979000.0,0.0,2476000.0,24204999.999999985,156480999.99999997,-23276000,42555000,5877000.0,0.035328,9874000.0,0.059355,0.0,-13402000,-0.080563,626000.0,-14028000,-0.084326,-0.02671,-0.02671,525243000,525243000,https://www.sec.gov/Archives/edgar/data/719413/000143774920016850/0001437749-20-016850-index.htm,https://www.sec.gov/Archives/edgar/data/719413/000143774920016850/hl20200630_10q.htm
0,2020-03-31,HL,2020-05-07 00:00:00,2020-05-07 12:46:12,Q1,136925000,125553000,11372000,0.083053,3065000.0,8939000.0,0.0,1431000.0,26331999.999999993,151885000,16311000,41630000,39694000,0.289896,-14960000,-0.109257,0.0,-18247000,-0.133263,-1062000.0,-17185000,-0.125507,-0.03285,-0.03285,523215000,523215000,https://www.sec.gov/Archives/edgar/data/719413/000143774920009759/0001437749-20-009759-index.html,https://www.sec.gov/Archives/edgar/data/719413/000143774920009759/hl20200331_10q.htm
0,2019-12-31,HL,2020-02-10 00:00:00,2020-02-10 06:19:11,Q4,224945000,199627000,25318000,0.112552,2978000.0,8977000.0,0.0,2444000.0,17712999.999999993,217340000,14670000,61435000,64037000,0.284678,7605000.0,0.033808,0.0,-12068000,-0.053649,-4092000.0,-7976000.0,-0.035458,-0.01586,-0.01586,502902000,502902000,https://www.sec.gov/Archives/edgar/data/719413/000143774920002109/0001437749-20-002109-index.html,https://www.sec.gov/Archives/edgar/data/719413/000143774920002109/hl20191231_10k.htm
0,2019-09-30,HL,2019-11-07 00:00:00,2019-11-07 16:54:04,Q3,161532000,146652000,14880000,0.092118,5742000.0,7978000.0,0.0,2344000.0,19993000.000000022,166645000.00000003,11777000,52218999.99999999,42865999.99999999,0.265372,-5113000.0,-0.031653,0.0,-21130000,-0.13081,-1614000.0,-19516000,-0.120818,-0.03983,-0.03983,489971000,489971000,https://www.sec.gov/Archives/edgar/data/719413/000143774919021986/0001437749-19-021986-index.html,https://www.sec.gov/Archives/edgar/data/719413/000143774919021986/hl20190930_10q.htm
0,2019-06-30,HL,2019-08-08 00:00:00,2019-08-07 21:29:51,Q2,134172000,154415000,-20243000,-0.150874,5302000.0,8918000.0,0.0,1709000.0,23234000.00000001,177649000,11335000,50553999.99999999,4177999.999999995,0.031139,-43477000,-0.324039,0.0,-57711000,-0.430127,-11179000,-46532000,-0.346809,-0.09573,-0.09573,486065000,486065000,https://www.sec.gov/Archives/edgar/data/719413/000143774919015859/0001437749-19-015859-index.html,https://www.sec.gov/Archives/edgar/data/719413/000143774919015859/hl20190630_10q.htm
0,2019-03-31,HL,2019-05-10 00:00:00,2019-05-10 06:12:54,Q1,152617000,149173000,3444000.0,0.022566,5661000.0,9959000.0,0.0,1157000.0,19568000.00000001,168741000,10665000,40267000,18183000,0.119141,-16124000,-0.10565,0.0,-32749000,-0.214583,-7216000.0,-25533000,-0.167301,-0.05288,-0.05288,482829000,482829000,https://www.sec.gov/Archives/edgar/data/719413/000143774919009358/0001437749-19-009358-index.html,https://www.sec.gov/Archives/edgar/data/719413/000143774919009358/hl20190331_10q.htm
0,2018-12-31,HL,2019-02-22 00:00:00,2019-02-21 20:11:30,Q4,136520000,137785000,-1265000.0,-0.009266,9757000.0,8693000.0,0.0,1414000.0,23189999.999999996,160975000,10925000,32105000.000000004,14120000.000000004,0.103428,-24455000,-0.179131,0.0,-28910000,-0.211764,-5217000.0,-23693000,-0.17355,-0.04925,-0.04925,481080000,481080000,https://www.sec.gov/Archives/edgar/data/719413/000143774919003108/0001437749-19-003108-index.html,https://www.sec.gov/Archives/edgar/data/719413/000143774919003108/hl20181231_10k.htm
0,2018-09-30,HL,2018-11-09 00:00:00,2018-11-08 21:49:10,Q3,143600000,137100000,6600000.0,0.045961,14900000,10300000,0.0,2300000.0,36900000.00000001,174000000,10146000,45900000,30146000,0.20993,-30400000,-0.211699,1900000.0,-25900000,-0.180362,-2700000.0,-23200000,-0.16156,-0.05126,-0.05126,452600000,452600000,https://www.sec.gov/Archives/edgar/data/719413/000143774918020149/0001437749-18-020149-index.html,https://www.sec.gov/Archives/edgar/data/719413/000143774918020149/hl20180930_10q.htm
0,2018-06-30,HL,2018-08-09 00:00:00,2018-08-09 12:09:25,Q2,147300000,112300000,35000000,0.23761,11600000,9800000.0,0.0,2100000.0,31200000.000000004,143500000,10079000,33400000,55979000,0.380034,3800000.0,0.025798,1400000.0,12500000,0.084861,400000.0,12100000,0.082145,0.02998,0.02998,403600000,403600000,https://www.sec.gov/Archives/edgar/data/719413/000143774918015058/0001437749-18-015058-index.html,https://www.sec.gov/Archives/edgar/data/719413/000143774918015058/hl20180630_10q.htm
0,2018-03-31,HL,2018-05-10 00:00:00,2018-05-10 12:20:53,Q1,139700000,100900000,38800000,0.277738,9800000.0,7700000.0,0.0,1800000.0,26899999.99999999,127799999.99999999,9794000.0,29500000,48294000,0.345698,11900000,0.085183,1300000.0,9000000.0,0.064424,800000.0,8200000.0,0.058697,0.0204,0.0204,401900000,401900000,https://www.sec.gov/Archives/edgar/data/719413/000143774918009352/0001437749-18-009352-index.html,https://www.sec.gov/Archives/edgar/data/719413/000143774918009352/hl20180331_10q.htm
0,2017-12-31,HL,2018-02-15 00:00:00,2018-02-15 15:57:52,Q4,160100000,113800000,46300000,0.289194,8400000.0,6600000.0,0.0,2600000.0,23399999.99999999,137200000,9589000.0,35200000,84289000,0.526477,22900000,0.143036,1700000.0,9600000.0,0.059963,68500000,-29000000,-0.181137,-0.07266,-0.07266,399100000,399100000,https://www.sec.gov/Archives/edgar/data/719413/000143774918002671/0001437749-18-002671-index.html,https://www.sec.gov/Archives/edgar/data/719413/000143774918002671/hl20171231_10k.htm
0,2017-09-30,HL,2017-11-07 00:00:00,2017-11-07 14:17:01,Q3,140800000,97900000,43000000,0.305398,10100000,9500000.0,0.0,3100000.0,22699999.99999999,120599999.99999999,9358000.0,34400000,38958000,0.27669,20300000,0.144176,2900000.0,-4800000.0,-0.034091,-5100000.0,300000.0,0.002131,0.00075,0.00075,401300000,401300000,https://www.sec.gov/Archives/edgar/data/719413/000143774917018512/0001437749-17-018512-index.html,https://www.sec.gov/Archives/edgar/data/719413/000143774917018512/hl20170930_10q.htm
0,2017-06-30,HL,2017-08-03 00:00:00,2017-08-03 13:27:14,Q2,134300000,106000000,28300000,0.210722,7200000.0,10300000,0.0,1800000.0,27300000.00000001,133300000.00000001,10543000,27299999.999999996,27742999.999999996,0.206575,1000000.0,0.007446,1000000.0,-10100000,-0.075205,16600000,-26700000,-0.198809,-0.06643,-0.06643,401900000,401900000,https://www.sec.gov/Archives/edgar/data/719413/000143774917013655/0001437749-17-013655-index.html,https://www.sec.gov/Archives/edgar/data/719413/000143774917013655/hl20170630_10q.htm
0,2017-03-31,HL,2017-05-08 00:00:00,2017-05-08 12:19:33,Q1,142500000,107600000,34900000,0.244912,6400000.0,9200000.0,0.0,1800000.0,19100000.00000001,126700000.00000001,8522000.0,29600000,35822000,0.251382,15900000,0.111579,1100000.0,-2200000.0,-0.015439,-29100000,26800000,0.18807,0.06732,0.06732,398100000,398100000,https://www.sec.gov/Archives/edgar/data/719413/000143774917008250/0001437749-17-008250-index.html,https://www.sec.gov/Archives/edgar/data/719413/000143774917008250/hl20170331_10q.htm
0,2016-12-31,HL,2017-02-23 00:00:00,2017-02-23 12:48:45,Q4,164200000,120700000,43500000,0.264921,6500000.0,13300000,0.0,1900000.0,21999999.999999985,142700000,5141000.0,33500000,63741000,0.388191,21500000,0.130938,900000.0,25100000,0.152862,4800000.0,20300000,0.12363,0.05097,0.05097,398300000,398300000,https://www.sec.gov/Archives/edgar/data/719413/000143774917003050/0001437749-17-003050-index.html,https://www.sec.gov/Archives/edgar/data/719413/000143774917003050/hl20161231_10k.htm
0,2016-09-30,HL,2016-11-08 00:00:00,2016-11-08 15:49:58,Q3,179400000,120700000,58700000,0.327202,4400000.0,11200000,0.0,3100000.0,20499999.999999985,141200000,5574000.0,26900000.000000007,67774000,0.377781,38200000,0.212932,2200000.0,35200000,0.19621,9500000.0,25800000,0.143813,0.06617,0.06617,389900000,389900000,https://www.sec.gov/Archives/edgar/data/719413/000143774916041389/0001437749-16-041389-index.html,https://www.sec.gov/Archives/edgar/data/719413/000143774916041389/hl20160818_10q.htm
0,2016-06-30,HL,2016-08-04 00:00:00,2016-08-04 12:02:03,Q2,171300000,112900000,58500000,0.341506,3900000.0,10400000,0.0,2200000.0,16799999.99999998,129699999.99999999,5370000.0,30800000,71770000,0.418973,41600000,0.242849,1600000.0,35600000,0.207823,11500000,24100000,0.140689,0.06219,0.06219,387500000,387500000,https://www.sec.gov/Archives/edgar/data/719413/000143774916036409/0001437749-16-036409-index.html,https://www.sec.gov/Archives/edgar/data/719413/000143774916036409/hl20160630_10q.htm
0,2016-03-31,HL,2016-05-05 00:00:00,2016-05-05 11:56:48,Q1,131000000,100200000,30800000,0.235115,3400000.0,10200000,0.0,1700000.0,15200000.000000004,115400000,5711000.0,26200000,33011000,0.251992,15600000,0.119084,1000000.0,1000000.0,0.007634,1700000.0,-600000.0,-0.00458,-0.00158,-0.00158,379000000,379000000,https://www.sec.gov/Archives/edgar/data/719413/000143774916030907/0001437749-16-030907-index.html,https://www.sec.gov/Archives/edgar/data/719413/000143774916030907/hl20160331_10q.htm
0,2015-12-31,HL,2016-02-23 00:00:00,2016-02-23 06:29:54,Q4,115300000,103600000,11700000,0.101474,3400000.0,7700000.0,0.0,2300000.0,13800000.000000011,117400000.00000001,6039000.0,31099999.999999993,34638999.99999999,0.300425,-2000000.0,-0.017346,1200000.0,-2500000.0,-0.021683,60500000,-63000000,-0.546401,-0.16658,-0.16658,378200000,378200000,https://www.sec.gov/Archives/edgar/data/719413/000143774916025805/0001437749-16-025805-index.html,https://www.sec.gov/Archives/edgar/data/719413/000143774916025805/hl20151231_10k.htm
0,2015-09-30,HL,2015-11-04 00:00:00,2015-11-04 11:49:49,Q3,104900000,107500000,-2600000.0,-0.024786,7200000.0,9500000.0,0.0,1900000.0,18599999.999999993,126100000,6617000.0,28500000,19717000,0.18796,-21200000,-0.202097,1200000.0,-15400000,-0.146806,-5500000.0,-9900000.0,-0.094376,-0.02623,-0.02623,377500000,377500000,https://www.sec.gov/Archives/edgar/data/719413/000143774915019584/0001437749-15-019584-index.html,https://www.sec.gov/Archives/edgar/data/719413/000143774915019584/hl20150930_10q.htm
0,2015-06-30,HL,2015-08-06 00:00:00,2015-08-06 14:17:02,Q2,104200000,94700000,9500000.0,0.091171,6200000.0,8300000.0,0.0,10100000,26799999.999999996,121500000,6541000.0,27500000,7241000.0,0.069491,-17300000,-0.166027,9300000.0,-26800000,-0.257198,-100000.0,-26700000,-0.256238,-0.06944,-0.06944,384500000,384500000,https://www.sec.gov/Archives/edgar/data/719413/000143774915015032/0001437749-15-015032-index.html,https://www.sec.gov/Archives/edgar/data/719413/000143774915015032/hl20150630_10q.htm
0,2015-03-31,HL,2015-05-08 00:00:00,2015-05-07 17:49:51,Q1,119100000,99200000,19900000,0.167086,5100000.0,8700000.0,0.0,1100000.0,15000000,114200000,6192000.0,25500000,45692000,0.383644,4900000.0,0.041142,500000.0,14000000,0.117548,1400000.0,12600000,0.105793,0.03408,0.03408,369700000,369700000,https://www.sec.gov/Archives/edgar/data/719413/000143774915009347/0001437749-15-009347-index.html,https://www.sec.gov/Archives/edgar/data/719413/000143774915009347/hl20150331_10q.htm
0,2014-12-31,HL,2015-02-18,2015-02-18 13:55:16,Q4,122000000,99800000,22200000,0.181967,5300000.0,7600000.0,0.0,6900000.0,19799999.999999996,119600000,6468000.0,31100000.00000001,50268000.00000001,0.412033,2400000.0,0.019672,6500000.0,12700000,0.104098,-4200000.0,16900000,0.138525,0.046,0.046,367400000,367400000,https://www.sec.gov/Archives/edgar/data/719413/000143774915002930/hl20141231_10k.htm,https://www.sec.gov/Archives/edgar/data/719413/000143774915002930/hl20141231_10k.htm
0,2014-09-30,HL,2014-11-05 00:00:00,2014-11-05 12:58:01,Q3,135500000,113500000,22000000,0.162362,6200000.0,7900000.0,0.0,1700000.0,15699999.999999989,129199999.99999999,6505000.0,27099999.999999993,37504999.99999999,0.27679,6300000.0,0.046494,1200000.0,3900000.0,0.028782,200000.0,3700000.0,0.027306,0.01021,0.01021,362300000,362300000,https://www.sec.gov/Archives/edgar/data/719413/000143774914019598/0001437749-14-019598-index.html,https://www.sec.gov/Archives/edgar/data/719413/000143774914019598/hl20140930_10q.htm
0,2014-06-30,HL,2014-07-31 00:00:00,2014-07-31 15:55:42,Q2,117500000,98800000,18700000,0.159149,3600000.0,8200000.0,0.0,2000000.0,13700000.000000004,112500000,6962000.0,27900000,15462000,0.131591,5000000.0,0.042553,1300000.0,-19400000,-0.165106,-5000000.0,-14400000,-0.122553,-0.03977,-0.03977,362100000,362100000,https://www.sec.gov/Archives/edgar/data/719413/000143774914013788/0001437749-14-013788-index.html,https://www.sec.gov/Archives/edgar/data/719413/000143774914013788/hl20140630_10q.htm
0,2014-03-31,HL,2014-05-06 00:00:00,2014-05-06 12:08:48,Q1,125800000,103500000,22200000,0.176471,4600000.0,7900000.0,0.0,1800000.0,14400000.000000006,117900000,6840000.0,26100000,48340000,0.384261,7900000.0,0.062798,1100000.0,15400000,0.122417,3800000.0,11600000,0.09221,0.03314,0.03314,350000000,350000000,https://www.sec.gov/Archives/edgar/data/719413/000143774914008016/0001437749-14-008016-index.html,https://www.sec.gov/Archives/edgar/data/719413/000143774914008016/hl20140331_10q.htm
0,2013-12-31,HL,2014-02-19,2014-02-19 16:53:57,Q4,114200000,99400000,14700000,0.128722,6400000.0,6800000.0,0.0,900000.0,14099999.999999994,113500000,7183000.0,27100000.00000001,23483000.00000001,0.20563,700000.0,0.00613,800000.0,-10800000,-0.094571,-7900000.0,-2900000.0,-0.025394,-0.00846,-0.00846,342900000,342900000,https://www.sec.gov/Archives/edgar/data/719413/000143774914002454/hl20131231_10k.htm,https://www.sec.gov/Archives/edgar/data/719413/000143774914002454/hl20131231_10k.htm
0,2013-09-30,HL,2013-11-05 00:00:00,2013-11-05 17:10:14,Q3,106600000,85900000,20700000,0.194184,9200000.0,7700000.0,0.0,1300000.0,19000000,104900000,7348000.0,20500000,16848000,0.158049,1700000.0,0.015947,900000.0,-11000000,-0.103189,-2500000.0,-8500000.0,-0.079737,-0.02481,-0.02481,342600000,342600000,https://www.sec.gov/Archives/edgar/data/719413/000143774913013922/0001437749-13-013922-index.html,https://www.sec.gov/Archives/edgar/data/719413/000143774913013922/hl20130930_10q.htm
0,2013-06-30,HL,2013-08-08 00:00:00,2013-08-08 15:43:37,Q2,85300000,80200000,5100000.0,0.059789,10700000,7500000.0,0.0,2100000.0,37800000,118000000,6454000.0,20099999.999999996,-5146000.000000002,-0.060328,-32600000,-0.382181,1800000.0,-31700000,-0.37163,-6800000.0,-24900000,-0.291911,-0.08202,-0.08202,303600000,303600000,https://www.sec.gov/Archives/edgar/data/719413/000143774913010263/0001437749-13-010263-index.html,https://www.sec.gov/Archives/edgar/data/719413/000143774913010263/hl20130630_10q.htm
0,2013-03-31,HL,2013-05-10 00:00:00,2013-05-10 13:40:35,Q1,76500000,50800000,25600000,0.334641,11300000,6900000.0,0.0,2800000.0,27900000.000000007,78700000,704000.0,14700000,33904000,0.44319,-2200000.0,-0.028758,1800000.0,18500000,0.24183,7400000.0,11100000,0.145098,0.03735,0.03735,297200000,297200000,https://www.sec.gov/Archives/edgar/data/719413/000143774913005730/0001437749-13-005730-index.html,https://www.sec.gov/Archives/edgar/data/719413/000143774913005730/hl_10q-033113.htm
0,2012-12-31,HL,2013-02-25 00:00:00,2013-02-25 12:43:13,Q4,81100000,47100000,34000000,0.419236,13000000,5500000.0,0.0,2500000.0,27800000.000000004,74900000,864000.0,14100000.000000002,16564000.000000002,0.204242,6200000.0,0.076449,1300000.0,1600000.0,0.019729,900000.0,700000.0,0.008631,0.00224,0.00224,312700000,312700000,https://www.sec.gov/Archives/edgar/data/719413/000143774913001916/0001437749-13-001916-index.html,https://www.sec.gov/Archives/edgar/data/719413/000143774913001916/hecla_10k-123112.htm
0,2012-09-30,HL,2012-11-06 00:00:00,2012-11-06 14:39:52,Q3,81900000,44600000,37300000,0.455433,17100000,5700000.0,0.0,-400000.0,28499999.999999993,73100000,591000.0,13200000,12891000,0.157399,8700000.0,0.106227,-1100000.0,-900000.0,-0.010989,0.0,-900000.0,-0.010989,-0.00315,-0.00315,285500000,285500000,https://www.sec.gov/Archives/edgar/data/719413/000143774912011065/0001437749-12-011065-index.html,https://www.sec.gov/Archives/edgar/data/719413/000143774912011065/hl_10q-093012.htm
0,2012-06-30,HL,2012-08-07 00:00:00,2012-08-07 16:16:25,Q2,67000000,43100000,24000000,0.358209,10600000,5500000.0,0.0,3800000.0,26400000,69500000,505000.0,11500000,15205000,0.22694,-2500000.0,-0.037313,2200000.0,3200000.0,0.047761,700000.0,2500000.0,0.037313,0.00847,0.00847,295200000,295200000,https://www.sec.gov/Archives/edgar/data/719413/000143774912007840/0001437749-12-007840-index.html,https://www.sec.gov/Archives/edgar/data/719413/000143774912007840/hmc_10q-063012.htm
0,2012-03-31,HL,2012-05-08,2012-05-08 14:44:01,Q1,91200000,43000000,48200000,0.528509,9000000.0,4500000.0,0.0,3100000.0,22700000.000000004,65700000,467000.0,11300000,31667000,0.347226,25400000,0.278509,2200000.0,19900000,0.218202,7300000.0,12600000,0.138158,0.04244,0.04244,296900000,296900000,https://www.sec.gov/Archives/edgar/data/719413/000143774912001603/hecla_10k-123111.htm,https://www.sec.gov/Archives/edgar/data/719413/000143774912001603/hecla_10k-123111.htm
0,2011-12-31,HL,2012-02-22 00:00:00,2012-02-21 18:42:33,Q4,102900000,53000000,49800000,0.483965,10600000,3700000.0,0.0,3800000.0,18400000.000000007,71400000,491000.0,12500000,43091000,0.418766,31500000,0.306122,0.0,30100000,0.292517,11500000,18600000,0.180758,0.06324,0.06324,294100000,294100000,https://www.sec.gov/Archives/edgar/data/719413/000143774912001603/0001437749-12-001603-index.html,https://www.sec.gov/Archives/edgar/data/719413/000143774912001603/hecla_10k-123111.htm
0,2011-09-30,HL,2011-11-08 00:00:00,2011-11-08 14:15:52,Q3,120500000,52700000,67800000,0.562656,11600000,5600000.0,0.0,7100000.0,24399999.99999999,77099999.99999999,4357000.0,11199999.999999996,98757000,0.81956,43500000,0.360996,5500000.0,83200000,0.690456,27300000,55900000,0.4639,0.18949,0.18949,295000000,295000000,https://www.sec.gov/Archives/edgar/data/719413/000143774911008202/0001437749-11-008202-index.html,https://www.sec.gov/Archives/edgar/data/719413/000143774911008202/hecla_10q-093011.htm
0,2011-06-30,HL,2011-08-09 00:00:00,2011-08-09 15:14:41,Q2,117900000,50100000,67800000,0.575064,5800000.0,4600000.0,0.0,3600000.0,13999999.999999993,64099999.99999999,-1496000.0,11300000,62704000,0.531841,53800000,0.456319,1300000.0,53000000,0.449534,19600000,33300000,0.282443,0.11258,0.11258,295800000,295800000,https://www.sec.gov/Archives/edgar/data/719413/000143774911005649/0001437749-11-005649-index.html,https://www.sec.gov/Archives/edgar/data/719413/000143774911005649/hl_10q-063011.htm
0,2011-03-31,HL,2011-05-09 00:00:00,2011-05-09 15:16:28,Q1,136400000,56800000,79600000,0.583578,3300000.0,4700000.0,0.0,2800000.0,10799999.999999996,67600000,-477000.0,12300000,78723000,0.577148,68700000,0.503666,1000000.0,66900000,0.490469,23500000,43400000,0.318182,0.14652,0.14652,296200000,296200000,https://www.sec.gov/Archives/edgar/data/719413/000143774911002922/0001437749-11-002922-index.html,https://www.sec.gov/Archives/edgar/data/719413/000143774911002922/hecla_10q-033111.htm
0,2010-12-31,HL,2011-02-25,2011-02-25 10:03:46,Q4,134500000,59800000,74700000,0.55539,5400000.0,5800000.0,0.0,196700000,208000000,267800000,3923000.0,15400000,-123977000,-0.921762,-133300000,-0.991078,0.0,-143400000,-1.066171,-133600000,-9700000.0,-0.072119,-0.03513,-0.03513,276100000,276100000,https://www.sec.gov/Archives/edgar/data/719413/000143774911001070/hecla_10k-123110.htm,https://www.sec.gov/Archives/edgar/data/719413/000143774911001070/hecla_10k-123110.htm
0,2010-09-30,HL,2010-10-27 00:00:00,2010-10-27 14:14:03,Q3,115800000,61300000,54500000,0.470639,6900000.0,3700000.0,0.0,2400000.0,13000000,74300000,-505000.0,15000000.000000004,42395000.00000001,0.366105,41500000,0.358377,0.0,27900000,0.240933,8100000.0,19800000,0.170984,0.0732,0.0732,270500000,270500000,https://www.sec.gov/Archives/edgar/data/719413/000143774910003533/0001437749-10-003533-index.html,https://www.sec.gov/Archives/edgar/data/719413/000143774910003533/hecla_10q-093010.htm
0,2010-06-30,HL,2010-07-28 00:00:00,2010-07-28 17:08:58,Q2,88600000,50600000,38100000,0.430023,5800000.0,4700000.0,0.0,3000000.0,14199999.999999996,64799999.99999999,-32393000,15099999.999999998,8106999.999999998,0.091501,23900000,0.269752,0.0,25300000,0.285553,8300000.0,17100000,0.193002,0.06419,0.06419,266400000,266400000,https://www.sec.gov/Archives/edgar/data/719413/000143774910002361/0001437749-10-002361-index.html,https://www.sec.gov/Archives/edgar/data/719413/000143774910002361/hl_10q-063010.htm
0,2010-03-31,HL,2010-04-28 00:00:00,2010-04-28 16:27:17,Q1,79900000,52300000,27500000,0.34418,3400000.0,4100000.0,0.0,4300000.0,11900000.000000006,64200000.00000001,678000.0,16100000,32378000,0.405232,15700000,0.196496,0.0,15600000,0.195244,-6200000.0,21800000,0.272841,0.08346,0.08346,261200000,261200000,https://www.sec.gov/Archives/edgar/data/719413/000143774910001234/0001437749-10-001234-index.html,https://www.sec.gov/Archives/edgar/data/719413/000143774910001234/hecla_10q-033110.htm
0,2009-12-31,HL,2010-02-17 00:00:00,2010-02-17 17:13:04,Q4,88000000,52100000,35900000,0.407955,4200000.0,4800000.0,0.0,7000000.0,16100000,68200000,1095000.0,17200000.000000004,41695000,0.473807,19900000,0.226136,-200000.0,23400000,0.265909,-8700000.0,32100000,0.364773,0.11924,0.11924,269200000,269200000,https://www.sec.gov/Archives/edgar/data/719413/000143774910000424/0001437749-10-000424-index.html,https://www.sec.gov/Archives/edgar/data/719413/000143774910000424/hecla_10k-123109.htm
0,2009-09-30,HL,2009-11-03 00:00:00,2009-11-03 14:59:43,Q3,95200000,57100000,38100000,0.40021,2700000.0,4500000.0,0.0,1600000.0,8800000.000000004,65900000.00000001,10231000,16199999.999999996,52930999.99999999,0.555998,29300000,0.307773,0.0,26500000,0.278361,600000.0,25900000,0.272059,0.10602,0.10602,244300000,244300000,https://www.sec.gov/Archives/edgar/data/719413/000089710109002198/0000897101-09-002198-index.html,https://www.sec.gov/Archives/edgar/data/719413/000089710109002198/hecla095016_10q.htm
0,2009-06-30,HL,2009-07-29 00:00:00,2009-07-29 14:58:02,Q2,74600000,57500000,17200000,0.230563,1200000.0,4600000.0,0.0,2400000.0,11200000.000000004,68700000,7430000.0,15900000.000000002,26130000.000000004,0.350268,5900000.0,0.079088,-500000.0,2800000.0,0.037534,300000.0,2500000.0,0.033512,0.01124,0.01124,222400000,222400000,https://www.sec.gov/Archives/edgar/data/719413/000089710109001541/0000897101-09-001541-index.html,https://www.sec.gov/Archives/edgar/data/719413/000089710109001541/hecla093361_10q.htm
0,2009-03-31,HL,2009-04-28 00:00:00,2009-04-28 15:10:40,Q1,54700000,44900000,9900000.0,0.180987,1000000.0,4700000.0,0.0,2200000.0,-7299999.999999997,37600000,4681000.0,15200000,27281000,0.498739,17100000,0.312614,-5300000.0,7400000.0,0.135283,100000.0,7300000.0,0.133455,0.03678,0.03678,198500000,198500000,https://www.sec.gov/Archives/edgar/data/719413/000089710109000895/0000897101-09-000895-index.html,https://www.sec.gov/Archives/edgar/data/719413/000089710109000895/hecla091900_10q.htm
0,2008-12-31,HL,2009-03-02 00:00:00,2009-03-02 14:26:12,Q4,31200000,45000000,-13800000,-0.442308,4100000.0,700000.0,0.0,2400000.0,7899999.999999999,52900000,19573000,12299999.999999994,2972999.999999995,0.095288,-21700000,-0.695513,0.0,-28300000,-0.907051,8400000.0,-37300000,-1.195513,-0.20699,-0.20699,180200000,180200000,https://www.sec.gov/Archives/edgar/data/719413/000089710109000401/0000897101-09-000401-index.html,https://www.sec.gov/Archives/edgar/data/719413/000089710109000401/hecla090906_10k.htm
0,2008-09-30,HL,2008-11-04 00:00:00,2008-11-04 15:34:17,Q3,68500000,57100000,11400000,0.166423,5500000.0,2900000.0,0.0,1700000.0,9499999.999999993,66599999.99999999,6842000.0,11200000.000000002,13542000.000000002,0.197693,1800000.0,0.026277,900000.0,-4500000.0,-0.065693,-700000.0,-3800000.0,-0.055474,-0.02792,-0.02792,136100000,136100000,https://www.sec.gov/Archives/edgar/data/719413/000089710108002208/0000897101-08-002208-index.html,https://www.sec.gov/Archives/edgar/data/719413/000089710108002208/hecla084475_10q.htm
0,2008-06-30,HL,2008-08-06 00:00:00,2008-08-06 17:11:13,Q2,67500000,65900000,1600000.0,0.023704,7300000.0,5400000.0,0.0,1800000.0,14500000,80400000,5674000.0,10100000,-24926000,-0.369274,-12900000,-0.191111,0.0,-10100000,-0.14963,300000.0,-41000000,-0.607407,-0.32462,-0.32462,126300000,126300000,https://www.sec.gov/Archives/edgar/data/719413/000089710108001657/0000897101-08-001657-index.html,https://www.sec.gov/Archives/edgar/data/719413/000089710108001657/hecla083232_10q.htm
0,2008-03-31,HL,2008-05-12 00:00:00,2008-05-12 16:48:54,Q1,37500000,18800000,18700000,0.498667,5600000.0,4900000.0,0.0,1200000.0,11599999.999999998,30399999.999999996,165000.0,2900000.0,14465000,0.385733,7000000.0,0.186667,0.0,9500000.0,0.253333,-4100000.0,15500000,0.413333,0.12622,0.12622,122800000,122800000,https://www.sec.gov/Archives/edgar/data/719413/000089710108001068/0000897101-08-001068-index.html,https://www.sec.gov/Archives/edgar/data/719413/000089710108001068/hecla082137_10q.htm
0,2007-12-31,HL,2008-02-29,2008-02-29 15:16:01,Q4,40300000,23200000,17100000,0.424318,5400000.0,4400000.0,0.0,100000.0,15700000,38900000,-41000.0,2900000.0000000005,4259000.0,0.105682,1400000.0,0.034739,0.0,2300000.0,0.057072,-6800000.0,8200000.0,0.203474,0.06743,0.06743,121600000,121600000,https://www.sec.gov/Archives/edgar/data/719413/000089710108000445/hecla080804_10k.htm,https://www.sec.gov/Archives/edgar/data/719413/000089710108000445/hecla080804_10k.htm
0,2007-09-30,HL,2007-11-09 00:00:00,2007-11-09 14:06:55,Q3,39800000,19100000,20700000,0.520101,4000000.0,3100000.0,0.0,2700000.0,9799999.999999996,28899999.999999996,132000.0,3399999.9999999995,16032000,0.402814,10900000,0.273869,2300000.0,13000000,0.326633,0.0,12500000,0.31407,0.10331,0.10331,121000000,121000000,https://www.sec.gov/Archives/edgar/data/719413/000089710107002367/0000897101-07-002367-index.html,https://www.sec.gov/Archives/edgar/data/719413/000089710107002367/hecla074563_10q.htm
0,2007-06-30,HL,2007-08-08 00:00:00,2007-08-08 17:28:08,Q2,44400000,20500000,24000000,0.540541,3200000.0,4500000.0,0.0,45800000,-10400000,10100000,369000.0,-1700000.0000000002,20969000,0.472275,34300000,0.772523,45800000,36200000,0.815315,-2000000.0,24300000,0.547297,0.19885,0.19885,122200000,122200000,https://www.sec.gov/Archives/edgar/data/719413/000089710107001635/0000897101-07-001635-index.html,https://www.sec.gov/Archives/edgar/data/719413/000089710107001635/hecla073271_10q.htm
0,2007-03-31,HL,2007-05-09 00:00:00,2007-05-09 17:19:21,Q1,33100000,17100000,16000000,0.483384,4300000.0,3200000.0,0.0,2100000.0,9500000.0,26600000,74000.0,8000000.0,16374000,0.494683,6500000.0,0.196375,700000.0,8100000.0,0.244713,200000.0,8100000.0,0.244713,0.06728,0.06728,120400000,120400000,https://www.sec.gov/Archives/edgar/data/719413/000089710107001048/0000897101-07-001048-index.html,https://www.sec.gov/Archives/edgar/data/719413/000089710107001048/hecla072036_10q.htm
0,2006-12-31,HL,2007-03-16,2007-03-16 14:20:43,Q4,71400000,40700000,30700000,0.429972,7600000.0,5500000.0,0.0,3900000.0,17000000,57700000,56000.0,-15100000.000000002,-3444000.000000001,-0.048235,13700000,0.191877,1100000.0,11600000,0.162465,-8900000.0,20500000,0.287115,0.17055,0.17055,120200000,120200000,https://www.sec.gov/Archives/edgar/data/719413/000089710107000595/hecla065050s1_10k.htm,https://www.sec.gov/Archives/edgar/data/719413/000089710107000595/hecla065050s1_10k.htm
0,2006-09-30,HL,2006-11-09,2006-11-08 19:50:11,Q3,50800000,36000000,14700000,0.28937,8300000.0,2600000.0,0.0,1600000.0,12700000.000000004,48700000,316000.0,10600000.000000002,12316000.000000002,0.242441,2100000.0,0.041339,900000.0,1400000.0,0.027559,400000.0,1000000.0,0.019685,0.00833,0.00833,120000000,120000000,https://www.sec.gov/Archives/edgar/data/719413/000089710106002318/hecla064090_10q.htm,https://www.sec.gov/Archives/edgar/data/719413/000089710106002318/hecla064090_10q.htm
0,2006-06-30,HL,2006-08-09,2006-08-09 17:10:48,Q2,56900000,39200000,17700000,0.311072,7600000.0,3800000.0,0.0,1900000.0,9099999.999999994,48299999.99999999,236000.0,8700000.0,18436000,0.324007,8700000.0,0.1529,900000.0,9500000.0,0.16696,300000.0,9200000.0,0.161687,0.07686,0.07686,119700000,119700000,https://www.sec.gov/Archives/edgar/data/719413/000089710106001637/hecla063136_10q.htm,https://www.sec.gov/Archives/edgar/data/719413/000089710106001637/hecla063136_10q.htm
0,2006-03-31,HL,2006-05-10,2006-05-10 17:03:14,Q1,39800000,28100000,11700000,0.29397,4900000.0,3100000.0,0.0,900000.0,9199999.999999996,37299999.99999999,127000.0,8500000.0,48027000,1.206709,2500000.0,0.062814,700000.0,39400000,0.98995,1000000.0,38400000,0.964824,0.32188,0.32188,119300000,119300000,https://www.sec.gov/Archives/edgar/data/719413/000089710106000570/hecla061047_10k.htm,https://www.sec.gov/Archives/edgar/data/719413/000089710106000570/hecla061047_10k.htm
0,2005-12-31,HL,2006-03-10,2006-03-10 16:47:27,Q4,30000000,27100000,2900000.0,0.096667,7000000.0,2600000.0,0.0,500000.0,10199999.999999996,37299999.99999999,186000.0,7400000.000000002,386000.000000002,0.012867,-7300000.0,-0.243333,100000.0,-7200000.0,-0.24,0.0,-7200000.0,-0.24,-0.06071,-0.06071,118600000,118600000,https://www.sec.gov/Archives/edgar/data/719413/000089710106000570/hecla061047_10k.htm,https://www.sec.gov/Archives/edgar/data/719413/000089710106000570/hecla061047_10k.htm
0,2005-09-30,HL,2005-11-09,2005-11-09 15:18:06,Q3,30400000,27800000,2600000.0,0.085526,7600000.0,2700000.0,0.0,1500000.0,11999999.999999996,39799999.99999999,36000.0,5699999.999999999,-2764000.000000001,-0.090921,-9300000.0,-0.305921,800000.0,-8500000.0,-0.279605,100000.0,-8600000.0,-0.282895,-0.07257,-0.07257,118500000,118500000,https://www.sec.gov/Archives/edgar/data/719413/000089710105002371/hecla054622_10q.htm,https://www.sec.gov/Archives/edgar/data/719413/000089710105002371/hecla054622_10q.htm
0,2005-06-30,HL,2005-08-09,2005-08-08 20:12:08,Q2,25300000,21800000,3500000.0,0.13834,6700000.0,2300000.0,0.0,800000.0,9899999.999999998,31700000,3000.0,4000000.0,-1997000.0,-0.078933,-6500000.0,-0.256917,400000.0,-6100000.0,-0.241107,200000.0,-6200000.0,-0.245059,-0.05236,-0.05236,118400000,118400000,https://www.sec.gov/Archives/edgar/data/719413/000089710105001775/hecla053332_10q.htm,https://www.sec.gov/Archives/edgar/data/719413/000089710105001775/hecla053332_10q.htm
0,2005-03-31,HL,2005-05-10,2005-05-10 13:57:23,Q1,24400000,19000000,5500000.0,0.22541,4900000.0,2600000.0,0.0,1000000.0,8700000.0,27700000,33000.0,4000000.0,1133000.0,0.046434,-3300000.0,-0.135246,300000.0,-2900000.0,-0.118852,400000.0,-3300000.0,-0.135246,-0.02787,-0.02787,118400000,118400000,https://www.sec.gov/Archives/edgar/data/719413/000089710105000728/hecla051200_10k.htm,https://www.sec.gov/Archives/edgar/data/719413/000089710105000728/hecla051200_10k.htm
0,2004-12-31,HL,2005-03-16,2005-03-16 15:33:22,Q4,28700000,21700000,7000000.0,0.243902,7200000.0,2600000.0,0.0,1200000.0,11099999.999999998,32799999.999999996,123000.0,3899999.9999999986,622999.9999999986,0.021707,-4000000.0,-0.139373,1200000.0,-3400000.0,-0.118467,400000.0,-3800000.0,-0.132404,-0.03212,-0.03212,118300000,118300000,https://www.sec.gov/Archives/edgar/data/719413/000089710105000728/hecla051200_10k.htm,https://www.sec.gov/Archives/edgar/data/719413/000089710105000728/hecla051200_10k.htm
0,2004-09-30,HL,,,Q3,33700000,26800000,6900000.0,0.204748,6200000.0,2100000.0,0.0,9800000.0,18200000,45000000,400000.0,5100000.0,-5400000.0,-0.160237,-11200000,-0.332344,8500000.0,-10900000,-0.323442,400000.0,-11300000,-0.335312,-0.09552,-0.09552,118300000,118300000,,
0,2004-06-30,HL,2004-08-09,2004-08-09 13:09:59,Q2,31700000,21600000,10100000,0.318612,4100000.0,2300000.0,0.0,-100000.0,6500000.0,28100000,377000.0,6400000.0,10577000,0.333659,3700000.0,0.116719,700000.0,3900000.0,0.123028,1100000.0,2700000.0,0.085174,0.02275,0.02275,118700000,118700000,https://www.sec.gov/Archives/edgar/data/719413/000089710104001519/hecla043767_10q.htm,https://www.sec.gov/Archives/edgar/data/719413/000089710104001519/hecla043767_10q.htm
0,2004-03-31,HL,,,Q1,36700000,23200000,13400000,0.365123,2700000.0,1800000.0,0.0,2000000.0,6600000.000000001,29800000,200000.0,6500000.0,13800000,0.376022,6900000.0,0.188011,800000.0,7000000.0,0.190736,900000.0,6200000.0,0.168937,0.05286,0.05286,117300000,117300000,,
0,2003-12-31,HL,,,Q4,31600000,23600000,8000000.0,0.253165,2700000.0,2300000.0,0.0,1400000.0,6399999.999999999,30000000,-100000.0,4900000.0,6300000.0,0.199367,1600000.0,0.050633,300000.0,1500000.0,0.047468,-700000.0,2200000.0,0.06962,0.01938,0.01938,113500000,113500000,,
0,2003-09-30,HL,,,Q3,28100000,17700000,10400000,0.370107,2600000.0,1800000.0,0.0,24100000,28599999.999999996,46300000,1000000.0,5299999.999999999,-10900000.000000002,-0.3879,-18200000,-0.647687,23300000,-17200000,-0.6121,300000.0,-17500000,-0.622776,-0.1588,-0.1588,110200000,110200000,,
0,2003-06-30,HL,,,Q2,30200000,20600000,9600000.0,0.317881,3600000.0,2200000.0,0.0,600000.0,6599999.999999998,27199999.999999996,400000.0,5400000.0,9200000.0,0.304636,3000000.0,0.099338,100000.0,3400000.0,0.112583,900000.0,2500000.0,0.082781,0.02271,0.02271,110100000,110100000,,
0,2003-03-31,HL,,,Q1,26400000,19500000,7000000.0,0.265152,2100000.0,2000000.0,0.0,-3700000.0,399999.9999999986,19900000,-100000.0,4900000.0,12300000,0.465909,6500000.0,0.246212,100000.0,6400000.0,0.242424,800000.0,6700000.0,0.253788,0.0608,0.0608,110200000,110200000,,
0,2002-12-31,HL,,,Q4,25900000,20200000,5700000.0,0.220077,2800000.0,2000000.0,0.0,1000000.0,5800000.000000001,26000000,-200000.0,5000000.0,3600000.0,0.138996,-100000.0,-0.003861,100000.0,-300000.0,-0.011583,-3100000.0,1900000.0,0.073359,0.02186,0.02186,86900000,86900000,,
0,2002-09-30,HL,,,Q3,27800000,21400000,6400000.0,0.230216,1300000.0,1500000.0,0.0,100000.0,2800000.000000001,24200000,-200000.0,5899999.999999999,7299999.999999999,0.26259,3600000.0,0.129496,500000.0,2100000.0,0.07554,100000.0,1500000.0,0.053957,0.01361,0.01361,110200000,110200000,,
0,2002-06-30,HL,2002-08-14 00:00:00,2002-08-14 16:09:04,Q2,28700000,20800000,7900000.0,0.275261,1200000.0,1800000.0,0.0,100000.0,3099999.999999998,23899999.999999996,-500000.0,6200000.000000001,10600000.000000002,0.369338,4700000.0,0.163763,900000.0,5200000.0,0.181185,100000.0,4800000.0,0.167247,0.064,0.064,75000000,75000000,https://www.sec.gov/Archives/edgar/data/719413/000071941302000033/0000719413-02-000033-index.html,https://www.sec.gov/Archives/edgar/data/719413/000071941302000033/hl10q2.txt
0,2002-03-31,HL,2002-05-14 00:00:00,2002-05-14 13:31:12,Q1,23400000,19600000,3700000.0,0.15812,500000.0,1900000.0,0.0,100000.0,2599999.999999998,22199999.999999996,-500000.0,5600000.0,5600000.0,0.239316,1200000.0,0.051282,300000.0,1000000.0,0.042735,0.0,500000.0,0.021368,0.00678,0.00678,73800000,73800000,https://www.sec.gov/Archives/edgar/data/719413/000071941302000011/0000719413-02-000011-index.html,https://www.sec.gov/Archives/edgar/data/719413/000071941302000011/hlqm02.txt
0,2001-12-31,HL,,,Q4,21800000,20500000,1200000.0,0.055046,400000.0,2200000.0,0.0,100000.0,2800000.000000001,23300000,-600000.0,5600000.0,1800000.0,0.082569,-1600000.0,-0.073394,-500000.0,-2600000.0,-0.119266,0.0,-3200000.0,-0.146789,-0.04384,-0.04384,73000000,73000000,,
0,2001-09-30,HL,2001-11-13 00:00:00,2001-11-13 00:00:00,Q3,22500000,22200000,300000.0,0.013333,500000.0,1700000.0,0.0,200000.0,2400000.000000002,24600000.000000004,-700000.0,5199999.999999999,1999999.999999999,0.088889,-2100000.0,-0.093333,800000.0,-2000000.0,-0.088889,0.0,-2500000.0,-0.111111,-0.03526,-0.03526,70900000,70900000,https://www.sec.gov/Archives/edgar/data/719413/000071941301500034/0000719413-01-500034-index.html,https://www.sec.gov/Archives/edgar/data/719413/000071941301500034/hl10q.txt
0,2001-06-30,HL,2001-08-14 00:00:00,2001-08-14 00:00:00,Q2,24600000,22200000,2400000.0,0.097561,800000.0,1800000.0,0.0,400000.0,3100000.0000000014,25300000,-600000.0,5400000.0,3200000.0,0.130081,-700000.0,-0.028455,0.0,-1300000.0,-0.052846,0.0,-1600000.0,-0.065041,-0.02395,-0.02395,66800000,66800000,https://www.sec.gov/Archives/edgar/data/719413/000071941301500025/0000719413-01-500025-index.html,https://www.sec.gov/Archives/edgar/data/719413/000071941301500025/hl10q.txt
0,2001-03-31,HL,2001-05-14 00:00:00,2001-05-14 00:00:00,Q1,16400000,15600000,900000.0,0.054878,500000.0,1500000.0,0.0,600000.0,2599999.9999999995,18200000,-2000000.0,4500000.0,12000000,0.731707,-1800000.0,-0.109756,200000.0,-3600000.0,-0.219512,0.0,9500000.0,0.579268,0.14222,0.14222,66800000,66800000,https://www.sec.gov/Archives/edgar/data/719413/000071941301500021/0000719413-01-500021-index.html,https://www.sec.gov/Archives/edgar/data/719413/000071941301500021/hl10q01.txt
0,2000-12-31,HL,,,Q4,17200000,20000000,-2900000.0,-0.168605,1100000.0,1500000.0,0.0,16000000,49900000.00000001,69900000,-2300000.0,5099999.999999998,-53500000,-3.110465,-52700000,-3.063953,400000.0,-54600000,-3.174419,0.0,-56300000,-3.273256,-0.8403,-0.8403,67000000,67000000,,
0,2000-09-30,HL,2000-11-13 00:00:00,2000-11-13 00:00:00,Q3,20000000,20100000,-100000.0,-0.005,1900000.0,1700000.0,0.0,500000.0,4199999.999999999,24300000,-2100000.0,5100000.000000001,-599999.999999999,-0.03,-4300000.0,-0.215,1000000.0,-5300000.0,-0.265,0.0,-3600000.0,-0.18,-0.05389,-0.05389,66800000,66800000,https://www.sec.gov/Archives/edgar/data/719413/000071941300000020/0000719413-00-000020-index.html,https://www.sec.gov/Archives/edgar/data/719413/000071941300000020/0000719413-00-000020-0001.txt
0,2000-06-30,HL,2000-08-11 00:00:00,2000-08-11 00:00:00,Q2,21000000,22300000,-1300000.0,-0.061905,1700000.0,2300000.0,0.0,2600000.0,15700000,38000000,-2000000.0,6299999.999999999,-12400000.000000002,-0.590476,-17000000,-0.809524,1100000.0,-17900000,-0.852381,0.0,-16700000,-0.795238,-0.25,-0.25,66800000,66800000,https://www.sec.gov/Archives/edgar/data/719413/000071941300000016/0000719413-00-000016-index.html,https://www.sec.gov/Archives/edgar/data/719413/000071941300000016/0000719413-00-000016-0001.txt
0,2000-03-31,HL,2000-05-11 00:00:00,2000-05-11 00:00:00,Q1,17600000,18800000,-1100000.0,-0.0625,1600000.0,1900000.0,0.0,900000.0,4399999.999999999,23200000,-1700000.0,5900000.0,-3100000.0,-0.176136,-5600000.0,-0.318182,200000.0,-7000000.0,-0.397727,0.0,-7300000.0,-0.414773,-0.10928,-0.10928,66800000,66800000,https://www.sec.gov/Archives/edgar/data/719413/000071941300000012/0000719413-00-000012-index.html,https://www.sec.gov/Archives/edgar/data/719413/0000719413-00-000012.txt
0,1999-12-31,HL,,,Q4,37600000,38800000,-1200000.0,-0.031915,2000000.0,1800000.0,0.0,1600000.0,6000000.0,44800000,-1500000.0,6099999.999999998,-2700000.000000002,-0.071809,-7200000.0,-0.191489,1400000.0,-7300000.0,-0.194149,-500000.0,-6800000.0,-0.180851,-0.1018,-0.1018,66800000,66800000,,
0,1999-09-30,HL,1999-11-12 00:00:00,1999-11-12 00:00:00,Q3,38300000,35700000,2600000.0,0.067885,1700000.0,1800000.0,0.0,27900000,35599999.99999999,71300000,-1300000.0,5500000.000000002,-29699999.999999996,-0.775457,-33000000,-0.861619,400000.0,-33900000,-0.885117,100000.0,-34000000,-0.887728,-0.50975,-0.50975,66700000,66700000,https://www.sec.gov/Archives/edgar/data/719413/000071941399000038/0000719413-99-000038-index.html,https://www.sec.gov/Archives/edgar/data/719413/0000719413-99-000038.txt
0,1999-06-30,HL,1999-08-12 00:00:00,1999-08-12 00:00:00,Q2,46100000,41000000,5100000.0,0.110629,1000000.0,1800000.0,0.0,300000.0,3200000.000000003,44200000,-1000000.0,6000000.0,7400000.0,0.160521,1800000.0,0.039046,1500000.0,2400000.0,0.052061,100000.0,2300000.0,0.049892,0.03789,0.03789,60700000,60700000,https://www.sec.gov/Archives/edgar/data/719413/000071941399000033/0000719413-99-000033-index.html,https://www.sec.gov/Archives/edgar/data/719413/0000719413-99-000033.txt
0,1999-03-31,HL,,,Q1,41700000,37400000,4300000.0,0.103118,1200000.0,2000000.0,0.0,300000.0,3500000.0,40900000,-900000.0,6100000.0,3800000.0,0.091127,700000.0,0.016787,100000.0,0.0,0.0,100000.0,-1500000.0,-0.035971,-0.02717,-0.02717,55200000,55200000,,
0,1998-12-31,HL,,,Q4,34800000,37500000,-2600000.0,-0.074713,1500000.0,1600000.0,0.0,0.0,3399999.9999999986,40900000,-800000.0,6500000.0,-400000.0,-0.011494,-6100000.0,-0.175287,800000.0,-6100000.0,-0.175287,-600000.0,-5500000.0,-0.158046,-0.09982,-0.09982,55100000,55100000,,
0,1998-09-30,HL,1998-11-12 00:00:00,1998-11-12 00:00:00,Q3,38600000,35600000,3000000.0,0.07772,1400000.0,1700000.0,0.0,300000.0,3500000.0,39100000,-400000.0,5700000.000000001,4700000.000000001,0.121762,-500000.0,-0.012953,200000.0,-600000.0,-0.015544,0.0,-600000.0,-0.015544,-0.01089,-0.01089,55100000,55100000,https://www.sec.gov/Archives/edgar/data/719413/000071941398000012/0000719413-98-000012-index.html,https://www.sec.gov/Archives/edgar/data/719413/0000719413-98-000012.txt
0,1998-06-30,HL,1998-08-10 00:00:00,1998-08-10 00:00:00,Q2,45700000,41500000,4100000.0,0.089716,1100000.0,2100000.0,0.0,100000.0,3500000.0,45000000,600000.0,5200000.0,8400000.0,0.183807,700000.0,0.015317,1300000.0,2600000.0,0.056893,-400000.0,3000000.0,0.065646,0.05445,0.05445,55100000,55100000,https://www.sec.gov/Archives/edgar/data/719413/000071941398000010/0000719413-98-000010-index.html,https://www.sec.gov/Archives/edgar/data/719413/0000719413-98-000010.txt
0,1998-03-31,HL,1998-05-07 00:00:00,1998-05-07 00:00:00,Q1,40100000,35700000,4500000.0,0.112219,800000.0,2100000.0,0.0,100000.0,3099999.9999999944,38799999.99999999,-400000.0,5200000.0,7700000.0,0.19202,1400000.0,0.034913,2000000.0,3000000.0,0.074813,100000.0,2800000.0,0.069825,0.05082,0.05082,55100000,55100000,https://www.sec.gov/Archives/edgar/data/719413/000071941398000008/0000719413-98-000008-index.html,https://www.sec.gov/Archives/edgar/data/719413/0000719413-98-000008.txt
0,1997-12-31,HL,,,Q4,34200000,34500000,-300000.0,-0.008772,1900000.0,2000000.0,0.0,0.0,3600000.0000000014,38100000,-300000.0,5900000.0,1100000.0,0.032164,-3900000.0,-0.114035,-200000.0,-4500000.0,-0.131579,500000.0,-5000000.0,-0.146199,-0.09074,-0.09074,55100000,55100000,,
0,1997-09-30,HL,1997-11-10 00:00:00,1997-11-10 00:00:00,Q3,41200000,35800000,5400000.0,0.131068,1700000.0,2000000.0,0.0,0.0,3800000.000000004,39600000.00000001,-400000.0,5800000.000000001,6900000.000000001,0.167476,1600000.0,0.038835,400000.0,1600000.0,0.038835,600000.0,900000.0,0.021845,0.01633,0.01633,55100000,55100000,https://www.sec.gov/Archives/edgar/data/719413/000071941397000018/0000719413-97-000018-index.html,https://www.sec.gov/Archives/edgar/data/719413/0000719413-97-000018.txt
0,1997-06-30,HL,1997-08-08 00:00:00,1997-08-08 00:00:00,Q2,46100000,39400000,6700000.0,0.145336,2400000.0,1900000.0,0.0,0.0,4300000.000000004,43700000.00000001,-500000.0,5199999.999999999,8399999.999999998,0.182213,2400000.0,0.052061,1800000.0,3700000.0,0.08026,600000.0,3100000.0,0.067245,0.05626,0.05626,55100000,55100000,https://www.sec.gov/Archives/edgar/data/719413/000071941397000016/0000719413-97-000016-index.html,https://www.sec.gov/Archives/edgar/data/719413/0000719413-97-000016.txt
0,1997-03-31,HL,1997-05-08 00:00:00,1997-05-08 00:00:00,Q1,42500000,38400000,4100000.0,0.096471,1400000.0,2100000.0,0.0,0.0,3600000.0000000014,42000000,-500000.0,4400000.0,4500000.0,0.105882,400000.0,0.009412,700000.0,600000.0,0.014118,100000.0,500000.0,0.011765,0.00942,0.00942,53100000,53100000,https://www.sec.gov/Archives/edgar/data/719413/000071941397000012/0000719413-97-000012-index.html,https://www.sec.gov/Archives/edgar/data/719413/0000719413-97-000012.txt
0,1996-12-31,HL,,,Q4,37100000,35600000,1500000.0,0.040431,1400000.0,2100000.0,0.0,0.0,3699999.999999996,39299999.99999999,0.0,5400000.0,6300000.0,0.169811,-2100000.0,-0.056604,3000000.0,900000.0,0.024259,800000.0,100000.0,0.002695,0.00196,0.00196,51100000,51100000,,
0,1996-09-30,HL,1996-11-12 00:00:00,1996-11-12 00:00:00,Q3,37700000,35400000,2300000.0,0.061008,1400000.0,1800000.0,0.0,0.0,41600000,77000000,0.0,5300000.000000001,-31600000,-0.838196,-39300000,-1.04244,2500000.0,-36900000,-0.97878,-100000.0,-36800000,-0.976127,-0.72016,-0.72016,51100000,51100000,https://www.sec.gov/Archives/edgar/data/719413/000071941396000019/0000719413-96-000019-index.html,https://www.sec.gov/Archives/edgar/data/719413/0000719413-96-000019.txt
0,1996-06-30,HL,1996-08-06 00:00:00,1996-08-06 00:00:00,Q2,40500000,37600000,2900000.0,0.071605,1200000.0,1900000.0,0.0,0.0,399999.9999999986,38000000,0.0,4600000.0,7400000.0,0.182716,2500000.0,0.061728,300000.0,2800000.0,0.069136,0.0,2800000.0,0.069136,0.05479,0.05479,51100000,51100000,https://www.sec.gov/Archives/edgar/data/719413/000071941396000017/0000719413-96-000017-index.html,https://www.sec.gov/Archives/edgar/data/719413/0000719413-96-000017.txt
0,1996-03-31,HL,1996-05-14 00:00:00,1996-05-14 00:00:00,Q1,42900000,39100000,3800000.0,0.088578,800000.0,2000000.0,0.0,0.0,2600000.0000000014,41700000,0.0,5500000.0,7000000.0,0.16317,1300000.0,0.030303,200000.0,1500000.0,0.034965,0.0,1500000.0,0.034965,0.02935,0.02935,51100000,51100000,https://www.sec.gov/Archives/edgar/data/719413/000071941396000009/0000719413-96-000009-index.html,https://www.sec.gov/Archives/edgar/data/719413/0000719413-96-000009.txt
0,1995-12-31,HL,,,Q4,36200000,32300000,3900000.0,0.107735,2200000.0,1800000.0,0.0,0.0,4400000.000000006,36700000.00000001,0.0,5000000.0,6300000.0,0.174033,-500000.0,-0.013812,1800000.0,1300000.0,0.035912,100000.0,1200000.0,0.033149,0.0249,0.0249,48200000,48200000,,
0,1995-09-30,HL,1995-11-14 00:00:00,1995-11-14 00:00:00,Q3,40100000,38400000,1700000.0,0.042394,2700000.0,3100000.0,0.0,0.0,107199999.99999999,145600000,0.0,7100000.000000001,-95500000,-2.381546,-105600000,-2.633416,2900000.0,-102600000,-2.558603,100000.0,-102700000,-2.561097,-2.13071,-2.13071,48200000,48200000,https://www.sec.gov/Archives/edgar/data/719413/000071941395000024/0000719413-95-000024-index.html,https://www.sec.gov/Archives/edgar/data/719413/0000719413-95-000024.txt
0,1995-06-30,HL,1995-08-14 00:00:00,1995-08-14 00:00:00,Q2,39600000,38700000,900000.0,0.022727,1200000.0,2100000.0,0.0,0.0,3500000.0,42200000,0.0,5999999.999999999,8299999.999999999,0.209596,-2500000.0,-0.063131,4900000.0,2300000.0,0.058081,100000.0,2200000.0,0.055556,0.04564,0.04564,48200000,48200000,https://www.sec.gov/Archives/edgar/data/719413/000071941395000009/0000719413-95-000009-index.html,https://www.sec.gov/Archives/edgar/data/719413/0000719413-95-000009.txt
0,1995-03-31,HL,1995-05-12 00:00:00,1995-05-12 00:00:00,Q1,35700000,36000000,-200000.0,-0.005602,1000000.0,2300000.0,0.0,0.0,3399999.9999999986,39400000,0.0,5700000.0,3300000.0,0.092437,-3700000.0,-0.103641,1300000.0,-2400000.0,-0.067227,100000.0,-2500000.0,-0.070028,-0.05198,-0.05198,48100000,48100000,https://www.sec.gov/Archives/edgar/data/719413/000095012395001354/0000950123-95-001354-index.html,https://www.sec.gov/Archives/edgar/data/719413/0000950123-95-001354.txt
0,1994-12-31,HL,,,Q4,25700000,25100000,600000.0,0.023346,1900000.0,2200000.0,0.0,0.0,22000000,47100000,0.0,3900000.0000000005,-16800000,-0.653696,-21400000,-0.832685,700000.0,-20700000,-0.805447,-200000.0,-20500000,-0.797665,-0.42887,-0.42887,47800000,47800000,,
0,1994-09-30,HL,1994-11-10 00:00:00,1994-11-10 00:00:00,Q3,35300000,29400000,5800000.0,0.164306,2400000.0,2600000.0,0.0,0.0,5600000.000000001,35000000,0.0,4300000.000000001,4900000.000000001,0.13881,300000.0,0.008499,400000.0,700000.0,0.01983,-200000.0,800000.0,0.022663,0.01663,0.01663,48100000,48100000,https://www.sec.gov/Archives/edgar/data/719413/000095012394001835/0000950123-94-001835-index.html,https://www.sec.gov/Archives/edgar/data/719413/0000950123-94-001835.txt
0,1994-06-30,HL,1994-08-12 00:00:00,1994-08-12 00:00:00,Q2,38000000,34000000,4000000.0,0.105263,2000000.0,1800000.0,0.0,0.0,4399999.999999999,38400000,0.0,3800000.0,4300000.0,0.113158,-300000.0,-0.007895,1700000.0,1300000.0,0.034211,-200000.0,700000.0,0.018421,0.0158,0.0158,44300000,44300000,https://www.sec.gov/Archives/edgar/data/719413/000095012394001330/0000950123-94-001330-index.html,https://www.sec.gov/Archives/edgar/data/719413/0000950123-94-001330.txt
0,1994-03-31,HL,1994-05-12 00:00:00,1994-05-12 00:00:00,Q1,26300000,27500000,-1100000.0,-0.041825,2100000.0,4600000.0,0.0,0.0,6899999.999999999,34400000,0.0,2800000.0,-2800000.0,-0.106464,-8000000.0,-0.304183,2500000.0,-5600000.0,-0.212928,100000.0,-5700000.0,-0.21673,-0.14144,-0.14144,40300000,40300000,https://www.sec.gov/Archives/edgar/data/719413/000095012394000900/0000950123-94-000900-index.html,https://www.sec.gov/Archives/edgar/data/719413/0000950123-94-000900.txt
