,date,symbol,fillingDate,acceptedDate,period,revenue,costOfRevenue,grossProfit,grossProfitRatio,researchAndDevelopmentExpenses,generalAndAdministrativeExpenses,sellingAndMarketingExpenses,otherExpenses,operatingExpenses,costAndExpenses,interestExpense,depreciationAndAmortization,ebitda,ebitdaratio,operatingIncome,operatingIncomeRatio,totalOtherIncomeExpensesNet,incomeBeforeTax,incomeBeforeTaxRatio,incomeTaxExpense,netIncome,netIncomeRatio,eps,epsdiluted,weightedAverageShsOut,weightedAverageShsOutDil,link,finalLink
0,2020-06-30,ASR.TO,2020-06-30,2020-06-30,Q2,131324000,70987000,60337000,0.4594514330967683,0.0,17022000,0.0,-11000.0,3600000.0,91609000,5772000.0,0.0,61714000,0.46993694983399836,39715000,0.18308153878955866,-10187000,24043000,0.18308153878955866,8612000.0,8354000.0,0.06361365782339862,0.03,0.03,294811505,298428518,https://www.sedar.com/ModifyCompanyDocumentSearchForm.do?lang=EN&company_search=Alacer Gold Corp&document_selection=0&industry_group=A&FromDate=13&FromMonth=05&FromYear=2000&ToDate=13&ToMonth=11&ToYear=2020&Variable=Issuer,https://www.sedar.com/ModifyCompanyDocumentSearchForm.do?lang=EN&company_search=Alacer Gold Corp&document_selection=0&industry_group=A&FromDate=13&FromMonth=05&FromYear=2000&ToDate=13&ToMonth=11&ToYear=2020&Variable=Issuer
0,2020-03-31,ASR.TO,2020-03-31,2020-03-31,Q1,142267000,80209000,62058000,0.43620797514532533,0.0,2330000.0,0.0,601000.0,1657000.0,84196000,6585000.0,0.0,86466000,0.6077727090611316,58071000,0.2475767395109196,-16979000,35222000,0.2475767395109196,-27173000,48621000,0.34175880562604116,0.16,0.16,294786160,298504243,https://www.sedar.com/ModifyCompanyDocumentSearchForm.do?lang=EN&company_search=Alacer Gold Corp&document_selection=0&industry_group=A&FromDate=13&FromMonth=05&FromYear=2000&ToDate=13&ToMonth=11&ToYear=2020&Variable=Issuer,https://www.sedar.com/ModifyCompanyDocumentSearchForm.do?lang=EN&company_search=Alacer Gold Corp&document_selection=0&industry_group=A&FromDate=13&FromMonth=05&FromYear=2000&ToDate=13&ToMonth=11&ToYear=2020&Variable=Issuer
0,2019-12-31,ASR.TO,2019-12-31,2019-12-31,Q4,156522000,85708000,70814000,0.45242202374107154,0.0,9081000.0,0.0,-886000.0,3765000.0,98554000,6598000.0,0.0,86436000,0.5522290796182007,57968000,0.26419289301184495,-10891000,41352000,0.26419289301184495,-53388000,73291000,0.46824727514343034,0.24860291663312123,0.24860291663312123,294811505,294811505,https://www.sedar.com/ModifyCompanyDocumentSearchForm.do?lang=EN&company_search=Alacer Gold Corp&document_selection=0&industry_group=A&FromDate=13&FromMonth=05&FromYear=2000&ToDate=13&ToMonth=11&ToYear=2020&Variable=Issuer,https://www.sedar.com/ModifyCompanyDocumentSearchForm.do?lang=EN&company_search=Alacer Gold Corp&document_selection=0&industry_group=A&FromDate=13&FromMonth=05&FromYear=2000&ToDate=13&ToMonth=11&ToYear=2020&Variable=Issuer
0,2019-09-30,ASR.TO,2019-09-30,2019-09-30,Q3,143981000,78360000,65621000,0.4557615240899841,0.0,7941000.0,0.0,-603000.0,1865000.0,88166000,6762000.0,0.0,80697000,0.5604697842076385,55815000,0.37156985991207175,3623000.0,53499000,0.37156985991207175,8102000.0,34831000,0.24191386363478515,0.12,0.12,294683090,300189302,https://www.sedar.com/ModifyCompanyDocumentSearchForm.do?lang=EN&company_search=Alacer Gold Corp&document_selection=0&industry_group=A&FromDate=13&FromMonth=05&FromYear=2000&ToDate=13&ToMonth=11&ToYear=2020&Variable=Issuer,https://www.sedar.com/ModifyCompanyDocumentSearchForm.do?lang=EN&company_search=Alacer Gold Corp&document_selection=0&industry_group=A&FromDate=13&FromMonth=05&FromYear=2000&ToDate=13&ToMonth=11&ToYear=2020&Variable=Issuer
0,2019-06-30,ASR.TO,2019-06-30,2019-06-30,Q2,96220000,53463000,42757000,0.444367075452089,0.0,5224000.0,0.0,-1000.0,1456000.0,60143000,4336000.0,0.0,52509000,0.5457181459156101,36077000,0.1408542922469341,-19002000,13553000,0.1408542922469341,2419000.0,4833000.0,0.050228642693826646,0.02,0.02,294649373,300353643,https://www.sedar.com/ModifyCompanyDocumentSearchForm.do?lang=EN&company_search=Alacer Gold Corp&document_selection=0&industry_group=A&FromDate=13&FromMonth=05&FromYear=2000&ToDate=13&ToMonth=11&ToYear=2020&Variable=Issuer,https://www.sedar.com/ModifyCompanyDocumentSearchForm.do?lang=EN&company_search=Alacer Gold Corp&document_selection=0&industry_group=A&FromDate=13&FromMonth=05&FromYear=2000&ToDate=13&ToMonth=11&ToYear=2020&Variable=Issuer
0,2019-03-31,ASR.TO,2019-03-31,2019-03-31,Q1,73520000,39108000,34412000,0.46806311207834606,0.0,8538000.0,0.0,416000.0,852000.0,48498000,1561000.0,0.0,37805000,0.5142138193688792,25022000,0.21673014145810665,-8347000.0,15934000,0.21673014145810665,9495000.0,3337000.0,0.04538900979325353,0.01,0.01,294608935,297702183,https://www.sedar.com/ModifyCompanyDocumentSearchForm.do?lang=EN&company_search=Alacer Gold Corp&document_selection=0&industry_group=A&FromDate=13&FromMonth=05&FromYear=2000&ToDate=13&ToMonth=11&ToYear=2020&Variable=Issuer,https://www.sedar.com/ModifyCompanyDocumentSearchForm.do?lang=EN&company_search=Alacer Gold Corp&document_selection=0&industry_group=A&FromDate=13&FromMonth=05&FromYear=2000&ToDate=13&ToMonth=11&ToYear=2020&Variable=Issuer
0,2018-12-31,ASR.TO,2018-12-31,2018-12-31,Q4,63806000,26400000,37406000,0.5862458076043006,0.0,4380000.0,0.0,-474000.0,19000.0,30799000,0.0,0.0,20459000,0.32064382659937934,33007000,0.742720120364856,13710000,47390000,0.742720120364856,1921000.0,35699000,0.5594928376641695,0.12109093232301094,0.12109093232301094,294811505,294811505,https://www.sedar.com/ModifyCompanyDocumentSearchForm.do?lang=EN&company_search=Alacer Gold Corp&document_selection=0&industry_group=A&FromDate=13&FromMonth=05&FromYear=2000&ToDate=13&ToMonth=11&ToYear=2020&Variable=Issuer,https://www.sedar.com/ModifyCompanyDocumentSearchForm.do?lang=EN&company_search=Alacer Gold Corp&document_selection=0&industry_group=A&FromDate=13&FromMonth=05&FromYear=2000&ToDate=13&ToMonth=11&ToYear=2020&Variable=Issuer
0,2018-09-30,ASR.TO,2018-09-30,2018-09-30,Q3,35495000,21937000,13558000,0.3819692914494999,0.0,2479000.0,0.0,108000.0,-247000.0,24169000,0.0,0.0,54938000,1.54776729116777,11326000,-0.6673334272432737,-35769000,-23687000,-0.6673334272432737,8645000.0,-27142000,-0.7646710804338639,-0.09,-0.09,293840088,296738604,https://www.sedar.com/ModifyCompanyDocumentSearchForm.do?lang=EN&company_search=Alacer Gold Corp&document_selection=0&industry_group=A&FromDate=13&FromMonth=05&FromYear=2000&ToDate=13&ToMonth=11&ToYear=2020&Variable=Issuer,https://www.sedar.com/ModifyCompanyDocumentSearchForm.do?lang=EN&company_search=Alacer Gold Corp&document_selection=0&industry_group=A&FromDate=13&FromMonth=05&FromYear=2000&ToDate=13&ToMonth=11&ToYear=2020&Variable=Issuer
0,2018-06-30,ASR.TO,2018-06-30,2018-06-30,Q2,32342000,20760000,11582000,0.358110197266712,0.0,3981000.0,0.0,429000.0,1329000.0,26070000,0.0,0.0,37930000,1.1727784305237772,6272000.0,-0.5751035804835817,-24872000,-18600000,-0.5751035804835817,4838000.0,-20115000,-0.6219466947003895,-0.07,-0.07,293806371,296704887,https://www.sedar.com/ModifyCompanyDocumentSearchForm.do?lang=EN&company_search=Alacer Gold Corp&document_selection=0&industry_group=A&FromDate=13&FromMonth=05&FromYear=2000&ToDate=13&ToMonth=11&ToYear=2020&Variable=Issuer,https://www.sedar.com/ModifyCompanyDocumentSearchForm.do?lang=EN&company_search=Alacer Gold Corp&document_selection=0&industry_group=A&FromDate=13&FromMonth=05&FromYear=2000&ToDate=13&ToMonth=11&ToYear=2020&Variable=Issuer
0,2018-03-31,ASR.TO,2018-03-31,2018-03-31,Q1,56340000,36915000,19425000,0.34478168264110753,0.0,4451000.0,0.0,273000.0,1303000.0,42669000,0.0,0.0,36497000,0.6477990770323039,13671000,0.07151224707135251,-9732000.0,4029000.0,0.07151224707135251,-30835000,26676000,0.47348242811501595,0.09,0.09,293766977,296794138,https://www.sedar.com/ModifyCompanyDocumentSearchForm.do?lang=EN&company_search=Alacer Gold Corp&document_selection=0&industry_group=A&FromDate=13&FromMonth=05&FromYear=2000&ToDate=13&ToMonth=11&ToYear=2020&Variable=Issuer,https://www.sedar.com/ModifyCompanyDocumentSearchForm.do?lang=EN&company_search=Alacer Gold Corp&document_selection=0&industry_group=A&FromDate=13&FromMonth=05&FromYear=2000&ToDate=13&ToMonth=11&ToYear=2020&Variable=Issuer
0,2017-12-31,ASR.TO,2017-12-31,2017-12-31,Q4,80603000,43470000,37133000,0.4606900487574904,0.0,3720000.0,0.0,86000.0,8537000.0,55727000,0.0,0.0,55847000,0.6928650298375991,24876000,0.13623562398421896,-14258000,10981000,0.13623562398421896,-17156000,20953000,0.25995310348250067,0.07107253158251066,0.07107253158251066,294811505,294811505,https://www.sedar.com/ModifyCompanyDocumentSearchForm.do?lang=EN&company_search=Alacer Gold Corp&document_selection=0&industry_group=A&FromDate=13&FromMonth=05&FromYear=2000&ToDate=13&ToMonth=11&ToYear=2020&Variable=Issuer,https://www.sedar.com/ModifyCompanyDocumentSearchForm.do?lang=EN&company_search=Alacer Gold Corp&document_selection=0&industry_group=A&FromDate=13&FromMonth=05&FromYear=2000&ToDate=13&ToMonth=11&ToYear=2020&Variable=Issuer
0,2017-09-30,ASR.TO,2017-09-30,2017-09-30,Q3,49837000,33066000,16771000,0.3365170455685535,0.0,4081000.0,0.0,261000.0,571000.0,37718000,0.0,0.0,31473000,0.6315187511286795,12119000,0.15111262716455645,-5224000.0,7531000.0,0.15111262716455645,-30374000,29115000,0.5842045066918153,0.1,0.1,293091028,295746881,https://www.sedar.com/ModifyCompanyDocumentSearchForm.do?lang=EN&company_search=Alacer Gold Corp&document_selection=0&industry_group=A&FromDate=13&FromMonth=05&FromYear=2000&ToDate=13&ToMonth=11&ToYear=2020&Variable=Issuer,https://www.sedar.com/ModifyCompanyDocumentSearchForm.do?lang=EN&company_search=Alacer Gold Corp&document_selection=0&industry_group=A&FromDate=13&FromMonth=05&FromYear=2000&ToDate=13&ToMonth=11&ToYear=2020&Variable=Issuer
0,2017-06-30,ASR.TO,2017-06-30,2017-06-30,Q2,35800000,31548000,4252000.0,0.11877094972067039,0.0,2540000.0,0.0,255000.0,607000.0,34695000,0.0,0.0,8731000.0,0.2438826815642458,1105000.0,0.11011173184357542,2569000.0,3942000.0,0.11011173184357542,-25546000,22778000,0.6362569832402235,0.08,0.08,293026615,295682468,https://www.sedar.com/ModifyCompanyDocumentSearchForm.do?lang=EN&company_search=Alacer Gold Corp&document_selection=0&industry_group=A&FromDate=13&FromMonth=05&FromYear=2000&ToDate=13&ToMonth=11&ToYear=2020&Variable=Issuer,https://www.sedar.com/ModifyCompanyDocumentSearchForm.do?lang=EN&company_search=Alacer Gold Corp&document_selection=0&industry_group=A&FromDate=13&FromMonth=05&FromYear=2000&ToDate=13&ToMonth=11&ToYear=2020&Variable=Issuer
0,2017-03-31,ASR.TO,2017-03-31,2017-03-31,Q1,42847000,35174000,7673000.0,0.17907904870819427,0.0,5780000.0,0.0,237000.0,425000.0,41379000,0.0,0.0,26047000,0.6079072047051135,1468000.0,-0.2910588839358648,-14376000,-12471000,-0.2910588839358648,-24661000,8658000.0,0.20206782271804327,0.03,0.03,292805150,295594178,https://www.sedar.com/ModifyCompanyDocumentSearchForm.do?lang=EN&company_search=Alacer Gold Corp&document_selection=0&industry_group=A&FromDate=13&FromMonth=05&FromYear=2000&ToDate=13&ToMonth=11&ToYear=2020&Variable=Issuer,https://www.sedar.com/ModifyCompanyDocumentSearchForm.do?lang=EN&company_search=Alacer Gold Corp&document_selection=0&industry_group=A&FromDate=13&FromMonth=05&FromYear=2000&ToDate=13&ToMonth=11&ToYear=2020&Variable=Issuer
0,2016-12-31,ASR.TO,2016-12-31,2016-12-31,Q4,38419000,34543000,3876000.0,0.10088758166532184,0.0,4534000.0,0.0,-524000.0,274000.0,39351000,0.0,0.0,-8380000.0,-0.2181212420937557,-932000.0,0.3286655040474765,14356000,12627000,0.3286655040474765,19718000,-8157000.0,-0.21231682240558059,-0.02766852670827755,-0.02766852670827755,294811505,294811505,https://www.sedar.com/ModifyCompanyDocumentSearchForm.do?lang=EN&company_search=Alacer Gold Corp&document_selection=0&industry_group=A&FromDate=13&FromMonth=05&FromYear=2000&ToDate=13&ToMonth=11&ToYear=2020&Variable=Issuer,https://www.sedar.com/ModifyCompanyDocumentSearchForm.do?lang=EN&company_search=Alacer Gold Corp&document_selection=0&industry_group=A&FromDate=13&FromMonth=05&FromYear=2000&ToDate=13&ToMonth=11&ToYear=2020&Variable=Issuer
0,2016-09-30,ASR.TO,2016-09-30,2016-09-30,Q3,28005000,25071000,2934000.0,0.10476700589180503,0.0,5442000.0,0.0,389000.0,531000.0,31044000,0.0,0.0,5892000.0,0.21039100160685592,-3039000.0,-0.2662738796643456,-4702000.0,-7457000.0,-0.2662738796643456,-10093000,77000.0,0.0027495090162470985,0.000264,0.000261,291973144,294785317,https://www.sedar.com/ModifyCompanyDocumentSearchForm.do?lang=EN&company_search=Alacer Gold Corp&document_selection=0&industry_group=A&FromDate=13&FromMonth=05&FromYear=2000&ToDate=13&ToMonth=11&ToYear=2020&Variable=Issuer,https://www.sedar.com/ModifyCompanyDocumentSearchForm.do?lang=EN&company_search=Alacer Gold Corp&document_selection=0&industry_group=A&FromDate=13&FromMonth=05&FromYear=2000&ToDate=13&ToMonth=11&ToYear=2020&Variable=Issuer
0,2016-06-30,ASR.TO,2016-06-30,2016-06-30,Q2,37881000,33267000,4614000.0,0.12180248673477469,0.0,4480000.0,0.0,-831000.0,662000.0,38409000,0.0,0.0,15434000,0.40743380586573746,-528000.0,-0.2598928222591801,-9628000.0,-9845000.0,-0.2598928222591801,-25985000,12189000,0.32177080858477863,0.04,0.04,291939701,295630373,https://www.sedar.com/ModifyCompanyDocumentSearchForm.do?lang=EN&company_search=Alacer Gold Corp&document_selection=0&industry_group=A&FromDate=13&FromMonth=05&FromYear=2000&ToDate=13&ToMonth=11&ToYear=2020&Variable=Issuer,https://www.sedar.com/ModifyCompanyDocumentSearchForm.do?lang=EN&company_search=Alacer Gold Corp&document_selection=0&industry_group=A&FromDate=13&FromMonth=05&FromYear=2000&ToDate=13&ToMonth=11&ToYear=2020&Variable=Issuer
0,2016-03-31,ASR.TO,2016-03-31,2016-03-31,Q1,37689000,30970000,6719000.0,0.1782748281992093,0.0,4281000.0,0.0,572000.0,538000.0,35789000,0.0,0.0,11616000,0.30820663854174957,1900000.0,0.059725649393722303,82000.0,2251000.0,0.059725649393722303,-1724000.0,2097000.0,0.05563957653426729,0.01,0.01,291873847,295430421,https://www.sedar.com/ModifyCompanyDocumentSearchForm.do?lang=EN&company_search=Alacer Gold Corp&document_selection=0&industry_group=A&FromDate=13&FromMonth=05&FromYear=2000&ToDate=13&ToMonth=11&ToYear=2020&Variable=Issuer,https://www.sedar.com/ModifyCompanyDocumentSearchForm.do?lang=EN&company_search=Alacer Gold Corp&document_selection=0&industry_group=A&FromDate=13&FromMonth=05&FromYear=2000&ToDate=13&ToMonth=11&ToYear=2020&Variable=Issuer
0,2015-12-31,ASR.TO,2015-12-31,2015-12-31,Q4,51050000,40675000,10375000,0.20323212536728696,0.0,2608000.0,0.0,-78000.0,441000.0,43724000,-28000.0,0.0,19211000,0.3763173359451518,7326000.0,0.13396669931439764,-515000.0,6839000.0,0.13396669931439764,-6622000.0,10003000,0.19594515181194908,0.03393015479501046,0.03393015479501046,294811505,294811505,https://www.sedar.com/ModifyCompanyDocumentSearchForm.do?lang=EN&company_search=Alacer Gold Corp&document_selection=0&industry_group=A&FromDate=13&FromMonth=05&FromYear=2000&ToDate=13&ToMonth=11&ToYear=2020&Variable=Issuer,https://www.sedar.com/ModifyCompanyDocumentSearchForm.do?lang=EN&company_search=Alacer Gold Corp&document_selection=0&industry_group=A&FromDate=13&FromMonth=05&FromYear=2000&ToDate=13&ToMonth=11&ToYear=2020&Variable=Issuer
0,2015-09-30,ASR.TO,2015-09-30,2015-09-30,Q3,60260000,39343000,20917000,0.34711251244606706,0.0,3631000.0,0.0,617000.0,450000.0,43424000,5000.0,0.0,27666000,0.45911052107534017,16836000,0.27017922336541655,-550000.0,16281000,0.27017922336541655,5135000.0,7356000.0,0.12207102555592433,0.03,0.02,290970713,294869101,https://www.sedar.com/ModifyCompanyDocumentSearchForm.do?lang=EN&company_search=Alacer Gold Corp&document_selection=0&industry_group=A&FromDate=13&FromMonth=05&FromYear=2000&ToDate=13&ToMonth=11&ToYear=2020&Variable=Issuer,https://www.sedar.com/ModifyCompanyDocumentSearchForm.do?lang=EN&company_search=Alacer Gold Corp&document_selection=0&industry_group=A&FromDate=13&FromMonth=05&FromYear=2000&ToDate=13&ToMonth=11&ToYear=2020&Variable=Issuer
0,2015-06-30,ASR.TO,2015-06-30,2015-06-30,Q2,64138000,32364000,31774000,0.4954005425800617,0.0,4273000.0,0.0,505000.0,681000.0,37318000,24000.0,0.0,38335000,0.5976955938757055,26820000,0.345879197979357,-4612000.0,22184000,0.345879197979357,2972000.0,14084000,0.2195890111946116,0.05,0.05,291123547,295021935,https://www.sedar.com/ModifyCompanyDocumentSearchForm.do?lang=EN&company_search=Alacer Gold Corp&document_selection=0&industry_group=A&FromDate=13&FromMonth=05&FromYear=2000&ToDate=13&ToMonth=11&ToYear=2020&Variable=Issuer,https://www.sedar.com/ModifyCompanyDocumentSearchForm.do?lang=EN&company_search=Alacer Gold Corp&document_selection=0&industry_group=A&FromDate=13&FromMonth=05&FromYear=2000&ToDate=13&ToMonth=11&ToYear=2020&Variable=Issuer
0,2015-03-31,ASR.TO,2015-03-31,2015-03-31,Q1,61816000,35556000,26260000,0.42480911090979684,0.0,4570000.0,0.0,410000.0,382000.0,40508000,24000.0,0.0,33838000,0.547398731719943,21308000,0.31160217419438335,-2022000.0,19262000,0.31160217419438335,-2548000.0,15188000,0.24569690694965704,0.05,0.05,290855761,294967198,https://www.sedar.com/ModifyCompanyDocumentSearchForm.do?lang=EN&company_search=Alacer Gold Corp&document_selection=0&industry_group=A&FromDate=13&FromMonth=05&FromYear=2000&ToDate=13&ToMonth=11&ToYear=2020&Variable=Issuer,https://www.sedar.com/ModifyCompanyDocumentSearchForm.do?lang=EN&company_search=Alacer Gold Corp&document_selection=0&industry_group=A&FromDate=13&FromMonth=05&FromYear=2000&ToDate=13&ToMonth=11&ToYear=2020&Variable=Issuer
0,2014-12-31,ASR.TO,2014-12-31,2014-12-31,Q4,76509000,43863000,32646000,0.42669489863937576,0.0,4533000.0,0.0,-2280000.0,-3203000.0,45193000,0.0,0.0,50543000,0.6606150910350417,31316000,0.3067351553412017,-7812000.0,23468000,0.3067351553412017,-18127000,31617000,0.4132455005293495,0.10724479697629168,0.10724479697629168,294811505,294811505,https://www.sedar.com/ModifyCompanyDocumentSearchForm.do?lang=EN&company_search=Alacer Gold Corp&document_selection=0&industry_group=A&FromDate=13&FromMonth=05&FromYear=2000&ToDate=13&ToMonth=11&ToYear=2020&Variable=Issuer,https://www.sedar.com/ModifyCompanyDocumentSearchForm.do?lang=EN&company_search=Alacer Gold Corp&document_selection=0&industry_group=A&FromDate=13&FromMonth=05&FromYear=2000&ToDate=13&ToMonth=11&ToYear=2020&Variable=Issuer
0,2014-09-30,ASR.TO,2014-09-30,2014-09-30,Q3,79581000,52442000,27139000,0.3410236111634687,0.0,4497000.0,0.0,4464000.0,761000.0,57700000,0.0,0.0,44614000,0.5606112011661075,21881000,0.3267237154597203,4113000.0,26001000,0.3267237154597203,6333000.0,14900000,0.18723062037420993,0.05,0.05,290402761,293973647,https://www.sedar.com/ModifyCompanyDocumentSearchForm.do?lang=EN&company_search=Alacer Gold Corp&document_selection=0&industry_group=A&FromDate=13&FromMonth=05&FromYear=2000&ToDate=13&ToMonth=11&ToYear=2020&Variable=Issuer,https://www.sedar.com/ModifyCompanyDocumentSearchForm.do?lang=EN&company_search=Alacer Gold Corp&document_selection=0&industry_group=A&FromDate=13&FromMonth=05&FromYear=2000&ToDate=13&ToMonth=11&ToYear=2020&Variable=Issuer
0,2014-06-30,ASR.TO,2014-06-30,2014-06-30,Q2,63707000,38578000,25129000,0.3944464501546141,0.0,3932000.0,0.0,194000.0,1262000.0,43772000,0.0,0.0,29638000,0.4652236018019998,19935000,0.2770967083679972,-2292000.0,17653000,0.2770967083679972,4945000.0,9128000.0,0.14328095813646852,0.03,0.03,290368725,293185950,https://www.sedar.com/ModifyCompanyDocumentSearchForm.do?lang=EN&company_search=Alacer Gold Corp&document_selection=0&industry_group=A&FromDate=13&FromMonth=05&FromYear=2000&ToDate=13&ToMonth=11&ToYear=2020&Variable=Issuer,https://www.sedar.com/ModifyCompanyDocumentSearchForm.do?lang=EN&company_search=Alacer Gold Corp&document_selection=0&industry_group=A&FromDate=13&FromMonth=05&FromYear=2000&ToDate=13&ToMonth=11&ToYear=2020&Variable=Issuer
0,2014-03-31,ASR.TO,2014-03-31,2014-03-31,Q1,71800000,39730000,32070000,0.44665738161559887,0.0,4304000.0,0.0,-2361000.0,788000.0,44822000,0.0,0.0,33492000,0.4664623955431755,26978000,0.3267270194986072,-3538000.0,23459000,0.3267270194986072,8655000.0,9699000.0,0.13508356545961003,0.03,0.03,290273676,293220256,https://www.sedar.com/ModifyCompanyDocumentSearchForm.do?lang=EN&company_search=Alacer Gold Corp&document_selection=0&industry_group=A&FromDate=13&FromMonth=05&FromYear=2000&ToDate=13&ToMonth=11&ToYear=2020&Variable=Issuer,https://www.sedar.com/ModifyCompanyDocumentSearchForm.do?lang=EN&company_search=Alacer Gold Corp&document_selection=0&industry_group=A&FromDate=13&FromMonth=05&FromYear=2000&ToDate=13&ToMonth=11&ToYear=2020&Variable=Issuer
0,2013-12-31,ASR.TO,2013-12-31,2013-12-31,Q4,88102000,47131000,40971000,0.4650405212140474,0.0,9066000.0,0.0,7001000.0,689000.0,56886000,-270000.0,0.0,41939000,0.4760277859753468,31216000,0.3579373907516288,152000.0,31535000,0.3579373907516288,40813000,14511000,0.16470681709836327,0.04922128123866808,0.04922128123866808,294811505,294811505,https://www.sedar.com/ModifyCompanyDocumentSearchForm.do?lang=EN&company_search=Alacer Gold Corp&document_selection=0&industry_group=A&FromDate=13&FromMonth=05&FromYear=2000&ToDate=13&ToMonth=11&ToYear=2020&Variable=Issuer,https://www.sedar.com/ModifyCompanyDocumentSearchForm.do?lang=EN&company_search=Alacer Gold Corp&document_selection=0&industry_group=A&FromDate=13&FromMonth=05&FromYear=2000&ToDate=13&ToMonth=11&ToYear=2020&Variable=Issuer
0,2013-09-30,ASR.TO,2013-09-30,2013-09-30,Q3,108814000,39295000,69519000,0.6388791883397357,0.0,6887000.0,0.0,-7321000.0,727000.0,46909000,401000.0,0.0,66652000,0.6125314757292261,61905000,0.45159630194644074,-12916000,49140000,0.45159630194644074,12581000,-32093000,-0.2949344753432463,-0.11,-0.11,289319273,292653190,https://www.sedar.com/ModifyCompanyDocumentSearchForm.do?lang=EN&company_search=Alacer Gold Corp&document_selection=0&industry_group=A&FromDate=13&FromMonth=05&FromYear=2000&ToDate=13&ToMonth=11&ToYear=2020&Variable=Issuer,https://www.sedar.com/ModifyCompanyDocumentSearchForm.do?lang=EN&company_search=Alacer Gold Corp&document_selection=0&industry_group=A&FromDate=13&FromMonth=05&FromYear=2000&ToDate=13&ToMonth=11&ToYear=2020&Variable=Issuer
0,2013-06-30,ASR.TO,2013-06-30,2013-06-30,Q2,89627000,36082000,53545000,0.5974204201858815,0.0,10394000,0.0,608000.0,1143000.0,47619000,332000.0,0.0,53627000,0.5983353230611311,42008000,0.471141508697156,-482000.0,42227000,0.471141508697156,15551000,-433773000,-4.839758108605666,-1.5,-1.5,289003190,291694243,https://www.sedar.com/ModifyCompanyDocumentSearchForm.do?lang=EN&company_search=Alacer Gold Corp&document_selection=0&industry_group=A&FromDate=13&FromMonth=05&FromYear=2000&ToDate=13&ToMonth=11&ToYear=2020&Variable=Issuer,https://www.sedar.com/ModifyCompanyDocumentSearchForm.do?lang=EN&company_search=Alacer Gold Corp&document_selection=0&industry_group=A&FromDate=13&FromMonth=05&FromYear=2000&ToDate=13&ToMonth=11&ToYear=2020&Variable=Issuer
0,2013-03-31,ASR.TO,2013-03-31,2013-03-31,Q1,169494000,129831000,39663000,0.23400828347906122,0.0,11612000,0.0,-25000.0,7509000.0,148952000,1256000.0,0.0,59364000,0.3502424864596977,20542000,0.12112523157161906,683000.0,20530000,0.12112523157161906,5880000.0,4154000.0,0.024508242179664175,0.01,0.01,288330118,292025432,https://www.sedar.com/ModifyCompanyDocumentSearchForm.do?lang=EN&company_search=Alacer Gold Corp&document_selection=0&industry_group=A&FromDate=13&FromMonth=05&FromYear=2000&ToDate=13&ToMonth=11&ToYear=2020&Variable=Issuer,https://www.sedar.com/ModifyCompanyDocumentSearchForm.do?lang=EN&company_search=Alacer Gold Corp&document_selection=0&industry_group=A&FromDate=13&FromMonth=05&FromYear=2000&ToDate=13&ToMonth=11&ToYear=2020&Variable=Issuer
0,2012-12-31,ASR.TO,2012-12-31,2012-12-31,Q4,181904000,128207000,53697000,0.2951941683525376,0.0,13948000,0.0,0.0,12933000,155088000,1422000.0,0.0,24693000,0.13574742721435482,26816000,-2.6229494678511744,-472555000,-477125000,-2.6229494678511744,806000.0,-490646000,-2.6972798838948018,-1.664270191897701,-1.664270191897701,294811505,294811505,https://www.sedar.com/ModifyCompanyDocumentSearchForm.do?lang=EN&company_search=Alacer Gold Corp&document_selection=0&industry_group=A&FromDate=13&FromMonth=05&FromYear=2000&ToDate=13&ToMonth=11&ToYear=2020&Variable=Issuer,https://www.sedar.com/ModifyCompanyDocumentSearchForm.do?lang=EN&company_search=Alacer Gold Corp&document_selection=0&industry_group=A&FromDate=13&FromMonth=05&FromYear=2000&ToDate=13&ToMonth=11&ToYear=2020&Variable=Issuer
0,2012-09-30,ASR.TO,2012-09-30,2012-09-30,Q3,179497000,128643000,50854000,0.28331392725226606,0.0,11145000,0.0,0.0,11807000,151595000,-538000.0,0.0,33109000,0.18445433628417188,27902000,0.18348496075143317,6478000.0,32935000,0.18348496075143317,911000.0,23365000,0.13016930645080418,0.08,0.08,287971559,291327020,https://www.sedar.com/ModifyCompanyDocumentSearchForm.do?lang=EN&company_search=Alacer Gold Corp&document_selection=0&industry_group=A&FromDate=13&FromMonth=05&FromYear=2000&ToDate=13&ToMonth=11&ToYear=2020&Variable=Issuer,https://www.sedar.com/ModifyCompanyDocumentSearchForm.do?lang=EN&company_search=Alacer Gold Corp&document_selection=0&industry_group=A&FromDate=13&FromMonth=05&FromYear=2000&ToDate=13&ToMonth=11&ToYear=2020&Variable=Issuer
0,2012-06-30,ASR.TO,2012-06-30,2012-06-30,Q2,175603000,115837000,59766000,0.3403472605821085,0.0,9784000.0,0.0,0.0,11389000,137010000,2027000.0,0.0,52449000,0.29867940752720623,38593000,0.19768454980837458,-8841000.0,34714000,0.19768454980837458,-2099000.0,27396000,0.1560110020899415,0.1,0.09,285342621,289042939,https://www.sedar.com/ModifyCompanyDocumentSearchForm.do?lang=EN&company_search=Alacer Gold Corp&document_selection=0&industry_group=A&FromDate=13&FromMonth=05&FromYear=2000&ToDate=13&ToMonth=11&ToYear=2020&Variable=Issuer,https://www.sedar.com/ModifyCompanyDocumentSearchForm.do?lang=EN&company_search=Alacer Gold Corp&document_selection=0&industry_group=A&FromDate=13&FromMonth=05&FromYear=2000&ToDate=13&ToMonth=11&ToYear=2020&Variable=Issuer
0,2012-03-31,ASR.TO,2012-03-31,2012-03-31,Q1,181886000,112828000,69058000,0.3796773803371343,0.0,12535000,0.0,0.0,8841000.0,134204000,5973000.0,0.0,88345000,0.48571632780972696,47682000,0.4171294107297978,29695000,75870000,0.4171294107297978,9135000.0,53923000,0.29646591821250673,0.19,0.19,280437816,284472001,https://www.sedar.com/ModifyCompanyDocumentSearchForm.do?lang=EN&company_search=Alacer Gold Corp&document_selection=0&industry_group=A&FromDate=13&FromMonth=05&FromYear=2000&ToDate=13&ToMonth=11&ToYear=2020&Variable=Issuer,https://www.sedar.com/ModifyCompanyDocumentSearchForm.do?lang=EN&company_search=Alacer Gold Corp&document_selection=0&industry_group=A&FromDate=13&FromMonth=05&FromYear=2000&ToDate=13&ToMonth=11&ToYear=2020&Variable=Issuer
0,2011-12-31,ASR.TO,2011-12-31,2011-12-31,Q4,184187000,95013000,89174000,0.4841492613485208,0.0,13652000,0.0,0.0,8033000.0,116698000,4830000.0,0.0,107527000,0.5837925586496333,67489000,0.32008773691954373,-14927000,58956000,0.32008773691954373,-14526000,69501000,0.377339334480718,0.23574724466740196,0.23574724466740196,294811505,294811505,https://www.sedar.com/ModifyCompanyDocumentSearchForm.do?lang=EN&company_search=Alacer Gold Corp&document_selection=0&industry_group=A&FromDate=13&FromMonth=05&FromYear=2000&ToDate=13&ToMonth=11&ToYear=2020&Variable=Issuer,https://www.sedar.com/ModifyCompanyDocumentSearchForm.do?lang=EN&company_search=Alacer Gold Corp&document_selection=0&industry_group=A&FromDate=13&FromMonth=05&FromYear=2000&ToDate=13&ToMonth=11&ToYear=2020&Variable=Issuer
0,2011-09-30,ASR.TO,2011-09-30,2011-09-30,Q3,184124000,104737000,79387000,0.43116052225674,0.0,11835000,0.0,0.0,4871000.0,121443000,5374000.0,0.0,92254000,0.5010427755208446,62681000,0.3459733657752384,9461000.0,63702000,0.3459733657752384,22715000,37977000,0.20625773934956876,0.14,0.13,278047724,296197803,https://www.sedar.com/ModifyCompanyDocumentSearchForm.do?lang=EN&company_search=Alacer Gold Corp&document_selection=0&industry_group=A&FromDate=13&FromMonth=05&FromYear=2000&ToDate=13&ToMonth=11&ToYear=2020&Variable=Issuer,https://www.sedar.com/ModifyCompanyDocumentSearchForm.do?lang=EN&company_search=Alacer Gold Corp&document_selection=0&industry_group=A&FromDate=13&FromMonth=05&FromYear=2000&ToDate=13&ToMonth=11&ToYear=2020&Variable=Issuer
0,2011-06-30,ASR.TO,2011-06-30,2011-06-30,Q2,146332000,88204000,58128000,0.39723368777847634,0.0,9991000.0,0.0,0.0,2680000.0,100875000,1114000.0,0.0,64714000,0.4422409315802422,45457000,0.30406882978432603,152000.0,44495000,0.30406882978432603,-17369000,59813000,0.4087485990760736,0.22,0.21,277007185,296672379,https://www.sedar.com/ModifyCompanyDocumentSearchForm.do?lang=EN&company_search=Alacer Gold Corp&document_selection=0&industry_group=A&FromDate=13&FromMonth=05&FromYear=2000&ToDate=13&ToMonth=11&ToYear=2020&Variable=Issuer,https://www.sedar.com/ModifyCompanyDocumentSearchForm.do?lang=EN&company_search=Alacer Gold Corp&document_selection=0&industry_group=A&FromDate=13&FromMonth=05&FromYear=2000&ToDate=13&ToMonth=11&ToYear=2020&Variable=Issuer
0,2011-03-31,ASR.TO,2011-03-31,2011-03-31,Q1,42736000,41623000,1113000.0,0.026043616622987646,0.0,6972000.0,0.0,-61000.0,4493000.0,53088000,841000.0,0.0,-6922000.0,-0.16197117184575066,-10352000,-2.175285473605391,-74215000,-92963000,-2.175285473605391,-801000.0,-92042000,-2.153734556345938,-0.46,-0.46,200876158,200876158,https://www.sedar.com/ModifyCompanyDocumentSearchForm.do?lang=EN&company_search=Alacer Gold Corp&document_selection=0&industry_group=A&FromDate=13&FromMonth=05&FromYear=2000&ToDate=13&ToMonth=11&ToYear=2020&Variable=Issuer,https://www.sedar.com/ModifyCompanyDocumentSearchForm.do?lang=EN&company_search=Alacer Gold Corp&document_selection=0&industry_group=A&FromDate=13&FromMonth=05&FromYear=2000&ToDate=13&ToMonth=11&ToYear=2020&Variable=Issuer
0,2010-12-31,ASR.TO,2010-12-31,2010-12-31,Q4,0.0,0.0,0.0,0.0,0.0,5990358.0,0.0,-16537662,762943.0,6784846.0,0.0,31545.0,-6742302.0,0.0,-6784846.0,0.0,-17015501,0.0,0.0,0.0,-14846367,0.0,-0.05035884539173598,-0.05035884539173598,294811505,294811505,https://www.sedar.com/ModifyCompanyDocumentSearchForm.do?lang=EN&company_search=Alacer Gold Corp&document_selection=0&industry_group=A&FromDate=13&FromMonth=05&FromYear=2000&ToDate=13&ToMonth=11&ToYear=2020&Variable=Issuer,https://www.sedar.com/ModifyCompanyDocumentSearchForm.do?lang=EN&company_search=Alacer Gold Corp&document_selection=0&industry_group=A&FromDate=13&FromMonth=05&FromYear=2000&ToDate=13&ToMonth=11&ToYear=2020&Variable=Issuer
0,2010-09-30,ASR.TO,2010-09-30,2010-09-30,Q3,0.0,0.0,0.0,0.0,0.0,4933708.0,0.0,0.0,1808715.0,6790061.0,3045499.0,47638.0,-6464884.0,0.0,-6790061.0,0.0,559410.0,-8998611.0,0.0,0.0,-8981614.0,0.0,-0.06,-0.06,138833590,138833590,https://www.sedar.com/ModifyCompanyDocumentSearchForm.do?lang=EN&company_search=Alacer Gold Corp&document_selection=0&industry_group=A&FromDate=13&FromMonth=05&FromYear=2000&ToDate=13&ToMonth=11&ToYear=2020&Variable=Issuer,https://www.sedar.com/ModifyCompanyDocumentSearchForm.do?lang=EN&company_search=Alacer Gold Corp&document_selection=0&industry_group=A&FromDate=13&FromMonth=05&FromYear=2000&ToDate=13&ToMonth=11&ToYear=2020&Variable=Issuer
0,2010-06-30,ASR.TO,2010-06-30,2010-06-30,Q2,0.0,0.0,0.0,0.0,0.0,2335212.0,0.0,-638936.0,1998366.0,4359809.0,2998027.0,26231.0,-4552765.0,0.0,-4359809.0,0.0,273306.0,-6664781.0,0.0,0.0,-6608537.0,0.0,-0.05,-0.05,138410676,138410676,https://www.sedar.com/ModifyCompanyDocumentSearchForm.do?lang=EN&company_search=Alacer Gold Corp&document_selection=0&industry_group=A&FromDate=13&FromMonth=05&FromYear=2000&ToDate=13&ToMonth=11&ToYear=2020&Variable=Issuer,https://www.sedar.com/ModifyCompanyDocumentSearchForm.do?lang=EN&company_search=Alacer Gold Corp&document_selection=0&industry_group=A&FromDate=13&FromMonth=05&FromYear=2000&ToDate=13&ToMonth=11&ToYear=2020&Variable=Issuer
0,2010-03-31,ASR.TO,2010-03-31,2010-03-31,Q1,0.0,0.0,0.0,0.0,0.0,2104722.0,0.0,135598.0,784976.0,2933284.0,2928631.0,43586.0,-2512888.0,0.0,-2933284.0,0.0,-1782215.0,-7402918.0,0.0,0.0,-7376482.0,0.0,-0.05,-0.05,138075188,138075188,https://www.sedar.com/ModifyCompanyDocumentSearchForm.do?lang=EN&company_search=Alacer Gold Corp&document_selection=0&industry_group=A&FromDate=13&FromMonth=05&FromYear=2000&ToDate=13&ToMonth=11&ToYear=2020&Variable=Issuer,https://www.sedar.com/ModifyCompanyDocumentSearchForm.do?lang=EN&company_search=Alacer Gold Corp&document_selection=0&industry_group=A&FromDate=13&FromMonth=05&FromYear=2000&ToDate=13&ToMonth=11&ToYear=2020&Variable=Issuer
0,2009-12-31,ASR.TO,2009-12-31,2009-12-31,Q4,0.0,0.0,0.0,0.0,0.0,2881695.0,0.0,0.0,8768625.0,11702968,2809812.0,52648.0,-6027827.0,0.0,-11702968,0.0,4253779.0,0.0,0.0,0.0,-9633619.0,0.0,-0.03267721522604757,-0.03267721522604757,294811505,294811505,https://www.sedar.com/ModifyCompanyDocumentSearchForm.do?lang=EN&company_search=Alacer Gold Corp&document_selection=0&industry_group=A&FromDate=13&FromMonth=05&FromYear=2000&ToDate=13&ToMonth=11&ToYear=2020&Variable=Issuer,https://www.sedar.com/ModifyCompanyDocumentSearchForm.do?lang=EN&company_search=Alacer Gold Corp&document_selection=0&industry_group=A&FromDate=13&FromMonth=05&FromYear=2000&ToDate=13&ToMonth=11&ToYear=2020&Variable=Issuer
0,2009-09-30,ASR.TO,2009-09-30,2009-09-30,Q3,0.0,0.0,0.0,0.0,0.0,1735069.0,0.0,4903696.0,49138.0,1837327.0,2663388.0,53120.0,3339005.0,0.0,-1837327.0,0.0,1639215.0,-2641984.0,0.0,0.0,-2628227.0,0.0,-0.02,-0.02,114761307,114761307,https://www.sedar.com/ModifyCompanyDocumentSearchForm.do?lang=EN&company_search=Alacer Gold Corp&document_selection=0&industry_group=A&FromDate=13&FromMonth=05&FromYear=2000&ToDate=13&ToMonth=11&ToYear=2020&Variable=Issuer,https://www.sedar.com/ModifyCompanyDocumentSearchForm.do?lang=EN&company_search=Alacer Gold Corp&document_selection=0&industry_group=A&FromDate=13&FromMonth=05&FromYear=2000&ToDate=13&ToMonth=11&ToYear=2020&Variable=Issuer
0,2009-06-30,ASR.TO,2009-06-30,2009-06-30,Q2,0.0,0.0,0.0,0.0,0.0,3227277.0,0.0,-5449795.0,388178.0,3669233.0,2410496.0,53778.0,-8742637.0,0.0,-3669233.0,0.0,-8039571.0,-13821316,0.0,0.0,-13821316,0.0,-0.12,-0.12,114697371,114697371,https://www.sedar.com/ModifyCompanyDocumentSearchForm.do?lang=EN&company_search=Alacer Gold Corp&document_selection=0&industry_group=A&FromDate=13&FromMonth=05&FromYear=2000&ToDate=13&ToMonth=11&ToYear=2020&Variable=Issuer,https://www.sedar.com/ModifyCompanyDocumentSearchForm.do?lang=EN&company_search=Alacer Gold Corp&document_selection=0&industry_group=A&FromDate=13&FromMonth=05&FromYear=2000&ToDate=13&ToMonth=11&ToYear=2020&Variable=Issuer
0,2009-03-31,ASR.TO,2009-03-31,2009-03-31,Q1,0.0,0.0,0.0,0.0,0.0,3673348.0,0.0,0.0,133644.0,3860814.0,2239215.0,53822.0,-3755110.0,0.0,-3860814.0,0.0,0.0,0.0,0.0,0.0,-5858405.0,0.0,-0.06,-0.06,99607696,99607696,https://www.sedar.com/ModifyCompanyDocumentSearchForm.do?lang=EN&company_search=Alacer Gold Corp&document_selection=0&industry_group=A&FromDate=13&FromMonth=05&FromYear=2000&ToDate=13&ToMonth=11&ToYear=2020&Variable=Issuer,https://www.sedar.com/ModifyCompanyDocumentSearchForm.do?lang=EN&company_search=Alacer Gold Corp&document_selection=0&industry_group=A&FromDate=13&FromMonth=05&FromYear=2000&ToDate=13&ToMonth=11&ToYear=2020&Variable=Issuer
0,2008-12-31,ASR.TO,2008-12-31,2008-12-31,Q4,0.0,2401127.0,-2401127.0,0.0,0.0,3835518.0,0.0,0.0,0.0,2167136.0,0.0,0.0,-2048020.0,0.0,-2167136.0,0.0,12348097,0.0,0.0,0.0,203018.0,0.0,0.0006886366256296545,0.0006886366256296545,294811505,294811505,https://www.sedar.com/ModifyCompanyDocumentSearchForm.do?lang=EN&company_search=Alacer Gold Corp&document_selection=0&industry_group=A&FromDate=13&FromMonth=05&FromYear=2000&ToDate=13&ToMonth=11&ToYear=2020&Variable=Issuer,https://www.sedar.com/ModifyCompanyDocumentSearchForm.do?lang=EN&company_search=Alacer Gold Corp&document_selection=0&industry_group=A&FromDate=13&FromMonth=05&FromYear=2000&ToDate=13&ToMonth=11&ToYear=2020&Variable=Issuer
0,2008-09-30,ASR.TO,2008-09-30,2008-09-30,Q3,0.0,1282922.0,-1282922.0,0.0,0.0,2556479.0,0.0,0.0,1418604.0,5293387.0,0.0,0.0,-5088039.0,0.0,-5293387.0,0.0,89110.0,0.0,0.0,0.0,-4285095.0,0.0,-0.05,-0.05,83134618,83134618,https://www.sedar.com/ModifyCompanyDocumentSearchForm.do?lang=EN&company_search=Alacer Gold Corp&document_selection=0&industry_group=A&FromDate=13&FromMonth=05&FromYear=2000&ToDate=13&ToMonth=11&ToYear=2020&Variable=Issuer,https://www.sedar.com/ModifyCompanyDocumentSearchForm.do?lang=EN&company_search=Alacer Gold Corp&document_selection=0&industry_group=A&FromDate=13&FromMonth=05&FromYear=2000&ToDate=13&ToMonth=11&ToYear=2020&Variable=Issuer
0,2008-06-30,ASR.TO,2008-06-30,2008-06-30,Q2,0.0,2005214.0,-2005214.0,0.0,0.0,1995958.0,0.0,0.0,-361730.0,3669394.0,0.0,0.0,-3501385.0,0.0,-3669394.0,0.0,-198359.0,0.0,0.0,0.0,-5844581.0,0.0,-0.07,-0.07,83134166,83134166,https://www.sedar.com/ModifyCompanyDocumentSearchForm.do?lang=EN&company_search=Alacer Gold Corp&document_selection=0&industry_group=A&FromDate=13&FromMonth=05&FromYear=2000&ToDate=13&ToMonth=11&ToYear=2020&Variable=Issuer,https://www.sedar.com/ModifyCompanyDocumentSearchForm.do?lang=EN&company_search=Alacer Gold Corp&document_selection=0&industry_group=A&FromDate=13&FromMonth=05&FromYear=2000&ToDate=13&ToMonth=11&ToYear=2020&Variable=Issuer
0,2008-03-31,ASR.TO,2008-03-31,2008-03-31,Q1,0.0,1148631.0,-1148631.0,0.0,0.0,2771951.0,0.0,0.0,0.0,3963938.0,0.0,0.0,-3809699.0,0.0,-3963938.0,0.0,1749307.0,0.0,0.0,0.0,-3577960.0,0.0,-0.04006,-0.04006,83132827,83132827,https://www.sedar.com/ModifyCompanyDocumentSearchForm.do?lang=EN&company_search=Alacer Gold Corp&document_selection=0&industry_group=A&FromDate=13&FromMonth=05&FromYear=2000&ToDate=13&ToMonth=11&ToYear=2020&Variable=Issuer,https://www.sedar.com/ModifyCompanyDocumentSearchForm.do?lang=EN&company_search=Alacer Gold Corp&document_selection=0&industry_group=A&FromDate=13&FromMonth=05&FromYear=2000&ToDate=13&ToMonth=11&ToYear=2020&Variable=Issuer
0,2007-12-31,ASR.TO,2007-12-31,2007-12-31,Q4,0.0,860746.0,-860746.0,0.0,0.0,4242501.0,0.0,0.0,0.0,3121627.0,0.0,0.0,-3081392.0,0.0,-3121627.0,0.0,1420776.0,0.0,0.0,0.0,-6460098.0,0.0,-0.021912638721477303,-0.021912638721477303,294811505,294811505,https://www.sedar.com/ModifyCompanyDocumentSearchForm.do?lang=EN&company_search=Alacer Gold Corp&document_selection=0&industry_group=A&FromDate=13&FromMonth=05&FromYear=2000&ToDate=13&ToMonth=11&ToYear=2020&Variable=Issuer,https://www.sedar.com/ModifyCompanyDocumentSearchForm.do?lang=EN&company_search=Alacer Gold Corp&document_selection=0&industry_group=A&FromDate=13&FromMonth=05&FromYear=2000&ToDate=13&ToMonth=11&ToYear=2020&Variable=Issuer
0,2007-09-30,ASR.TO,2007-09-30,2007-09-30,Q3,0.0,1870947.0,-1870947.0,0.0,0.0,1356841.0,0.0,0.0,1220097.0,4485960.0,0.0,0.0,-4110271.0,0.0,-4485960.0,0.0,-3686003.0,0.0,0.0,0.0,-5791626.0,0.0,-0.06944,-0.06944,83252393,83252393,https://www.sedar.com/ModifyCompanyDocumentSearchForm.do?lang=EN&company_search=Alacer Gold Corp&document_selection=0&industry_group=A&FromDate=13&FromMonth=05&FromYear=2000&ToDate=13&ToMonth=11&ToYear=2020&Variable=Issuer,https://www.sedar.com/ModifyCompanyDocumentSearchForm.do?lang=EN&company_search=Alacer Gold Corp&document_selection=0&industry_group=A&FromDate=13&FromMonth=05&FromYear=2000&ToDate=13&ToMonth=11&ToYear=2020&Variable=Issuer
0,2007-06-30,ASR.TO,2007-06-30,2007-06-30,Q2,0.0,2316502.0,-2316502.0,0.0,0.0,1395155.0,0.0,0.0,801758.0,4552329.0,0.0,0.0,-3855453.0,0.0,-4552329.0,0.0,-2247090.0,0.0,0.0,0.0,-4639810.0,0.0,-0.05988,-0.05988,82418927,82418927,https://www.sedar.com/ModifyCompanyDocumentSearchForm.do?lang=EN&company_search=Alacer Gold Corp&document_selection=0&industry_group=A&FromDate=13&FromMonth=05&FromYear=2000&ToDate=13&ToMonth=11&ToYear=2020&Variable=Issuer,https://www.sedar.com/ModifyCompanyDocumentSearchForm.do?lang=EN&company_search=Alacer Gold Corp&document_selection=0&industry_group=A&FromDate=13&FromMonth=05&FromYear=2000&ToDate=13&ToMonth=11&ToYear=2020&Variable=Issuer
0,2007-03-31,ASR.TO,2007-03-31,2007-03-31,Q1,0.0,2832051.0,-2832051.0,0.0,0.0,1323991.0,0.0,0.0,-673361.0,3505410.0,0.0,0.0,-3423582.0,0.0,-3505410.0,0.0,739674.0,0.0,0.0,0.0,-2736152.0,0.0,-0.03467,-0.03467,78587490,78587490,https://www.sedar.com/ModifyCompanyDocumentSearchForm.do?lang=EN&company_search=Alacer Gold Corp&document_selection=0&industry_group=A&FromDate=13&FromMonth=05&FromYear=2000&ToDate=13&ToMonth=11&ToYear=2020&Variable=Issuer,https://www.sedar.com/ModifyCompanyDocumentSearchForm.do?lang=EN&company_search=Alacer Gold Corp&document_selection=0&industry_group=A&FromDate=13&FromMonth=05&FromYear=2000&ToDate=13&ToMonth=11&ToYear=2020&Variable=Issuer
0,2006-12-31,ASR.TO,,,Q4,0.0,0.0,0.0,0.0,0.0,11875576,0.0,0.0,0.0,4586687.0,0.0,0.0,-4495097.0,0.0,-4586687.0,0.0,1139580.0,0.0,0.0,0.0,-2045551.0,0.0,-0.00693850465571213,-0.00693850465571213,294811505,294811505,https://www.sedar.com/ModifyCompanyDocumentSearchForm.do?lang=EN&company_search=Alacer Gold Corp&document_selection=0&industry_group=A&FromDate=13&FromMonth=05&FromYear=2000&ToDate=13&ToMonth=11&ToYear=2020&Variable=Issuer,https://www.sedar.com/ModifyCompanyDocumentSearchForm.do?lang=EN&company_search=Alacer Gold Corp&document_selection=0&industry_group=A&FromDate=13&FromMonth=05&FromYear=2000&ToDate=13&ToMonth=11&ToYear=2020&Variable=Issuer
0,2006-09-30,ASR.TO,2006-09-30,2006-09-30,Q3,0.0,2698226.0,-2698226.0,0.0,0.0,687399.0,0.0,0.0,0.0,3391295.0,0.0,0.0,-3321107.0,0.0,-3391295.0,0.0,1568462.0,0.0,0.0,0.0,-1659147.0,0.0,-0.02689,-0.02689,61429730,61429730,https://www.sedar.com/ModifyCompanyDocumentSearchForm.do?lang=EN&company_search=Alacer Gold Corp&document_selection=0&industry_group=A&FromDate=13&FromMonth=05&FromYear=2000&ToDate=13&ToMonth=11&ToYear=2020&Variable=Issuer,https://www.sedar.com/ModifyCompanyDocumentSearchForm.do?lang=EN&company_search=Alacer Gold Corp&document_selection=0&industry_group=A&FromDate=13&FromMonth=05&FromYear=2000&ToDate=13&ToMonth=11&ToYear=2020&Variable=Issuer
0,2006-06-30,ASR.TO,2006-06-30,2006-06-30,Q2,0.0,2433720.0,-2433720.0,0.0,0.0,1009168.0,0.0,0.0,0.0,3449738.0,0.0,0.0,-3398036.0,0.0,-3449738.0,0.0,596058.0,0.0,0.0,0.0,-2649858.0,0.0,-0.05009,-0.05009,59024890,59024890,https://www.sedar.com/ModifyCompanyDocumentSearchForm.do?lang=EN&company_search=Alacer Gold Corp&document_selection=0&industry_group=A&FromDate=13&FromMonth=05&FromYear=2000&ToDate=13&ToMonth=11&ToYear=2020&Variable=Issuer,https://www.sedar.com/ModifyCompanyDocumentSearchForm.do?lang=EN&company_search=Alacer Gold Corp&document_selection=0&industry_group=A&FromDate=13&FromMonth=05&FromYear=2000&ToDate=13&ToMonth=11&ToYear=2020&Variable=Issuer
0,2006-03-31,ASR.TO,2006-03-31,2006-03-31,Q1,0.0,1264240.0,-1264240.0,0.0,0.0,454996.0,0.0,0.0,0.0,1723890.0,0.0,0.0,-1675019.0,0.0,-1723890.0,0.0,-36993.0,0.0,0.0,0.0,-1608932.0,0.0,-0.02572,-0.02572,58090119,58090119,https://www.sedar.com/ModifyCompanyDocumentSearchForm.do?lang=EN&company_search=Alacer Gold Corp&document_selection=0&industry_group=A&FromDate=13&FromMonth=05&FromYear=2000&ToDate=13&ToMonth=11&ToYear=2020&Variable=Issuer,https://www.sedar.com/ModifyCompanyDocumentSearchForm.do?lang=EN&company_search=Alacer Gold Corp&document_selection=0&industry_group=A&FromDate=13&FromMonth=05&FromYear=2000&ToDate=13&ToMonth=11&ToYear=2020&Variable=Issuer
0,2005-12-31,ASR.TO,2005-12-31,2005-12-31,Q4,0.0,2457503.0,-2457503.0,0.0,0.0,845913.0,0.0,0.0,0.0,6504979.0,0.0,0.0,-6447426.0,0.0,-6504979.0,0.0,764274.0,0.0,0.0,0.0,-2272321.0,0.0,-0.007707708014990799,-0.007707708014990799,294811505,294811505,https://www.sedar.com/ModifyCompanyDocumentSearchForm.do?lang=EN&company_search=Alacer Gold Corp&document_selection=0&industry_group=A&FromDate=13&FromMonth=05&FromYear=2000&ToDate=13&ToMonth=11&ToYear=2020&Variable=Issuer,https://www.sedar.com/ModifyCompanyDocumentSearchForm.do?lang=EN&company_search=Alacer Gold Corp&document_selection=0&industry_group=A&FromDate=13&FromMonth=05&FromYear=2000&ToDate=13&ToMonth=11&ToYear=2020&Variable=Issuer
0,2005-09-30,ASR.TO,2005-09-30,2005-09-30,Q3,0.0,2311659.0,-2311659.0,0.0,0.0,308176.0,0.0,0.0,-876569.0,1797805.0,0.0,0.0,-1743266.0,0.0,-1797805.0,0.0,960442.0,0.0,0.0,0.0,-1672360.0,0.0,-0.02998,-0.02998,49555306,49555306,https://www.sedar.com/ModifyCompanyDocumentSearchForm.do?lang=EN&company_search=Alacer Gold Corp&document_selection=0&industry_group=A&FromDate=13&FromMonth=05&FromYear=2000&ToDate=13&ToMonth=11&ToYear=2020&Variable=Issuer,https://www.sedar.com/ModifyCompanyDocumentSearchForm.do?lang=EN&company_search=Alacer Gold Corp&document_selection=0&industry_group=A&FromDate=13&FromMonth=05&FromYear=2000&ToDate=13&ToMonth=11&ToYear=2020&Variable=Issuer
0,2005-06-30,ASR.TO,,,Q2,0.0,0.0,0.0,0.0,0.0,4157706.0,0.0,0.0,-1.0,4210055.0,0.0,0.0,-4157705.0,0.0,-4210055.0,0.0,1394424.0,0.0,0.0,0.0,-2759905.0,0.0,-0.06009,-0.06009,49438726,49438726,https://www.sedar.com/ModifyCompanyDocumentSearchForm.do?lang=EN&company_search=Alacer Gold Corp&document_selection=0&industry_group=A&FromDate=13&FromMonth=05&FromYear=2000&ToDate=13&ToMonth=11&ToYear=2020&Variable=Issuer,https://www.sedar.com/ModifyCompanyDocumentSearchForm.do?lang=EN&company_search=Alacer Gold Corp&document_selection=0&industry_group=A&FromDate=13&FromMonth=05&FromYear=2000&ToDate=13&ToMonth=11&ToYear=2020&Variable=Issuer
0,2005-03-31,ASR.TO,2005-03-31,2005-03-31,Q1,0.0,1509112.0,-1509112.0,0.0,0.0,431963.0,0.0,0.0,0.0,1975049.0,0.0,0.0,-1941075.0,0.0,-1975049.0,0.0,-37765.0,0.0,0.0,0.0,-1950247.0,0.0,-0.04,-0.04,48908394,48908394,https://www.sedar.com/ModifyCompanyDocumentSearchForm.do?lang=EN&company_search=Alacer Gold Corp&document_selection=0&industry_group=A&FromDate=13&FromMonth=05&FromYear=2000&ToDate=13&ToMonth=11&ToYear=2020&Variable=Issuer,https://www.sedar.com/ModifyCompanyDocumentSearchForm.do?lang=EN&company_search=Alacer Gold Corp&document_selection=0&industry_group=A&FromDate=13&FromMonth=05&FromYear=2000&ToDate=13&ToMonth=11&ToYear=2020&Variable=Issuer
0,2004-12-31,ASR.TO,,,Q4,0.0,0.0,0.0,0.0,0.0,835846.0,0.0,0.0,0.0,14478058,0.0,0.0,-14477123,0.0,-14478058,0.0,165491.0,0.0,0.0,0.0,-14231832,0.0,-0.04827434397446599,-0.04827434397446599,294811505,294811505,https://www.sedar.com/ModifyCompanyDocumentSearchForm.do?lang=EN&company_search=Alacer Gold Corp&document_selection=0&industry_group=A&FromDate=13&FromMonth=05&FromYear=2000&ToDate=13&ToMonth=11&ToYear=2020&Variable=Issuer,https://www.sedar.com/ModifyCompanyDocumentSearchForm.do?lang=EN&company_search=Alacer Gold Corp&document_selection=0&industry_group=A&FromDate=13&FromMonth=05&FromYear=2000&ToDate=13&ToMonth=11&ToYear=2020&Variable=Issuer
0,2004-09-30,ASR.TO,,,Q3,0.0,0.0,0.0,0.0,0.0,332604.0,0.0,0.0,0.0,333690.0,0.0,0.0,-332604.0,0.0,-333690.0,0.0,-14735.0,0.0,0.0,0.0,-345386.0,0.0,-0.00996,-0.00996,41061969,41061969,https://www.sedar.com/ModifyCompanyDocumentSearchForm.do?lang=EN&company_search=Alacer Gold Corp&document_selection=0&industry_group=A&FromDate=13&FromMonth=05&FromYear=2000&ToDate=13&ToMonth=11&ToYear=2020&Variable=Issuer,https://www.sedar.com/ModifyCompanyDocumentSearchForm.do?lang=EN&company_search=Alacer Gold Corp&document_selection=0&industry_group=A&FromDate=13&FromMonth=05&FromYear=2000&ToDate=13&ToMonth=11&ToYear=2020&Variable=Issuer
0,2004-06-30,ASR.TO,,,Q2,0.0,0.0,0.0,0.0,0.0,539786.0,0.0,0.0,0.0,540386.0,0.0,0.0,-539786.0,0.0,-540386.0,0.0,-62569.0,0.0,0.0,0.0,-600004.0,0.0,-0.01991,-0.01991,41041969,41041969,https://www.sedar.com/ModifyCompanyDocumentSearchForm.do?lang=EN&company_search=Alacer Gold Corp&document_selection=0&industry_group=A&FromDate=13&FromMonth=05&FromYear=2000&ToDate=13&ToMonth=11&ToYear=2020&Variable=Issuer,https://www.sedar.com/ModifyCompanyDocumentSearchForm.do?lang=EN&company_search=Alacer Gold Corp&document_selection=0&industry_group=A&FromDate=13&FromMonth=05&FromYear=2000&ToDate=13&ToMonth=11&ToYear=2020&Variable=Issuer
0,2004-03-31,ASR.TO,,,Q1,0.0,0.0,0.0,0.0,0.0,510815.0,0.0,0.0,0.0,511415.0,0.0,0.0,-510815.0,0.0,-511415.0,0.0,10468.0,0.0,0.0,0.0,-497974.0,0.0,-0.00997,-0.00997,40248569,40248569,https://www.sedar.com/ModifyCompanyDocumentSearchForm.do?lang=EN&company_search=Alacer Gold Corp&document_selection=0&industry_group=A&FromDate=13&FromMonth=05&FromYear=2000&ToDate=13&ToMonth=11&ToYear=2020&Variable=Issuer,https://www.sedar.com/ModifyCompanyDocumentSearchForm.do?lang=EN&company_search=Alacer Gold Corp&document_selection=0&industry_group=A&FromDate=13&FromMonth=05&FromYear=2000&ToDate=13&ToMonth=11&ToYear=2020&Variable=Issuer
0,2003-12-31,ASR.TO,,,Q4,0.0,0.0,0.0,0.0,0.0,635627.0,0.0,0.0,0.0,1256366.0,0.0,0.0,-1255880.0,0.0,-1256366.0,0.0,-510571.0,0.0,0.0,0.0,-1112640.0,0.0,-0.003774072521355637,-0.003774072521355637,294811505,294811505,https://www.sedar.com/ModifyCompanyDocumentSearchForm.do?lang=EN&company_search=Alacer Gold Corp&document_selection=0&industry_group=A&FromDate=13&FromMonth=05&FromYear=2000&ToDate=13&ToMonth=11&ToYear=2020&Variable=Issuer,https://www.sedar.com/ModifyCompanyDocumentSearchForm.do?lang=EN&company_search=Alacer Gold Corp&document_selection=0&industry_group=A&FromDate=13&FromMonth=05&FromYear=2000&ToDate=13&ToMonth=11&ToYear=2020&Variable=Issuer
0,2003-09-30,ASR.TO,,,Q3,0.0,0.0,0.0,0.0,0.0,120264.0,0.0,0.0,0.0,120864.0,0.0,0.0,-120264.0,0.0,-120864.0,0.0,4421.0,0.0,0.0,0.0,-108030.0,0.0,-0.01,-0.01,25938998,25938998,https://www.sedar.com/ModifyCompanyDocumentSearchForm.do?lang=EN&company_search=Alacer Gold Corp&document_selection=0&industry_group=A&FromDate=13&FromMonth=05&FromYear=2000&ToDate=13&ToMonth=11&ToYear=2020&Variable=Issuer,https://www.sedar.com/ModifyCompanyDocumentSearchForm.do?lang=EN&company_search=Alacer Gold Corp&document_selection=0&industry_group=A&FromDate=13&FromMonth=05&FromYear=2000&ToDate=13&ToMonth=11&ToYear=2020&Variable=Issuer
0,2003-06-30,ASR.TO,,,Q2,0.0,0.0,0.0,0.0,0.0,310006.0,0.0,0.0,0.0,310606.0,0.0,0.0,-310006.0,0.0,-310606.0,0.0,48852.0,0.0,0.0,0.0,-256850.0,0.0,-0.00994,-0.00994,25938998,25938998,https://www.sedar.com/ModifyCompanyDocumentSearchForm.do?lang=EN&company_search=Alacer Gold Corp&document_selection=0&industry_group=A&FromDate=13&FromMonth=05&FromYear=2000&ToDate=13&ToMonth=11&ToYear=2020&Variable=Issuer,https://www.sedar.com/ModifyCompanyDocumentSearchForm.do?lang=EN&company_search=Alacer Gold Corp&document_selection=0&industry_group=A&FromDate=13&FromMonth=05&FromYear=2000&ToDate=13&ToMonth=11&ToYear=2020&Variable=Issuer
0,2003-03-31,ASR.TO,2003-03-31,2003-03-31,Q1,5456.0,0.0,0.0,0.0,0.0,141210.0,0.0,0.0,-1.0,141809.0,0.0,0.0,-135753.0,-24.88141495601173,-136353.0,0.0,-18626.0,0.0,0.0,0.0,-154981.0,-28.405608504398828,-0.00999,-0.00999,25938998,25938998,https://www.sedar.com/ModifyCompanyDocumentSearchForm.do?lang=EN&company_search=Alacer Gold Corp&document_selection=0&industry_group=A&FromDate=13&FromMonth=05&FromYear=2000&ToDate=13&ToMonth=11&ToYear=2020&Variable=Issuer,https://www.sedar.com/ModifyCompanyDocumentSearchForm.do?lang=EN&company_search=Alacer Gold Corp&document_selection=0&industry_group=A&FromDate=13&FromMonth=05&FromYear=2000&ToDate=13&ToMonth=11&ToYear=2020&Variable=Issuer
