,date,symbol,fillingDate,acceptedDate,period,revenue,costOfRevenue,grossProfit,grossProfitRatio,researchAndDevelopmentExpenses,generalAndAdministrativeExpenses,sellingAndMarketingExpenses,otherExpenses,operatingExpenses,costAndExpenses,interestExpense,depreciationAndAmortization,ebitda,ebitdaratio,operatingIncome,operatingIncomeRatio,totalOtherIncomeExpensesNet,incomeBeforeTax,incomeBeforeTaxRatio,incomeTaxExpense,netIncome,netIncomeRatio,eps,epsdiluted,weightedAverageShsOut,weightedAverageShsOutDil,link,finalLink
0,2020-09-30,NEU,2020-10-29,2020-10-29 09:04:54,Q3,512869000,346262000,166607000,0.3248529351549811,33113000,34690000,0.0,25280000,0.0,414065000,6466000.0,0.0,144773000,0.28228066036356264,98804000,0.22933341652546751,25280000,117618000,0.22933341652546751,21824000,95794000,0.18678063989049834,8.77,8.77,10903000,10903000,https://www.sec.gov/Archives/edgar/data/1282637/000128263720000022/0001282637-20-000022-index.htm,https://www.sec.gov/Archives/edgar/data/1282637/000128263720000022/neu-20200930.htm
0,2020-06-30,NEU,2020-07-30,2020-07-30 10:26:05,Q2,410864000,314126000,96738000,0.23545017329335255,33549000,35432000,0.0,6516000.0,0.0,383107000,7005000.0,0.0,55260000,0.1344970598543557,27757000,0.06636745979204797,6516000.0,27268000,0.06636745979204797,4919000.0,22349000,0.054395128314965534,2.05,2.05,10904000,10904000,https://www.sec.gov/Archives/edgar/data/1282637/000128263720000018/0001282637-20-000018-index.htm,https://www.sec.gov/Archives/edgar/data/1282637/000128263720000018/neu-20200630.htm
0,2020-03-31,NEU,2020-04-23 00:00:00,2020-04-23 10:53:51,Q1,559417000,378510000,180907000,0.32338488104580304,35506000,35715000,0.0,7496000.0,0.0,449731000,7104000.0,0.0,138551000,0.24767034251729925,109686000,0.19677271159081686,7496000.0,110078000,0.19677271159081686,24537000,85541000,0.15291097696351738,7.67,7.67,11136000,11136000,https://www.sec.gov/Archives/edgar/data/1282637/000128263720000011/0001282637-20-000011-index.html,https://www.sec.gov/Archives/edgar/data/1282637/000128263720000011/neu-202033110xq.htm
0,2019-12-31,NEU,2020-02-18 00:00:00,2020-02-18 10:35:55,Q4,534445000,391005000,143440000,0.26839057339857236,37717000,38167000,0.0,5578000.0,0.0,466889000,6501000.0,0.0,95194000,0.17811748636435928,67556000,0.12467700137525844,5578000.0,66633000,0.12467700137525844,16531000,50102000,0.09374584849703899,4.48,4.48,11183482,11183482,https://www.sec.gov/Archives/edgar/data/1282637/000128263720000005/0001282637-20-000005-index.html,https://www.sec.gov/Archives/edgar/data/1282637/000128263720000005/neu-2019123110k.htm
0,2019-09-30,NEU,2019-10-24 00:00:00,2019-10-24 10:25:46,Q3,555817000,393090000,162727000,0.29277082205114274,36387000,38122000,0.0,6227000.0,0.0,467599000,6987000.0,0.0,116229000,0.2091137910499319,88218000,0.15735035092485478,6227000.0,87458000,0.15735035092485478,19653000,67805000,0.12199159075738958,6.06,6.06,11188944,11188944,https://www.sec.gov/Archives/edgar/data/1282637/000128263719000023/0001282637-19-000023-index.html,https://www.sec.gov/Archives/edgar/data/1282637/000128263719000023/neu-201993010xq.htm
0,2019-06-30,NEU,2019-08-01 00:00:00,2019-08-01 09:35:31,Q2,563417000,392584000,170833000,0.3032088133655889,37137000,35021000,0.0,5757000.0,0.0,464742000,7741000.0,0.0,126209000,0.2240063753844843,98675000,0.17161533997021744,5757000.0,96691000,0.17161533997021744,22517000,74174000,0.13165026969367272,6.63,6.63,11187632,11187632,https://www.sec.gov/Archives/edgar/data/1282637/000128263719000018/0001282637-19-000018-index.html,https://www.sec.gov/Archives/edgar/data/1282637/000128263719000018/neu-201963010xq.htm
0,2019-03-31,NEU,2019-04-25 00:00:00,2019-04-25 09:44:01,Q1,536616000,383747000,152869000,0.28487596344499605,33224000,36773000,0.0,5948000.0,0.0,453744000,8012000.0,0.0,110759000,0.20640271628128867,82872000,0.15058813005948388,5948000.0,80808000,0.15058813005948388,18603000,62205000,0.11592088197146563,5.57,5.57,11167864,11167864,https://www.sec.gov/Archives/edgar/data/1282637/000128263719000011/0001282637-19-000011-index.html,https://www.sec.gov/Archives/edgar/data/1282637/000128263719000011/neu-201933110xq.htm
0,2018-12-31,NEU,2019-02-19 00:00:00,2019-02-19 09:42:51,Q4,538312000,396474000,141838000,0.2634866025650552,34271000,31747000,0.0,3462000.0,0.0,462492000,8187000.0,0.0,97578000,0.18126662604586188,75820000,0.13207024922349864,3462000.0,71095000,0.13207024922349864,8292000.0,62803000,0.11666654282274963,5.58,5.58,11255018,11255018,https://www.sec.gov/Archives/edgar/data/1282637/000128263719000006/0001282637-19-000006-index.html,https://www.sec.gov/Archives/edgar/data/1282637/000128263719000006/neu-2018123110k.htm
0,2018-09-30,NEU,2018-10-25 00:00:00,2018-10-25 09:14:12,Q3,563166000,422283000,140883000,0.2501624742970989,34994000,37741000,0.0,7973000.0,0.0,495018000,7807000.0,0.0,94364000,0.1675598313818661,68148000,0.12130348778157772,7973000.0,68314000,0.12130348778157772,9833000.0,58481000,0.10384327178842473,5.12,5.12,11422070,11422070,https://www.sec.gov/Archives/edgar/data/1282637/000128263718000019/0001282637-18-000019-index.html,https://www.sec.gov/Archives/edgar/data/1282637/000128263718000019/neu-201893010xq.htm
0,2018-06-30,NEU,2018-08-09 00:00:00,2018-08-09 08:15:41,Q2,598952000,453093000,145859000,0.24352368804177965,36729000,41999000,0.0,7999000.0,0.0,531821000,5565000.0,0.0,92685000,0.15474528843713686,67131000,0.11614453245001269,7999000.0,69565000,0.11614453245001269,16680000,52885000,0.08829589015480373,4.53,4.53,11674393,11674393,https://www.sec.gov/Archives/edgar/data/1282637/000128263718000014/0001282637-18-000014-index.html,https://www.sec.gov/Archives/edgar/data/1282637/000128263718000014/neu-201863010xq.htm
0,2018-03-31,NEU,2018-04-26 00:00:00,2018-04-26 10:37:40,Q1,589245000,432462000,156783000,0.26607438332102945,34295000,40913000,0.0,4900000.0,0.0,507670000,5164000.0,0.0,104140000,0.17673463499902417,81575000,0.13799183701176929,4900000.0,81311000,0.13799183701176929,20746000,60565000,0.10278407114188495,5.14,5.14,11783074,11783074,https://www.sec.gov/Archives/edgar/data/1282637/000128263718000008/0001282637-18-000008-index.html,https://www.sec.gov/Archives/edgar/data/1282637/000128263718000008/neu-201833110xq.htm
0,2017-12-31,NEU,2018-02-15 00:00:00,2018-02-15 10:12:37,Q4,559982000,413390000,146592000,0.2617798429235225,32837000,43505000,0.0,52000.0,0.0,489732000,5360000.0,0.0,86446000,0.15437281912632905,70250000,0.11597158480094003,52000.0,64942000,0.11597158480094003,60870000,4072000.0,0.007271662303431182,0.35,0.35,11634286,11634286,https://www.sec.gov/Archives/edgar/data/1282637/000128263718000004/0001282637-18-000004-index.html,https://www.sec.gov/Archives/edgar/data/1282637/000128263718000004/neu-2017123110k.htm
0,2017-09-30,NEU,2017-10-26 00:00:00,2017-10-26 12:46:04,Q3,548416000,388111000,160305000,0.2923054761349049,35070000,42806000,0.0,112000.0,0.0,465987000,5564000.0,0.0,97114000,0.17708090208892519,82429000,0.14036242560392112,112000.0,76977000,0.14036242560392112,17205000,59772000,0.10899025557241218,5.04,5.04,11859524,11859524,https://www.sec.gov/Archives/edgar/data/1282637/000128263717000020/0001282637-17-000020-index.html,https://www.sec.gov/Archives/edgar/data/1282637/000128263717000020/neu-2017093010xq.htm
0,2017-06-30,NEU,2017-08-03 00:00:00,2017-08-03 08:59:37,Q2,547188000,382312000,164876000,0.30131508731916634,35581000,38816000,0.0,171000.0,0.0,456709000,5360000.0,0.0,102967000,0.18817481377515588,90479000,0.15586964626417246,171000.0,85290000,0.15586964626417246,22562000,62728000,0.11463701689364533,5.29,5.29,11829000,11829000,https://www.sec.gov/Archives/edgar/data/1282637/000128263717000016/0001282637-17-000016-index.html,https://www.sec.gov/Archives/edgar/data/1282637/000128263717000016/neu-2017063010xq.htm
0,2017-03-31,NEU,2017-04-27 00:00:00,2017-04-27 08:48:22,Q1,542818000,372573000,170245000,0.31363182503159437,36705000,39929000,0.0,194000.0,0.0,449207000,5572000.0,0.0,106111000,0.19548172684030374,93611000,0.16254619412031288,194000.0,88233000,0.16254619412031288,24296000,63937000,0.11778717728594114,5.39,5.39,11862152,11862152,https://www.sec.gov/Archives/edgar/data/1282637/000128263717000009/0001282637-17-000009-index.html,https://www.sec.gov/Archives/edgar/data/1282637/000128263717000009/neu-2017033110xq.htm
0,2016-12-31,NEU,2017-02-15 00:00:00,2017-02-15 09:59:50,Q4,501627000,352217000,149410000,0.2978507935178928,40308000,40936000,0.0,131000.0,0.0,433461000,4323000.0,0.0,80451000,0.1603801230794993,68166000,0.12753300759329142,131000.0,63974000,0.12753300759329142,18302000,45672000,0.09104773068435311,3.86,3.86,11832124,11832124,https://www.sec.gov/Archives/edgar/data/1282637/000128263717000005/0001282637-17-000005-index.html,https://www.sec.gov/Archives/edgar/data/1282637/000128263717000005/neu-2016123110k.htm
0,2016-09-30,NEU,2016-10-27 00:00:00,2016-10-27 10:15:48,Q3,516090000,338689000,177401000,0.3437404328702358,36715000,38848000,0.0,698000.0,0.0,414252000,4320000.0,0.0,114193000,0.22126567071634792,101838000,0.1903078920343351,698000.0,98216000,0.1903078920343351,26767000,71449000,0.13844290724486039,6.03,6.03,11824000,11824000,https://www.sec.gov/Archives/edgar/data/1282637/000128263716000046/0001282637-16-000046-index.html,https://www.sec.gov/Archives/edgar/data/1282637/000128263716000046/neu-201693010xq.htm
0,2016-06-30,NEU,2016-07-28 00:00:00,2016-07-28 09:19:23,Q2,521807000,343407000,178400000,0.34188885929088725,40720000,40388000,0.0,-1266000.0,0.0,424515000,3954000.0,0.0,106428000,0.2039604681424358,97292000,0.17644838033985746,-1266000.0,92072000,0.17644838033985746,27683000,64389000,0.12339619821121603,5.43,5.43,11858011,11858011,https://www.sec.gov/Archives/edgar/data/1282637/000128263716000043/0001282637-16-000043-index.html,https://www.sec.gov/Archives/edgar/data/1282637/000128263716000043/neu-201663010xq.htm
0,2016-03-31,NEU,2016-04-28 00:00:00,2016-04-28 15:37:22,Q1,509927000,334377000,175550000,0.3442649634163321,39216000,40940000,0.0,-2260000.0,0.0,414533000,4188000.0,0.0,103814000,0.2035860034867736,95394000,0.17442888884095176,-2260000.0,88946000,0.17442888884095176,27015000,61931000,0.1214507174556358,5.22,5.22,11864176,11864176,https://www.sec.gov/Archives/edgar/data/1282637/000128263716000034/0001282637-16-000034-index.html,https://www.sec.gov/Archives/edgar/data/1282637/000128263716000034/neu-201633110xq.htm
0,2015-12-31,NEU,2016-02-12 00:00:00,2016-02-12 11:26:17,Q4,479622000,326317000,153305000,0.31963713090725615,39602000,43320000,0.0,945000.0,0.0,409239000,3716000.0,0.0,82215000,0.17141624028922778,70383000,0.14096934669385475,945000.0,67612000,0.14096934669385475,13698000,53914000,0.11240935570094783,4.5,4.5,11980889,11980889,https://www.sec.gov/Archives/edgar/data/1282637/000128263716000028/0001282637-16-000028-index.html,https://www.sec.gov/Archives/edgar/data/1282637/000128263716000028/neu-2015123110k.htm
0,2015-09-30,NEU,2015-10-28 00:00:00,2015-10-28 09:57:08,Q3,540933000,366162000,174771000,0.3230917692209571,38849000,38298000,0.0,-3400000.0,0.0,443309000,3538000.0,0.0,105036000,0.1941756187919761,97624000,0.16764737962002688,-3400000.0,90686000,0.16764737962002688,28677000,62009000,0.11463342040511487,5.08,5.08,12206496,12206496,https://www.sec.gov/Archives/edgar/data/1282637/000128263715000022/0001282637-15-000022-index.html,https://www.sec.gov/Archives/edgar/data/1282637/000128263715000022/neu-201593010xq.htm
0,2015-06-30,NEU,2015-07-29 00:00:00,2015-07-29 16:02:44,Q2,560709000,391001000,169708000,0.30266680220934566,40118000,40655000,0.0,1683000.0,0.0,471774000,3582000.0,0.0,100998000,0.18012551965458018,88935000,0.1552249027570451,1683000.0,87036000,0.1552249027570451,28303000,58733000,0.10474773902327232,4.72,4.72,12443432,12443432,https://www.sec.gov/Archives/edgar/data/1282637/000128263715000016/0001282637-15-000016-index.html,https://www.sec.gov/Archives/edgar/data/1282637/000128263715000016/neu-201563010xq.htm
0,2015-03-31,NEU,2015-04-29 00:00:00,2015-04-29 09:16:03,Q1,559566000,378294000,181272000,0.32395106207310664,39685000,41809000,0.0,-2325000.0,0.0,459788000,3816000.0,0.0,107639000,0.19236158022467412,99778000,0.16733861599882766,-2325000.0,93637000,0.16733861599882766,29690000,63947000,0.11427963814813623,5.14,5.14,12441051,12441051,https://www.sec.gov/Archives/edgar/data/1282637/000128263715000007/0001282637-15-000007-index.html,https://www.sec.gov/Archives/edgar/data/1282637/000128263715000007/neu-201533110xq.htm
0,2014-12-31,NEU,2015-02-17,2015-02-17 08:43:46,Q4,548878000,391350000,157528000,0.2870000255065789,35810000,41683000,0.0,-3020000.0,0.0,468843000,3889000.0,0.0,87309000,0.1590681353597703,80035000,0.13322814906044694,-3020000.0,73126000,0.13322814906044694,21071000,52055000,0.09483892595440152,4.17,4.17,12483213,12483213,https://www.sec.gov/Archives/edgar/data/1282637/000128263715000004/neu-20141231x10k.htm,https://www.sec.gov/Archives/edgar/data/1282637/000128263715000004/neu-20141231x10k.htm
0,2014-09-30,NEU,2014-10-30 00:00:00,2014-10-30 09:10:33,Q3,589667000,424448000,165219000,0.28019034471998605,35799000,41376000,0.0,385000.0,0.0,501623000,4168000.0,0.0,98954000,0.1678133590653708,88044000,0.14289590565522575,385000.0,84261000,0.14289590565522575,27348000,56913000,0.09651718681900123,4.53,4.53,12563576,12563576,https://www.sec.gov/Archives/edgar/data/1282637/000128263714000015/0001282637-14-000015-index.html,https://www.sec.gov/Archives/edgar/data/1282637/000128263714000015/neu-201493010xq.htm
0,2014-06-30,NEU,2014-07-30 00:00:00,2014-07-30 08:39:48,Q2,620438000,439692000,180746000,0.29132000296564686,35367000,40913000,0.0,-2203000.0,0.0,515972000,4346000.0,0.0,112724000,0.18168455188109045,104466000,0.1578191535657068,-2203000.0,97917000,0.1578191535657068,31153000,66764000,0.10760785122768109,5.24,5.24,12732000,12732000,https://www.sec.gov/Archives/edgar/data/1282637/000128263714000012/0001282637-14-000012-index.html,https://www.sec.gov/Archives/edgar/data/1282637/000128263714000012/neu-201463010xq.htm
0,2014-03-31,NEU,2014-04-30 00:00:00,2014-04-30 09:29:55,Q1,576422000,414492000,161930000,0.2809226573586712,32207000,39548000,0.0,-2216000.0,0.0,486247000,4164000.0,0.0,98217000,0.17039079008087823,90175000,0.14537092616173566,-2216000.0,83795000,0.14537092616173566,26272000,57523000,0.09979320706010528,4.43,4.43,12984876,12984876,https://www.sec.gov/Archives/edgar/data/1282637/000128263714000006/0001282637-14-000006-index.html,https://www.sec.gov/Archives/edgar/data/1282637/000128263714000006/neu-201433110xq.htm
0,2013-12-31,NEU,2014-02-19,2014-02-19 10:03:25,Q4,556371000,404733000,151638000,0.27254835352669354,33258000,43130000,0.0,1754000.0,0.0,481121000,4182000.0,0.0,87222000,0.1567694937370927,75250000,0.13088748335193603,1754000.0,72822000,0.13088748335193603,18821000,54001000,0.09705933630616981,4.08,4.08,13235539,13235539,https://www.sec.gov/Archives/edgar/data/1282637/000128263714000003/neu-20131231x10k.htm,https://www.sec.gov/Archives/edgar/data/1282637/000128263714000003/neu-20131231x10k.htm
0,2013-09-30,NEU,2013-10-31 00:00:00,2013-10-31 09:22:35,Q3,580455000,416632000,163823000,0.2822320421049005,35865000,40886000,0.0,-613000.0,0.0,493383000,4259000.0,0.0,96501000,0.1662506137426674,87072000,0.14161304493888416,-613000.0,82200000,0.14161304493888416,25179000,78896000,0.1359209585583723,5.94,5.94,13282155,13282155,https://www.sec.gov/Archives/edgar/data/1282637/000128263713000018/0001282637-13-000018-index.html,https://www.sec.gov/Archives/edgar/data/1282637/000128263713000018/neu-2013930x10q.htm
0,2013-06-30,NEU,2013-07-31 00:00:00,2013-07-31 09:05:02,Q2,583779000,414351000,169428000,0.29022626713191124,36429000,39921000,0.0,5374000.0,0.0,490701000,4573000.0,0.0,112540000,0.1927784315639994,93078000,0.16081256776965255,5374000.0,93879000,0.16081256776965255,29495000,64010000,0.10964765776089924,4.81,4.81,13307692,13307692,https://www.sec.gov/Archives/edgar/data/1282637/000128263713000015/0001282637-13-000015-index.html,https://www.sec.gov/Archives/edgar/data/1282637/000128263713000015/neu-2013630x10q.htm
0,2013-03-31,NEU,2013-04-29 00:00:00,2013-04-29 10:36:16,Q1,562608000,392411000,170197000,0.3025143616870005,31021000,40941000,0.0,747000.0,0.0,464373000,5109000.0,0.0,110778000,0.19690086170122004,98235000,0.1668532975002133,747000.0,93873000,0.1668532975002133,26038000,67835000,0.12057240565367006,5.07,5.07,13379684,13379684,https://www.sec.gov/Archives/edgar/data/1282637/000128263713000009/0001282637-13-000009-index.html,https://www.sec.gov/Archives/edgar/data/1282637/000128263713000009/neu-2013331x10q.htm
0,2012-12-31,NEU,2013-02-15 00:00:00,2013-02-15 11:27:39,Q4,516180000,375644000,140536000,0.27226161416560113,31276000,39506000,0.0,402000.0,0.0,446426000,2317000.0,0.0,77356000,0.14986245108295557,69754000,0.13142508427292804,402000.0,67839000,0.13142508427292804,14776000,53063000,0.10279941105815801,3.94,3.94,13467766,13467766,https://www.sec.gov/Archives/edgar/data/1282637/000128263713000003/0001282637-13-000003-index.html,https://www.sec.gov/Archives/edgar/data/1282637/000128263713000003/neu-20121231x10k.htm
0,2012-09-30,NEU,2012-10-26 00:00:00,2012-10-26 15:29:27,Q3,554044000,391985000,162059000,0.2925020395492055,30208000,37096000,0.0,0.0,0.0,459289000,1632000.0,0.0,106527000,0.19227173293095856,94755000,0.1682249063251294,81000.0,93204000,0.1682249063251294,28489000,64715000,0.11680480250666012,4.83,4.83,13406000,13406000,https://www.sec.gov/Archives/edgar/data/1282637/000128263712000006/0001282637-12-000006-index.html,https://www.sec.gov/Archives/edgar/data/1282637/000128263712000006/neu-2012930x10q.htm
0,2012-06-30,NEU,2012-07-31 00:00:00,2012-07-31 10:12:40,Q2,590406000,425007000,165399000,0.280144510726517,28466000,40699000,0.0,0.0,0.0,494172000,2384000.0,0.0,106846000,0.18097038309231275,96234000,0.13811682130601655,-12305000,81545000,0.13811682130601655,26277000,55268000,0.09361015978834904,4.12,4.12,13405000,13405000,https://www.sec.gov/Archives/edgar/data/1282637/000144530512002354/0001445305-12-002354-index.html,https://www.sec.gov/Archives/edgar/data/1282637/000144530512002354/neu-2012630x10q.htm
0,2012-03-31,NEU,2012-05-02,2012-05-02 08:54:05,Q1,562679000,393143000,169536000,0.30130145251555507,27895000,36908000,0.0,0.0,0.0,457946000,4482000.0,0.0,108356000,0.1925716083237512,104733000,0.17559389989674398,4994000.0,98803000,0.17559389989674398,32256000,66547000,0.11826814222674029,4.96,4.96,13405000,13405000,https://www.sec.gov/Archives/edgar/data/1282637/000119312512071628/d260150d10k.htm,https://www.sec.gov/Archives/edgar/data/1282637/000119312512071628/d260150d10k.htm
0,2011-12-31,NEU,2012-02-22 00:00:00,2012-02-22 09:14:24,Q4,505556000,380485000,125071000,0.24739296932486213,28768000,39784000,0.0,0.0,0.0,487693000,4685000.0,0.0,28463000,0.05630039006559115,17863000,0.10021639541415787,37487000,50665000,0.10021639541415787,16967000,33698000,0.0666553260172958,0.0,0.0,0.0,0.0,https://www.sec.gov/Archives/edgar/data/1282637/000119312512071628/0001193125-12-071628-index.html,https://www.sec.gov/Archives/edgar/data/1282637/000119312512071628/d260150d10k.htm
0,2011-09-30,NEU,2011-11-02 00:00:00,2011-11-02 09:32:53,Q3,557396000,412200000,145196000,0.2604898492274792,26888000,36075000,0.0,0.0,-38656000,436507000,4797000.0,0.0,131267000,0.2355004341617091,120889000,0.185266847985992,-12825000,103267000,0.185266847985992,31906000,71361000,0.1280256765387624,5.22,5.22,13680000,13680000,https://www.sec.gov/Archives/edgar/data/1282637/000119312511292030/0001193125-11-292030-index.html,https://www.sec.gov/Archives/edgar/data/1282637/000119312511292030/d234030d10q.htm
0,2011-06-30,NEU,2011-08-04 00:00:00,2011-08-04 09:26:52,Q2,578523000,430727000,147796000,0.25547126043389806,25379000,37319000,0.0,0.0,0.0,493425000,4693000.0,0.0,95702000,0.16542471085851385,85098000,0.13209155037915518,-3987000.0,76418000,0.13209155037915518,24159000,52259000,0.0903317586336239,3.77,3.77,13852000,13856000,https://www.sec.gov/Archives/edgar/data/1282637/000119312511209447/0001193125-11-209447-index.html,https://www.sec.gov/Archives/edgar/data/1282637/000119312511209447/d10q.htm
0,2011-03-31,NEU,2011-04-29 00:00:00,2011-04-29 09:18:58,Q1,508083000,367119000,140964000,0.27744285874551994,24461000,38424000,0.0,0.0,0.0,430004000,4645000.0,0.0,88246000,0.17368422088517033,78079000,0.14439963549262622,-67000.0,73367000,0.14439963549262622,23778000,49589000,0.0976001952436905,3.57,3.57,13890000,13906000,https://www.sec.gov/Archives/edgar/data/1282637/000119312511117129/0001193125-11-117129-index.html,https://www.sec.gov/Archives/edgar/data/1282637/000119312511117129/d10q.htm
0,2010-12-31,NEU,2011-02-22,2011-02-22 10:16:38,Q4,460648000,333720000,126928000,0.2755422795713864,25322000,34489000,0.0,0.0,0.0,393531000,4533000.0,0.0,76953000,0.1670538024695646,67117000,0.15089829978638786,6927000.0,69511000,0.15089829978638786,20099000,49412000,0.10726628575398135,0.0,0.0,0.0,0.0,https://www.sec.gov/Archives/edgar/data/1282637/000119312511041569/d10k.htm,https://www.sec.gov/Archives/edgar/data/1282637/000119312511041569/d10k.htm
0,2010-09-30,NEU,2010-10-29 00:00:00,2010-10-29 09:30:54,Q3,471777000,335855000,135922000,0.2881064570761186,22719000,35711000,0.0,0.0,0.0,394285000,4465000.0,0.0,87605000,0.18569154494602322,77492000,0.14323292572550167,-5453000.0,67574000,0.14323292572550167,21855000,45719000,0.09690807309385578,3.19,3.18,14353000,14383000,https://www.sec.gov/Archives/edgar/data/1282637/000119312510240665/0001193125-10-240665-index.html,https://www.sec.gov/Archives/edgar/data/1282637/000119312510240665/d10q.htm
0,2010-06-30,NEU,2010-08-04 00:00:00,2010-08-04 08:28:00,Q2,469841000,337640000,132201000,0.2813739115998817,22064000,36193000,0.0,0.0,0.0,395897000,4314000.0,0.0,82883000,0.17640648644967127,73944000,0.12859669547783187,-9210000.0,60420000,0.12859669547783187,20564000,39856000,0.08482869736783295,2.69,2.69,14796000,14828000,https://www.sec.gov/Archives/edgar/data/1282637/000119312510176281/0001193125-10-176281-index.html,https://www.sec.gov/Archives/edgar/data/1282637/000119312510176281/d10q.htm
0,2010-03-31,NEU,2010-04-28 00:00:00,2010-04-28 09:11:42,Q1,395126000,274718000,120408000,0.30473317372180014,21083000,30574000,0.0,0.0,0.0,326375000,3949000.0,0.0,72908000,0.1845183561699306,68751000,0.15815461397123956,2311000.0,62491000,0.15815461397123956,20353000,42138000,0.10664446277896165,2.79,2.78,15118000,15154000,https://www.sec.gov/Archives/edgar/data/1282637/000119312510095878/0001193125-10-095878-index.html,https://www.sec.gov/Archives/edgar/data/1282637/000119312510095878/d10q.htm
0,2009-12-31,NEU,2010-02-19 00:00:00,2010-02-19 10:25:55,Q4,404241000,286435000,117806000,0.2914251646913599,24624000,31759000,0.0,0.0,0.0,342818000,3012000.0,0.0,69511000,0.17195435396211667,61423000,0.15572146318656446,4538000.0,62949000,0.15572146318656446,16699000,46250000,0.11441194732845011,0.0,0.0,0.0,0.0,https://www.sec.gov/Archives/edgar/data/1282637/000119312510034830/0001193125-10-034830-index.html,https://www.sec.gov/Archives/edgar/data/1282637/000119312510034830/d10k.htm
0,2009-09-30,NEU,2009-10-27 00:00:00,2009-10-27 10:08:15,Q3,417832000,274865000,142967000,0.3421638361829635,21602000,27618000,0.0,0.0,0.0,324085000,2909000.0,0.0,101664000,0.24331310191655978,93747000,0.20829902927492389,-3804000.0,87034000,0.20829902927492389,30347000,56687000,0.1356693599341362,3.73,3.72,15208000,15245000,https://www.sec.gov/Archives/edgar/data/1282637/000119312509214448/0001193125-09-214448-index.html,https://www.sec.gov/Archives/edgar/data/1282637/000119312509214448/d10q.htm
0,2009-06-30,NEU,2009-07-29 00:00:00,2009-07-29 09:01:31,Q2,370921000,259508000,111413000,0.3003685420884771,21092000,29256000,0.0,0.0,0.0,309856000,2859000.0,0.0,68870000,0.1856729600103526,61065000,0.12497539907419639,-11850000,46356000,0.12497539907419639,15698000,30658000,0.08265371871638436,2.02,2.01,15204000,15242000,https://www.sec.gov/Archives/edgar/data/1282637/000119312509157668/0001193125-09-157668-index.html,https://www.sec.gov/Archives/edgar/data/1282637/000119312509157668/d10q.htm
0,2009-03-31,NEU,2009-04-29 00:00:00,2009-04-29 08:52:23,Q1,337128000,246054000,91074000,0.27014665053036235,18754000,26267000,0.0,0.0,0.0,291075000,2936000.0,0.0,53816000,0.1596307633895731,46053000,0.12765774423957665,-80000.0,43037000,0.12765774423957665,14349000,28688000,0.08509527538501696,1.89,1.88,15203000,15241000,https://www.sec.gov/Archives/edgar/data/1282637/000119312509091106/0001193125-09-091106-index.html,https://www.sec.gov/Archives/edgar/data/1282637/000119312509091106/d10q.htm
0,2008-12-31,NEU,2009-02-20 00:00:00,2009-02-20 10:34:04,Q4,368595000,291475000,77120000,0.2092269292855302,20173000,28634000,0.0,0.0,0.0,340282000,0.0,0.0,35983000,0.09762205130292055,28313000,0.0684545368222575,111000.0,25232000,0.0684545368222575,5873000.0,19359000,0.05252105969967037,0.0,0.0,0.0,0.0,https://www.sec.gov/Archives/edgar/data/1282637/000119312509033752/0001193125-09-033752-index.html,https://www.sec.gov/Archives/edgar/data/1282637/000119312509033752/d10k.htm
0,2008-09-30,NEU,2008-10-30 00:00:00,2008-10-30 16:59:16,Q3,440604000,367026000,73578000,0.16699349075360187,19471000,28476000,0.0,0.0,0.0,414973000,0.0,0.0,32490000,0.0737396846147561,25631000,0.051944603317264484,222000.0,22887000,0.051944603317264484,6415000.0,16472000,0.03738504416664397,1.08,1.07,15306000,15365000,https://www.sec.gov/Archives/edgar/data/1282637/000119312508220390/0001193125-08-220390-index.html,https://www.sec.gov/Archives/edgar/data/1282637/000119312508220390/d10q.htm
0,2008-06-30,NEU,2008-07-31 00:00:00,2008-07-31 16:32:31,Q2,425882000,343689000,82193000,0.1929947732000883,21879000,30499000,0.0,0.0,0.0,396067000,0.0,0.0,36633000,0.08601678399180994,29815000,0.063966075110007,300000.0,27242000,0.063966075110007,9618000.0,17624000,0.04138235473675807,1.14,1.13,15488000,15556000,https://www.sec.gov/Archives/edgar/data/1282637/000119312508162654/0001193125-08-162654-index.html,https://www.sec.gov/Archives/edgar/data/1282637/000119312508162654/d10q.htm
0,2008-03-31,NEU,2008-04-29 00:00:00,2008-04-29 08:42:44,Q1,382350000,300747000,81603000,0.21342487249901923,20229000,28773000,0.0,0.0,0.0,349749000,0.0,0.0,39221000,0.10257878906760821,32601000,0.07837060285079116,379000.0,29965000,0.07837060285079116,10193000,19772000,0.05171178239832614,1.28,1.27,15459000,15558000,https://www.sec.gov/Archives/edgar/data/1282637/000119312508093989/0001193125-08-093989-index.html,https://www.sec.gov/Archives/edgar/data/1282637/000119312508093989/d10q.htm
0,2007-12-31,NEU,2008-02-22,2008-02-22 08:52:53,Q4,364119000,291563000,72556000,0.19926452615765725,20447000,29655000,0.0,0.0,0.0,341665000,0.0,0.0,28740000,0.07893023983917345,22454000,0.056618852627849686,976000.0,20616000,0.056618852627849686,-6380000.0,12442000,0.034170147671503,0.0,0.0,0.0,0.0,https://www.sec.gov/Archives/edgar/data/1282637/000119312508035848/d10k.htm,https://www.sec.gov/Archives/edgar/data/1282637/000119312508035848/d10k.htm
0,2007-09-30,NEU,2007-10-31 00:00:00,2007-10-31 10:10:32,Q3,356946000,277877000,79069000,0.2215152992329372,18476000,27659000,0.0,0.0,0.0,324012000,0.0,0.0,38778000,0.1086382814207191,32934000,0.08745020255164647,1235000.0,31215000,0.08745020255164647,11125000,21157000,0.05927227087570669,1.26,1.25,16772000,16887000,https://www.sec.gov/Archives/edgar/data/1282637/000119312507230594/0001193125-07-230594-index.html,https://www.sec.gov/Archives/edgar/data/1282637/000119312507230594/d10q.htm
0,2007-06-30,NEU,2007-07-30 00:00:00,2007-07-30 11:53:22,Q2,344013000,268495000,75518000,0.21952077392424124,19100000,27046000,0.0,0.0,0.0,314641000,0.0,0.0,35576000,0.10341469653763084,29372000,0.0793632798760512,757000.0,27302000,0.0793632798760512,9863000.0,30926000,0.08989776549142038,1.79,1.78,17296000,17411000,https://www.sec.gov/Archives/edgar/data/1282637/000119312507165040/0001193125-07-165040-index.html,https://www.sec.gov/Archives/edgar/data/1282637/000119312507165040/d10q.htm
0,2007-03-31,NEU,2007-04-30 00:00:00,2007-04-30 14:25:00,Q1,309796000,240367000,69429000,0.2241119962814239,18811000,26755000,0.0,0.0,-3543000.0,282390000,0.0,0.0,31359000,0.10122467688414312,27406000,0.07996229777014552,3871000.0,24772000,0.07996229777014552,8530000.0,16242000,0.05242804942607393,0.94,0.93,17294000,17412000,https://www.sec.gov/Archives/edgar/data/1282637/000119312507095564/0001193125-07-095564-index.html,https://www.sec.gov/Archives/edgar/data/1282637/000119312507095564/d10q.htm
0,2006-12-31,NEU,2007-02-26,2007-02-26 15:45:44,Q4,306162000,241945000,64217000,0.20974843383568176,19999000,29931000,0.0,0.0,-5487000.0,286388000,0.0,0.0,32900000,0.10745944957244857,19774000,0.0178532933544986,-5107000.0,5466000.0,0.0178532933544986,1006000.0,4460000.0,0.014567451218635886,0.0,0.0,0.0,0.0,https://www.sec.gov/Archives/edgar/data/1282637/000119312507039689/d10k.htm,https://www.sec.gov/Archives/edgar/data/1282637/000119312507039689/d10k.htm
0,2006-09-30,NEU,2006-10-31,2006-10-31 12:50:29,Q3,325119000,258955000,66164000,0.20350702358213454,16582000,27794000,0.0,0.0,-11081000,292250000,0.0,0.0,28679000,0.08821077820736407,32869000,0.09169258025522962,11940000,29811000,0.09169258025522962,10890000,18921000,0.05819715242726509,1.1,1.09,17257000,17409000,https://www.sec.gov/Archives/edgar/data/1282637/000119312506218989/d10q.htm,https://www.sec.gov/Archives/edgar/data/1282637/000119312506218989/d10q.htm
0,2006-06-30,NEU,2006-08-01,2006-08-01 11:39:23,Q2,330066000,260365000,69701000,0.21117291693176515,17116000,26668000,0.0,0.0,-5100000.0,299049000,0.0,0.0,28731000,0.08704622711821272,31017000,0.09754715723521962,10146000,32197000,0.09754715723521962,11828000,20369000,0.061711900044233575,1.18,1.17,17232000,17411000,https://www.sec.gov/Archives/edgar/data/1282637/000119312506157761/d10q.htm,https://www.sec.gov/Archives/edgar/data/1282637/000119312506157761/d10q.htm
0,2006-03-31,NEU,2006-05-01,2006-05-01 15:12:46,Q1,301950000,237946000,64004000,0.21196886901804934,16566000,24798000,0.0,0.0,-1338000.0,277972000,0.0,0.0,30006000,0.09937406855439643,23978000,0.06845173041894353,1935000.0,20669000,0.06845173041894353,6897000.0,13772000,0.04561020036429873,0.8,0.79,17122000,17394000,https://www.sec.gov/Archives/edgar/data/1282637/000119312506040980/d10k.htm,https://www.sec.gov/Archives/edgar/data/1282637/000119312506040980/d10k.htm
0,2005-12-31,NEU,2006-02-28,2006-02-28 13:18:58,Q4,293656000,241843000,51813000,0.17644114201650912,17398000,25581000,0.0,0.0,-8447000.0,276375000,0.0,0.0,17876000,0.060873947748385865,17281000,0.04608793963004332,8629000.0,13534000,0.04608793963004332,2383000.0,11151000,0.03797300242460566,0.0,0.0,0.0,0.0,https://www.sec.gov/Archives/edgar/data/1282637/000119312506040980/d10k.htm,https://www.sec.gov/Archives/edgar/data/1282637/000119312506040980/d10k.htm
0,2005-09-30,NEU,2005-11-02,2005-11-02 15:08:56,Q3,270932000,217761000,53171000,0.19625219612301242,15919000,24967000,0.0,0.0,-9230000.0,249417000,0.0,0.0,20575000,0.07594156467305449,21515000,0.06551090310483812,9602000.0,17749000,0.06551090310483812,4348000.0,13401000,0.049462595780491045,0.79,0.77,17042000,17317000,https://www.sec.gov/Archives/edgar/data/1282637/000119312505214249/d10q.htm,https://www.sec.gov/Archives/edgar/data/1282637/000119312505214249/d10q.htm
0,2005-06-30,NEU,2005-08-01,2005-08-01 17:00:46,Q2,271842000,219681000,52161000,0.19187984196702496,15797000,23969000,0.0,0.0,-10694000,248753000,0.0,0.0,21135000,0.07774736795638643,23089000,0.0690290683558832,10825000,18765000,0.0690290683558832,5698000.0,13067000,0.04806836324041171,0.77,0.76,17016000,17305000,https://www.sec.gov/Archives/edgar/data/1282637/000119312505153849/d10q.htm,https://www.sec.gov/Archives/edgar/data/1282637/000119312505153849/d10q.htm
0,2005-03-31,NEU,2005-05-04,2005-05-04 16:13:05,Q1,239114000,196001000,43113000,0.18030311901436136,16280000,22293000,0.0,0.0,-6451000.0,228123000,0.0,0.0,13939000,0.05829437004943249,10991000,0.02887325710748848,6691000.0,6904000.0,0.02887325710748848,2142000.0,4762000.0,0.019915186898299554,0.28,0.28,16982000,17314000,https://www.sec.gov/Archives/edgar/data/1282637/000119312505049487/d10k.htm,https://www.sec.gov/Archives/edgar/data/1282637/000119312505049487/d10k.htm
0,2004-12-31,NEU,2005-03-14,2005-03-14 16:22:26,Q4,231161000,191883000,39278000,0.1699162055883129,16405000,24698000,0.0,0.0,-6287000.0,226699000,0.0,0.0,8571000.0,0.03707805382395819,4462000.0,0.0010079554942226414,6370000.0,233000.0,0.0010079554942226414,-2679000.0,2912000.0,0.012597280683160222,0.0,0.0,0.0,0.0,https://www.sec.gov/Archives/edgar/data/1282637/000119312505049487/d10k.htm,https://www.sec.gov/Archives/edgar/data/1282637/000119312505049487/d10k.htm
0,2004-10-30,NEU,2004-11-05,2004-11-05 17:15:13,Q3,224668000,182039000,42629000,0.18974219737568324,18104000,23729000,8864000.0,-208000.0,50697000,232736000,-4259000.0,10503000,23477000,0.1044964124841989,12974000,0.057747431765983584,-208000.0,18438000,0.08206776220912636,5464000.0,12974000,0.057747431765983584,0.76792,0.76792,16895000,16895000,https://www.sec.gov/Archives/edgar/data/1282637/000119312504188016/0001193125-04-188016-index.htm,https://www.sec.gov/Archives/edgar/data/1282637/000119312504188016/d10q.htm
0,2004-09-30,NEU,,,Q3,224668000,182039000,42629000,0.18974219737568324,18104000,23729000,0.0,0.0,-22109000,201763000,0.0,0.0,11982000,0.05333202770309969,22905000,0.08206776220912636,21901000,18438000,0.08206776220912636,5464000.0,12974000,0.057747431765983584,0.76,0.75,16969000,17189000,,
