,date,symbol,fillingDate,acceptedDate,period,revenue,costOfRevenue,grossProfit,grossProfitRatio,researchAndDevelopmentExpenses,generalAndAdministrativeExpenses,sellingAndMarketingExpenses,otherExpenses,operatingExpenses,costAndExpenses,interestExpense,depreciationAndAmortization,ebitda,ebitdaratio,operatingIncome,operatingIncomeRatio,totalOtherIncomeExpensesNet,incomeBeforeTax,incomeBeforeTaxRatio,incomeTaxExpense,netIncome,netIncomeRatio,eps,epsdiluted,weightedAverageShsOut,weightedAverageShsOutDil,link,finalLink
0,2020-09-30,LTHM,2020-11-05,2020-11-05 17:04:02,Q3,72000000,69000000,2000000.0,0.027777777777777776,1000000.0,10000000,0.0,0.0,11000000,85000000,13000000,6000000.0,-7000000.0,-0.09722222222222222,-13000000,-0.18055555555555555,0.0,-13000000,-0.18055555555555555,-3000000.0,-10000000,-0.1388888888888889,-0.0684931506849315,-0.0684931506849315,146000000,146000000,https://www.sec.gov/Archives/edgar/data/1742924/000174292420000040/0001742924-20-000040-index.htm,https://www.sec.gov/Archives/edgar/data/1742924/000174292420000040/lthm-20200930.htm
0,2020-06-30,LTHM,2020-08-06,2020-08-06 17:13:06,Q2,64900000,54700000,10200000,0.15716486902927582,800000.0,10300000,0.0,0.0,12200000.000000004,66900000,200000.0,6000000.0,4000000.0,0.061633,-2000000.0,-0.030817,0.0,-2200000.0,-0.033898,-2000000.0,-200000.0,-0.003082,-0.00137,-0.00137,146200000,146200000,https://www.sec.gov/Archives/edgar/data/1742924/000174292420000032/0001742924-20-000032-index.htm,https://www.sec.gov/Archives/edgar/data/1742924/000174292420000032/lthm-20200630.htm
0,2020-03-31,LTHM,2020-05-11 00:00:00,2020-05-11 17:05:14,Q1,68500000,53900000,14600000,0.213139,1000000.0,10800000,0.0,100000.0,16800000.000000004,70700000,100000.0,5600000.0,3600000.0,0.052555,-2200000.0,-0.032117,0.0,-2100000.0,-0.030657,-300000.0,-1800000.0,-0.026277,-0.01232,-0.01232,146100000,146100000,https://www.sec.gov/Archives/edgar/data/1742924/000174292420000024/0001742924-20-000024-index.html,https://www.sec.gov/Archives/edgar/data/1742924/000174292420000024/livent0331202010q.htm
0,2019-12-31,LTHM,2020-02-28 00:00:00,2020-02-28 15:33:20,Q4,78400000,58300000,20100000,0.256378,800000.0,11300000,0.0,0.0,14400000.000000006,72700000,800000.0,5399999.999999999,12699999.999999998,0.16199,5700000.0,0.072704,0.0,6500000.0,0.082908,5100000.0,1400000.0,0.017857,0.00959,0.00959,146000000,146000000,https://www.sec.gov/Archives/edgar/data/1742924/000174292420000012/0001742924-20-000012-index.html,https://www.sec.gov/Archives/edgar/data/1742924/000174292420000012/livent201910-k.htm
0,2019-09-30,LTHM,2019-11-06 00:00:00,2019-11-06 16:27:35,Q3,97700000,69400000,28300000,0.289662,900000.0,10200000,0.0,0.0,14500000,83900000,0.0,5800000.000000001,19600000,0.200614,13800000,0.141249,0.0,13800000,0.141249,-4200000.0,18000000,0.184237,0.12287,0.12287,146500000,146500000,https://www.sec.gov/Archives/edgar/data/1742924/000174292419000049/0001742924-19-000049-index.html,https://www.sec.gov/Archives/edgar/data/1742924/000174292419000049/livent09301910q.htm
0,2019-06-30,LTHM,2019-08-07,2019-08-07 17:10:20,Q2,114000000,80200000,33800000,0.296491,800000.0,9800000.0,0.0,0.0,15700000.000000004,95900000,0.0,4799999.999999999,22900000,0.200877,18100000,0.158772,0.0,18100000,0.158772,2600000.0,15500000,0.135965,0.1058,0.1058,146500000,146500000,https://www.sec.gov/Archives/edgar/data/1742924/000174292419000040/livent06301910q.htm,https://www.sec.gov/Archives/edgar/data/1742924/000174292419000040/livent06301910q.htm
0,2019-03-31,LTHM,2019-05-08 00:00:00,2019-05-08 16:45:15,Q1,98300000,65600000,32700000,0.332655,800000.0,9200000.0,0.0,0.0,11700000.000000004,77300000,0.0,4900000.0,25900000,0.263479,21000000,0.213632,0.0,21000000,0.213632,4100000.0,16900000,0.171923,0.11536,0.11536,146500000,146500000,https://www.sec.gov/Archives/edgar/data/1742924/000174292419000025/0001742924-19-000025-index.html,https://www.sec.gov/Archives/edgar/data/1742924/000174292419000025/livent03311910q.htm
0,2018-12-31,LTHM,2019-02-28 00:00:00,2019-02-28 16:12:11,Q4,119800000,69600000,50200000,0.419032,900000.0,8400000.0,0.0,2600000.0,16100000.00000001,85700000.00000001,300000.0,4700000.000000001,38500000,0.321369,34100000,0.284641,0.0,33800000,0.282137,7600000.0,25900000,0.216194,0.1671,0.1671,155000000,155000000,https://www.sec.gov/Archives/edgar/data/1742924/000174292419000013/0001742924-19-000013-index.html,https://www.sec.gov/Archives/edgar/data/1742924/000174292419000013/livent201810k.htm
