,date,symbol,fillingDate,acceptedDate,period,revenue,costOfRevenue,grossProfit,grossProfitRatio,researchAndDevelopmentExpenses,generalAndAdministrativeExpenses,sellingAndMarketingExpenses,otherExpenses,operatingExpenses,costAndExpenses,interestExpense,depreciationAndAmortization,ebitda,ebitdaratio,operatingIncome,operatingIncomeRatio,totalOtherIncomeExpensesNet,incomeBeforeTax,incomeBeforeTaxRatio,incomeTaxExpense,netIncome,netIncomeRatio,eps,epsdiluted,weightedAverageShsOut,weightedAverageShsOutDil,link,finalLink
0,2020-09-30,OLN,2020-11-05,2020-11-05 16:14:37,Q3,1437600000,1307400000,130200000,0.09056761268781302,0.0,112700000,0.0,4900000.0,200000.0,1420300000,74600000,0.0,164400000,0.11435726210350584,17300000,-0.5240678909293267,-696200000,-753400000,-0.5240678909293267,-16600000,-736800000,-0.5125208681135225,-4.67,-4.67,157900000,157900000,https://www.sec.gov/Archives/edgar/data/74303/000007430320000200/0000074303-20-000200-index.htm,https://www.sec.gov/Archives/edgar/data/74303/000007430320000200/oln-2020930x10q.htm
0,2020-06-30,OLN,2020-08-07,2020-08-06 18:17:19,Q2,1241200000,1235700000,5500000.0,0.004431195617144699,0.0,99700000,0.0,4900000.0,-100000.0,1335300000,69400000,0.0,47500000,0.0382694166935224,-94100000,-0.12898807605543022,3200000.0,-160100000,-0.12898807605543022,-40000000,-120100000,-0.09676119883983242,-0.76,-0.76,157900000,157900000,https://www.sec.gov/Archives/edgar/data/74303/000007430320000166/0000074303-20-000166-index.htm,https://www.sec.gov/Archives/edgar/data/74303/000007430320000166/oln-2020630x10q.htm
0,2020-03-31,OLN,2020-05-01,2020-04-30 18:32:59,Q1,1425100000,1374200000,50900000,0.03571679180408392,0.0,96700000,0.0,4600000.0,0.0,1470900000,63100000,0.0,105400000,0.07395972212476318,-45800000,-0.07431057469651252,2900000.0,-105900000,-0.07431057469651252,-25900000,-80000000,-0.05613641147989615,-0.51,-0.51,157800000,157800000,https://www.sec.gov/Archives/edgar/data/74303/000007430320000142/0000074303-20-000142-index.htm,https://www.sec.gov/Archives/edgar/data/74303/000007430320000072/oln-2019x1231x10xk.htm
0,2019-12-31,OLN,2020-02-25,2020-02-24 18:07:13,Q4,1387100000,1270600000,116500000,0.08398817677168192,0.0,102100000,0.0,4100000.0,-100000.0,1372600000,64000000,0.0,156000000,0.11246485473289597,14500000,-0.07850911974623315,-59700000,-108900000,-0.07850911974623315,-31700000,-77200000,-0.0556556845216639,-0.49,-0.49,158200000,158200000,https://www.sec.gov/Archives/edgar/data/74303/000007430320000072/0000074303-20-000072-index.htm,https://www.sec.gov/Archives/edgar/data/74303/000007430320000072/oln-2019x1231x10xk.htm
0,2019-09-30,OLN,2019-11-01,2019-11-01 15:33:56,Q3,1576600000,1357600000,219000000,0.1389065076747431,0.0,110800000,0.0,4100000.0,-100000.0,1468300000,63900000,0.0,268600000,0.1703666116960548,108300000,0.027781301534948625,-800000.0,43800000,0.027781301534948625,-400000.0,44200000,0.028035012051249524,0.27,0.27,161900000,162800000,https://www.sec.gov/Archives/edgar/data/74303/000007430319000069/0000074303-19-000069-index.htm,https://www.sec.gov/Archives/edgar/data/74303/000007430319000069/oln-2019930x10q.htm
0,2019-06-30,OLN,2019-08-01,2019-08-01 16:56:47,Q2,1592900000,1463700000,129200000,0.08110992529348986,0.0,97000000,0.0,4200000.0,-100000.0,1560600000,57900000,0.0,188200000,0.11814928746311758,32300000,-0.01563186640718187,400000.0,-24900000,-0.01563186640718187,-4900000.0,-20000000,-0.012555715989704314,-0.12,-0.12,164600000,164600000,https://www.sec.gov/Archives/edgar/data/74303/000007430319000051/0000074303-19-000051-index.htm,https://www.sec.gov/Archives/edgar/data/74303/000007430319000051/oln-2019630x10q.htm
0,2019-03-31,OLN,2019-05-02,2019-05-01 17:42:45,Q1,1553400000,1347300000,206100000,0.13267670915411356,0.0,107000000,0.0,15100000,-100000.0,1454200000,57400000,0.0,267400000,0.17213853482683147,99200000,0.034183082271147164,11100000,53100000,0.034183082271147164,11400000,41700000,0.026844341444573195,0.25,0.25,165000000,166100000,https://www.sec.gov/Archives/edgar/data/74303/000007430319000032/0000074303-19-000032-index.htm,https://www.sec.gov/Archives/edgar/data/74303/000007430319000018/oln-2018x1231x10xk.htm
0,2018-12-31,OLN,2019-02-25,2019-02-25 16:26:55,Q4,1635000000,1391000000,244000000,0.1492354740061162,0.0,109000000,0.0,5500000.0,6000000.0,1506000000,59200000,0.0,285900000,0.1748623853211009,129000000,0.04532110091743119,3800000.0,74100000,0.04532110091743119,20800000,53300000,0.03259938837920489,0.32,0.32,166100000,167300000,https://www.sec.gov/Archives/edgar/data/74303/000007430319000018/0000074303-19-000018-index.htm,https://www.sec.gov/Archives/edgar/data/74303/000007430319000018/oln-2018x1231x10xk.htm
0,2018-09-30,OLN,2018-10-30,2018-10-30 15:57:30,Q3,1872400000,1441700000,430700000,0.23002563554795985,0.0,110800000,0.0,5400000.0,1700000.0,1554200000,59200000,0.0,477900000,0.25523392437513354,318200000,0.13960692159794916,2100000.0,261400000,0.13960692159794916,66300000,195100000,0.10419782097842341,1.17,1.16,167000000,168600000,https://www.sec.gov/Archives/edgar/data/74303/000007430318000059/0000074303-18-000059-index.htm,https://www.sec.gov/Archives/edgar/data/74303/000007430318000059/oln-2018930x10q.htm
0,2018-06-30,OLN,2018-08-01,2018-08-01 15:37:18,Q2,1728400000,1460700000,267700000,0.15488312890534597,0.0,110300000,0.0,5400000.0,0.0,1571000000,61100000,0.0,292800000,0.16940523027077065,157400000,0.042987734320759086,-22400000,74300000,0.042987734320759086,15700000,58600000,0.03390418884517473,0.35,0.35,167100000,168800000,https://www.sec.gov/Archives/edgar/data/74303/000007430318000042/0000074303-18-000042-index.htm,https://www.sec.gov/Archives/edgar/data/74303/000007430318000042/oln-2018630x10q.htm
0,2018-03-31,OLN,2018-05-02,2018-05-02 15:04:12,Q1,1710300000,1528700000,181600000,0.10618020230368941,0.0,100500000,0.0,5400000.0,-8100000.0,1621100000,63700000,0.0,242200000,0.1416125825878501,89200000,0.016079050458983803,1600000.0,27500000,0.016079050458983803,6600000.0,20900000,0.012220078348827691,0.13,0.12,167200000,169200000,https://www.sec.gov/Archives/edgar/data/74303/000007430318000021/0000074303-18-000021-index.htm,https://www.sec.gov/Archives/edgar/data/74303/000007430318000007/oln-2017x1231x10xk.htm
0,2017-12-31,OLN,2018-02-26,2018-02-26 17:19:30,Q4,1619900000,1396200000,223700000,0.13809494413235385,0.0,96100000,0.0,0.0,-300000.0,1492000000,59400000,0.0,276500000,0.17068954873757639,127900000,0.037471448854867584,-8600000.0,60700000,0.037471448854867584,-428600000,489300000,0.3020556824495339,2.93,2.89,167100000,169500000,https://www.sec.gov/Archives/edgar/data/74303/000007430318000007/0000074303-18-000007-index.htm,https://www.sec.gov/Archives/edgar/data/74303/000007430318000007/oln-2017x1231x10xk.htm
0,2017-09-30,OLN,2017-10-31,2017-10-31 16:22:36,Q3,1554900000,1345600000,209300000,0.13460672712071517,0.0,86400000,0.0,0.0,0.0,1432000000,53100000,0.0,263000000,0.16914271014213134,122900000,0.03884494179690012,-9800000.0,60400000,0.03884494179690012,7700000.0,52700000,0.0338928548459708,0.32,0.31,166300000,168500000,https://www.sec.gov/Archives/edgar/data/74303/000007430317000073/0000074303-17-000073-index.htm,https://www.sec.gov/Archives/edgar/data/74303/000007430317000073/oln-2017930x10q.htm
0,2017-06-30,OLN,2017-08-01,2017-08-01 15:48:26,Q2,1526500000,1404100000,122400000,0.0801834261382247,0.0,80000000,0.0,0.0,-300000.0,1483800000,52500000,0.0,180700000,0.11837536849000983,42700000,-0.014281035047494268,-12400000,-21800000,-0.014281035047494268,-15900000,-5900000.0,-0.003865050769734687,-0.04,-0.04,166100000,166100000,https://www.sec.gov/Archives/edgar/data/74303/000007430317000063/0000074303-17-000063-index.htm,https://www.sec.gov/Archives/edgar/data/74303/000007430317000063/oln-2017630x10q.htm
0,2017-03-31,OLN,2017-05-03,2017-05-03 16:09:02,Q1,1567100000,1393700000,173400000,0.11065024567672771,0.0,88200000,0.0,0.0,400000.0,1482300000,52400000,0.0,220600000,0.14076957437304574,84800000,0.011422372535256206,-14700000,17900000,0.011422372535256206,4500000.0,13400000,0.008550826367175036,0.08,0.08,165600000,167900000,https://www.sec.gov/Archives/edgar/data/74303/000007430317000047/0000074303-17-000047-index.htm,https://www.sec.gov/Archives/edgar/data/74303/000007430317000026/oln-2016x1231x10xk.htm
0,2016-12-31,OLN,2017-02-28,2017-02-27 18:05:06,Q4,1385700000,1227000000,158700000,0.11452695388612254,0.0,73800000,0.0,0.0,10200000,1311000000,48300000,0.0,213500000,0.15407375333766327,74700000,0.016958937721007435,-5000000.0,23500000,0.016958937721007435,6000000.0,17500000,0.012628996175218302,0.11,0.1,165300000,166700000,https://www.sec.gov/Archives/edgar/data/74303/000007430317000026/0000074303-17-000026-index.htm,https://www.sec.gov/Archives/edgar/data/74303/000007430317000026/oln-2016x1231x10xk.htm
0,2016-09-30,OLN,2016-11-02,2016-11-01 17:49:03,Q3,1452700000,1284400000,168300000,0.11585323879672334,0.0,82000000,0.0,0.0,200000.0,1366600000,47500000,0.0,222400000,0.153094238314862,86100000,0.014662352860191368,-17800000,21300000,0.014662352860191368,3800000.0,17500000,0.01204653404006333,0.11,0.11,165200000,166500000,https://www.sec.gov/Archives/edgar/data/74303/000007430316000166/0000074303-16-000166-index.htm,https://www.sec.gov/Archives/edgar/data/74303/000007430316000166/oln-2016930x10q.htm
0,2016-06-30,OLN,2016-08-02,2016-08-02 17:18:40,Q2,1364000000,1236900000,127100000,0.09318181818181819,0.0,79300000,0.0,0.0,200000.0,1316400000,47600000,0.0,180900000,0.13262463343108505,47600000,-0.017302052785923755,-24100000,-23600000,-0.017302052785923755,-22600000,-1000000.0,-0.0007331378299120235,-0.01,-0.01,165200000,165200000,https://www.sec.gov/Archives/edgar/data/74303/000007430316000144/0000074303-16-000144-index.htm,https://www.sec.gov/Archives/edgar/data/74303/000007430316000144/oln-2016630x10q.htm
0,2016-03-31,OLN,2016-05-03,2016-05-03 17:23:00,Q1,1348200000,1175400000,172800000,0.12817089452603472,0.0,88100000,0.0,0.0,-10900000,1252600000,48500000,0.0,225800000,0.16748256935172823,95600000,-0.04109182613855511,-102800000,-55400000,-0.04109182613855511,-17500000,-37900000,-0.028111556148939326,-0.23,-0.23,165100000,165100000,https://www.sec.gov/Archives/edgar/data/74303/000007430316000115/0000074303-16-000115-index.htm,https://www.sec.gov/Archives/edgar/data/74303/000007430316000090/oln-2015x1231x10xk.htm
0,2015-12-31,OLN,2016-03-01,2016-02-29 18:07:22,Q4,1267400000,1148100000,119300000,0.09412971437588764,0.0,63800000,0.0,200000.0,41800000,1253700000,57300000,0.0,138500000,0.10927883856714533,13700000,-0.06777655041817895,-42500000,-85900000,-0.06777655041817895,-23200000,-62700000,-0.0494713586870759,-0.37,-0.37,161600000,161600000,https://www.sec.gov/Archives/edgar/data/74303/000007430316000090/0000074303-16-000090-index.htm,https://www.sec.gov/Archives/edgar/data/74303/000007430316000090/oln-2015x1231x10xk.htm
0,2015-09-30,OLN,2015-11-04,2015-11-03 17:47:12,Q3,533600000,460000000,73600000,0.13793103448275862,0.0,35800000,0.0,0.0,100000.0,495900000,14400000,0.0,74300000,0.13924287856071965,37700000,0.017428785607196403,-14300000,9300000.0,0.017428785607196403,3400000.0,5900000.0,0.011056971514242878,0.08,0.08,77600000,78300000,https://www.sec.gov/Archives/edgar/data/74303/000007430315000068/0000074303-15-000068-index.htm,https://www.sec.gov/Archives/edgar/data/74303/000007430315000068/oln-2015930x10q.htm
0,2015-06-30,OLN,2015-08-03,2015-08-03 17:26:49,Q2,535400000,445500000,89900000,0.16791184161374673,0.0,39900000,0.0,0.0,-42400000,443000000,18200000,0.0,127800000,0.23870003735524842,92400000,0.11897646619350019,-10800000,63700000,0.11897646619350019,21400000,42300000,0.07900635039223011,0.55,0.54,77500000,78700000,https://www.sec.gov/Archives/edgar/data/74303/000007430315000056/0000074303-15-000056-index.htm,https://www.sec.gov/Archives/edgar/data/74303/000007430315000056/oln-2015630x10q.htm
0,2015-03-31,OLN,2015-05-11,2015-05-11 16:32:57,Q1,518000000,433200000,84800000,0.1637065637065637,0.0,47000000,0.0,0.0,200000.0,480400000,7100000.0,0.0,72700000,0.14034749034749036,37600000,0.03783783783783784,-11200000,19600000,0.03783783783783784,6500000.0,13100000,0.02528957528957529,0.17,0.17,77400000,78500000,https://www.sec.gov/Archives/edgar/data/74303/000007430315000039/0000074303-15-000039-index.htm,https://www.sec.gov/Archives/edgar/data/74303/000007430315000015/oln-2014x1231x10xk.htm
0,2014-12-31,OLN,2015-02-25,2015-02-25 12:29:39,Q4,499800000,421900000,77900000,0.15586234493797518,0.0,41900000,0.0,0.0,-500000.0,463300000,6800000.0,0.0,72000000,0.14405762304921968,36500000,0.038815526210484196,-10700000,19400000,0.038815526210484196,6600000.0,12800000,0.025610244097639057,0.16,0.16,77900000,78800000,https://www.sec.gov/Archives/edgar/data/74303/000007430315000015/0000074303-15-000015-index.htm,https://www.sec.gov/Archives/edgar/data/74303/000007430315000015/oln-2014x1231x10xk.htm
0,2014-09-30,OLN,2014-10-24,2014-10-24 17:08:24,Q3,593600000,492300000,101300000,0.17065363881401618,0.0,42800000,0.0,0.0,0.0,535100000,17700000,0.0,94100000,0.1585242587601078,58500000,0.06789083557951482,-700000.0,40300000,0.06789083557951482,14200000,26100000,0.04396900269541779,0.33,0.33,78400000,79500000,https://www.sec.gov/Archives/edgar/data/74303/000007430314000078/0000074303-14-000078-index.htm,https://www.sec.gov/Archives/edgar/data/74303/000007430314000078/oln-2014930x10q.htm
0,2014-06-30,OLN,2014-07-25,2014-07-25 17:08:43,Q2,570400000,463600000,106800000,0.18723702664796635,0.0,42000000,0.0,100000.0,-900000.0,504700000,9600000.0,0.0,101900000,0.17864656381486677,65700000,0.09607293127629733,-1700000.0,54800000,0.09607293127629733,18200000,37300000,0.06539270687237027,0.47,0.47,78800000,80000000,https://www.sec.gov/Archives/edgar/data/74303/000007430314000065/0000074303-14-000065-index.htm,https://www.sec.gov/Archives/edgar/data/74303/000007430314000065/oln-2014630x10q.htm
0,2014-03-31,OLN,2014-04-28,2014-04-28 17:13:22,Q1,577400000,475400000,102000000,0.17665396605472808,0.0,43700000,0.0,0.0,100000.0,519200000,9700000.0,0.0,93100000,0.16124004156563906,58200000,0.08347765846899896,-600000.0,48200000,0.08347765846899896,18700000,29500000,0.051091098025632144,0.37,0.37,79200000,80500000,https://www.sec.gov/Archives/edgar/data/74303/000007430314000041/0000074303-14-000041-index.htm,https://www.sec.gov/Archives/edgar/data/74303/000007430314000021/oln-2013x1231x10xk.htm
0,2013-12-31,OLN,2014-02-24,2014-02-24 17:14:57,Q4,562100000,469700000,92400000,0.1643835616438356,0.0,55700000,0.0,5000000.0,1000000.0,526400000,9900000.0,0.0,75500000,0.13431773705746308,35700000,0.05426080768546522,4400000.0,30500000,0.05426080768546522,5800000.0,24700000,0.04394235901085216,0.31,0.31,79500000,80500000,https://www.sec.gov/Archives/edgar/data/74303/000007430314000021/0000074303-14-000021-index.htm,https://www.sec.gov/Archives/edgar/data/74303/000007430314000021/oln-2013x1231x10xk.htm
0,2013-09-30,OLN,2013-10-29,2013-10-29 17:16:46,Q3,670700000,528500000,142200000,0.21201729536305353,0.0,36500000,0.0,-1900000.0,400000.0,565400000,9900000.0,0.0,138600000,0.2066497688981661,105300000,0.1386611003429253,-2500000.0,93000000,0.1386611003429253,23300000,69700000,0.10392127627851498,0.87,0.86,79800000,80800000,https://www.sec.gov/Archives/edgar/data/74303/000007430313000050/0000074303-13-000050-index.htm,https://www.sec.gov/Archives/edgar/data/74303/000007430313000050/oln-2013930x10q.htm
0,2013-06-30,OLN,2013-07-29,2013-07-29 17:17:07,Q2,652200000,531100000,121100000,0.18567923949708678,0.0,48700000,0.0,-2200000.0,-1500000.0,578300000,9700000.0,0.0,106800000,0.16375344986200552,73900000,0.09613615455381785,-1600000.0,62700000,0.09613615455381785,19000000,43700000,0.06700398650720638,0.54,0.54,80200000,81200000,https://www.sec.gov/Archives/edgar/data/74303/000007430313000036/0000074303-13-000036-index.htm,https://www.sec.gov/Archives/edgar/data/74303/000007430313000036/oln-2013630x10q.htm
0,2013-03-31,OLN,2013-04-29,2013-04-29 17:15:26,Q1,630000000,504400000,125600000,0.19936507936507936,0.0,49100000,0.0,-2200000.0,-200000.0,553300000,9100000.0,0.0,108100000,0.1715873015873016,76700000,0.10126984126984127,-3900000.0,63800000,0.10126984126984127,23300000,40500000,0.06428571428571428,0.5,0.5,80200000,81200000,https://www.sec.gov/Archives/edgar/data/74303/000007430313000026/0000074303-13-000026-index.htm,https://www.sec.gov/Archives/edgar/data/74303/000007430313000012/oln-2012x1231x10xk.htm
0,2012-12-31,OLN,2013-02-25,2013-02-25 17:29:03,Q4,587600000,487900000,99700000,0.16967324710687542,0.0,37400000,0.0,-4400000.0,-6100000.0,525000000,8100000.0,0.0,83300000,0.1417631041524847,62600000,0.09309053778080327,1400000.0,54700000,0.09309053778080327,20100000,34600000,0.058883594281824374,0.43,0.43,80200000,81000000,https://www.sec.gov/Archives/edgar/data/74303/000007430313000012/0000074303-13-000012-index.htm,https://www.sec.gov/Archives/edgar/data/74303/000007430313000012/oln-2012x1231x10xk.htm
0,2012-09-30,OLN,2012-10-29,2012-10-29 17:21:47,Q3,581200000,475800000,105400000,0.18134893324156917,0.0,42400000,0.0,0.0,0.0,518200000,6000000.0,0.0,92100000,0.15846524432209222,63000000,0.08035099793530626,-11600000,46700000,0.08035099793530626,18000000,28700000,0.049380591878871304,0.36,0.35,80100000,81000000,https://www.sec.gov/Archives/edgar/data/74303/000007430312000088/0000074303-12-000088-index.htm,https://www.sec.gov/Archives/edgar/data/74303/000007430312000088/oln-2012930x10q.htm
0,2012-06-30,OLN,2012-07-24,2012-07-24 17:17:43,Q2,508700000,391400000,117300000,0.23058777275407902,0.0,45100000,0.0,0.0,0.0,436500000,5800000.0,0.0,99600000,0.19579319834873207,72200000,0.12443483389030863,-3300000.0,63300000,0.12443483389030863,15700000,47600000,0.09357184981324945,0.59,0.59,80100000,80700000,https://www.sec.gov/Archives/edgar/data/74303/000007430312000074/0000074303-12-000074-index.htm,https://www.sec.gov/Archives/edgar/data/74303/000007430312000074/oln-2012631x10q.htm
0,2012-03-31,OLN,2012-04-30,2012-04-30 17:19:54,Q1,507200000,392900000,114300000,0.22535488958990535,0.0,43700000,0.0,0.0,0.0,436600000,6500000.0,0.0,96500000,0.1902602523659306,70600000,0.11928233438485804,-3800000.0,60500000,0.11928233438485804,21800000,38700000,0.076301261829653,0.48,0.48,80100000,80900000,https://www.sec.gov/Archives/edgar/data/74303/000007430312000050/0000074303-12-000050-index.htm,https://www.sec.gov/Archives/edgar/data/74303/000007430312000027/final10k2011.htm
0,2011-12-31,OLN,2012-02-24,2012-02-24 17:01:44,Q4,445800000,368300000,77500000,0.17384477344100494,0.0,39600000,0.0,0.0,0.0,407900000,7900000.0,0.0,58800000,0.13189771197846567,37900000,0.05944369672498878,1900000.0,26500000,0.05944369672498878,7800000.0,18700000,0.04194706146253926,0.0,0.0,0.0,0.0,https://www.sec.gov/Archives/edgar/data/74303/000007430312000027/0000074303-12-000027-index.htm,https://www.sec.gov/Archives/edgar/data/74303/000007430312000027/final10k2011.htm
0,2011-09-30,OLN,2011-10-28,2011-10-28 17:16:14,Q3,550200000,432700000,117500000,0.21355870592511814,0.0,39800000,0.0,0.0,0.0,472500000,7900000.0,0.0,108500000,0.19720101781170485,77700000,0.1261359505634315,-4900000.0,69400000,0.1261359505634315,22200000,47200000,0.08578698655034533,0.59,0.58,80200000,80800000,https://www.sec.gov/Archives/edgar/data/74303/000007430311000078/0000074303-11-000078-index.htm,https://www.sec.gov/Archives/edgar/data/74303/000007430311000078/finalq310q2011.htm
0,2011-06-30,OLN,2011-07-26,2011-07-26 17:20:18,Q2,529100000,413700000,115400000,0.2181062181062181,0.0,42500000,0.0,0.0,200000.0,456400000,7400000.0,0.0,99500000,0.18805518805518806,72700000,0.12039312039312039,-2300000.0,63700000,0.12039312039312039,21600000,42100000,0.07956907956907956,0.53,0.52,80000000,81100000,https://www.sec.gov/Archives/edgar/data/74303/000007430311000059/0000074303-11-000059-index.htm,https://www.sec.gov/Archives/edgar/data/74303/000007430311000059/finalq210q2011.htm
0,2011-03-31,OLN,2011-05-03,2011-05-02 17:45:15,Q1,436000000,359200000,76800000,0.1761467889908257,0.0,39500000,0.0,0.0,0.0,398700000,7200000.0,0.0,69100000,0.15848623853211008,37300000,0.5041284403669725,188100000,219800000,0.5041284403669725,86100000,133700000,0.306651376146789,1.68,1.66,79600000,80400000,https://www.sec.gov/Archives/edgar/data/74303/000007430311000031/0000074303-11-000031-index.htm,https://www.sec.gov/Archives/edgar/data/74303/000007430311000012/final10k2010.htm
0,2010-12-31,OLN,2011-02-24,2011-02-23 18:19:37,Q4,385400000,323200000,62200000,0.16139076284379866,0.0,33100000,0.0,0.0,0.0,356300000,5900000.0,0.0,53400000,0.13855734302023873,29100000,-0.005967825635703166,-20600000,-2300000.0,-0.005967825635703166,-4300000.0,2000000.0,0.005189413596263622,0.0,0.0,0.0,0.0,https://www.sec.gov/Archives/edgar/data/74303/000007430311000012/0000074303-11-000012-index.htm,https://www.sec.gov/Archives/edgar/data/74303/000007430311000012/final10k2010.htm
0,2010-09-30,OLN,2010-10-26,2010-10-26 17:17:07,Q3,432800000,366500000,66300000,0.15318853974121996,0.0,33300000,0.0,0.0,0.0,399800000,6400000.0,0.0,67100000,0.1550369685767098,33000000,0.08964879852125693,11300000,38800000,0.08964879852125693,7000000.0,31800000,0.07347504621072089,0.4,0.4,79400000,80200000,https://www.sec.gov/Archives/edgar/data/74303/000007430310000066/0000074303-10-000066-index.htm,https://www.sec.gov/Archives/edgar/data/74303/000007430310000066/finalq310q2010.htm
0,2010-06-30,OLN,2010-07-26,2010-07-26 17:17:05,Q2,405700000,347700000,58000000,0.14296278037959084,0.0,35900000,0.0,0.0,0.0,383600000,6200000.0,0.0,52900000,0.13039191520828197,22100000,0.06211486319940843,9100000.0,25200000,0.06211486319940843,8300000.0,16900000,0.041656396351984225,0.21,0.21,79000000,79800000,https://www.sec.gov/Archives/edgar/data/74303/000007430310000042/0000074303-10-000042-index.htm,https://www.sec.gov/Archives/edgar/data/74303/000007430310000042/finalq210q2010.htm
0,2010-03-31,OLN,2010-04-28,2010-04-27 17:37:38,Q1,362000000,312500000,49500000,0.13674033149171272,0.0,32100000,0.0,0.0,0.0,344600000,6900000.0,0.0,41400000,0.1143646408839779,17400000,0.041988950276243095,4500000.0,15200000,0.041988950276243095,1100000.0,14100000,0.038950276243093926,0.18,0.18,78800000,79400000,https://www.sec.gov/Archives/edgar/data/74303/000007430310000025/0000074303-10-000025-index.htm,https://www.sec.gov/Archives/edgar/data/74303/000007430310000007/final10k2009.htm
0,2009-12-31,OLN,2010-02-24,2010-02-24 17:11:54,Q4,350900000,288100000,62800000,0.17896836705614136,0.0,28800000,0.0,0.0,0.0,316900000,6400000.0,0.0,60200000,0.17155884867483615,34000000,0.09917355371900827,7000000.0,34800000,0.09917355371900827,13000000,21800000,0.062125961812482186,0.0,0.0,0.0,0.0,https://www.sec.gov/Archives/edgar/data/74303/000007430310000007/0000074303-10-000007-index.htm,https://www.sec.gov/Archives/edgar/data/74303/000007430310000007/final10k2009.htm
0,2009-09-30,OLN,2009-10-28,2009-10-27 17:37:59,Q3,397000000,316400000,80600000,0.20302267002518892,0.0,31200000,0.0,0.0,0.0,347600000,1900000.0,0.0,73700000,0.18564231738035264,49400000,0.14080604534005037,8300000.0,55900000,0.14080604534005037,16500000,39400000,0.09924433249370278,0.5,0.5,78400000,78600000,https://www.sec.gov/Archives/edgar/data/74303/000007430309000062/0000074303-09-000062-index.htm,https://www.sec.gov/Archives/edgar/data/74303/000007430309000062/final10q3q2009.htm
0,2009-06-30,OLN,2009-07-28,2009-07-28 17:14:02,Q2,383000000,312000000,71000000,0.185378590078329,0.0,36100000,0.0,0.0,0.0,348100000,1700000.0,0.0,63200000,0.1650130548302872,34900000,0.11697127937336814,11100000,44800000,0.11697127937336814,17000000,27800000,0.07258485639686683,0.36,0.36,78100000,78100000,https://www.sec.gov/Archives/edgar/data/74303/000007430309000048/0000074303-09-000048-index.htm,https://www.sec.gov/Archives/edgar/data/74303/000007430309000048/final10qq22009.htm
0,2009-03-31,OLN,2009-04-29,2009-04-28 17:37:04,Q1,400600000,306200000,94400000,0.23564653020469295,0.0,39200000,0.0,0.0,0.0,345400000,1600000.0,0.0,-8120400000,-20.270594108836743,55200000,0.18572141787319021,8227800000,74400000,0.18572141787319021,27700000,46700000,0.11657513729405891,0.6,0.6,77500000,77600000,https://www.sec.gov/Archives/edgar/data/74303/000007430309000027/0000074303-09-000027-index.htm,https://www.sec.gov/Archives/edgar/data/74303/000007430309000008/final10k2008.htm
0,2008-12-31,OLN,2009-02-25,2009-02-24 17:52:13,Q4,434200000,335200000,99000000,0.228005527406725,0.0,32800000,0.0,0.0,0.0,369500000,0.0,0.0,104300000,0.24021188392445877,64700000,0.16927683095347765,6900000.0,73500000,0.16927683095347765,26300000,47200000,0.10870566559189314,0.0,0.0,0.0,0.0,https://www.sec.gov/Archives/edgar/data/74303/000007430309000008/0000074303-09-000008-index.htm,https://www.sec.gov/Archives/edgar/data/74303/000007430309000008/final10k2008.htm
0,2008-09-30,OLN,2008-10-27,2008-10-27 17:29:47,Q3,502900000,380700000,122200000,0.24299065420560748,0.0,35600000,0.0,0.0,-400000.0,415900000,0.0,0.0,130300000,0.2590972360310201,87000000,0.13978922250944523,-14000000,70300000,0.13978922250944523,32600000,37700000,0.07496520182938954,0.49,0.49,76300000,76700000,https://www.sec.gov/Archives/edgar/data/74303/000007430308000073/0000074303-08-000073-index.htm,https://www.sec.gov/Archives/edgar/data/74303/000007430308000073/final10qq32008.htm
0,2008-06-30,OLN,2008-07-28,2008-07-28 16:56:22,Q2,428300000,347300000,81000000,0.18911977585804343,0.0,35600000,0.0,0.0,-500000.0,382400000,0.0,0.0,62800000,0.1466261965911744,45900000,0.12794770021013308,11700000,54800000,0.12794770021013308,19300000,35500000,0.08288582769087088,0.47,0.47,75000000,75400000,https://www.sec.gov/Archives/edgar/data/74303/000007430308000050/0000074303-08-000050-index.htm,https://www.sec.gov/Archives/edgar/data/74303/000007430308000050/bodyform10q2ndqtr2008.htm
0,2008-03-31,OLN,2008-04-29,2008-04-29 17:04:30,Q1,399100000,314000000,85100000,0.21322976697569532,0.0,33300000,0.0,0.0,-600000.0,346700000,0.0,0.0,69000000,0.17288900025056378,52400000,0.1475820596341769,8800000.0,58900000,0.1475820596341769,21600000,37300000,0.09346028564269607,0.5,0.5,74600000,75000000,https://www.sec.gov/Archives/edgar/data/74303/000007430308000034/0000074303-08-000034-index.htm,https://www.sec.gov/Archives/edgar/data/74303/000007430308000017/form10k2007.htm
0,2007-12-31,OLN,2008-02-28,2008-02-27 18:10:28,Q4,404800000,335900000,68900000,0.1702075098814229,0.0,33700000,0.0,0.0,-1400000.0,368200000,0.0,0.0,51000000,0.1259881422924901,36600000,0.11215415019762846,14000000,45400000,0.11215415019762846,15800000,15300000,0.03779644268774703,0.0,0.0,0.0,0.0,https://www.sec.gov/Archives/edgar/data/74303/000007430308000017/0000074303-08-000017-index.htm,https://www.sec.gov/Archives/edgar/data/74303/000007430308000017/form10k2007.htm
0,2007-09-30,OLN,2007-10-31,2007-10-30 20:30:46,Q3,350300000,282500000,67800000,0.1935483870967742,0.0,30300000,0.0,0.0,-300000.0,312500000,0.0,0.0,37500000,0.10705109905795032,37800000,0.13873822437910363,14400000,48600000,0.13873822437910363,15900000,-83200000,-0.2375107051099058,-1.12,-1.12,74100000,74600000,https://www.sec.gov/Archives/edgar/data/74303/000007430307000031/0000074303-07-000031-index.htm,https://www.sec.gov/Archives/edgar/data/74303/000007430307000031/bodyform10q3rdqrt2007.htm
0,2007-06-30,OLN,2007-08-01,2007-07-31 18:06:48,Q2,839100000,760100000,79000000,0.09414849243236802,1200000.0,44200000,0.0,0.0,-8000000.0,797500000,0.0,0.0,50300000,0.05994517935883685,41600000,0.06435466571326422,22100000,54000000,0.06435466571326422,18400000,35600000,0.04242640924800381,0.48,0.48,73800000,74200000,https://www.sec.gov/Archives/edgar/data/74303/000007430307000010/0000074303-07-000010-index.htm,https://www.sec.gov/Archives/edgar/data/74303/000007430307000010/form10q2ndqtr.htm
0,2007-03-31,OLN,2007-05-01,2007-05-01 15:11:09,Q1,765700000,695600000,70100000,0.09155021548909495,1100000.0,41200000,0.0,0.0,0.0,737900000,0.0,0.0,45300000,0.05916155152148361,27800000,0.045056810761394804,8200000.0,34500000,0.045056810761394804,11400000,23100000,0.030168473292412172,0.31,0.31,73500000,73800000,https://www.sec.gov/Archives/edgar/data/74303/000119312507097596/0001193125-07-097596-index.htm,https://www.sec.gov/Archives/edgar/data/74303/000119312507041049/d10k.htm
0,2006-12-31,OLN,2007-02-27,2007-02-27 16:17:43,Q4,748400000,667200000,81200000,0.10849812934259755,1200000.0,42200000,0.0,0.0,-6000000.0,704600000,0.0,0.0,58000000,0.0774986638161411,43800000,0.06467129877071084,12300000,48400000,0.06467129877071084,21600000,26800000,0.03580972741849278,0.0,0.0,0.0,0.0,https://www.sec.gov/Archives/edgar/data/74303/000119312507041049/0001193125-07-041049-index.htm,https://www.sec.gov/Archives/edgar/data/74303/000119312507041049/d10k.htm
0,2006-09-30,OLN,2006-11-01,2006-11-01 15:50:14,Q3,851900000,769800000,82100000,0.0963728137105294,1000000.0,44800000,0.0,0.0,0.0,815600000,0.0,0.0,54300000,0.06373987557225026,36300000,0.054936025355088625,13000000,46800000,0.054936025355088625,-9400000.0,56200000,0.06597018429393121,0.77,0.77,72700000,72800000,https://www.sec.gov/Archives/edgar/data/74303/000119312506220563/0001193125-06-220563-index.htm,https://www.sec.gov/Archives/edgar/data/74303/000119312506220563/d10q.htm
0,2006-06-30,OLN,2006-08-02,2006-08-02 16:01:56,Q2,826400000,741200000,85200000,0.10309777347531461,1100000.0,44100000,0.0,0.0,-700000.0,785700000,0.0,0.0,57800000,0.06994191674733785,40700000,0.06268151016456922,14000000,51800000,0.06268151016456922,18800000,33000000,0.03993223620522749,0.46,0.45,72400000,72600000,https://www.sec.gov/Archives/edgar/data/74303/000119312506159293/0001193125-06-159293-index.htm,https://www.sec.gov/Archives/edgar/data/74303/000119312506159293/d10q.htm
0,2006-03-31,OLN,2006-05-04,2006-05-03 20:06:36,Q1,725100000,618900000,106200000,0.14646255688870502,1200000.0,45800000,0.0,0.0,0.0,665900000,0.0,0.0,91400000,0.12605157909253897,59200000,0.07502413460212384,-2700000.0,54400000,0.07502413460212384,20700000,33700000,0.04647634808991863,0.47,0.47,72000000,72400000,https://www.sec.gov/Archives/edgar/data/74303/000119312506098838/0001193125-06-098838-index.htm,https://www.sec.gov/Archives/edgar/data/74303/000119312506044128/d10k.htm
0,2005-12-31,OLN,2006-03-03,2006-03-02 19:37:53,Q4,604100000,514000000,90100000,0.1491474921370634,1100000.0,47900000,0.0,0.0,0.0,563000000,0.0,0.0,59700000,0.09882469789769906,41100000,0.10279755007449098,11800000,62100000,0.10279755007449098,23100000,32600000,0.0539645754014236,0.0,0.0,0.0,0.0,https://www.sec.gov/Archives/edgar/data/74303/000119312506044128/0001193125-06-044128-index.htm,https://www.sec.gov/Archives/edgar/data/74303/000119312506044128/d10k.htm
0,2005-09-30,OLN,2005-11-02,2005-11-02 16:39:08,Q3,599000000,505400000,93600000,0.15626043405676127,1000000.0,48300000,0.0,0.0,-900000.0,553800000,0.0,0.0,62300000,0.10400667779632722,45200000,0.08547579298831386,9600000.0,51200000,0.08547579298831386,19800000,31400000,0.05242070116861436,0.44,0.44,71600000,71700000,https://www.sec.gov/Archives/edgar/data/74303/000119312505214398/0001193125-05-214398-index.htm,https://www.sec.gov/Archives/edgar/data/74303/000119312505214398/d10q.htm
0,2005-06-30,OLN,2005-08-03,2005-08-03 13:10:00,Q2,593700000,505500000,88200000,0.14855987872662962,900000.0,41300000,0.0,0.0,0.0,547700000,0.0,0.0,63000000,0.10611419909044972,46000000,0.08910224018864747,10800000,52900000,0.08910224018864747,20800000,32100000,0.05406771096513391,0.45,0.45,71200000,71400000,https://www.sec.gov/Archives/edgar/data/74303/000119312505156017/0001193125-05-156017-index.htm,https://www.sec.gov/Archives/edgar/data/74303/000119312505156017/d10q.htm
0,2005-03-31,OLN,2005-05-06,2005-05-06 14:28:35,Q1,560900000,473900000,87000000,0.15510786236405777,1200000.0,38800000,0.0,0.0,-8200000.0,505700000,0.0,0.0,64700000,0.11535032982706364,55200000,0.10590123016580495,16600000,59400000,0.10590123016580495,22200000,37200000,0.06632198252807987,0.52,0.52,70800000,71400000,https://www.sec.gov/Archives/edgar/data/74303/000119312505099044/0001193125-05-099044-index.htm,https://www.sec.gov/Archives/edgar/data/74303/000119312505045641/d10k.htm
0,2004-12-31,OLN,2005-03-09,2005-03-09 17:28:15,Q4,475200000,400300000,74900000,0.15761784511784513,1200000.0,37900000,0.0,0.0,0.0,444200000,0.0,0.0,54200000,0.11405723905723905,31000000,0.06460437710437711,-700000.0,30700000,0.06460437710437711,11700000,23000000,0.0484006734006734,0.0,0.0,0.0,0.0,https://www.sec.gov/Archives/edgar/data/74303/000119312505045641/0001193125-05-045641-index.htm,https://www.sec.gov/Archives/edgar/data/74303/000119312505045641/d10k.htm
0,2004-09-30,OLN,2004-11-04,2004-11-04 13:56:58,Q3,520100000,457400000,62700000,0.12055373966544895,900000.0,35600000,0.0,0.0,-3300000.0,490600000,0.0,0.0,48000000,0.09228994424149202,29500000,0.04902903287829263,3800000.0,25500000,0.04902903287829263,6800000.0,18700000,0.035954624110747936,0.27,0.266762,69900000,70100000,https://www.sec.gov/Archives/edgar/data/74303/000119312504186093/0001193125-04-186093-index.htm,https://www.sec.gov/Archives/edgar/data/74303/000119312504186093/d10q.htm
0,2004-06-30,OLN,2004-08-06,2004-08-06 13:03:22,Q2,512700000,470000000,42700000,0.08328457187439048,900000.0,34400000,0.0,0.0,-1000000.0,504300000,0.0,0.0,13000000,0.025355958650282815,8400000.0,0.03432806709576751,14800000,17600000,0.03432806709576751,7200000.0,10400000,0.020284766920226252,0.15,0.149211,69500000,69700000,https://www.sec.gov/Archives/edgar/data/74303/000119312504134032/0001193125-04-134032-index.htm,https://www.sec.gov/Archives/edgar/data/74303/000119312504134032/d10q.htm
0,2004-03-31,OLN,2004-05-06,2004-05-06 16:26:35,Q1,489000000,437300000,51700000,0.10572597137014315,1000000.0,33100000,0.0,0.0,0.0,471400000,0.0,0.0,43800000,0.08957055214723926,17600000,0.01063394683026585,-7900000.0,5200000.0,0.01063394683026585,2300000.0,2900000.0,0.005930470347648262,0.04,0.04,64400000,64400000,https://www.sec.gov/Archives/edgar/data/74303/000119312504080637/0001193125-04-080637-index.htm,https://www.sec.gov/Archives/edgar/data/74303/000119312504036954/d10k.htm
0,2003-12-31,OLN,2004-03-09,2004-03-09 11:19:10,Q4,384900000,345900000,39000000,0.10132501948558068,1500000.0,34100000,0.0,0.0,-1600000.0,379900000,0.0,0.0,18500000,0.04806443232008314,5000000.0,-0.004156923876331515,-600000.0,-1600000.0,-0.004156923876331515,-1700000.0,500000.0,0.0012990387113535984,0.0,0.0,0.0,0.0,https://www.sec.gov/Archives/edgar/data/74303/000119312504036954/0001193125-04-036954-index.htm,https://www.sec.gov/Archives/edgar/data/74303/000119312504036954/d10k.htm
0,2003-09-30,OLN,2003-11-12,2003-11-12 14:22:51,Q3,414500000,365800000,48700000,0.11749095295536792,1200000.0,34000000,0.0,0.0,-1800000.0,399200000,0.0,0.0,33500000,0.08082026537997587,15300000,0.026296743063932447,2200000.0,10900000,0.026296743063932447,4900000.0,6000000.0,0.014475271411338963,0.1,0.1,58400000,58700000,https://www.sec.gov/Archives/edgar/data/74303/000119312503078230/0001193125-03-078230-index.htm,https://www.sec.gov/Archives/edgar/data/74303/000119312503078230/d10q.htm
0,2003-06-30,OLN,2003-08-14,2003-08-14 12:31:30,Q2,396400000,348400000,48000000,0.12108980827447023,1100000.0,31600000,0.0,0.0,-3100000.0,378000000,0.0,0.0,34800000,0.08779011099899092,18400000,0.03884964682139253,4900000.0,15400000,0.03884964682139253,6900000.0,8500000.0,0.021442986881937437,0.15,0.15,58100000,58400000,https://www.sec.gov/Archives/edgar/data/74303/000119312503037453/0001193125-03-037453-index.htm,https://www.sec.gov/Archives/edgar/data/74303/000119312503037453/d10q.htm
0,2003-03-31,OLN,2003-05-13,2003-05-13 09:18:29,Q1,390200000,345900000,44300000,0.11353152229625833,1200000.0,30300000,0.0,0.0,0.0,377400000,0.0,0.0,63100000,0.16171194259354177,12800000,-0.050486929779600204,-27500000,-19700000,-0.050486929779600204,-6100000.0,-39000000,-0.0999487442337263,-0.67,-0.67,57800000,57800000,https://www.sec.gov/Archives/edgar/data/74303/000119312503004560/0001193125-03-004560-index.htm,https://www.sec.gov/Archives/edgar/data/74303/000095013003001836/d10k.htm
0,2002-12-31,OLN,2003-03-06,2003-03-06 13:51:32,Q4,351400000,318300000,33100000,0.09419464997154241,1500000.0,31500000,0.0,0.0,0.0,351300000,0.0,0.0,23400000,0.0665907797381901,100000.0,-0.006829823562891292,2200000.0,-2400000.0,-0.006829823562891292,9300000.0,-11700000,-0.03329538986909505,0.0,0.0,0.0,0.0,https://www.sec.gov/Archives/edgar/data/74303/000095013003001836/0000950130-03-001836-index.htm,https://www.sec.gov/Archives/edgar/data/74303/000095013003001836/d10k.htm
0,2002-09-30,OLN,2002-11-13,2002-11-13 16:21:39,Q3,340300000,307900000,32400000,0.0952101087275933,1200000.0,26200000,0.0,0.0,0.0,335300000,0.0,0.0,26200000,0.07699089039083162,5000000.0,-0.0014692918013517484,-500000.0,-500000.0,-0.0014692918013517484,500000.0,-1000000.0,-0.0029385836027034967,-0.02,-0.02,49700000,49700000,https://www.sec.gov/Archives/edgar/data/74303/000095013002007816/0000950130-02-007816-index.htm,https://www.sec.gov/Archives/edgar/data/74303/000095013002007816/d10q.htm
0,2002-06-30,OLN,2002-08-13 00:00:00,2002-08-13 16:21:44,Q2,314300000,284700000,29600000,0.09417753738466433,1100000.0,27600000,0.0,0.0,0.0,313400000,0.0,0.0,26100000,0.08304167992363984,900000.0,-0.02927139675469297,-3600000.0,-9200000.0,-0.02927139675469297,-2200000.0,-7000000.0,-0.022271714922048998,-0.15,-0.15,46900000,46900000,https://www.sec.gov/Archives/edgar/data/74303/000095013002005774/0000950130-02-005774-index.html,https://www.sec.gov/Archives/edgar/data/74303/000095013002005774/d10q.htm
0,2002-03-31,OLN,2002-05-14 00:00:00,2002-05-14 16:48:41,Q1,295000000,270000000,25000000,0.0847457627118644,1000000.0,29000000,0.0,0.0,0.0,300000000,0.0,0.0,19000000,0.06440677966101695,-5000000.0,-0.05084745762711865,-3000000.0,-15000000,-0.05084745762711865,-4000000.0,-11000000,-0.03728813559322034,-0.26,-0.26,44300000,44300000,https://www.sec.gov/Archives/edgar/data/74303/000095013002003591/0000950130-02-003591-index.html,https://www.sec.gov/Archives/edgar/data/74303/000095013002003591/d10q.txt
0,2001-12-31,OLN,,,Q4,278700000,242100000,36600000,0.13132400430570507,1000000.0,28600000,0.0,0.0,0.0,271700000,0.0,0.0,33000000,0.11840688912809473,7000000.0,0.015428776462145676,1500000.0,4300000.0,0.015428776462145676,2900000.0,1400000.0,0.005023322569070686,0.0,0.0,0.0,0.0,,
0,2001-09-30,OLN,2001-11-13 00:00:00,2001-11-13 00:00:00,Q3,333600000,302900000,30700000,0.09202637889688249,1200000.0,29600000,0.0,0.0,0.0,333700000,0.0,0.0,47900000,0.1435851318944844,-100000.0,-0.09652278177458033,-27700000,-32200000,-0.09652278177458033,-12800000,-19400000,-0.05815347721822542,-0.45,-0.45,43400000,43400000,https://www.sec.gov/Archives/edgar/data/74303/000095013001505312/0000950130-01-505312-index.html,https://www.sec.gov/Archives/edgar/data/74303/000095013001505312/d10q.txt
0,2001-06-30,OLN,2001-08-13 00:00:00,2001-08-13 00:00:00,Q2,324500000,282100000,42400000,0.13066255778120184,1300000.0,25600000,0.0,0.0,0.0,309000000,0.0,0.0,37200000,0.11463790446841295,15500000,0.033281972265023115,-600000.0,10800000,0.033281972265023115,4200000.0,6600000.0,0.020338983050847456,0.15,0.15,43400000,43500000,https://www.sec.gov/Archives/edgar/data/74303/000095013001503811/0000950130-01-503811-index.html,https://www.sec.gov/Archives/edgar/data/74303/000095013001503811/d10q.txt
0,2001-03-31,OLN,2001-05-11 00:00:00,2001-05-11 00:00:00,Q1,334200000,294900000,39300000,0.11759425493716337,1500000.0,32200000,0.0,0.0,0.0,328600000,0.0,0.0,24200000,0.07241172950329144,5600000.0,0.012268102932375824,1800000.0,4100000.0,0.012268102932375824,1700000.0,2400000.0,0.00718132854578097,0.06,0.06,43800000,44000000,https://www.sec.gov/Archives/edgar/data/74303/000095013001501506/0000950130-01-501506-index.html,https://www.sec.gov/Archives/edgar/data/74303/000095013001501506/d10q.txt
0,2000-12-31,OLN,,,Q4,415700000,331700000,84000000,0.20206879961510704,900000.0,36200000,0.0,0.0,0.0,390400000,0.0,0.0,45100000,0.1084917007457301,25300000,0.05821505893673322,1800000.0,24200000,0.05821505893673322,9200000.0,15000000,0.0360837142169834,0.0,0.0,0.0,0.0,,
0,2000-09-30,OLN,2000-11-13 00:00:00,2000-11-13 00:00:00,Q3,392800000,299400000,93400000,0.23778004073319756,1300000.0,31200000,0.0,0.0,0.0,352300000,0.0,0.0,60100000,0.1530040733197556,40500000,0.09623217922606925,800000.0,37800000,0.09623217922606925,14400000,23400000,0.05957230142566192,0.52,0.52,45100000,45200000,https://www.sec.gov/Archives/edgar/data/74303/000095013000005961/0000950130-00-005961-index.html,https://www.sec.gov/Archives/edgar/data/74303/000095013000005961/0000950130-00-005961-0001.txt
0,2000-06-30,OLN,2000-08-11 00:00:00,2000-08-11 00:00:00,Q2,378100000,286000000,92100000,0.24358635281671515,1400000.0,32000000,0.0,0.0,0.0,339000000,0.0,0.0,56200000,0.14863792647447766,39100000,0.0999735519703782,2500000.0,37800000,0.0999735519703782,14500000,23300000,0.0616239090187781,0.52,0.52,45100000,45200000,https://www.sec.gov/Archives/edgar/data/74303/000095013000004403/0000950130-00-004403-index.html,https://www.sec.gov/Archives/edgar/data/74303/000095013000004403/0000950130-00-004403-0001.txt
0,2000-03-31,OLN,2000-05-12 00:00:00,2000-05-12 00:00:00,Q1,362400000,278900000,83500000,0.2304083885209713,1400000.0,27600000,0.0,0.0,0.0,327300000,0.0,0.0,55000000,0.15176600441501104,35100000,0.08609271523178808,-500000.0,31200000,0.08609271523178808,11900000,19300000,0.0532560706401766,0.43,0.43,45100000,45200000,https://www.sec.gov/Archives/edgar/data/74303/000095013000002852/0000950130-00-002852-index.html,https://www.sec.gov/Archives/edgar/data/74303/0000950130-00-002852.txt
0,1999-12-31,OLN,,,Q4,341300000,269500000,71800000,0.21037210665104014,2900000.0,26100000,0.0,0.0,0.0,320100000,0.0,0.0,45000000,0.13184881336067975,21200000,0.04482859654263112,-2200000.0,15300000,0.04482859654263112,5300000.0,9600000.0,0.028127746850278346,0.0,0.0,0.0,0.0,,
0,1999-09-30,OLN,,,Q3,354100000,289400000,64700000,0.18271674668172833,2000000.0,31400000,0.0,0.0,0.0,343100000,0.0,0.0,33900000,0.09573566789042644,11000000,0.012425868398757414,-2600000.0,4400000.0,0.012425868398757414,1800000.0,2600000.0,0.0073425585992657446,0.06,0.06,43333333,43333333,,
0,1999-06-30,OLN,,,Q2,314800000,251800000,63000000,0.20012706480304956,2100000.0,31600000,0.0,0.0,0.0,305000000,0.0,0.0,31200000,0.09911054637865312,9800000.0,0.01207115628970775,-1900000.0,3800000.0,0.01207115628970775,1500000.0,2300000.0,0.007306226175349428,0.05,0.05,46000000,46000000,,
0,1999-03-31,OLN,,,Q1,304800000,244300000,60500000,0.19849081364829396,2000000.0,30900000,0.0,0.0,0.0,295800000,0.0,0.0,29300000,0.09612860892388451,9000000.0,0.011482939632545932,-1700000.0,3500000.0,0.011482939632545932,1400000.0,6500000.0,0.021325459317585303,0.14,0.14,46428571,46428571,,
0,1998-12-31,OLN,,,Q4,-342200000,-197100000,-145100000,0.424021040327294,-10500000,-101900000,0.0,0.0,0.0,-325300000,0.0,0.0,-6000000.0,0.017533606078316773,-16900000,0.13646990064289888,-26700000,-46700000,0.13646990064289888,-14200000,-28500000,0.08328462887200468,0.0,0.0,0.0,0.0,,
0,1998-09-30,OLN,1998-11-13 00:00:00,1998-11-13 00:00:00,Q3,582000000,437700000,144300000,0.24793814432989691,7000000.0,73400000,0.0,0.0,0.0,550500000,0.0,0.0,104100000,0.1788659793814433,31500000,-0.02216494845360825,-40200000,-12900000,-0.02216494845360825,-5700000.0,-7200000.0,-0.012371134020618556,-0.15,-0.15,48000000,48000000,https://www.sec.gov/Archives/edgar/data/74303/000095013098005513/0000950130-98-005513-index.html,https://www.sec.gov/Archives/edgar/data/74303/0000950130-98-005513.txt
0,1998-06-30,OLN,1998-08-11 00:00:00,1998-08-11 00:00:00,Q2,613100000,441000000,172100000,0.28070461588647855,6700000.0,74900000,0.0,0.0,0.0,553500000,0.0,0.0,86400000,0.14092317729571033,59600000,0.09623226227369108,4100000.0,59000000,0.09623226227369108,20400000,38600000,0.0629587343010928,0.81,0.8,47654321,48250000,https://www.sec.gov/Archives/edgar/data/74303/000095013098003934/0000950130-98-003934-index.html,https://www.sec.gov/Archives/edgar/data/74303/0000950130-98-003934.txt
0,1998-03-31,OLN,1998-05-14 00:00:00,1998-05-14 00:00:00,Q1,573100000,401400000,171700000,0.2995986738789042,6800000.0,76600000,0.0,0.0,0.0,515300000,0.0,0.0,81500000,0.14220903856220554,57800000,0.10399581224917118,6800000.0,59600000,0.10399581224917118,20500000,39100000,0.06822544058628512,0.81,0.8,48271605,48875000,https://www.sec.gov/Archives/edgar/data/74303/000095013098002630/0000950130-98-002630-index.html,https://www.sec.gov/Archives/edgar/data/74303/0000950130-98-002630.txt
0,1997-12-31,OLN,,,Q4,578500000,420800000,157700000,0.2726015557476232,6800000.0,65900000,0.0,0.0,0.0,527300000,0.0,0.0,78400000,0.13552290406222992,51200000,0.091961970613656,6600000.0,53200000,0.091961970613656,18600000,34600000,0.05980985306828004,0.0,0.0,0.0,0.0,,
0,1997-09-30,OLN,1997-11-14 00:00:00,1997-11-14 00:00:00,Q3,607900000,439200000,168700000,0.27751274880736965,7600000.0,71700000,0.0,0.0,0.0,549200000,0.0,0.0,84100000,0.13834512255305148,58700000,0.09557493008718539,5300000.0,58100000,0.09557493008718539,20100000,38000000,0.06251028129626583,0.76,0.75,50000000,50666667,https://www.sec.gov/Archives/edgar/data/74303/000095013097005004/0000950130-97-005004-index.html,https://www.sec.gov/Archives/edgar/data/74303/0000950130-97-005004.txt
0,1997-06-30,OLN,1997-08-13 00:00:00,1997-08-13 00:00:00,Q2,632400000,458800000,173600000,0.27450980392156865,7200000.0,75000000,0.0,0.0,0.0,573800000,0.0,0.0,84100000,0.1329854522454143,58600000,0.09313725490196079,7300000.0,58900000,0.09313725490196079,20300000,38600000,0.06103731815306768,0.75,0.75,51466667,51466667,https://www.sec.gov/Archives/edgar/data/74303/000007430397000021/0000074303-97-000021-index.html,https://www.sec.gov/Archives/edgar/data/74303/0000074303-97-000021.txt
0,1997-03-31,OLN,1997-05-14 00:00:00,1997-05-14 00:00:00,Q1,591200000,423200000,168000000,0.28416779431664413,7400000.0,72400000,0.0,0.0,0.0,529700000,0.0,0.0,78400000,0.13261163734776726,61500000,0.10791610284167795,9800000.0,63800000,0.10791610284167795,22000000,41800000,0.07070365358592692,0.81,0.8,51604938,52250000,https://www.sec.gov/Archives/edgar/data/74303/000007430397000019/0000074303-97-000019-index.html,https://www.sec.gov/Archives/edgar/data/74303/0000074303-97-000019.txt
0,1996-12-31,OLN,,,Q4,276000000,179800000,96200000,0.34855072463768116,0.0,35400000,0.0,0.0,0.0,234100000,0.0,0.0,-134000000,-0.4855072463768116,41900000,0.8605072463768116,194800000,237500000,0.8605072463768116,84000000,145500000,0.5271739130434783,0.0,0.0,0.0,0.0,,
0,1996-09-30,OLN,1996-11-14 00:00:00,1996-11-14 00:00:00,Q3,748600000,543200000,205400000,0.2743788405022709,0.0,103800000,0.0,0.0,0.0,684400000,0.0,0.0,98000000,0.13091103393000267,64200000,0.07814587229495057,3600000.0,58500000,0.07814587229495057,20700000,37800000,0.0504942559444296,0.72,0.7,50972222,52428571,https://www.sec.gov/Archives/edgar/data/74303/000007430396000021/0000074303-96-000021-index.html,https://www.sec.gov/Archives/edgar/data/74303/0000074303-96-000021.txt
0,1996-06-30,OLN,1996-08-14 00:00:00,1996-08-14 00:00:00,Q2,824000000,597600000,226400000,0.27475728155339807,0.0,107100000,0.0,0.0,0.0,740000000,0.0,0.0,112800000,0.13689320388349516,84000000,0.09733009708737864,6500000.0,80200000,0.09733009708737864,28500000,51700000,0.06274271844660194,1.01,0.98,49801980,51326531,https://www.sec.gov/Archives/edgar/data/74303/000007430396000016/0000074303-96-000016-index.html,https://www.sec.gov/Archives/edgar/data/74303/0000074303-96-000016.txt
0,1996-03-31,OLN,1996-05-13 00:00:00,1996-05-13 00:00:00,Q1,789400000,570400000,219000000,0.27742589308335447,0.0,111700000,0.0,0.0,0.0,720500000,0.0,0.0,96200000,0.12186470737268812,68900000,0.0884215860146947,11100000,69800000,0.0884215860146947,24800000,45000000,0.05700532049657968,0.88,0.85,49431818,51176471,https://www.sec.gov/Archives/edgar/data/74303/000007430396000007/0000074303-96-000007-index.html,https://www.sec.gov/Archives/edgar/data/74303/0000074303-96-000007.txt
0,1995-12-31,OLN,1996-03-08 00:00:00,1996-03-08 00:00:00,Q4,783800000,593400000,190400000,0.24291911201837205,0.0,107500000,0.0,0.0,0.0,737900000,0.0,0.0,76100000,0.09709109466700688,45900000,0.05307476397040061,6800000.0,41600000,0.05307476397040061,14700000,26900000,0.03431997958662924,0.0,0.0,0.0,0.0,https://www.sec.gov/Archives/edgar/data/74303/000095013096000793/0000950130-96-000793-index.html,https://www.sec.gov/Archives/edgar/data/74303/0000950130-96-000793.txt
0,1995-09-30,OLN,1995-11-14 00:00:00,1995-11-14 00:00:00,Q3,796400000,608500000,187900000,0.23593671521848317,0.0,96400000,0.0,0.0,0.0,740300000,0.0,0.0,88000000,0.11049723756906077,56100000,0.06052235057759919,3500000.0,48200000,0.06052235057759919,17100000,31100000,0.039050728277247614,0.61,0.6,48360656,49166667,https://www.sec.gov/Archives/edgar/data/74303/000095013095002422/0000950130-95-002422-index.html,https://www.sec.gov/Archives/edgar/data/74303/0000950130-95-002422.txt
0,1995-06-30,OLN,1995-08-11 00:00:00,1995-08-11 00:00:00,Q2,803700000,597900000,205800000,0.2560656961552818,0.0,94400000,0.0,0.0,0.0,727100000,0.0,0.0,109100000,0.1357471693417942,76600000,0.08423541122309319,2300000.0,67700000,0.08423541122309319,24100000,43600000,0.05424909792211024,0.87,0.83,48275862,50602410,https://www.sec.gov/Archives/edgar/data/74303/000095013095001554/0000950130-95-001554-index.html,https://www.sec.gov/Archives/edgar/data/74303/0000950130-95-001554.txt
0,1995-03-31,OLN,1995-05-12 00:00:00,1995-05-12 00:00:00,Q1,766100000,578200000,187900000,0.24526824174389766,0.0,86700000,0.0,0.0,0.0,699700000,0.0,0.0,97800000,0.1276595744680851,66400000,0.07766610103119698,3400000.0,59500000,0.07766610103119698,21100000,38400000,0.05012400469912544,0.76,0.73,48421053,50410959,https://www.sec.gov/Archives/edgar/data/74303/000095013095000959/0000950130-95-000959-index.html,https://www.sec.gov/Archives/edgar/data/74303/0000950130-95-000959.txt
0,1994-12-31,OLN,1995-03-10 00:00:00,1995-03-10 00:00:00,Q4,678100000,520500000,157600000,0.2324140982156024,0.0,78900000,0.0,0.0,0.0,633600000,0.0,0.0,76100000,0.11222533549623949,44500000,0.056776286683380035,2600000.0,38500000,0.056776286683380035,12500000,26000000,0.03834242737059431,0.0,0.0,0.0,0.0,https://www.sec.gov/Archives/edgar/data/74303/000095013095000463/0000950130-95-000463-index.html,https://www.sec.gov/Archives/edgar/data/74303/0000950130-95-000463.txt
0,1994-09-30,OLN,1994-11-14 00:00:00,1994-11-14 00:00:00,Q3,666900000,507200000,159700000,0.23946618683460788,0.0,82600000,0.0,0.0,0.0,626200000,0.0,0.0,72900000,0.10931174089068826,40700000,0.05398110661268556,4200000.0,36000000,0.05398110661268556,13900000,22100000,0.03313840155945419,0.43,0.43,47674419,47674419,https://www.sec.gov/Archives/edgar/data/74303/000007430394000022/0000074303-94-000022-index.html,https://www.sec.gov/Archives/edgar/data/74303/0000074303-94-000022.txt
0,1994-06-30,OLN,1994-08-10 00:00:00,1994-08-10 00:00:00,Q2,708100000,531200000,176900000,0.2498234712611213,0.0,90200000,0.0,0.0,0.0,657400000,0.0,0.0,84700000,0.11961587346419997,50700000,0.06016099420985736,2000000.0,42600000,0.06016099420985736,15000000,27600000,0.038977545544414634,0.58,0.55,44482759,46909091,https://www.sec.gov/Archives/edgar/data/74303/000007430394000014/0000074303-94-000014-index.html,https://www.sec.gov/Archives/edgar/data/74303/0000074303-94-000014.txt
0,1994-03-31,OLN,1994-05-02 00:00:00,1994-05-02 00:00:00,Q1,604900000,454100000,150800000,0.24929740452967433,0.0,85300000,0.0,0.0,0.0,572800000,0.0,0.0,64300000,0.10629856174574309,32100000,0.039510662919490826,1200000.0,23900000,0.039510662919490826,8600000.0,15300000,0.025293436931724252,0.31,0.31,43870968,43870968,https://www.sec.gov/Archives/edgar/data/74303/000007430394000011/0000074303-94-000011-index.html,https://www.sec.gov/Archives/edgar/data/74303/0000074303-94-000011.txt
