,date,symbol,fillingDate,acceptedDate,period,revenue,costOfRevenue,grossProfit,grossProfitRatio,researchAndDevelopmentExpenses,generalAndAdministrativeExpenses,sellingAndMarketingExpenses,otherExpenses,operatingExpenses,costAndExpenses,interestExpense,depreciationAndAmortization,ebitda,ebitdaratio,operatingIncome,operatingIncomeRatio,totalOtherIncomeExpensesNet,incomeBeforeTax,incomeBeforeTaxRatio,incomeTaxExpense,netIncome,netIncomeRatio,eps,epsdiluted,weightedAverageShsOut,weightedAverageShsOutDil,link,finalLink
0,2020-09-30,SMG,2020-11-24,2020-11-24 17:06:25,Q4,890300000,674400000,215900000,0.24250252723800966,11700000,184600000,25000000,9600000.0,0.0,882600000,16600000,0.0,43000000,0.048298326406829156,7700000.0,0.006514657980456026,14700000,5800000.0,0.006514657980456026,1700000.0,3900000.0,0.004380545883410087,0.07,0.07,55800000,57600000,https://www.sec.gov/Archives/edgar/data/825542/000154638020000045/0001546380-20-000045-index.htm,https://www.sec.gov/Archives/edgar/data/825542/000154638020000045/smg-20200930.htm
0,2020-06-27,SMG,2020-08-05,2020-08-05 16:17:53,Q3,1492700000,954300000,538400000,0.3606886849333423,9100000.0,220900000,0.0,300000.0,253900000.0000001,1208200000,20300000,23099999.999999996,308000000,0.206338,284500000,0.190594,1900000.0,266100000,0.178268,61800000,202800000,0.135861,3.55166,3.55166,57100000,57100000,https://www.sec.gov/Archives/edgar/data/825542/000154638020000032/0001546380-20-000032-index.htm,https://www.sec.gov/Archives/edgar/data/825542/000154638020000032/smg-20200627.htm
0,2020-03-28,SMG,2020-05-06 00:00:00,2020-05-06 16:30:52,Q2,1382800000,832000000,550800000,0.398322,9700000.0,178000000,0.0,3700000.0,197099999.9999999,1029099999.9999999,22700000,23500000,382400000,0.27654,353700000,0.255785,2800000.0,333800000,0.241394,84000000,252200000,0.182384,4.47163,4.47163,56400000,56400000,https://www.sec.gov/Archives/edgar/data/825542/000154638020000019/0001546380-20-000019-index.html,https://www.sec.gov/Archives/edgar/data/825542/000154638020000019/smg-20200328.htm
0,2019-12-28,SMG,2020-02-05 00:00:00,2020-02-05 16:21:26,Q1,365800000,311300000,54500000,0.148989,9200000.0,103100000,0.0,-5300000.0,117099999.99999997,428399999.99999994,-15000000,22400000,-87800000,-0.240022,-62600000,-0.171132,-12500000,-95100000,-0.259978,-23800000,-71400000,-0.195189,-1.27957,-1.27957,55800000,55800000,https://www.sec.gov/Archives/edgar/data/825542/000154638020000006/0001546380-20-000006-index.html,https://www.sec.gov/Archives/edgar/data/825542/000154638020000006/smg-1228201910xq1.htm
0,2019-09-30,SMG,2019-11-27 00:00:00,2019-11-27 09:17:39,Q4,497700000,408200000,89500000,0.17982720514366085,10800000,119900000,14000000,2200000.0,0.0,548400000,21800000,0.0,-26200000,-0.05264215390797669,-50700000,-0.1474784006429576,-900000.0,-73400000,-0.1474784006429576,-17800000,-57900000,-0.11633514165159735,-1.04,-1.04,55700000,55700000,https://www.sec.gov/Archives/edgar/data/825542/000154638019000034/0001546380-19-000034-index.html,https://www.sec.gov/Archives/edgar/data/825542/000154638019000034/smg930201910k.htm
0,2019-06-29,SMG,2019-08-07 00:00:00,2019-08-07 16:27:21,Q3,1170300000,747000000,423300000,0.361702,10200000,148000000,0.0,-500000.0,165100000.00000003,912100000,25900000,22299999.999999996,309300000,0.264291,258200000,0.220627,5100000.0,237400000,0.202854,59400000,201700000,0.172349,3.5636,3.5636,56600000,56600000,https://www.sec.gov/Archives/edgar/data/825542/000154638019000024/0001546380-19-000024-index.html,https://www.sec.gov/Archives/edgar/data/825542/000154638019000024/smg-629201910xq3.htm
0,2019-03-30,SMG,2019-05-08 00:00:00,2019-05-08 16:46:04,Q2,1189900000,716800000,473100000,0.397596,9400000.0,162000000,0.0,1800000.0,182900000.0000001,899700000.0000001,28900000,22400000,574300000,0.482646,290200000,0.243886,260100000,523400000,0.439869,126500000,396500000,0.333221,7.09302,7.09302,55900000,55900000,https://www.sec.gov/Archives/edgar/data/825542/000154638019000014/0001546380-19-000014-index.html,https://www.sec.gov/Archives/edgar/data/825542/000154638019000014/smg-330201910xq2.htm
0,2018-12-29,SMG,2019-02-06 00:00:00,2019-02-06 16:56:27,Q1,298100000,261100000,37000000,0.124119,9200000.0,98900000,0.0,3100000.0,121899999.99999999,383000000,25200000,22300000,-55400000,-0.185844,-84900000,-0.284804,2900000.0,-105900000,-0.35525,-23300000,-79600000,-0.267024,-1.43942,-1.43942,55300000,55300000,https://www.sec.gov/Archives/edgar/data/825542/000154638019000007/0001546380-19-000007-index.html,https://www.sec.gov/Archives/edgar/data/825542/000154638019000007/smg-1229201810xq1.htm
0,2018-09-30,SMG,2018-11-29 00:00:00,2018-11-29 08:21:16,Q4,433900000,360200000,73700000,0.16985480525466698,11800000,101400000,13100000,-800000.0,0.0,474000000,22800000,0.0,-17600000,-0.04056234155335331,-40100000,-0.3823461627103019,-103000000,-165900000,-0.3823461627103019,-35300000,-147000000,-0.3387877391103941,-2.65,-2.65,55400000,55400000,https://www.sec.gov/Archives/edgar/data/825542/000154638018000030/0001546380-18-000030-index.html,https://www.sec.gov/Archives/edgar/data/825542/000154638018000030/smg930201810k.htm
0,2018-06-30,SMG,2018-08-08 00:00:00,2018-08-08 16:55:25,Q3,994600000,647000000,347600000,0.34948723104765733,10900000,126200000,33700000,4500000.0,0.0,791500000,23200000,0.0,229900000,0.23114820028152022,203100000,0.16710235270460486,-13700000,166200000,0.16710235270460486,40700000,82900000,0.08335009048863865,1.5,1.47,55400000,56300000,https://www.sec.gov/Archives/edgar/data/825542/000154638018000022/0001546380-18-000022-index.html,https://www.sec.gov/Archives/edgar/data/825542/000154638018000022/smg-630201810xq3.htm
0,2018-03-31,SMG,2018-05-09 00:00:00,2018-05-09 16:46:52,Q2,1013300000,604100000,409200000,0.4038290733247804,10500000,148800000,46800000,-9200000.0,0.0,770800000,22600000,0.0,254600000,0.25125826507450905,242500000,0.19934866278496002,-17900000,202000000,0.19934866278496002,49300000,148900000,0.14694562321128984,2.64,2.59,56500000,57400000,https://www.sec.gov/Archives/edgar/data/825542/000154638018000012/0001546380-18-000012-index.html,https://www.sec.gov/Archives/edgar/data/825542/000154638018000012/smg-331201810xq2.htm
0,2017-12-30,SMG,2018-02-08 00:00:00,2018-02-08 08:15:21,Q1,221500000,187500000,34000000,0.153499,9400000.0,92200000,0.0,500000.0,105899999.99999999,293400000,17800000,19799999.999999996,-4400000.000000003,-0.019865,-71900000,-0.324605,2500000.0,-86600000,-0.390971,-20800000,-21200000,-0.095711,-0.36806,-0.36806,57600000,57600000,https://www.sec.gov/Archives/edgar/data/825542/000154638018000005/0001546380-18-000005-index.html,https://www.sec.gov/Archives/edgar/data/825542/000154638018000005/smg-1230201710xq1.htm
0,2017-09-30,SMG,2017-11-28 00:00:00,2017-11-28 17:27:24,Q4,113900000,103000000,10900000,0.09569798068481124,4700000.0,52900000,9800000.0,-25900000,0.0,157700000,17200000,0.0,-39100000,-0.34328358208955223,-43800000,-0.6382791922739245,-21700000,-72700000,-0.6382791922739245,-18100000,-33500000,-0.29411764705882354,-0.57,-0.57,58400000,58400000,https://www.sec.gov/Archives/edgar/data/825542/000154638017000042/0001546380-17-000042-index.html,https://www.sec.gov/Archives/edgar/data/825542/000154638017000042/smg930201710k.htm
0,2017-07-01,SMG,2017-08-10 00:00:00,2017-08-10 07:38:35,Q3,973400000,590000000,383400000,0.393877,10100000,138000000,0.0,-8200000.0,147299999.99999994,737300000,21800000,19899999.999999996,270500000,0.277892,236100000,0.242552,0.0,221500000,0.227553,76900000,151900000,0.156051,2.53167,2.53167,60000000,60000000,https://www.sec.gov/Archives/edgar/data/825542/000154638017000025/0001546380-17-000025-index.html,https://www.sec.gov/Archives/edgar/data/825542/000154638017000025/smg-71201710xq3.htm
0,2017-04-01,SMG,2017-05-10 00:00:00,2017-05-10 17:11:44,Q2,1084600000,620300000,464300000,0.428084,9600000.0,163700000,0.0,-3000000.0,179000000,799300000,37100000,19800000.000000004,307600000,0.283607,285300000,0.263046,0.0,239700000,0.221003,85600000,165100000,0.152222,2.72442,2.72442,60600000,60600000,https://www.sec.gov/Archives/edgar/data/825542/000154638017000016/0001546380-17-000016-index.html,https://www.sec.gov/Archives/edgar/data/825542/000154638017000016/smg-41201710xq2.htm
0,2017-02-09,SMG,2017-05-10 00:00:00,2017-05-10 17:11:44,Q1,0.0,0.0,0.0,0.0,0.0,0.0,0.0,0.0,-258000000,-258000000,0.0,14000000,10000000,0.0,-4000000.0,0.0,-4000000.0,-88000000,0.0,-7000000.0,-81000000,0.0,-1.07054,-1.07054,75662650,75662650,https://www.sec.gov/Archives/edgar/data/825542/000154638017000016/0001546380-17-000016-index.html,https://www.sec.gov/Archives/edgar/data/825542/000154638017000016/smg-41201710xq2.htm
0,2016-12-31,SMG,2017-02-09 00:00:00,2017-02-09 09:15:09,Q1,246800000,202600000,44200000,0.17909238249594814,2300000.0,111100000,10600000,5400000.0,0.0,321700000,15600000,0.0,-62600000,-0.25364667747163694,-74900000,-0.4039708265802269,-9200000.0,-99700000,-0.4039708265802269,-35400000,-65300000,-0.2645867098865478,-1.09,-1.09,60100000,60100000,https://www.sec.gov/Archives/edgar/data/825542/000154638017000009/0001546380-17-000009-index.html,https://www.sec.gov/Archives/edgar/data/825542/000154638017000009/smg-1231201610xq1.htm
0,2016-09-30,SMG,2016-11-28 00:00:00,2016-11-28 09:10:39,Q4,402300000,302600000,99700000,0.24782500621426795,12200000,113700000,16600000,6700000.0,0.0,423000000,13300000,0.0,5900000.0,0.01466567238379319,-20700000,-0.07730549341287596,-1000000.0,-31100000,-0.07730549341287596,-10900000,-26600000,-0.06611981108625405,-0.36,-0.36,60600000,60600000,https://www.sec.gov/Archives/edgar/data/825542/000154638016000078/0001546380-16-000078-index.html,https://www.sec.gov/Archives/edgar/data/825542/000154638016000078/smg930201610k.htm
0,2016-07-02,SMG,2016-08-10,2016-08-10 17:01:46,Q3,994100000,636300000,357800000,0.359924,12500000,135200000,0.0,-4900000.0,140900000.0000001,777200000.0000001,16900000,17500000,317000000,0.318881,216900000,0.218187,0.0,196500000,0.197666,69500000,213100000,0.214365,3.44265,3.44265,61900000,61900000,https://www.sec.gov/Archives/edgar/data/825542/000154638016000062/smg-72201610xq3.htm,https://www.sec.gov/Archives/edgar/data/825542/000154638016000062/smg-72201610xq3.htm
0,2016-04-02,SMG,2016-05-11 00:00:00,2016-05-11 16:56:41,Q2,1245200000,723500000,521700000,0.418969,9900000.0,187300000,0.0,-1000000.0,152500000,876000000,19100000,18700000.000000004,372200000,0.298908,369200000,0.296499,0.0,350100000,0.28116,124300000,210100000,0.168728,3.37781,3.37781,62200000,62200000,https://www.sec.gov/Archives/edgar/data/825542/000154638016000053/0001546380-16-000053-index.html,https://www.sec.gov/Archives/edgar/data/825542/000154638016000053/smg-42201610xq2.htm
0,2016-01-02,SMG,2016-02-11 00:00:00,2016-02-11 16:43:01,Q1,194500000,172800000,21700000,0.111568,11000000,98800000,0.0,600000.0,119399999.99999999,292200000,16300000,18100000,-90400000,-0.464781,-97700000,-0.502314,-8800000.0,-122800000,-0.631362,-43500000,-81300000,-0.417995,-1.32195,-1.32195,61500000,61500000,https://www.sec.gov/Archives/edgar/data/825542/000154638016000041/0001546380-16-000041-index.html,https://www.sec.gov/Archives/edgar/data/825542/000154638016000041/smg-12201610xq1.htm
0,2015-09-30,SMG,2015-11-24 00:00:00,2015-11-24 16:15:21,Q4,483200000,330100000,153100000,0.3168460264900662,0.0,201200000,0.0,1100000.0,0.0,488100000,11500000,0.0,14700000,0.030422185430463575,-4900000.0,-0.07843543046357616,-21500000,-37900000,-0.07843543046357616,-13300000,-23600000,-0.048841059602649006,-0.38,-0.38,61400000,61400000,https://www.sec.gov/Archives/edgar/data/825542/000154638015000033/0001546380-15-000033-index.html,https://www.sec.gov/Archives/edgar/data/825542/000154638015000033/smg930201510k.htm
0,2015-06-27,SMG,2015-08-06 00:00:00,2015-08-06 16:05:21,Q3,1111300000,722100000,389200000,0.35022,11600000,139900000,0.0,-2800000.0,197799999.99999994,919900000,14300000,18500000.000000007,228200000,0.205345,191400000,0.172231,0.0,177100000,0.159363,62000000,133400000,0.12004,2.14125,2.14125,62300000,62300000,https://www.sec.gov/Archives/edgar/data/825542/000154638015000025/0001546380-15-000025-index.html,https://www.sec.gov/Archives/edgar/data/825542/000154638015000025/smg-627201510xq3.htm
0,2015-03-28,SMG,2015-05-07 00:00:00,2015-05-07 17:07:17,Q2,1071800000,646800000,425000000,0.396529,7200000.0,179100000,0.0,-2400000.0,193400000.0000001,840200000.0000001,15000000,15799999.999999996,233400000,0.217765,231600000,0.216085,0.0,216600000,0.20209,78000000,124600000,0.116253,2.00644,2.00644,62100000,62100000,https://www.sec.gov/Archives/edgar/data/825542/000154638015000015/0001546380-15-000015-index.html,https://www.sec.gov/Archives/edgar/data/825542/000154638015000015/smg-328201510xq2.htm
0,2014-12-27,SMG,2015-02-05,2015-02-05 17:22:50,Q1,169500000,162900000,6600000.0,0.038938,2100000.0,100300000,0.0,-3400000.0,113499999.99999997,276399999.99999994,9700000.0,16200000,-90700000,-0.535103,-106900000,-0.630678,0.0,-116600000,-0.687906,-42000000,-74600000,-0.440118,-1.22496,-1.22496,60900000,60900000,https://www.sec.gov/Archives/edgar/data/825542/000154638014000035/smg930201410k.htm,https://www.sec.gov/Archives/edgar/data/825542/000154638014000035/smg930201410k.htm
0,2014-09-30,SMG,2014-11-25 00:00:00,2014-11-25 16:45:35,Q4,454300000,313900000,140400000,0.3090468853180718,14100000,138200000,20200000,6200000.0,0.0,458800000,8600000.0,0.0,8100000.0,0.017829627999119524,-4500000.0,-0.049086506713625355,-9200000.0,-22300000,-0.049086506713625355,-7100000.0,-15200000,-0.03345806735637244,-0.24,-0.24,61000000,61000000,https://www.sec.gov/Archives/edgar/data/825542/000154638014000035/0001546380-14-000035-index.html,https://www.sec.gov/Archives/edgar/data/825542/000154638014000035/smg930201410k.htm
0,2014-06-28,SMG,2014-08-07 00:00:00,2014-08-07 13:49:51,Q3,1116400000,693100000,423300000,0.379165,12200000,174100000,0.0,-5800000.0,222399999.99999997,915500000,12800000,15899999.999999996,217800000,0.195091,200900000,0.179953,0.0,188100000,0.168488,67400000,121700000,0.109011,1.95032,1.95032,62400000,62400000,https://www.sec.gov/Archives/edgar/data/825542/000154638014000028/0001546380-14-000028-index.html,https://www.sec.gov/Archives/edgar/data/825542/000154638014000028/smg-628201410xq3.htm
0,2014-03-29,SMG,2014-05-08 00:00:00,2014-05-08 17:23:12,Q2,1081000000,647200000,433800000,0.401295,11100000,198600000,0.0,-1600000.0,216699999.99999994,863899999.9999999,12000000,16000000,222400000,0.205735,217100000,0.200833,-10700000,194400000,0.179833,68700000,125700000,0.116281,1.99841,1.99841,62900000,62900000,https://www.sec.gov/Archives/edgar/data/825542/000154638014000014/0001546380-14-000014-index.html,https://www.sec.gov/Archives/edgar/data/825542/000154638014000014/smg-329201410xq2.htm
0,2013-12-28,SMG,2014-02-06,2014-02-06 16:18:10,Q1,189600000,155700000,33900000,0.178797,11000000,110900000,0.0,-2300000.0,123600000.00000001,279300000,13900000,16100000,-73500000,-0.387658,-89700000,-0.473101,-2300000.0,-103600000,-0.546414,-37900000,-65600000,-0.345992,-1.05636,-1.05636,62100000,62100000,https://www.sec.gov/Archives/edgar/data/825542/000154638013000032/smg-0930201310kf13.htm,https://www.sec.gov/Archives/edgar/data/825542/000154638013000032/smg-0930201310kf13.htm
0,2013-09-30,SMG,2013-11-20 00:00:00,2013-11-20 17:07:41,Q4,443000000,312200000,130800000,0.29525959367945825,0.0,180100000,0.0,2500000.0,0.0,452300000,11300000,0.0,10200000,0.023024830699774266,-9300000.0,-0.06659142212189616,-8900000.0,-29500000,-0.06659142212189616,-10900000,-19400000,-0.04379232505643341,-0.31,-0.31,62000000,62000000,https://www.sec.gov/Archives/edgar/data/825542/000154638013000032/0001546380-13-000032-index.html,https://www.sec.gov/Archives/edgar/data/825542/000154638013000032/smg-0930201310kf13.htm
0,2013-06-29,SMG,2013-08-07 00:00:00,2013-08-07 11:28:28,Q3,1137100000,695300000,441800000,0.388532,11500000,175800000,0.0,-4900000.0,192800000.00000006,888100000.0000001,16800000,16300000,265800000,0.233753,249000000,0.218978,0.0,232200000,0.204204,84500000,148200000,0.130332,2.36741,2.36741,62600000,62600000,https://www.sec.gov/Archives/edgar/data/825542/000154638013000026/0001546380-13-000026-index.html,https://www.sec.gov/Archives/edgar/data/825542/000154638013000026/smg-0629201310q3f13.htm
0,2013-03-30,SMG,2013-05-07 00:00:00,2013-05-07 16:50:51,Q2,1007900000,630600000,377300000,0.374343,12200000,192500000,0.0,-1500000.0,205399999.99999997,836000000,17900000,16500000,189300000,0.187816,171900000,0.170553,0.0,154000000,0.152793,54900000,100000000,0.099216,1.60256,1.60256,62400000,62400000,https://www.sec.gov/Archives/edgar/data/825542/000154638013000012/0001546380-13-000012-index.html,https://www.sec.gov/Archives/edgar/data/825542/000154638013000012/smg-0330201310q2f13.htm
0,2012-12-29,SMG,2013-02-07 00:00:00,2013-02-07 16:32:55,Q1,195100000,164500000,30600000,0.156843,10200000,112000000,0.0,-1100000.0,122600000.00000001,287100000,13200000,16300000,-75100000,-0.384931,-92000000,-0.471553,0.0,-105200000,-0.539211,-36900000,-67700000,-0.347002,-1.09903,-1.09903,61600000,61600000,https://www.sec.gov/Archives/edgar/data/825542/000154638013000006/0001546380-13-000006-index.html,https://www.sec.gov/Archives/edgar/data/825542/000154638013000006/smg-2012122910xq1.htm
0,2012-09-30,SMG,2012-11-20 00:00:00,2012-11-20 09:13:44,Q4,379200000,272000000,107200000,0.28270042194092826,0.0,140800000,0.0,0.0,0.0,418400000,12000000,0.0,-23000000,-0.06065400843881857,-39200000,-0.14345991561181434,-3200000.0,-54400000,-0.14345991561181434,-19300000,-40100000,-0.10574894514767932,-0.66,-0.66,61200000,61200000,https://www.sec.gov/Archives/edgar/data/825542/000154638012000025/0001546380-12-000025-index.html,https://www.sec.gov/Archives/edgar/data/825542/000154638012000025/smg930201210k.htm
0,2012-06-30,SMG,2012-08-09 00:00:00,2012-08-09 16:47:03,Q3,1062200000,695700000,366500000,0.3450385991338731,0.0,201300000,0.0,0.0,0.0,897000000,16600000,0.0,181800000,0.17115420824703445,165200000,0.14253436264356995,2800000.0,151400000,0.14253436264356995,56400000,93300000,0.08783656561852758,1.53,1.5,61100000,62200000,https://www.sec.gov/Archives/edgar/data/825542/000154638012000013/0001546380-12-000013-index.html,https://www.sec.gov/Archives/edgar/data/825542/000154638012000013/smg-2012063010q.htm
0,2012-03-31,SMG,2012-05-08,2012-05-08 12:54:22,Q2,1173500000,710700000,462800000,0.3943757988922028,0.0,240300000,0.0,0.0,0.0,951000000,17900000,0.0,237200000,0.20213037920749893,222500000,0.17068598210481467,-4300000.0,200300000,0.17068598210481467,73100000,127200000,0.1083936940775458,2.09,2.05,60900000,62000000,https://www.sec.gov/Archives/edgar/data/825542/000154638012000005/smg-2012331x10q.htm,https://www.sec.gov/Archives/edgar/data/825542/000154638012000005/smg-2012331x10q.htm
0,2011-12-31,SMG,2012-02-08 00:00:00,2012-02-08 15:57:30,Q1,211200000,186400000,24800000,0.11742424242424243,0.0,123300000,0.0,0.0,0.0,309700000,15300000,0.0,-82900000,-0.3925189393939394,-98500000,-0.546875,-1700000.0,-115500000,-0.546875,-41600000,-73900000,-0.34990530303030304,-1.21,-1.21,60900000,60900000,https://www.sec.gov/Archives/edgar/data/825542/000119312512046475/0001193125-12-046475-index.html,https://www.sec.gov/Archives/edgar/data/825542/000119312512046475/d274946d10q.htm
0,2011-09-30,SMG,2011-11-23 00:00:00,2011-11-23 09:03:03,Q4,417200000,326100000,91100000,0.21836049856184084,0.0,140300000,0.0,0.0,0.0,466400000,13700000,0.0,-34700000,-0.08317353787152446,-49200000,-0.2641418983700863,-46100000,-110200000,-0.2641418983700863,-38500000,-53400000,-0.12799616490891658,0.0,0.0,0.0,0.0,https://www.sec.gov/Archives/edgar/data/825542/000119312511320616/0001193125-11-320616-index.html,https://www.sec.gov/Archives/edgar/data/825542/000119312511320616/d235241d10k.htm
0,2011-07-02,SMG,2011-08-10 00:00:00,2011-08-10 16:11:07,Q3,1036800000,634900000,401900000,0.387635,0.0,226800000,0.0,-3100000.0,196700000.00000006,831600000,37300000,15999999.999999994,234900000,0.226562,205200000,0.197917,-3100000.0,190000000,0.183256,70000000,111600000,0.107639,1.42894,1.42894,78100000,78100000,https://www.sec.gov/Archives/edgar/data/825542/000119312511218120/0001193125-11-218120-index.html,https://www.sec.gov/Archives/edgar/data/825542/000119312511218120/d10q.htm
0,2011-04-02,SMG,2011-05-12 00:00:00,2011-05-12 17:13:39,Q2,1129600000,666900000,462700000,0.409614,13400000,201500000,0.0,-300000.0,217100000.00000003,884000000,-13800000,15300000.000000002,262300000,0.232206,245600000,0.217422,-300000.0,231800000,0.205205,83200000,177600000,0.157224,2.62722,2.62722,67600000,67600000,https://www.sec.gov/Archives/edgar/data/825542/000095012311049503/0000950123-11-049503-index.html,https://www.sec.gov/Archives/edgar/data/825542/000095012311049503/c15440e10vq.htm
0,2011-01-01,SMG,2011-02-10,2011-02-10 16:11:25,Q1,230200000,181100000,49100000,0.213293,12400000,129400000,0.0,-500000.0,143600000,324700000,-9500000.0,14700000,-100000000,-0.434405,-94500000,-0.410513,-500000.0,-104000000,-0.451781,-37300000,-67900000,-0.294961,-1.02413,-1.02413,66300000,66300000,https://www.sec.gov/Archives/edgar/data/825542/000095012310108803/l40692e10vk.htm,https://www.sec.gov/Archives/edgar/data/825542/000095012310108803/l40692e10vk.htm
0,2010-09-30,SMG,2010-11-24 00:00:00,2010-11-24 17:07:21,Q4,475700000,334300000,141400000,0.2972461635484549,0.0,167700000,0.0,0.0,0.0,501800000,9100000.0,0.0,-29800000,-0.06264452385957536,-26100000,-0.11288627286104688,0.0,-53700000,-0.11288627286104688,-20100000,-32600000,-0.06853058650409923,0.0,0.0,0.0,0.0,https://www.sec.gov/Archives/edgar/data/825542/000095012310108803/0000950123-10-108803-index.html,https://www.sec.gov/Archives/edgar/data/825542/000095012310108803/l40692e10vk.htm
0,2010-07-03,SMG,2010-08-12 00:00:00,2010-08-12 14:23:23,Q3,1172600000,690800000,481800000,0.410882,0.0,200400000,0.0,-1100000.0,201700000.00000006,892500000,-45000.0,14799999.999999998,290055000,0.247361,280100000,0.238871,0.0,268900000,0.229319,99400000,175900000,0.150009,2.59057,2.59057,67900000,67900000,https://www.sec.gov/Archives/edgar/data/825542/000095012310076565/0000950123-10-076565-index.html,https://www.sec.gov/Archives/edgar/data/825542/000095012310076565/c03603e10vq.htm
0,2010-04-03,SMG,2010-05-13 00:00:00,2010-05-13 17:01:37,Q2,1050700000,635700000,415000000,0.394975,0.0,215300000,0.0,500000.0,218299999.99999994,854000000,-17000000,14700000,184600000,0.175692,196700000,0.187209,500000.0,182600000,0.173789,68400000,118500000,0.112782,1.75816,1.75816,67400000,67400000,https://www.sec.gov/Archives/edgar/data/825542/000095012310049112/0000950123-10-049112-index.html,https://www.sec.gov/Archives/edgar/data/825542/000095012310049112/c96728e10vq.htm
0,2010-01-02,SMG,2010-02-11 00:00:00,2010-02-11 16:39:54,Q1,252400000,199600000,52800000,0.209192,0.0,125300000,0.0,-6200000.0,121799999.99999999,321400000,-8000000.0,15100000,-79200000,-0.313788,-69000000,-0.273376,-6200000.0,-78700000,-0.311807,-28600000,-57700000,-0.228605,-0.87557,-0.87557,65900000,65900000,https://www.sec.gov/Archives/edgar/data/825542/000095012310011580/0000950123-10-011580-index.html,https://www.sec.gov/Archives/edgar/data/825542/000095012310011580/c95724e10vq.htm
0,2009-09-30,SMG,2009-11-24 00:00:00,2009-11-24 17:14:05,Q4,583400000,423700000,159700000,0.27374014398354474,0.0,207900000,0.0,0.0,0.0,632800000,10500000,0.0,-33500000,-0.057422008913267056,-49400000,-0.0911895783339047,6700000.0,-53200000,-0.0911895783339047,-38300000,-14900000,-0.025539938292766542,0.0,0.0,0.0,0.0,https://www.sec.gov/Archives/edgar/data/825542/000095012309065759/0000950123-09-065759-index.html,https://www.sec.gov/Archives/edgar/data/825542/000095012309065759/l38095e10vk.htm
0,2009-06-27,SMG,2009-08-05 00:00:00,2009-08-05 17:05:24,Q3,1231400000,755700000,475700000,0.386308,0.0,223400000,0.0,-400000.0,225699999.99999994,981399999.9999999,-13000000,14900000,235300000,0.191083,250000000,0.203021,-400000.0,236300000,0.191895,85600000,147800000,0.120026,2.23601,2.23601,66100000,66100000,https://www.sec.gov/Archives/edgar/data/825542/000095012309030378/0000950123-09-030378-index.html,https://www.sec.gov/Archives/edgar/data/825542/000095012309030378/c88733e10vq.htm
0,2009-03-28,SMG,2009-05-06 00:00:00,2009-05-06 16:20:47,Q2,940700000,584400000,356300000,0.37876,0.0,206600000,0.0,400000.0,209899999.99999997,794300000,-16000000,14799999.999999998,122600000,0.130328,146400000,0.155629,400000.0,130500000,0.138726,46400000,77400000,0.082279,1.17629,1.17629,65800000,65800000,https://www.sec.gov/Archives/edgar/data/825542/000114420409024414/0001144204-09-024414-index.html,https://www.sec.gov/Archives/edgar/data/825542/000114420409024414/v148046_10q.htm
0,2008-12-27,SMG,2009-02-05 00:00:00,2009-02-05 14:04:51,Q1,286100000,208800000,77300000,0.270185,0.0,141600000,0.0,-1700000.0,143200000,352000000,-16000000,14800000,-87500000,-0.305837,-65900000,-0.230339,-1700000.0,-82200000,-0.287312,-29300000,-57000000,-0.199231,-0.88099,-0.88099,64700000,64700000,https://www.sec.gov/Archives/edgar/data/825542/000095015209001014/0000950152-09-001014-index.html,https://www.sec.gov/Archives/edgar/data/825542/000095015209001014/l35226ae10vq.htm
0,2008-09-30,SMG,2008-11-25 00:00:00,2008-11-25 17:29:35,Q4,544200000,422500000,121700000,0.22363101800808527,0.0,151200000,0.0,0.0,0.0,584000000,0.0,0.0,-12100000,-0.02223447262036016,-39800000,-0.10547592796765895,-10300000,-57400000,-0.10547592796765895,-22700000,-34700000,-0.063763322307975,0.0,0.0,0.0,0.0,https://www.sec.gov/Archives/edgar/data/825542/000095015208009725/0000950152-08-009725-index.html,https://www.sec.gov/Archives/edgar/data/825542/000095015208009725/l34070ae10vk.htm
0,2008-06-28,SMG,2008-08-07 00:00:00,2008-08-07 16:25:07,Q3,1170900000,747100000,423800000,0.361944,0.0,208200000,0.0,-5400000.0,330400000,1077500000,-22000000,18300000.000000004,67600000,0.057733,93400000,0.079768,-5400000.0,71300000,0.060893,48700000,22600000,0.019301,0.34609,0.34609,65300000,65300000,https://www.sec.gov/Archives/edgar/data/825542/000095015208006162/0000950152-08-006162-index.html,https://www.sec.gov/Archives/edgar/data/825542/000095015208006162/l32350ae10vq.htm
0,2008-03-29,SMG,2008-05-08 00:00:00,2008-05-08 17:21:25,Q2,958000000,635200000,322800000,0.336952,0.0,205700000,0.0,-1000000.0,208599999.9999999,843799999.9999999,-23000000,17400000,85100000,0.088831,114200000,0.119207,0.0,90700000,0.094676,32700000,58000000,0.060543,0.88415,0.88415,65600000,65600000,https://www.sec.gov/Archives/edgar/data/825542/000095015208003683/0000950152-08-003683-index.html,https://www.sec.gov/Archives/edgar/data/825542/000095015208003683/l31488ae10vq.htm
0,2007-12-29,SMG,2008-02-07,2008-02-07 16:35:37,Q1,308700000,237400000,71300000,0.230969,0.0,140400000,0.0,-3200000.0,141100000,378500000,-19000000,17200000,-90600000,-0.293489,-69800000,-0.226109,-3200000.0,-88800000,-0.287658,-32000000,-56800000,-0.183997,-0.88474,-0.88474,64200000,64200000,https://www.sec.gov/Archives/edgar/data/825542/000095015207009349/l28885ae10vk.htm,https://www.sec.gov/Archives/edgar/data/825542/000095015207009349/l28885ae10vk.htm
0,2007-09-30,SMG,2007-11-29 00:00:00,2007-11-29 17:12:09,Q4,508900000,350800000,158100000,0.31067007270583613,0.0,168000000,0.0,0.0,0.0,538000000,0.0,0.0,20600000,0.04047946551385341,-29100000,-0.09884063666732168,-33500000,-50300000,-0.09884063666732168,-10000000,-40300000,-0.07919041068972293,0.0,0.0,0.0,0.0,https://www.sec.gov/Archives/edgar/data/825542/000095015207009349/0000950152-07-009349-index.html,https://www.sec.gov/Archives/edgar/data/825542/000095015207009349/l28885ae10vk.htm
0,2007-06-30,SMG,2007-08-08 00:00:00,2007-08-08 16:01:56,Q3,1098400000,675700000,422700000,0.3848324836125273,0.0,195000000,61700000,0.0,0.0,871300000,0.0,0.0,240700000,0.21913692643845595,227100000,0.18290240349599418,3600000.0,200900000,0.18290240349599418,71200000,129700000,0.11808084486525856,2.04,1.98,63600000,65400000,https://www.sec.gov/Archives/edgar/data/825542/000095015207006579/0000950152-07-006579-index.html,https://www.sec.gov/Archives/edgar/data/825542/000095015207006579/l27380ae10vq.htm
0,2007-03-31,SMG,2007-05-10 00:00:00,2007-05-10 13:44:03,Q2,993300000,624900000,368400000,0.3708849290244639,0.0,203000000,0.0,0.0,0.0,826800000,0.0,0.0,201400000,0.20275848182824927,166500000,0.1311788986207591,-17200000,130300000,0.1311788986207591,46900000,83400000,0.08396254907882815,1.26,1.23,66100000,67804878,https://www.sec.gov/Archives/edgar/data/825542/000095015207004261/0000950152-07-004261-index.html,https://www.sec.gov/Archives/edgar/data/825542/000095015207004261/l26054ae10vq.htm
0,2006-12-30,SMG,2007-02-08,2007-02-08 15:56:44,Q1,271200000,215900000,55300000,0.203909,0.0,138700000,0.0,-2300000.0,139900000,355800000,-8000000.0,16400000,-84400000,-0.311209,-84600000,-0.311947,-2300000.0,-92800000,-0.342183,-33400000,-59400000,-0.219027,-0.88393,-0.88393,67200000,67200000,https://www.sec.gov/Archives/edgar/data/825542/000095015206010156/l23626ae10vk.htm,https://www.sec.gov/Archives/edgar/data/825542/000095015206010156/l23626ae10vk.htm
0,2006-09-30,SMG,2006-12-14,2006-12-14 15:37:54,Q4,492100000,342100000,150000000,0.3048160942897785,0.0,159100000,0.0,0.0,0.0,552800000,0.0,0.0,21400000,0.043487096118675066,-60700000,-0.1422475106685633,-65700000,-70000000,-0.1422475106685633,-27300000,-42700000,-0.08677098150782361,0.0,0.0,0.0,0.0,https://www.sec.gov/Archives/edgar/data/825542/000095015206010156/l23626ae10vk.htm,https://www.sec.gov/Archives/edgar/data/825542/000095015206010156/l23626ae10vk.htm
0,2006-07-01,SMG,2006-08-10,2006-08-10 15:21:46,Q3,1048000000,642000000,406000000,0.387405,0.0,180200000,0.0,-4600000.0,176700000.00000006,818700000,-13000000,18199999.999999996,221300000,0.211164,229300000,0.218798,0.0,216100000,0.206202,82800000,133300000,0.127195,1.92075,1.92075,69400000,69400000,https://www.sec.gov/Archives/edgar/data/825542/000095015206006818/l21737ae10vq.htm,https://www.sec.gov/Archives/edgar/data/825542/000095015206006818/l21737ae10vq.htm
0,2006-04-01,SMG,2006-05-11,2006-05-10 19:26:47,Q2,907500000,561100000,346400000,0.381708,0.0,183200000,0.0,-800000.0,183399999.99999997,744500000,-12000000,16700000.000000004,155200000,0.171019,163000000,0.179614,-800000.0,150500000,0.16584,55700000,94800000,0.104463,1.31667,1.31667,72000000,72000000,https://www.sec.gov/Archives/edgar/data/825542/000095012306006125/l19911ae10vq.htm,https://www.sec.gov/Archives/edgar/data/825542/000095012306006125/l19911ae10vq.htm
0,2005-12-31,SMG,2006-02-09,2006-02-09 17:29:05,Q1,249500000,196000000,53500000,0.21442885771543085,0.0,126000000,0.0,0.0,0.0,326100000,0.0,0.0,-56800000,-0.22765531062124247,-76600000,-0.3354709418837675,-4100000.0,-83700000,-0.3354709418837675,-31000000,-52700000,-0.21122244488977956,-0.78,-0.78,68000000,68000000,https://www.sec.gov/Archives/edgar/data/825542/000095015205009969/l17406ae10vk.htm,https://www.sec.gov/Archives/edgar/data/825542/000095015205009969/l17406ae10vk.htm
0,2005-09-30,SMG,2005-12-15,2005-12-14 17:34:40,Q4,427200000,303300000,123900000,0.29002808988764045,0.0,126300000,0.0,0.0,0.0,437100000,0.0,0.0,25400000,0.05945692883895131,-9900000.0,-0.03745318352059925,-16200000,-16000000,-0.03745318352059925,-7600000.0,-8400000.0,-0.019662921348314606,0.0,0.0,0.0,0.0,https://www.sec.gov/Archives/edgar/data/825542/000095015205009969/l17406ae10vk.htm,https://www.sec.gov/Archives/edgar/data/825542/000095015205009969/l17406ae10vk.htm
0,2005-07-02,SMG,2005-08-11,2005-08-11 17:08:30,Q3,901200000,567400000,333800000,0.370395,0.0,188800000,31000000,-7100000.0,181500000,748900000,-11000000,16300000,146400000,0.16245,152300000,0.168997,-7100000.0,140700000,0.156125,52600000,88500000,0.098202,1.21233,1.21233,73000000,73000000,https://www.sec.gov/Archives/edgar/data/825542/000095015205006891/l15415ae10vq.htm,https://www.sec.gov/Archives/edgar/data/825542/000095015205006891/l15415ae10vq.htm
0,2005-04-02,SMG,2005-05-12,2005-05-12 17:11:13,Q2,813400000,485800000,327600000,0.402754,0.0,178600000,22000000,900000.0,180499999.99999994,666299999.9999999,-23000000,15899999.999999998,127200000,0.156381,147100000,0.180846,900000.0,134300000,0.165109,51100000,83200000,0.102287,1.17018,1.17018,71100000,71100000,https://www.sec.gov/Archives/edgar/data/825542/000095015205004376/l13795ae10vq.htm,https://www.sec.gov/Archives/edgar/data/825542/000095015205004376/l13795ae10vq.htm
0,2005-01-01,SMG,,,Q1,246500000,185400000,61100000,0.24787,0.0,129600000,0.0,-200000.0,151600000,337000000,-10400000,15900000,-95600000,-0.38783,-90500000,-0.36714,0.0,-100900000,-0.409331,-38400000,-62700000,-0.254361,-0.95,-0.95,66000000,66000000,,
0,2004-09-30,SMG,,,Q4,348800000,226600000,122200000,0.35034403669724773,0.0,145100000,15200000,0.0,0.0,338900000,0.0,0.0,37800000,0.10837155963302753,9900000.0,-0.020355504587155963,-13600000,-7100000.0,-0.020355504587155963,-4900000.0,-1800000.0,-0.005160550458715597,0.0,0.0,0.0,0.0,,
0,2004-06-26,SMG,,,Q3,769100000,439000000,330100000,0.429203,0.0,152500000,0.0,-1700000.0,155500000,594500000,-12700000,15199999.999999998,164200000,0.213496,174600000,0.227019,-300000.0,161600000,0.210116,61400000,100300000,0.130412,1.50601,1.50601,66600000,66600000,,
0,2004-03-27,SMG,,,Q2,723800000,426400000,297400000,0.410887,0.0,163500000,0.0,-1100000.0,165000000,591400000,-13500000,14800000,119700000,0.165377,132400000,0.182923,-600000.0,118300000,0.163443,45300000,73100000,0.100995,1.05789,1.05789,69100000,69100000,,
0,2003-12-27,SMG,,,Q1,181400000,139800000,41600000,0.229327,0.0,98700000,0.0,-1000000.0,100600000,240400000,-11900000,13399999.999999998,-113100000,-0.623484,-59000000,-0.325248,-43700000,-114600000,-0.631753,-43900000,-70700000,-0.389746,-1.10469,-1.10469,64000000,64000000,,
0,2003-09-30,SMG,,,Q4,343100000,224900000,118200000,0.3445059749344215,0.0,106600000,16000000,0.0,0.0,322800000,0.0,0.0,33300000,0.09705625182162635,20300000,-0.4424366074030895,1700000.0,-151800000,-0.4424366074030895,-1700000.0,-3100000.0,-0.009035266686097347,0.0,0.0,0.0,0.0,,
0,2003-06-28,SMG,,,Q3,710000000,411900000,298100000,0.419859,0.0,136500000,0.0,-2800000.0,137100000.00000003,549000000,-18200000,13000000,137600000,0.193803,161000000,0.226761,-3600000.0,142800000,0.201127,51600000,91200000,0.128451,1.40741,1.40741,64800000,64800000,,
0,2003-03-29,SMG,,,Q2,676200000,413300000,262900000,0.38879,0.0,140500000,0.0,-1600000.0,143400000.00000003,556700000,-18700000,12900000,95000000,0.140491,119500000,0.176723,-2400000.0,100800000,0.149068,38300000,62500000,0.092428,0.9705,0.9705,64400000,64400000,,
0,2002-12-28,SMG,,,Q1,180800000,149900000,30900000,0.170907,0.0,86400000,0.0,-400000.0,89799999.99999999,239699999.99999997,-16500000,11600000.000000002,-80300000,-0.444137,-58900000,-0.325774,-1200000.0,-75400000,-0.417035,-28600000,-46800000,-0.25885,-0.77483,-0.77483,60400000,60400000,,
0,2002-09-30,SMG,,,Q4,303300000,209800000,93500000,0.30827563468513025,0.0,97300000,13600000,0.0,0.0,302800000,0.0,0.0,10500000,0.03461918892185954,500000.0,-0.07253544345532476,1200000.0,-22000000,-0.07253544345532476,-9300000.0,-12700000,-0.04187273326739202,0.0,0.0,0.0,0.0,,
0,2002-06-29,SMG,,,Q3,689000000,401000000,288000000,0.417997,0.0,117000000,0.0,-4300000.0,113500000,514500000,-18700000,11000000,148100000,0.214949,174500000,0.253266,-5100000.0,155800000,0.226125,60000000,95800000,0.139042,1.50629,1.50629,63600000,63600000,,
0,2002-03-30,SMG,,,Q2,598500000,355200000,243300000,0.406516,0.0,115000000,0.0,-1100000.0,116100000.00000001,471300000,-21600000,10700000,94700000,0.158229,127200000,0.212531,-1900000.0,105600000,0.176441,40600000,65000000,0.108605,1.03175,1.03175,63000000,63000000,,
0,2001-12-29,SMG,,,Q1,161400000,135300000,26100000,0.16171,0.0,82400000,0.0,-1100000.0,83899999.99999999,219199999.99999997,-18500000,10600000.000000002,-102700000,-0.636307,-57800000,-0.358116,-2000000.0,-76300000,-0.472739,-29400000,-65400000,-0.405204,-1.13542,-1.13542,57600000,57600000,,
0,2001-09-30,SMG,2001-12-14 00:00:00,2001-12-14 00:00:00,Q4,248300000,174000000,74300000,0.2992347966169956,0.0,79800000,23200000,0.0,0.0,255800000,0.0,0.0,86600000,0.3487716472009666,-7500000.0,-0.436971405557793,-78400000,-108500000,-0.436971405557793,-45100000,-63400000,-0.25533628674989933,0.0,0.0,0.0,0.0,https://www.sec.gov/Archives/edgar/data/825542/000095015201506415/0000950152-01-506415-index.html,https://www.sec.gov/Archives/edgar/data/825542/000095015201506415/l90295ae10-k.txt
0,2001-06-30,SMG,2001-08-14 00:00:00,2001-08-14 00:00:00,Q3,610300000,379600000,230700000,0.37801081435359657,0.0,142900000,47000000,0.0,0.0,507200000,0.0,0.0,96800000,0.15861051941668033,103100000,0.13239390463706374,22200000,80800000,0.13239390463706374,35400000,45400000,0.07438964443716205,0.8,0.745,56600000,61200000,https://www.sec.gov/Archives/edgar/data/825542/000095015201503931/0000950152-01-503931-index.html,https://www.sec.gov/Archives/edgar/data/825542/000095015201503931/l89833ae10-q.txt
0,2001-03-31,SMG,2001-05-15 00:00:00,2001-05-15 00:00:00,Q2,740000000,406000000,334000000,0.45135135135135135,0.0,157000000,0.0,0.0,0.0,585000000,0.0,15000000,166000000,0.22432432432432434,155000000,0.1918918918918919,11000000,142000000,0.1918918918918919,57000000,85000000,0.11486486486486487,1.505,1.4,56400000,60600000,https://www.sec.gov/Archives/edgar/data/825542/000095015201502041/0000950152-01-502041-index.html,https://www.sec.gov/Archives/edgar/data/825542/000095015201502041/l88231ae10-q.txt
0,2000-12-30,SMG,,,Q1,146600000,118900000,27700000,0.18895,0.0,85200000,0.0,-300000.0,91699999.99999999,210600000,-21300000,15900000,-90700000,-0.61869,-64000000,-0.436562,-1100000.0,-85300000,-0.581855,-34100000,-51200000,-0.34925,-0.91429,-0.91429,56000000,56000000,,
0,2000-09-30,SMG,2000-12-28 00:00:00,2000-12-28 00:00:00,Q4,253700000,156600000,97100000,0.3827355143870713,0.0,95200000,0.0,0.0,0.0,272000000,0.0,0.0,-11400000,-0.04493496255419787,-18300000,-0.09657075285770596,13300000,-24500000,-0.09657075285770596,-10500000,-14000000,-0.055183287347260544,0.0,0.0,0.0,0.0,https://www.sec.gov/Archives/edgar/data/825542/000095015200008701/0000950152-00-008701-index.html,https://www.sec.gov/Archives/edgar/data/825542/000095015200008701/l84098ae10-k.txt
0,2000-07-01,SMG,2000-08-15 00:00:00,2000-08-15 00:00:00,Q3,581400000,340700000,240700000,0.414001,0.0,124800000,0.0,1000000.0,132700000,473400000,-24800000,16299999.999999996,74700000,0.128483,108000000,0.185759,1000000.0,83200000,0.143103,30400000,52800000,0.090815,0.88889,0.88889,59400000,59400000,https://www.sec.gov/Archives/edgar/data/825542/000095015200006125/0000950152-00-006125-index.html,https://www.sec.gov/Archives/edgar/data/825542/000095015200006125/e10-q.txt
0,2000-04-01,SMG,2000-05-16 00:00:00,2000-05-16 00:00:00,Q2,693900000,400400000,293500000,0.422972,0.0,155800000,0.0,-2500000.0,161000000,561400000,-25900000,15600000.000000002,96300000,0.138781,132500000,0.19095,-2500000.0,106600000,0.153624,43200000,63400000,0.091368,1.07458,1.07458,59000000,59000000,https://www.sec.gov/Archives/edgar/data/825542/000095015200004245/0000950152-00-004245-index.html,https://www.sec.gov/Archives/edgar/data/825542/0000950152-00-004245.txt
0,2000-01-01,SMG,,,Q1,186100000,120600000,65500000,0.351961,0.0,86900000,0.0,600000.0,93600000,214200000,-23700000,17000000,-58500000,-0.314347,-28100000,-0.150994,600000.0,-51800000,-0.278345,-21000000,-30800000,-0.165502,-0.5461,-0.5461,56400000,56400000,,
0,1999-09-30,SMG,,,Q4,246100000,146500000,99600000,0.4047135310849248,0.0,97700000,0.0,0.0,0.0,261600000,0.0,0.0,-4400000.0,-0.017878911011783828,-15500000,-0.11905729378301504,6300000.0,-29300000,-0.11905729378301504,-12100000,-17300000,-0.07029662738724096,0.0,0.0,0.0,0.0,,
0,1999-07-03,SMG,,,Q3,586200000,340300000,245900000,0.419481,0.0,144600000,0.0,-1700000.0,150800000,491100000,-24600000,17799999.999999996,63700000,0.108666,95100000,0.162231,-1700000.0,70500000,0.120266,28900000,41600000,0.070966,0.06731,0.06731,618000000,618000000,,
0,1999-04-03,SMG,,,Q2,631500000,350800000,280700000,0.444497,0.0,161000000,0.0,-2000000.0,163499999.99999994,514299999.99999994,-24600000,13200000,75800000,0.120032,117200000,0.18559,0.0,92600000,0.146635,38000000,49200000,0.07791,0.81188,0.81188,60600000,60600000,,
0,1999-01-02,SMG,,,Q1,184400000,114700000,69700000,0.377983,0.0,70600000,0.0,-100000.0,76800000,191500000,-9800000.0,11800000,-15300000,-0.082972,-7100000.0,-0.038503,0.0,-16900000,-0.091649,-6900000.0,-10400000,-0.056399,-0.28415,-0.28415,36600000,36600000,,
0,1998-09-30,SMG,,,Q4,189800000,129200000,60600000,0.3192834562697576,0.0,55800000,0.0,0.0,0.0,195200000,0.0,0.0,21500000,0.11327713382507903,-5400000.0,-0.14383561643835616,-16700000,-27300000,-0.14383561643835616,-12000000,-15300000,-0.08061116965226554,0.0,0.0,0.0,0.0,,
0,1998-07-04,SMG,,,Q3,367000000,235700000,131300000,0.357766,0.0,76700000,0.0,1300000.0,81500000,317200000,-9200000.0,10000000,41400000,0.112807,49800000,0.135695,1300000.0,40600000,0.110627,16200000,24400000,0.066485,0.39869,0.39869,61200000,61200000,,
0,1998-04-04,SMG,,,Q2,430100000,259600000,170500000,0.396419,0.0,96900000,0.0,1800000.0,102099999.99999997,361699999.99999994,-10100000,9500000.000000002,57000000,0.132527,68400000,0.159033,1800000.0,58300000,0.13555,24800000,32800000,0.076261,0.53947,0.53947,60800000,60800000,,
0,1998-01-03,SMG,,,Q1,124800000,83500000,41300000,0.330929,0.0,42200000,0.0,-300000.0,44599999.99999999,128100000,-6400000.0,8100000.0,-8000000.0,-0.064103,-3300000.0,-0.026442,0.0,-9700000.0,-0.077724,-4200000.0,-5500000.0,-0.044071,-0.14706,-0.14706,37400000,37400000,,
0,1997-09-30,SMG,,,Q4,155400000,106100000,49300000,0.31724581724581724,0.0,40600000,0.0,0.0,0.0,153100000,0.0,0.0,12200000,0.07850707850707851,2300000.0,-0.04118404118404118,-3500000.0,-6400000.0,-0.04118404118404118,-2900000.0,-3500000.0,-0.02252252252252252,0.0,0.0,0.0,0.0,,
0,1997-06-28,SMG,1997-08-11 00:00:00,1997-08-11 00:00:00,Q3,299000000,188300000,110700000,0.370234,0.0,63600000,0.0,-700000.0,65600000,253900000,-7600000.0,9200000.0,39100000,0.130769,45100000,0.150836,0.0,37500000,0.125418,16400000,21100000,0.070569,0.35284,0.35284,59800000,59800000,https://www.sec.gov/Archives/edgar/data/825542/000095015297005759/0000950152-97-005759-index.html,https://www.sec.gov/Archives/edgar/data/825542/0000950152-97-005759.txt
0,1997-03-29,SMG,,,Q2,346200000,207800000,138400000,0.399769,0.0,75100000,0.0,3200000.0,81000000,288800000,-8300000.0,7400000.0,48200000,0.139226,57400000,0.1658,0.0,49100000,0.141826,21200000,27900000,0.080589,0.47611,0.47611,58600000,58600000,,
0,1996-12-28,SMG,,,Q1,100200000,67600000,32600000,0.325349,0.0,35100000,0.0,300000.0,37600000.00000001,105200000.00000001,-5600000.0,7400000.0,-8800000.0,-0.087824,-5000000.0,-0.0499,0.0,-10600000,-0.105788,-4600000.0,-6000000.0,-0.05988,-0.16129,-0.16129,37200000,37200000,,
0,1996-09-30,SMG,,,Q4,134800000,76400000,58400000,0.4332344213649852,0.0,53800000,0.0,0.0,0.0,137400000,0.0,0.0,17100000,0.12685459940652818,-2600000.0,-0.14836795252225518,-12500000,-20000000,-0.14836795252225518,-6400000.0,-13600000,-0.10089020771513353,0.0,0.0,0.0,0.0,,
0,1996-06-29,SMG,1996-08-12 00:00:00,1996-08-12 00:00:00,Q3,247900000,165900000,82000000,0.330779,0.0,54900000,0.0,3100000.0,60199999.99999999,226100000,-6900000.0,7800000.000000001,15800000.000000002,0.063735,21800000,0.087939,0.0,14900000,0.060105,7300000.0,7600000.0,0.030658,0.12947,0.12947,58700000,58700000,https://www.sec.gov/Archives/edgar/data/825542/000089646396000125/0000896463-96-000125-index.html,https://www.sec.gov/Archives/edgar/data/825542/0000896463-96-000125.txt
0,1996-03-30,SMG,1996-05-14 00:00:00,1996-05-14 00:00:00,Q2,251200000,163500000,87700000,0.349124,0.0,56000000,0.0,2400000.0,60599999.99999999,224100000,-8100000.0,7000000.000000001,17900000,0.071258,27100000,0.107882,0.0,19000000,0.075637,8400000.0,10600000,0.042197,0.18027,0.18027,58800000,58800000,https://www.sec.gov/Archives/edgar/data/825542/000089646396000069/0000896463-96-000069-index.html,https://www.sec.gov/Archives/edgar/data/825542/0000896463-96-000069.txt
0,1995-12-31,SMG,1996-02-13 00:00:00,1996-02-13 00:00:00,Q1,117900000,57400000,60500000,0.5131467345207803,0.0,59400000,0.0,0.0,0.0,124100000,0.0,0.0,1100000.0,0.009329940627650551,-6200000.0,-0.1077184054283291,0.0,-12700000,-0.1077184054283291,-5500000.0,-7200000.0,-0.061068702290076333,-0.255,-0.255,28235294,28235294,https://www.sec.gov/Archives/edgar/data/825542/000089646396000015/0000896463-96-000015-index.html,https://www.sec.gov/Archives/edgar/data/825542/0000896463-96-000015.txt
0,1995-09-30,SMG,1995-12-29 00:00:00,1995-12-29 00:00:00,Q4,169700000,89200000,80500000,0.474366529169122,0.0,63200000,0.0,0.0,0.0,159700000,0.0,0.0,17300000,0.10194460813199764,10000000,0.027106658809664112,0.0,4600000.0,0.027106658809664112,1700000.0,2900000.0,0.01708898055391868,0.0,0.0,0.0,0.0,https://www.sec.gov/Archives/edgar/data/825542/000089646395000153/0000896463-95-000153-index.html,https://www.sec.gov/Archives/edgar/data/825542/0000896463-95-000153.txt
0,1995-07-01,SMG,1995-08-15 00:00:00,1995-08-15 00:00:00,Q3,229000000,120500000,108500000,0.473799,2500000.0,77700000,0.0,1600000.0,81300000.00000001,201800000,0.0,6499999.999999998,26899999.999999996,0.117467,27300000,0.119214,-6800000.0,20400000,0.089083,7400000.0,13000000,0.056769,0.27542,0.27542,47200000,47200000,https://www.sec.gov/Archives/edgar/data/825542/000089646395000120/0000896463-95-000120-index.html,https://www.sec.gov/Archives/edgar/data/825542/0000896463-95-000120.txt
0,1995-04-01,SMG,1995-05-12 00:00:00,1995-05-12 00:00:00,Q2,236100000,123900000,112200000,0.475222,3000000.0,76000000,0.0,1600000.0,80500000,204400000,0.0,6100000.000000001,29700000,0.125794,31700000,0.134265,-8100000.0,23600000,0.099958,9800000.0,13800000,0.05845,0.36702,0.36702,37600000,37600000,https://www.sec.gov/Archives/edgar/data/825542/000089646395000077/0000896463-95-000077-index.html,https://www.sec.gov/Archives/edgar/data/825542/0000896463-95-000077.txt
0,1994-12-31,SMG,1995-02-06 00:00:00,1995-02-06 00:00:00,Q1,98000000,47700000,50300000,0.513265306122449,0.0,46700000,0.0,0.0,0.0,100200000,0.0,0.0,3600000.0,0.036734693877551024,-2200000.0,-0.08061224489795918,0.0,-7900000.0,-0.08061224489795918,-3300000.0,-4600000.0,-0.04693877551020408,-0.125,-0.125,36800000,36800000,https://www.sec.gov/Archives/edgar/data/825542/000089646395000015/0000896463-95-000015-index.html,https://www.sec.gov/Archives/edgar/data/825542/0000896463-95-000015.txt
0,1994-09-30,SMG,1994-12-29 00:00:00,1994-12-29 00:00:00,Q4,129600000,63100000,66500000,0.5131172839506173,0.0,52300000,0.0,0.0,0.0,121000000,0.0,0.0,14200000,0.1095679012345679,8600000.0,0.04089506172839506,0.0,5300000.0,0.04089506172839506,2300000.0,2000000.0,0.015432098765432098,0.0,0.0,0.0,0.0,https://www.sec.gov/Archives/edgar/data/825542/000089646394000118/0000896463-94-000118-index.html,https://www.sec.gov/Archives/edgar/data/825542/0000896463-94-000118.txt
0,1994-07-03,SMG,1994-08-16 00:00:00,1994-08-16 00:00:00,Q3,200900000,104500000,96400000,0.479841,2800000.0,71300000,0.0,0.0,74100000,178600000,0.0,5599999.999999998,22199999.999999996,0.110503,22300000,0.111,-5700000.0,16600000,0.082628,7200000.0,9400000.0,0.046789,0.25,0.25,37600000,37600000,https://www.sec.gov/Archives/edgar/data/825542/000089646394000063/0000896463-94-000063-index.html,https://www.sec.gov/Archives/edgar/data/825542/0000896463-94-000063.txt
0,1994-04-02,SMG,1994-05-17 00:00:00,1994-05-17 00:00:00,Q2,207400000,109100000,98300000,0.473963,2900000.0,67200000,0.0,0.0,70100000,179200000,0.0,6200000.000000001,28700000,0.13838,28200000,0.135969,-5700000.0,22500000,0.108486,9500000.0,13000000,0.062681,0.34392,0.34392,37800000,37800000,https://www.sec.gov/Archives/edgar/data/825542/000089646394000026/0000896463-94-000026-index.html,https://www.sec.gov/Archives/edgar/data/825542/0000896463-94-000026.txt
