,date,symbol,fillingDate,acceptedDate,period,revenue,costOfRevenue,grossProfit,grossProfitRatio,researchAndDevelopmentExpenses,generalAndAdministrativeExpenses,sellingAndMarketingExpenses,otherExpenses,operatingExpenses,costAndExpenses,interestExpense,depreciationAndAmortization,ebitda,ebitdaratio,operatingIncome,operatingIncomeRatio,totalOtherIncomeExpensesNet,incomeBeforeTax,incomeBeforeTaxRatio,incomeTaxExpense,netIncome,netIncomeRatio,eps,epsdiluted,weightedAverageShsOut,weightedAverageShsOutDil,link,finalLink
0,2020-06-30,AEM,2020-07-29 00:00:00,2020-07-29 17:25:59,Q2,557175000,280394000,276781000,0.496758,14337000,25546000,0.0,0.0,191495999.99999997,471890000,35080000,129465000,282096000,0.506297,85285000,0.153067,252000.0,117551000,0.210977,12250000,105301000,0.188991,0.43663,0.43663,241170000,241170000,https://www.sec.gov/Archives/edgar/data/2809/000104746920004310/0001047469-20-004310-index.htm,https://www.sec.gov/Archives/edgar/data/2809/000104746920004310/a2242129z6-k.htm
0,2020-03-31,AEM,2020-04-03 00:00:00,2020-04-03 16:57:01,Q1,671878000,356102000,315776000,0.46999,29643000,30543000,0.0,0.0,217644000,573746000,-71893000,153509000,104947000,0.156199,98132000,0.146056,-2244000.0,23331000,0.034725,44896000,-21565000,-0.032097,-0.08977,-0.08977,240222000,240222000,https://www.sec.gov/Archives/edgar/data/2809/000110465920043186/0001104659-20-043186-index.html,https://www.sec.gov/Archives/edgar/data/2809/000110465920043186/a20-14973_16k.htm
0,2019-12-31,AEM,2020-02-12 00:00:00,2020-02-12 08:12:50,Q4,753099000,374969000,378130000,0.502099,23750000,35432000,0.0,2804000.0,-133516000,241453000,-33617000,150319000.00000003,620647000,0.824124,511646000,0.679387,25916000,503945000,0.669162,172250000,331695000,0.44044,1.37683,1.37683,240912000,240912000,https://www.sec.gov/Archives/edgar/data/2809/000110465920018057/0001104659-20-018057-index.html,https://www.sec.gov/Archives/edgar/data/2809/000110465920018057/a20-7561_16k.htm
0,2019-09-30,AEM,2019-10-09 00:00:00,2019-10-09 11:57:09,Q3,682959000,316346000,366613000,0.536801,28227000,27336000,0.0,0.0,198856000,515202000,-26252000,143293000,256497000,0.375567,167757000,0.245633,-2049000.0,139456000,0.204194,62789000,76667000,0.112257,0.31929,0.31929,240115000,240115000,https://www.sec.gov/Archives/edgar/data/2809/000110465919053537/0001104659-19-053537-index.html,https://www.sec.gov/Archives/edgar/data/2809/000110465919053537/a19-19767_16k.htm
0,2019-06-30,AEM,2019-07-25 00:00:00,2019-07-25 10:57:21,Q2,526611000,279497000,247114000,0.469253,27352000,29126000,0.0,0.0,180680999.99999997,460178000,-33783000,124203000,133240000,0.253014,66433000,0.126152,10170000,42820000,0.081312,15048000,27772000,0.052737,0.11718,0.11718,237011000,237011000,https://www.sec.gov/Archives/edgar/data/2809/000104746919004371/0001047469-19-004371-index.html,https://www.sec.gov/Archives/edgar/data/2809/000104746919004371/a2239320z6-k.htm
0,2019-03-31,AEM,2019-04-01 00:00:00,2019-04-01 15:49:46,Q1,532223000,276893000,255330000,0.479743,25450000,29093000,0.0,0.0,182785000.00000003,459678000.00000006,-19056000,128242000,161707000,0.303833,72545000,0.136306,-968000.0,52521000,0.098682,15489000,37032000,0.06958,0.15645,0.15645,236701000,236701000,https://www.sec.gov/Archives/edgar/data/2809/000104746919001828/0001047469-19-001828-index.html,https://www.sec.gov/Archives/edgar/data/2809/000104746919001828/a2237516z6-k.htm
0,2018-12-31,AEM,2019-01-11 00:00:00,2019-01-11 14:36:29,Q4,537821000,284472000,253349000,0.471066,27572000,31361000,0.0,0.0,600028000,884500000,-37359000,137235000,-287397000,-0.534373,-346679000,-0.644599,-2378000.0,-387273000,-0.720078,6383000.0,-393656000,-0.731946,-1.68159,-1.68159,234097000,234097000,https://www.sec.gov/Archives/edgar/data/2809/000110465919001599/0001104659-19-001599-index.html,https://www.sec.gov/Archives/edgar/data/2809/000110465919001599/a19-2741_16k.htm
0,2018-09-30,AEM,2018-10-25 00:00:00,2018-10-25 13:52:43,Q3,518683000,276862000,241821000,0.466221,40939000,29404000,0.0,0.0,214221999.99999997,491084000,-11899000,143897999.99999997,150458999.99999997,0.290079,27599000,0.05321,4255000.0,18460000,0.03559,1407000.0,17053000,0.032877,0.07247,0.07247,235317000,235317000,https://www.sec.gov/Archives/edgar/data/2809/000104746918006858/0001047469-18-006858-index.html,https://www.sec.gov/Archives/edgar/data/2809/000104746918006858/a2236956z6-k.htm
0,2018-06-30,AEM,2018-07-18 00:00:00,2018-07-18 08:35:05,Q2,556300000,303700000,252600000,0.454072,38900000,30600000,0.0,0.0,208100000.00000003,511800000,-30500000,138400000,148300000,0.266583,44500000,0.079993,1100000.0,40400000,0.072623,35400000,5000000.0,0.008988,0.02129,0.02129,234900000,234900000,https://www.sec.gov/Archives/edgar/data/2809/000110465918045659/0001104659-18-045659-index.html,https://www.sec.gov/Archives/edgar/data/2809/000110465918045659/a18-17351_16k.htm
0,2018-03-31,AEM,2018-04-23 00:00:00,2018-04-23 14:33:59,Q1,578400000,295300000,283100000,0.489454,30200000,33500000,0.0,200000.0,198300000,493600000,-14700000,134400000,189000000,0.326763,84800000,0.146611,-700000.0,69400000,0.119986,24400000,44900000,0.077628,0.19139,0.19139,234600000,234600000,https://www.sec.gov/Archives/edgar/data/2809/000110465918025800/0001104659-18-025800-index.html,https://www.sec.gov/Archives/edgar/data/2809/000110465918025800/a18-12031_16k.htm
0,2017-12-31,AEM,2018-01-12 00:00:00,2018-01-12 16:34:35,Q4,565300000,287700000,277600000,0.491067,31700000,28600000,0.0,900000.0,191900000.00000003,479600000.00000006,-20700000,129399999.99999999,174899999.99999997,0.309393,85600000,0.151424,-1500000.0,66200000,0.117106,28700000,37500000,0.066336,0.16039,0.16039,233800000,233800000,https://www.sec.gov/Archives/edgar/data/2809/000110465918002078/0001104659-18-002078-index.html,https://www.sec.gov/Archives/edgar/data/2809/000110465918002078/a18-3134_16k.htm
0,2017-09-30,AEM,2017-10-26 00:00:00,2017-10-26 14:45:09,Q3,580000000,262200000,317800000,0.547931,50100000,28000000,0.0,200000.0,198000000,460200000,-13000000,118400000.00000003,212200000.00000003,0.365862,119800000,0.206552,1700000.0,106700000,0.183966,34300000,72500000,0.125,0.31009,0.31009,233800000,233800000,https://www.sec.gov/Archives/edgar/data/2809/000104746917006574/0001047469-17-006574-index.html,https://www.sec.gov/Archives/edgar/data/2809/000104746917006574/a2233637z6-k.htm
0,2017-06-30,AEM,2017-07-06 00:00:00,2017-07-06 09:27:09,Q2,549900000,267600000,282200000,0.513184,34300000,27800000,0.0,-200000.0,196200000,463800000,-15700000,128399999.99999999,176399999.99999997,0.320786,86100000,0.156574,1300000.0,63700000,0.115839,8800000.0,54900000,0.099836,0.23512,0.23512,233500000,233500000,https://www.sec.gov/Archives/edgar/data/2809/000110465917043756/0001104659-17-043756-index.html,https://www.sec.gov/Archives/edgar/data/2809/000110465917043756/a17-16059_16k.htm
0,2017-03-31,AEM,2017-04-28 00:00:00,2017-04-28 09:54:59,Q1,547500000,240300000,307100000,0.560913,25300000,30800000,0.0,300000.0,188899999.99999997,429200000,-14300000,132500000,220900000,0.40347,118200000,0.21589,600000.0,102600000,0.187397,26700000,76000000,0.138813,0.33144,0.33144,229300000,229300000,https://www.sec.gov/Archives/edgar/data/2809/000104746917003035/0001047469-17-003035-index.html,https://www.sec.gov/Archives/edgar/data/2809/000104746917003035/a2231960z6-k.htm
0,2016-12-31,AEM,2017-02-17 00:00:00,2017-02-17 09:15:10,Q4,499200000,255100000,244100000,0.488982,35800000,32100000,0.0,-1600000.0,97600000,352700000,-18100000,151400000.00000003,248800000.00000003,0.498397,146500000,0.29347,-12900000,115400000,0.23117,52800000,62700000,0.125601,0.27524,0.27524,227800000,227800000,https://www.sec.gov/Archives/edgar/data/2809/000110465917010046/0001104659-17-010046-index.html,https://www.sec.gov/Archives/edgar/data/2809/000110465917010046/a17-4614_16k.htm
0,2016-09-30,AEM,2016-10-03 00:00:00,2016-10-03 08:03:02,Q3,610900000,277400000,333500000,0.545916,44600000,21500000,0.0,-300000.0,227300000,504700000,-21400000,161500000,228000000,0.37322,106200000,0.173842,3200000.0,87900000,0.143886,38500000,49400000,0.080864,0.21695,0.21695,227700000,227700000,https://www.sec.gov/Archives/edgar/data/2809/000110465916148060/0001104659-16-148060-index.html,https://www.sec.gov/Archives/edgar/data/2809/000110465916148060/a16-19333_16k.htm
0,2016-06-30,AEM,2016-07-26 00:00:00,2016-07-26 11:52:39,Q2,537600000,255400000,282200000,0.524926,38100000,24300000,0.0,800000.0,217999999.99999997,473399999.99999994,-20400000,154700000.00000003,172200000.00000003,0.320313,64300000,0.119606,-5900000.0,37900000,0.070499,18900000,19000000,0.035342,0.08437,0.08437,225200000,225200000,https://www.sec.gov/Archives/edgar/data/2809/000110465916134303/0001104659-16-134303-index.html,https://www.sec.gov/Archives/edgar/data/2809/000110465916134303/a16-15442_16k.htm
0,2016-03-31,AEM,2016-04-08 00:00:00,2016-04-08 07:57:11,Q1,490500000,244000000,246600000,0.502752,28400000,24800000,0.0,5100000.0,203899999.99999997,447900000,-14800000,145600000,158000000,0.32212,42600000,0.08685,-600000.0,27200000,0.055454,-600000.0,27800000,0.056677,0.12528,0.12528,221900000,221900000,https://www.sec.gov/Archives/edgar/data/2809/000110465916110468/0001104659-16-110468-index.html,https://www.sec.gov/Archives/edgar/data/2809/000110465916110468/a16-8117_16k.htm
0,2015-12-31,AEM,2016-01-11 00:00:00,2016-01-11 08:59:50,Q4,482900000,229800000,253100000,0.524125,26000000,22500000,0.0,1700000.0,211200000,441000000,-22500000,157100000.00000003,153700000.00000003,0.318285,41900000,0.086767,-400000.0,19000000,0.039346,34600000,-15500000,-0.032098,-0.07126,-0.07126,217500000,217500000,https://www.sec.gov/Archives/edgar/data/2809/000110465916089017/0001104659-16-089017-index.html,https://www.sec.gov/Archives/edgar/data/2809/000110465916089017/a16-1556_16k.htm
0,2015-09-30,AEM,2015-10-02 00:00:00,2015-10-02 08:23:49,Q3,508800000,254600000,254200000,0.499607,37100000,25700000,0.0,0.0,227799999.99999997,482400000,-36300000,158000000,107700000,0.211675,26400000,0.051887,-4100000.0,-14000000,-0.027516,-15300000,1300000.0,0.002555,0.00597,0.00597,217700000,217700000,https://www.sec.gov/Archives/edgar/data/2809/000110465915068773/0001104659-15-068773-index.html,https://www.sec.gov/Archives/edgar/data/2809/000110465915068773/a15-20595_16k.htm
0,2015-06-30,AEM,2015-08-04 00:00:00,2015-08-04 10:09:20,Q2,510100000,263600000,246500000,0.483239,30600000,23600000,0.0,-100000.0,212000000,475600000,-11200000,157600000,167300000,0.327975,34500000,0.067634,-2400000.0,20900000,0.040972,10800000,10100000,0.0198,0.04661,0.04661,216700000,216700000,https://www.sec.gov/Archives/edgar/data/2809/000110465915055665/0001104659-15-055665-index.html,https://www.sec.gov/Archives/edgar/data/2809/000110465915055665/a15-16061_26k.htm
0,2015-03-31,AEM,2015-05-05 00:00:00,2015-05-05 08:36:34,Q1,483600000,247300000,236300000,0.488627,16700000,25200000,0.0,400000.0,178899999.99999997,426200000,4500000.0,135900000,197100000,0.407568,57400000,0.118693,-5200000.0,56700000,0.117246,28000000,28700000,0.059347,0.13306,0.13306,215700000,215700000,https://www.sec.gov/Archives/edgar/data/2809/000110465915033973/0001104659-15-033973-index.html,https://www.sec.gov/Archives/edgar/data/2809/000110465915033973/a15-9596_36k.htm
0,2014-12-31,AEM,,,Q4,503100000,287300000,215800000,0.428941,14400000,26000000,0.0,-900000.0,191500000,478800000,-27300000,139100000.00000003,114100000.00000001,0.226794,24300000,0.048301,5300000.0,2300000.0,0.004572,23600000,-21300000,-0.042338,-0.12007,-0.12007,177400000,177400000,,
0,2014-09-30,AEM,2014-10-01 00:00:00,2014-10-01 07:59:09,Q3,463400000,269800000,193600000,0.417782,20500000,25000000,0.0,8500000.0,171899999.99999997,441700000,-24000000,117400000,99700000,0.215149,21700000,0.046828,8600000.0,6300000.0,0.013595,21400000,-15100000,-0.032585,-0.07232,-0.07232,208800000,208800000,https://www.sec.gov/Archives/edgar/data/2809/000110465914069373/0001104659-14-069373-index.html,https://www.sec.gov/Archives/edgar/data/2809/000110465914069373/a14-21698_16k.htm
0,2014-06-30,AEM,2014-07-11 00:00:00,2014-07-11 07:35:22,Q2,438500000,229400000,209100000,0.476853,11600000,41500000,0.0,500000.0,149700000.00000003,379100000,-18300000,93600000,109200000,0.249031,59400000,0.135462,-7300000.0,33800000,0.077081,11700000,22200000,0.050627,0.11916,0.11916,186300000,186300000,https://www.sec.gov/Archives/edgar/data/2809/000110465914051112/0001104659-14-051112-index.html,https://www.sec.gov/Archives/edgar/data/2809/000110465914051112/a14-17022_16k.htm
0,2014-03-31,AEM,2014-04-17 00:00:00,2014-04-17 13:27:28,Q1,491800000,218100000,273700000,0.556527,9400000.0,26300000,0.0,200000.0,119299999.99999999,337400000,-8100000.0,83500000,222100000,0.451606,154400000,0.313949,400000.0,146700000,0.298292,49600000,97100000,0.197438,0.55645,0.55645,174500000,174500000,https://www.sec.gov/Archives/edgar/data/2809/000110465914028378/0001104659-14-028378-index.html,https://www.sec.gov/Archives/edgar/data/2809/000110465914028378/a14-10758_16k.htm
0,2013-12-31,AEM,,,Q4,437200000,230500000,206700000,0.472781,8800000.0,25900000,0.0,3700000.0,1147800000,1378300000,-18300000,90799999.99999999,-887900000,-2.030878,-941000000,-2.152333,-1100000.0,-960400000,-2.196706,-180100000,-780300000,-1.784767,-4.51301,-4.51301,172900000,172900000,,
0,2013-09-30,AEM,2013-10-03 00:00:00,2013-10-03 09:19:28,Q3,444300000,222800000,221500000,0.498537,15600000,24000000,0.0,0.0,119099999.99999997,341899999.99999994,-14000000,79299999.99999999,153799999.99999997,0.346163,102400000,0.230475,200000.0,88600000,0.199415,13600000,74900000,0.16858,0.4317,0.4317,173500000,173500000,https://www.sec.gov/Archives/edgar/data/2809/000110465913073790/0001104659-13-073790-index.html,https://www.sec.gov/Archives/edgar/data/2809/000110465913073790/a13-21691_16k.htm
0,2013-06-30,AEM,2013-07-23 00:00:00,2013-07-23 07:46:07,Q2,336400000,182800000,153700000,0.456897,11300000,26600000,0.0,0.0,128899999.99999999,311700000,-17300000,73700000.00000001,61300000.00000002,0.182224,24700000,0.073424,0.0,4900000.0,0.014566,10100000,-5200000.0,-0.015458,-0.02951,-0.02951,176200000,176200000,https://www.sec.gov/Archives/edgar/data/2809/000110465913055756/0001104659-13-055756-index.html,https://www.sec.gov/Archives/edgar/data/2809/000110465913055756/a13-16975_16k.htm
0,2013-03-31,AEM,2013-04-08 00:00:00,2013-04-08 12:36:35,Q1,420400000,230100000,190400000,0.452902,8600000.0,37300000,0.0,0.0,126900000,357000000,-14800000,70100000,103900000,0.247146,63400000,0.150809,0.0,48600000,0.115604,24700000,23900000,0.056851,0.13847,0.13847,172600000,172600000,https://www.sec.gov/Archives/edgar/data/2809/000110465913027582/0001104659-13-027582-index.html,https://www.sec.gov/Archives/edgar/data/2809/000110465913027582/a13-5357_96k.htm
0,2012-12-31,AEM,2013-01-22 00:00:00,2013-01-22 07:10:51,Q4,449400000,242400000,207000000,0.460614,16100000,27700000,0.0,-4100000.0,113499999.99999997,355899999.99999994,4700000.0,72699999.99999999,175500000,0.390521,93400000,0.207833,0.0,98100000,0.218291,15300000,82800000,0.184246,0.48112,0.48112,172100000,172100000,https://www.sec.gov/Archives/edgar/data/2809/000110465913003559/0001104659-13-003559-index.html,https://www.sec.gov/Archives/edgar/data/2809/000110465913003559/a13-3113_16k.htm
0,2012-09-30,AEM,2012-10-02 00:00:00,2012-10-02 10:24:09,Q3,535800000,223600000,312200000,0.58268,36000000,25400000,0.0,0.0,129799999.99999999,353400000,-30100000,68299999.99999999,190499999.99999997,0.355543,182500000,0.340612,0.0,152300000,0.284248,46000000,106300000,0.198395,0.61946,0.61946,171600000,171600000,https://www.sec.gov/Archives/edgar/data/2809/000110465912066883/0001104659-12-066883-index.html,https://www.sec.gov/Archives/edgar/data/2809/000110465912066883/a12-22531_16k.htm
0,2012-06-30,AEM,2012-07-10 00:00:00,2012-07-10 14:55:37,Q2,459600000,223900000,235700000,0.512837,34300000,32000000,0.0,0.0,144200000.00000003,368100000,-14300000,66300000.00000001,129200000.00000001,0.281114,91500000,0.199086,0.0,77200000,0.167972,33900000,43300000,0.094212,0.25277,0.25277,171300000,171300000,https://www.sec.gov/Archives/edgar/data/2809/000110465912048227/0001104659-12-048227-index.html,https://www.sec.gov/Archives/edgar/data/2809/000110465912048227/a12-16135_16k.htm
0,2012-03-31,AEM,,,Q1,472900000,215000000,257900000,0.545358,23100000,33900000,0.0,0.0,121600000.00000001,336600000,-28800000,64600000,143300000,0.303024,136300000,0.288222,0.0,107500000,0.227321,29000000,78500000,0.165997,0.45906,0.45906,171000000,171000000,,
0,2011-12-31,AEM,2012-01-24 00:00:00,2012-01-24 17:27:18,Q4,455500000,236800000,218700000,0.480132,31800000,28200000,0.0,0.0,1054500000,1291300000,-14300000,73500000,-790900000,-1.736334,-835800000,-1.834907,0.0,-850200000,-1.86652,-248700000,-601400000,-1.320307,-3.52108,-3.52108,170800000,170800000,https://www.sec.gov/Archives/edgar/data/2809/000110465912003684/0001104659-12-003684-index.html,https://www.sec.gov/Archives/edgar/data/2809/000110465912003684/a12-3362_16k.htm
0,2011-09-30,AEM,2011-10-07 00:00:00,2011-10-07 15:48:09,Q3,520500000,237200000,283300000,0.544284,9600000.0,20400000,0.0,0.0,395300000,632500000,1400000.0,67100000.00000001,-42099999.99999999,-0.080884,-112000000,-0.215178,0.0,-110600000,-0.212488,-29000000,-81600000,-0.156772,-0.48227,-0.48227,169200000,169200000,https://www.sec.gov/Archives/edgar/data/2809/000110465911055401/0001104659-11-055401-index.html,https://www.sec.gov/Archives/edgar/data/2809/000110465911055401/a11-26845_86k.htm
0,2011-06-30,AEM,2011-07-29 00:00:00,2011-07-29 11:38:57,Q2,433700000,212800000,220900000,0.509338,17300000,24100000,0.0,0.0,100599999.99999997,313399999.99999994,-15500000,59300000.00000001,148500000,0.342403,120300000,0.277381,0.0,104800000,0.241642,35900000,68800000,0.158635,0.39907,0.39907,172400000,172400000,https://www.sec.gov/Archives/edgar/data/2809/000110465911041736/0001104659-11-041736-index.html,https://www.sec.gov/Archives/edgar/data/2809/000110465911041736/a11-23191_16k.htm
0,2011-03-31,AEM,2011-05-02 00:00:00,2011-05-02 09:28:26,Q1,412100000,198600000,213500000,0.518078,17000000,35200000,0.0,0.0,114000000.00000003,312600000.00000006,-22100000,61900000,117200000,0.284397,99400000,0.241204,0.0,77400000,0.187818,32100000,45300000,0.109925,0.262,0.262,172900000,172900000,https://www.sec.gov/Archives/edgar/data/2809/000110465911024687/0001104659-11-024687-index.html,https://www.sec.gov/Archives/edgar/data/2809/000110465911024687/a11-11215_16k.htm
0,2010-12-31,AEM,,,Q4,439000000,196700000,242300000,0.551936,15000000,22700000,0.0,0.0,116500000,313200000,-3900000.0,69800000,187800000,0.42779,125800000,0.28656,0.0,121900000,0.277677,33900000,88000000,0.200456,0.50662,0.50662,173700000,173700000,,
0,2010-09-30,AEM,2010-10-29 00:00:00,2010-10-29 09:22:13,Q3,398500000,189700000,208700000,0.523714,19500000,19900000,0.0,0.0,21200000.00000002,210900000.00000003,-24100000,48200000,187600000,0.470765,187600000,0.470765,0.0,163500000,0.410289,42000000,121500000,0.304893,0.71178,0.71178,170700000,170700000,https://www.sec.gov/Archives/edgar/data/2809/000110465910054535/0001104659-10-054535-index.html,https://www.sec.gov/Archives/edgar/data/2809/000110465910054535/a10-20133_16k.htm
0,2010-06-30,AEM,2010-07-08 00:00:00,2010-07-08 08:42:56,Q2,347500000,167300000,180100000,0.518273,13000000,23200000,0.0,0.0,80199999.99999999,247500000,8600000.0,44000000,161200000,0.463885,99900000,0.287482,0.0,108500000,0.31223,8200000.0,100400000,0.288921,0.62789,0.62789,159900000,159900000,https://www.sec.gov/Archives/edgar/data/2809/000110465910037373/0001104659-10-037373-index.html,https://www.sec.gov/Archives/edgar/data/2809/000110465910037373/a10-13779_16k.htm
0,2010-03-31,AEM,2010-04-05 00:00:00,2010-04-05 09:33:25,Q1,237600000,117600000,119900000,0.50463,7500000.0,28400000,0.0,0.0,66500000,184100000,-12200000,30500000,59500000,0.250421,53500000,0.225168,0.0,41300000,0.173822,18900000,22300000,0.093855,0.13999,0.13999,159300000,159300000,https://www.sec.gov/Archives/edgar/data/2809/000110465910018316/0001104659-10-018316-index.html,https://www.sec.gov/Archives/edgar/data/2809/000110465910018316/a10-7597_16k.htm
0,2009-12-31,AEM,2010-02-18 00:00:00,2010-02-18 08:32:40,Q4,225600000,107800000,117800000,0.522163,7600000.0,17900000,0.0,0.0,47100000.00000001,154900000,-4000000.0,21700000.000000004,84400000,0.374113,70700000,0.313387,0.0,66700000,0.295656,18800000,47900000,0.212323,0.29956,0.29956,159900000,159900000,https://www.sec.gov/Archives/edgar/data/2809/000110465910007711/0001104659-10-007711-index.html,https://www.sec.gov/Archives/edgar/data/2809/000110465910007711/a10-4102_16k.htm
0,2009-09-30,AEM,2009-10-30 00:00:00,2009-10-30 10:40:18,Q3,149300000,90200000,59000000,0.395177,11800000,14700000,0.0,0.0,49700000,139900000,-15900000,23199999.999999996,699999.999999996,0.004689,9300000.0,0.062291,0.0,-6600000.0,-0.044206,10400000,-17000000,-0.113865,-0.10883,-0.10883,156200000,156200000,https://www.sec.gov/Archives/edgar/data/2809/000110465909061385/0001104659-09-061385-index.html,https://www.sec.gov/Archives/edgar/data/2809/000110465909061385/a09-32492_16k.htm
0,2009-06-30,AEM,2009-07-30 00:00:00,2009-07-30 15:10:58,Q2,133100000,62500000,70600000,0.530428,10600000,12400000,0.0,0.0,38400000.00000001,100900000,-13600000,15500000.000000002,20500000.000000004,0.15402,32100000,0.241172,0.0,18600000,0.139745,17400000,1200000.0,0.009016,0.00773,0.00773,155200000,155200000,https://www.sec.gov/Archives/edgar/data/2809/000110465909045937/0001104659-09-045937-index.html,https://www.sec.gov/Archives/edgar/data/2809/000110465909045937/a09-20165_16k.htm
0,2009-03-31,AEM,2009-05-04 00:00:00,2009-05-04 09:08:11,Q1,105800000,50800000,55000000,0.519849,6200000.0,18800000,0.0,0.0,37200000,88000000,11500000,12100000,52900000,0.5,17800000,0.168242,0.0,29300000,0.276938,-25000000,54300000,0.513233,0.34564,0.34564,157100000,157100000,https://www.sec.gov/Archives/edgar/data/2809/000110465909028795/0001104659-09-028795-index.html,https://www.sec.gov/Archives/edgar/data/2809/000110465909028795/a09-12248_16k.htm
0,2008-12-31,AEM,2009-01-13 00:00:00,2009-01-13 12:09:31,Q4,75600000,48700000,24600000,0.325397,8500000.0,6700000.0,0.0,0.0,67000000,115700000,50900000,12500000,74200000,0.981481,-40100000,-0.530423,0.0,10800000,0.142857,-11100000,21900000,0.289683,0.14678,0.14678,149200000,149200000,https://www.sec.gov/Archives/edgar/data/2809/000110465909001963/0001104659-09-001963-index.html,https://www.sec.gov/Archives/edgar/data/2809/000110465909001963/a09-2952_16k.htm
0,2008-09-30,AEM,2008-10-31 00:00:00,2008-10-31 12:12:26,Q3,119400000,52000000,39200000,0.328308,8300000.0,10800000,0.0,0.0,63800000,115800000,17100000,9100000.000000002,46800000,0.39196,3600000.0,0.030151,0.0,20700000,0.173367,6600000.0,14000000,0.117253,0.09993,0.09993,140100000,140100000,https://www.sec.gov/Archives/edgar/data/2809/000110465908067218/0001104659-08-067218-index.html,https://www.sec.gov/Archives/edgar/data/2809/000110465908067218/a08-27385_16k.htm
0,2008-06-30,AEM,2008-07-15 00:00:00,2008-07-15 10:48:10,Q2,88000000,47000000,38400000,0.436364,8900000.0,9800000.0,0.0,0.0,26299999.999999996,73300000,-1400000.0,7500000.0,19400000,0.220455,14800000,0.168182,0.0,13400000,0.152273,5000000.0,8300000.0,0.094318,0.05728,0.05728,144900000,144900000,https://www.sec.gov/Archives/edgar/data/2809/000110465908045635/0001104659-08-045635-index.html,https://www.sec.gov/Archives/edgar/data/2809/000110465908045635/a08-19303_16k.htm
0,2008-03-31,AEM,2008-05-13 00:00:00,2008-05-13 09:10:11,Q1,123200000,44500000,74600000,0.605519,8900000.0,19900000,0.0,0.0,35800000,80300000,8200000.0,7000000.0,66400000,0.538961,42900000,0.348214,0.0,51200000,0.415584,22300000,28900000,0.234578,0.20014,0.20014,144400000,144400000,https://www.sec.gov/Archives/edgar/data/2809/000110465908032653/0001104659-08-032653-index.html,https://www.sec.gov/Archives/edgar/data/2809/000110465908032653/a08-14181_16k.htm
0,2007-12-31,AEM,,,Q4,115000000,40900000,67900000,0.590435,6800000.0,13700000,0.0,0.0,26699999.999999996,67600000,-900000.0,6199999.999999999,51900000,0.451304,47500000,0.413043,0.0,46500000,0.404348,-18600000,65200000,0.566957,0.4598,0.4598,141800000,141800000,,
0,2007-09-30,AEM,2007-10-26 00:00:00,2007-10-26 14:05:14,Q3,113100000,46900000,57900000,0.511936,3800000.0,7700000.0,0.0,0.0,19199999.999999996,66099999.99999999,-26200000,7600000.000000001,2400000.000000001,0.02122,47100000,0.416446,0.0,20900000,0.184792,9500000.0,11500000,0.10168,0.08203,0.08203,140200000,140200000,https://www.sec.gov/Archives/edgar/data/2809/000110465907077305/0001104659-07-077305-index.html,https://www.sec.gov/Archives/edgar/data/2809/000110465907077305/a07-27595_16k.htm
0,2007-06-30,AEM,2007-07-09 00:00:00,2007-07-09 14:31:32,Q2,125300000,44200000,73700000,0.588188,9000000.0,7600000.0,0.0,0.0,23799999.999999996,68000000,-8700000.0,7100000.0,47000000,0.3751,57300000,0.457302,0.0,48600000,0.387869,10800000,37800000,0.301676,0.27371,0.27371,138100000,138100000,https://www.sec.gov/Archives/edgar/data/2809/000110465907052932/0001104659-07-052932-index.html,https://www.sec.gov/Archives/edgar/data/2809/000110465907052932/a07-18394_16k.htm
0,2007-03-31,AEM,2007-04-02 00:00:00,2007-03-30 19:35:50,Q1,107800000,37200000,63500000,0.589054,5800000.0,9100000.0,0.0,0.0,21900000,59100000,-5600000.0,6900000.0,44500000,0.412801,48800000,0.45269,0.0,43200000,0.400742,18300000,24900000,0.230983,0.19825,0.19825,125600000,125600000,https://www.sec.gov/Archives/edgar/data/2809/000104746907002390/0001047469-07-002390-index.html,https://www.sec.gov/Archives/edgar/data/2809/000104746907002390/a2177040z6-k.htm
0,2006-12-31,AEM,2007-04-02 00:00:00,2007-03-30 19:35:50,Q4,144700000,40700000,97700000,0.67519,10300000,9200000.0,0.0,0.0,26500000,67200000,4300000.0,7100000.000000001,93200000,0.644091,77500000,0.535591,0.0,81800000,0.565308,39900000,41900000,0.289565,0.3344,0.3344,125300000,125300000,https://www.sec.gov/Archives/edgar/data/2809/000104746907002390/0001047469-07-002390-index.html,https://www.sec.gov/Archives/edgar/data/2809/000104746907002390/a2177040z6-k.htm
0,2006-09-30,AEM,,,Q3,121900000,37200000,71600000,0.587367,7800000.0,5900000.0,0.0,0.0,20099999.999999993,57299999.99999999,-2400000.0,6100000.0,65900000,0.540607,64600000,0.529943,0.0,62200000,0.510254,17000000,45200000,0.370796,0.36511,0.36511,123800000,123800000,,
0,2006-06-30,AEM,,,Q2,130400000,35900000,91000000,0.697853,6800000.0,5300000.0,0.0,0.0,18400000,54300000,-11500000,6100000.0,59100000,0.453221,76000000,0.582822,0.0,64500000,0.494632,27400000,37100000,0.284509,0.31494,0.31494,117800000,117800000,,
0,2006-03-31,AEM,,,Q1,113700000,33700000,56800000,0.49956,5500000.0,5500000.0,0.0,0.0,17199999.999999996,50899999.99999999,-10700000,6000000.0,47400000,0.416887,62800000,0.552331,0.0,52100000,0.458223,14900000,37200000,0.327177,0.33973,0.33973,109500000,109500000,,
0,2005-12-31,AEM,2006-02-27 00:00:00,2006-02-27 11:00:13,Q4,68600000,33600000,37800000,0.55102,6200000.0,3000000.0,0.0,0.0,16199999.999999996,49799999.99999999,-6600000.0,6600000.000000001,11900000.000000002,0.173469,18800000,0.274052,-300000.0,11900000,0.173469,200000.0,11700000,0.170554,0.11988,0.11988,97600000,97600000,https://www.sec.gov/Archives/edgar/data/2809/000104746906002490/0001047469-06-002490-index.html,https://www.sec.gov/Archives/edgar/data/2809/000104746906002490/a2167841z6-k.htm
0,2005-09-30,AEM,,,Q3,58400000,32900000,25700000,0.440068,4300000.0,2500000.0,0.0,0.0,13700000.000000004,46600000,-8400000.0,6300000.000000001,1100000.000000001,0.018836,11800000,0.202055,-200000.0,3200000.0,0.054795,1100000.0,2100000.0,0.035959,0.02411,0.02411,87100000,87100000,,
0,2005-06-30,AEM,,,Q2,49900000,30600000,19000000,0.380762,3400000.0,2400000.0,0.0,0.0,12600000.000000002,43200000,2600000.0,5999999.999999999,17600000,0.352705,6700000.0,0.134269,-200000.0,9000000.0,0.180361,-3800000.0,12800000,0.256513,0.14781,0.14781,86600000,86600000,,
0,2005-03-31,AEM,,,Q1,69500000,31600000,30200000,0.434532,2800000.0,3700000.0,0.0,0.0,14799999.999999996,46400000,-12700000,7200000.0,4600000.0,0.066187,23000000,0.330935,-200000.0,10100000,0.145324,-300000.0,10400000,0.14964,0.12023,0.12023,86500000,86500000,,
0,2004-12-31,AEM,,,Q4,45900000,21600000,24200000,0.527233,2300000.0,1200000.0,0.0,0.0,8700000.0,30300000,-4100000.0,4500000.0,12700000,0.276688,15600000,0.339869,800000.0,12300000,0.267974,-3300000.0,15600000,0.339869,0.18056,0.18056,86400000,86400000,,
0,2004-09-30,AEM,,,Q3,48200000,26000000,22000000,0.456432,600000.0,1900000.0,0.0,0.0,8799999.999999996,34800000,-1900000.0,5900000.0,15200000,0.315353,13300000,0.275934,-300000.0,11200000,0.232365,600000.0,10600000,0.219917,0.12427,0.12427,85300000,85300000,,
0,2004-06-30,AEM,,,Q2,45900000,26400000,19200000,0.418301,500000.0,2000000.0,0.0,0.0,9000000.0,35400000,-1800000.0,5800000.000000001,12200000.000000002,0.265795,10500000,0.228758,0.0,8200000.0,0.178649,-600000.0,8800000.0,0.191721,0.10244,0.10244,85900000,85900000,,
0,2004-03-31,AEM,,,Q1,48800000,24600000,24000000,0.491803,300000.0,1800000.0,0.0,0.0,8000000.0,32600000,-1900000.0,5600000.0,18000000,0.368852,16300000,0.334016,0.0,14400000,0.295082,1400000.0,12900000,0.264344,0.15176,0.15176,85000000,85000000,,
0,2003-12-31,AEM,,,Q4,41300000,30200000,11600000,0.280872,1500000.0,1800000.0,0.0,0.0,8500000.000000004,38700000.00000001,-2600000.0,3699999.999999999,1199999.9999999993,0.029056,2600000.0,0.062954,0.0,0.0,0.0,-2300000.0,2400000.0,0.058111,0.02844,0.02844,84400000,84400000,,
0,2003-09-30,AEM,,,Q3,25100000,24500000,400000.0,0.015936,2200000.0,1600000.0,0.0,0.0,8200000.000000003,32700000.000000004,-300000.0,4500000.0,-1000000.0,-0.039841,-7600000.0,-0.302789,0.0,-5200000.0,-0.207171,400000.0,-5600000.0,-0.223108,-0.06667,-0.06667,84000000,84000000,,
0,2003-06-30,AEM,,,Q2,30900000,24900000,5100000.0,0.165049,1000000.0,2200000.0,0.0,0.0,8000000.0,32900000,-700000.0,4800000.000000001,1500000.000000001,0.048544,-1900000.0,-0.061489,0.0,-2600000.0,-0.084142,600000.0,-3200000.0,-0.10356,-0.03828,-0.03828,83600000,83600000,,
0,2003-03-31,AEM,,,Q1,32100000,26700000,3400000.0,0.105919,1500000.0,1500000.0,0.0,0.0,7500000.000000004,34200000,-400000.0,4500000.0,1700000.0,0.05296,-2000000.0,-0.062305,0.0,-2400000.0,-0.074766,1000000.0,-3400000.0,-0.105919,-0.04052,-0.04052,83900000,83900000,,
0,2002-12-31,AEM,,,Q4,30800000,22900000,8700000.0,0.282468,1000000.0,1700000.0,0.0,0.0,5500000.0,28400000,-1700000.0,2800000.000000001,1800000.0000000007,0.058442,2400000.0,0.077922,0.0,700000.0,0.022727,-100000.0,800000.0,0.025974,0.01043,0.01043,76700000,76700000,,
0,2002-09-30,AEM,2002-10-24 00:00:00,2002-10-24 16:24:32,Q3,22400000,15600000,4600000.0,0.205357,1100000.0,1400000.0,0.0,0.0,5799999.999999999,21400000,-1400000.0,3299999.999999999,1499999.999999999,0.066964,1000000.0,0.044643,0.0,-400000.0,-0.017857,200000.0,-600000.0,-0.026786,-0.00863,-0.00863,69500000,69500000,https://www.sec.gov/Archives/edgar/data/2809/000101054902000614/0001010549-02-000614-index.html,https://www.sec.gov/Archives/edgar/data/2809/000101054902000614/agnico6k103102.txt
0,2002-06-30,AEM,2002-07-10 00:00:00,2002-07-10 10:49:22,Q2,31200000,20200000,10400000,0.333333,900000.0,1500000.0,0.0,0.0,6100000.000000001,26300000,-1200000.0,3600000.0000000005,6100000.000000001,0.195513,4900000.0,0.157051,0.0,3700000.0,0.11859,300000.0,3400000.0,0.108974,0.04224,0.04224,80500000,80500000,https://www.sec.gov/Archives/edgar/data/2809/000101054902000391/0001010549-02-000391-index.html,https://www.sec.gov/Archives/edgar/data/2809/000101054902000391/agnico6k070902.txt
0,2002-03-31,AEM,2002-04-03 00:00:00,2002-04-03 00:00:00,Q1,25500000,18000000,7600000.0,0.298039,700000.0,1000000.0,0.0,0.0,5000000.0,23000000,-1900000.0,3300000.0,2100000.0,0.082353,2600000.0,0.101961,0.0,700000.0,0.027451,200000.0,500000.0,0.019608,0.00631,0.00631,79300000,79300000,https://www.sec.gov/Archives/edgar/data/2809/999999999702022100/9999999997-02-022100-index.html,https://www.sec.gov/Archives/edgar/data/2809/999999999702022100/9999999997-02-022100.paper
0,2001-12-31,AEM,2002-02-01 00:00:00,2002-02-01 00:00:00,Q4,25200000,19200000,5900000.0,0.234127,1800000.0,1500000.0,0.0,0.0,5800000.000000001,25000000,-1400000.0,2399999.9999999986,-200000.0000000014,-0.007937,200000.0,0.007937,0.0,-1200000.0,-0.047619,300000.0,-1500000.0,-0.059524,-0.02216,-0.02216,67700000,67700000,https://www.sec.gov/Archives/edgar/data/2809/999999999702007495/9999999997-02-007495-index.html,https://www.sec.gov/Archives/edgar/data/2809/999999999702007495/9999999997-02-007495.paper
0,2001-09-30,AEM,,,Q3,20100000,14500000,4500000.0,0.223881,2700000.0,900000.0,0.0,0.0,6100000.000000001,20600000,-4400000.0,2600000.0000000005,-6599999.999999999,-0.328358,-400000.0,-0.0199,0.0,-4800000.0,-0.238806,0.0,-4800000.0,-0.238806,-0.07143,-0.07143,67200000,67200000,,
0,2001-06-30,AEM,,,Q2,29200000,21200000,7600000.0,0.260274,900000.0,1000000.0,0.0,0.0,4900000.000000002,26100000.000000004,-4400000.0,2900000.0000000005,-2799999.9999999995,-0.09589,3000000.0,0.10274,0.0,-1300000.0,-0.044521,-200000.0,-1100000.0,-0.037671,-0.01647,-0.01647,66800000,66800000,,
0,2001-03-31,AEM,,,Q1,21000000,12400000,8400000.0,0.4,1000000.0,1100000.0,0.0,0.0,4799999.999999999,17200000,-4100000.0,2800000.0,-1700000.0,-0.080952,3700000.0,0.17619,0.0,-400000.0,-0.019048,-100000.0,-300000.0,-0.014286,-0.00541,-0.00541,55500000,55500000,,
0,2000-12-31,AEM,,,Q4,28500000,16200000,12300000,0.431579,1200000.0,1300000.0,0.0,0.0,4199999.999999999,20400000,-3000000.0,1800000.0000000002,3900000.0000000005,0.136842,8100000.0,0.284211,0.0,5100000.0,0.178947,2000000.0,3100000.0,0.108772,0.05871,0.05871,52800000,52800000,,
0,2000-09-30,AEM,,,Q3,15600000,12800000,2400000.0,0.153846,700000.0,1000000.0,0.0,0.0,3000000.0,15800000,-2300000.0,1299999.9999999998,-3600000.0,-0.230769,-200000.0,-0.012821,0.0,-2600000.0,-0.166667,-1200000.0,-1400000.0,-0.089744,-0.02612,-0.02612,53600000,53600000,,
0,2000-06-30,AEM,,,Q2,12100000,12200000,-400000.0,-0.033058,700000.0,1000000.0,0.0,0.0,3000000.0,15200000,-2800000.0,1300000.0,-7300000.0,-0.603306,-3100000.0,-0.256198,0.0,-5900000.0,-0.487603,-2400000.0,-3400000.0,-0.280992,-0.06126,-0.06126,55500000,55500000,,
0,2000-03-31,AEM,,,Q1,11800000,12000000,-500000.0,-0.042373,700000.0,1000000.0,0.0,0.0,2900000.0000000005,14900000,-2500000.0,1300000.0,-6800000.0,-0.576271,-3100000.0,-0.262712,0.0,-5600000.0,-0.474576,-2100000.0,-3500000.0,-0.29661,-0.06306,-0.06306,55500000,55500000,,
0,1999-12-31,AEM,,,Q4,2900000.0,7700000.0,-5000000.0,-1.724138,1800000.0,1100000.0,0.0,0.0,4100000.0000000005,11800000,-3200000.0,1200000.0000000002,-14000000,-4.827586,-8800000.0,-3.034483,0.0,-12000000,-4.137931,-5200000.0,-6800000.0,-2.344828,-0.11371,-0.11371,59800000,59800000,,
0,1999-09-30,AEM,,,Q3,6200000.0,6900000.0,-1400000.0,-0.225806,700000.0,900000.0,0.0,0.0,3099999.9999999995,10000000,-3300000.0,1599999.9999999995,-9900000.0,-1.596774,-3900000.0,-0.629032,-1000000.0,-8200000.0,-1.322581,-3100000.0,-5100000.0,-0.822581,-0.09222,-0.09222,55300000,55300000,,
0,1999-06-30,AEM,,,Q2,8300000.0,7500000.0,-300000.0,-0.036145,1000000.0,1100000.0,0.0,0.0,3500000.0,11000000,-700000.0,1400000.0,-2700000.0,-0.325301,-2700000.0,-0.325301,0.0,-3400000.0,-0.409639,-500000.0,-2900000.0,-0.349398,-0.05441,-0.05441,53300000,53300000,,
0,1999-03-31,AEM,,,Q1,10700000,8500000.0,1600000.0,0.149533,400000.0,1000000.0,0.0,0.0,2699999.999999999,11200000,-1800000.0,1300000.0,-2800000.0,-0.261682,-500000.0,-0.046729,0.0,-2300000.0,-0.214953,-600000.0,-1700000.0,-0.158879,-0.03195,-0.03195,53200000,53200000,,
0,1998-12-31,AEM,,,Q4,10400000,8000000.0,2300000.0,0.221154,800000.0,1300000.0,0.0,0.0,3599999.9999999995,11600000,-2200000.0,1500000.0,-3200000.0,-0.307692,-1200000.0,-0.115385,800000.0,-2500000.0,-0.240385,-1700000.0,-800000.0,-0.076923,-0.0159,-0.0159,50300000,50300000,,
0,1998-09-30,AEM,,,Q3,10100000,8400000.0,1700000.0,0.168317,500000.0,1300000.0,0.0,0.0,2900000.0000000005,11300000,-2300000.0,1300000.0000000002,-3899999.9999999995,-0.386139,-1300000.0,-0.128713,600000.0,-2900000.0,-0.287129,-300000.0,-2600000.0,-0.257426,-0.04906,-0.04906,53000000,53000000,,
0,1998-06-30,AEM,,,Q2,11500000,9100000.0,2400000.0,0.208696,400000.0,1300000.0,0.0,0.0,3500000.0,12600000,-2300000.0,1800000.0,-3200000.0,-0.278261,-1100000.0,-0.095652,700000.0,-2700000.0,-0.234783,-600000.0,-2100000.0,-0.182609,-0.04192,-0.04192,50100000,50100000,,
0,1998-03-31,AEM,,,Q1,10700000,8200000.0,2500000.0,0.233645,800000.0,1200000.0,0.0,0.0,3700000.000000001,11900000.000000002,-2200000.0,1800000.0,-3500000.0,-0.327103,-1200000.0,-0.11215,400000.0,-3000000.0,-0.280374,-800000.0,-2300000.0,-0.214953,-0.04925,-0.04925,46700000,46700000,,
0,1997-12-31,AEM,,,Q4,6800000.0,8800000.0,-2000000.0,-0.294118,1700000.0,1100000.0,0.0,0.0,91700000,100500000,-2300000.0,2300000.0,-96100000,-14.132353,-93700000,-13.779412,-100000.0,-96100000,-14.132353,-12200000,-83900000,-12.338235,-1.95116,-1.95116,43000000,43000000,,
0,1997-09-30,AEM,,,Q3,12700000,8800000.0,3900000.0,0.307087,1000000.0,1400000.0,0.0,0.0,4100000.0,12900000,-2200000.0,1799999.9999999998,-2400000.0,-0.188976,-300000.0,-0.023622,400000.0,-2000000.0,-0.15748,-1000000.0,-1000000.0,-0.07874,-0.02342,-0.02342,42700000,42700000,,
0,1997-06-30,AEM,,,Q2,13000000,8400000.0,4600000.0,0.353846,700000.0,1500000.0,0.0,0.0,4100000.0,12500000,-2100000.0,1900000.0,-1300000.0,-0.1,500000.0,0.038462,600000.0,-1100000.0,-0.084615,-200000.0,-900000.0,-0.069231,-0.02211,-0.02211,40700000,40700000,,
0,1997-03-31,AEM,,,Q1,13400000,8500000.0,4900000.0,0.365672,1100000.0,1300000.0,0.0,0.0,4199999.999999999,12699999.999999998,-2100000.0,1800000.0,-1100000.0,-0.08209,600000.0,0.044776,700000.0,-800000.0,-0.059701,-200000.0,-600000.0,-0.044776,-0.01485,-0.01485,40400000,40400000,,
0,1996-12-31,AEM,,,Q4,13600000,8800000.0,4900000.0,0.360294,700000.0,1300000.0,0.0,0.0,4199999.999999999,12999999.999999998,-2100000.0,2200000.0,-400000.0,-0.029412,700000.0,0.051471,900000.0,-500000.0,-0.036765,-300000.0,-200000.0,-0.014706,-0.00495,-0.00495,40400000,40400000,,
0,1996-09-30,AEM,,,Q3,13100000,9000000.0,4100000.0,0.312977,1100000.0,1400000.0,0.0,0.0,4300000.000000001,13300000.000000002,-2200000.0,1799999.9999999998,-5800000.0,-0.442748,-100000.0,-0.007634,-3100000.0,-5400000.0,-0.412214,-1700000.0,-3700000.0,-0.282443,-0.09113,-0.09113,40600000,40600000,,
0,1996-06-30,AEM,,,Q2,17900000,9000000.0,8900000.0,0.497207,600000.0,1400000.0,0.0,0.0,3800000.000000001,12800000,-2100000.0,1800000.0,3800000.0,0.212291,5100000.0,0.284916,1000000.0,4100000.0,0.22905,1200000.0,2900000.0,0.162011,0.07143,0.07143,40600000,40600000,,
0,1996-03-31,AEM,,,Q1,14600000,7500000.0,7100000.0,0.486301,1500000.0,1100000.0,0.0,0.0,4199999.999999999,11699999.999999998,-2100000.0,1700000.0,1800000.0,0.123288,2900000.0,0.19863,1400000.0,2200000.0,0.150685,900000.0,1300000.0,0.089041,0.0325,0.0325,40000000,40000000,,
0,1995-12-31,AEM,,,Q4,16100000,7500000.0,8600000.0,0.534161,1000000.0,2200000.0,0.0,0.0,4600000.0,12100000,0.0,1399999.9999999995,5399999.999999999,0.335404,4000000.0,0.248447,-100000.0,4000000.0,0.248447,1200000.0,2800000.0,0.173913,0.07179,0.07179,39000000,39000000,,
0,1995-09-30,AEM,,,Q3,15300000,6800000.0,8500000.0,0.555556,700000.0,1100000.0,0.0,0.0,3800000.0,10600000,0.0,2000000.0000000005,7700000.0,0.503268,4700000.0,0.30719,1000000.0,5700000.0,0.372549,1900000.0,3800000.0,0.248366,0.10026,0.10026,37900000,37900000,,
0,1995-06-30,AEM,,,Q2,17700000,6600000.0,11100000,0.627119,800000.0,1200000.0,0.0,0.0,4100000.0,10700000,0.0,2000000.0,9500000.0,0.536723,7100000.0,0.40113,400000.0,7500000.0,0.423729,2900000.0,4600000.0,0.259887,0.11856,0.11856,38800000,38800000,,
0,1995-03-31,AEM,,,Q1,15200000,5900000.0,9300000.0,0.611842,900000.0,800000.0,0.0,0.0,3599999.9999999995,9500000.0,0.0,1900000.0,7500000.0,0.493421,5800000.0,0.381579,-200000.0,5500000.0,0.361842,2100000.0,3500000.0,0.230263,0.09383,0.09383,37300000,37300000,,
