,date,symbol,fillingDate,acceptedDate,period,revenue,costOfRevenue,grossProfit,grossProfitRatio,researchAndDevelopmentExpenses,generalAndAdministrativeExpenses,sellingAndMarketingExpenses,otherExpenses,operatingExpenses,costAndExpenses,interestExpense,depreciationAndAmortization,ebitda,ebitdaratio,operatingIncome,operatingIncomeRatio,totalOtherIncomeExpensesNet,incomeBeforeTax,incomeBeforeTaxRatio,incomeTaxExpense,netIncome,netIncomeRatio,eps,epsdiluted,weightedAverageShsOut,weightedAverageShsOutDil,link,finalLink
0,2020-09-30,AEM.TO,2020-09-30,2020-09-30,Q3,980612000,585976000,394636000,0.4024384771958736,0.0,26291000,0.0,-1829000.0,30488000,642755000,21439000,0.0,510370000,0.5204606918944495,337857000,0.3392667028345564,15102000,332689000,0.3392667028345564,110035000,222654000,0.2270561649255771,0.92,0.91,242059000,243867000,https://www.sedar.com/ModifyCompanyDocumentSearchForm.do?lang=EN&company_search=Agnico Eagle Mines Ltd&document_selection=0&industry_group=A&FromDate=13&FromMonth=05&FromYear=2000&ToDate=13&ToMonth=11&ToYear=2020&Variable=Issuer,https://www.sedar.com/ModifyCompanyDocumentSearchForm.do?lang=EN&company_search=Agnico Eagle Mines Ltd&document_selection=0&industry_group=A&FromDate=13&FromMonth=05&FromYear=2000&ToDate=13&ToMonth=11&ToYear=2020&Variable=Issuer
0,2020-06-30,AEM.TO,2020-06-30,2020-06-30,Q2,557175000,409859000,147316000,0.2643980795979719,0.0,25546000,0.0,-23735000,14337000,449742000,25000000,0.0,213163000,0.38257818459191456,107433000,0.21097680262036164,35118000,117551000,0.21097680262036164,12250000,105301000,0.18899089155112847,0.44,0.43,241170000,242757000,https://www.sedar.com/ModifyCompanyDocumentSearchForm.do?lang=EN&company_search=Agnico Eagle Mines Ltd&document_selection=0&industry_group=A&FromDate=13&FromMonth=05&FromYear=2000&ToDate=13&ToMonth=11&ToYear=2020&Variable=Issuer,https://www.sedar.com/ModifyCompanyDocumentSearchForm.do?lang=EN&company_search=Agnico Eagle Mines Ltd&document_selection=0&industry_group=A&FromDate=13&FromMonth=05&FromYear=2000&ToDate=13&ToMonth=11&ToYear=2020&Variable=Issuer
0,2020-03-31,AEM.TO,2020-03-31,2020-03-31,Q1,671878000,509611000,162267000,0.2415125960367805,0.0,30543000,0.0,-2444000.0,29643000,569797000,27762000,0.0,255663000,0.3805199753526682,102081000,0.03472505425092055,-53505000,23331000,0.03472505425092055,44896000,-21565000,-0.03209660087099146,-0.09,-0.09,240222000,240222000,https://www.sedar.com/ModifyCompanyDocumentSearchForm.do?lang=EN&company_search=Agnico Eagle Mines Ltd&document_selection=0&industry_group=A&FromDate=13&FromMonth=05&FromYear=2000&ToDate=13&ToMonth=11&ToYear=2020&Variable=Issuer,https://www.sedar.com/ModifyCompanyDocumentSearchForm.do?lang=EN&company_search=Agnico Eagle Mines Ltd&document_selection=0&industry_group=A&FromDate=13&FromMonth=05&FromYear=2000&ToDate=13&ToMonth=11&ToYear=2020&Variable=Issuer
0,2019-12-31,AEM.TO,2019-12-31,2019-12-31,Q4,753099000,525288000,227811000,0.3024980779419439,0.0,35432000,0.0,16835000,26554000,587274000,17623000,0.0,664919000,0.8829104805609886,165825000,0.6691616905612675,357717000,503945000,0.6691616905612675,172250000,331695000,0.44044010150059953,1.39,1.38,239274000,240952000,https://www.sedar.com/ModifyCompanyDocumentSearchForm.do?lang=EN&company_search=Agnico Eagle Mines Ltd&document_selection=0&industry_group=A&FromDate=13&FromMonth=05&FromYear=2000&ToDate=13&ToMonth=11&ToYear=2020&Variable=Issuer,https://www.sedar.com/ModifyCompanyDocumentSearchForm.do?lang=EN&company_search=Agnico Eagle Mines Ltd&document_selection=0&industry_group=A&FromDate=13&FromMonth=05&FromYear=2000&ToDate=13&ToMonth=11&ToYear=2020&Variable=Issuer
0,2019-09-30,AEM.TO,2019-09-30,2019-09-30,Q3,682959000,459639000,223320000,0.3269888822022991,0.0,27336000,0.0,-1549000.0,28227000,515202000,25721000,0.0,309501000,0.4531765450048978,167757000,0.20419380958446992,-2580000.0,139456000,0.20419380958446992,62789000,76667000,0.11225710474567287,0.32,0.32,238331000,240115000,https://www.sedar.com/ModifyCompanyDocumentSearchForm.do?lang=EN&company_search=Agnico Eagle Mines Ltd&document_selection=0&industry_group=A&FromDate=13&FromMonth=05&FromYear=2000&ToDate=13&ToMonth=11&ToYear=2020&Variable=Issuer,https://www.sedar.com/ModifyCompanyDocumentSearchForm.do?lang=EN&company_search=Agnico Eagle Mines Ltd&document_selection=0&industry_group=A&FromDate=13&FromMonth=05&FromYear=2000&ToDate=13&ToMonth=11&ToYear=2020&Variable=Issuer
0,2019-06-30,AEM.TO,2019-06-30,2019-06-30,Q2,526611000,403700000,122911000,0.23339998594788183,0.0,29126000,0.0,4970000.0,27352000,460178000,27310000,0.0,195606000,0.3714430575889983,66433000,0.08131239187939485,3697000.0,42820000,0.08131239187939485,15048000,27772000,0.05273721969347393,0.12,0.12,235555000,237011000,https://www.sedar.com/ModifyCompanyDocumentSearchForm.do?lang=EN&company_search=Agnico Eagle Mines Ltd&document_selection=0&industry_group=A&FromDate=13&FromMonth=05&FromYear=2000&ToDate=13&ToMonth=11&ToYear=2020&Variable=Issuer,https://www.sedar.com/ModifyCompanyDocumentSearchForm.do?lang=EN&company_search=Agnico Eagle Mines Ltd&document_selection=0&industry_group=A&FromDate=13&FromMonth=05&FromYear=2000&ToDate=13&ToMonth=11&ToYear=2020&Variable=Issuer
0,2019-03-31,AEM.TO,2019-03-31,2019-03-31,Q1,532223000,405135000,127088000,0.23878712494574642,0.0,29093000,0.0,-1775000.0,25543000,459771000,25766000,0.0,198919000,0.3737512283384972,72452000,0.09868231925339567,5835000.0,52521000,0.09868231925339567,15489000,37032000,0.06957985656388394,0.16,0.16,234570000,236218000,https://www.sedar.com/ModifyCompanyDocumentSearchForm.do?lang=EN&company_search=Agnico Eagle Mines Ltd&document_selection=0&industry_group=A&FromDate=13&FromMonth=05&FromYear=2000&ToDate=13&ToMonth=11&ToYear=2020&Variable=Issuer,https://www.sedar.com/ModifyCompanyDocumentSearchForm.do?lang=EN&company_search=Agnico Eagle Mines Ltd&document_selection=0&industry_group=A&FromDate=13&FromMonth=05&FromYear=2000&ToDate=13&ToMonth=11&ToYear=2020&Variable=Issuer
0,2018-12-31,AEM.TO,2018-12-31,2018-12-31,Q4,537821000,421707000,116114000,0.21589711074874354,0.0,31361000,0.0,-34328000,41739000,494807000,25544000,0.0,156166000,0.2903679848871651,43014000,-0.720077869774516,-414988000,-387273000,-0.720077869774516,6383000.0,-393656000,-0.7319461307758529,-1.68,-1.68,234096000,234096000,https://www.sedar.com/ModifyCompanyDocumentSearchForm.do?lang=EN&company_search=Agnico Eagle Mines Ltd&document_selection=0&industry_group=A&FromDate=13&FromMonth=05&FromYear=2000&ToDate=13&ToMonth=11&ToYear=2020&Variable=Issuer,https://www.sedar.com/ModifyCompanyDocumentSearchForm.do?lang=EN&company_search=Agnico Eagle Mines Ltd&document_selection=0&industry_group=A&FromDate=13&FromMonth=05&FromYear=2000&ToDate=13&ToMonth=11&ToYear=2020&Variable=Issuer
0,2018-09-30,AEM.TO,2018-09-30,2018-09-30,Q3,518683000,420721000,97962000,0.18886680303769354,0.0,29404000,0.0,5576000.0,40959000,491084000,23914000,0.0,177034000,0.3413144444680084,27599000,0.035590138870948154,14775000,18460000,0.035590138870948154,1407000.0,17053000,0.03287749935895335,0.07,0.07,233584000,235317000,https://www.sedar.com/ModifyCompanyDocumentSearchForm.do?lang=EN&company_search=Agnico Eagle Mines Ltd&document_selection=0&industry_group=A&FromDate=13&FromMonth=05&FromYear=2000&ToDate=13&ToMonth=11&ToYear=2020&Variable=Issuer,https://www.sedar.com/ModifyCompanyDocumentSearchForm.do?lang=EN&company_search=Agnico Eagle Mines Ltd&document_selection=0&industry_group=A&FromDate=13&FromMonth=05&FromYear=2000&ToDate=13&ToMonth=11&ToYear=2020&Variable=Issuer
0,2018-06-30,AEM.TO,2018-06-30,2018-06-30,Q2,556282000,442164000,114118000,0.20514415350487702,0.0,30647000,0.0,29507000,38962000,511773000,25293000,0.0,212485000,0.38197353141032786,44509000,0.07263941669872474,21192000,40408000,0.07263941669872474,35436000,4972000.0,0.008937912785242018,0.02,0.02,232829000,234949000,https://www.sedar.com/ModifyCompanyDocumentSearchForm.do?lang=EN&company_search=Agnico Eagle Mines Ltd&document_selection=0&industry_group=A&FromDate=13&FromMonth=05&FromYear=2000&ToDate=13&ToMonth=11&ToYear=2020&Variable=Issuer,https://www.sedar.com/ModifyCompanyDocumentSearchForm.do?lang=EN&company_search=Agnico Eagle Mines Ltd&document_selection=0&industry_group=A&FromDate=13&FromMonth=05&FromYear=2000&ToDate=13&ToMonth=11&ToYear=2020&Variable=Issuer
0,2018-03-31,AEM.TO,2018-03-31,2018-03-31,Q1,578435000,429696000,148739000,0.25714038742468903,0.0,33461000,0.0,1530000.0,30430000,493587000,21816000,0.0,220748000,0.38162974232195496,84848000,0.11989765487911347,6321000.0,69353000,0.11989765487911347,24423000,44930000,0.0776751061052668,0.19,0.19,232490000,234575000,https://www.sedar.com/ModifyCompanyDocumentSearchForm.do?lang=EN&company_search=Agnico Eagle Mines Ltd&document_selection=0&industry_group=A&FromDate=13&FromMonth=05&FromYear=2000&ToDate=13&ToMonth=11&ToYear=2020&Variable=Issuer,https://www.sedar.com/ModifyCompanyDocumentSearchForm.do?lang=EN&company_search=Agnico Eagle Mines Ltd&document_selection=0&industry_group=A&FromDate=13&FromMonth=05&FromYear=2000&ToDate=13&ToMonth=11&ToYear=2020&Variable=Issuer
0,2017-12-31,AEM.TO,2017-12-31,2017-12-31,Q4,565254000,417167000,148087000,0.26198310847866624,0.0,28570000,0.0,4478000.0,32601000,478338000,21092000,0.0,220872000,0.39074822999925696,86916000,0.11140832263018041,-2850000.0,62974000,0.11140832263018041,27876000,35098000,0.062092439858895294,0.15,0.15,231916000,234065000,https://www.sedar.com/ModifyCompanyDocumentSearchForm.do?lang=EN&company_search=Agnico Eagle Mines Ltd&document_selection=0&industry_group=A&FromDate=13&FromMonth=05&FromYear=2000&ToDate=13&ToMonth=11&ToYear=2020&Variable=Issuer,https://www.sedar.com/ModifyCompanyDocumentSearchForm.do?lang=EN&company_search=Agnico Eagle Mines Ltd&document_selection=0&industry_group=A&FromDate=13&FromMonth=05&FromYear=2000&ToDate=13&ToMonth=11&ToYear=2020&Variable=Issuer
0,2017-09-30,AEM.TO,2017-09-30,2017-09-30,Q3,580008000,380485000,199523000,0.34400042758030924,0.0,27986000,0.0,2637000.0,50294000,458765000,20298000,0.0,242192000,0.4175666542530448,121243000,0.18103543399401387,4057000.0,105002000,0.18103543399401387,34047000,70955000,0.12233451952386863,0.31,0.3,231404000,233792000,https://www.sedar.com/ModifyCompanyDocumentSearchForm.do?lang=EN&company_search=Agnico Eagle Mines Ltd&document_selection=0&industry_group=A&FromDate=13&FromMonth=05&FromYear=2000&ToDate=13&ToMonth=11&ToYear=2020&Variable=Issuer,https://www.sedar.com/ModifyCompanyDocumentSearchForm.do?lang=EN&company_search=Agnico Eagle Mines Ltd&document_selection=0&industry_group=A&FromDate=13&FromMonth=05&FromYear=2000&ToDate=13&ToMonth=11&ToYear=2020&Variable=Issuer
0,2017-06-30,AEM.TO,2017-06-30,2017-06-30,Q2,549883000,396081000,153802000,0.27969949971175684,0.0,27754000,0.0,-4519000.0,34133000,457968000,17835000,0.0,215836000,0.39251258904166886,91915000,0.1304968511483352,-2322000.0,71758000,0.1304968511483352,9874000.0,61884000,0.11254030402831147,0.27,0.26,230798000,233531000,https://www.sedar.com/ModifyCompanyDocumentSearchForm.do?lang=EN&company_search=Agnico Eagle Mines Ltd&document_selection=0&industry_group=A&FromDate=13&FromMonth=05&FromYear=2000&ToDate=13&ToMonth=11&ToYear=2020&Variable=Issuer,https://www.sedar.com/ModifyCompanyDocumentSearchForm.do?lang=EN&company_search=Agnico Eagle Mines Ltd&document_selection=0&industry_group=A&FromDate=13&FromMonth=05&FromYear=2000&ToDate=13&ToMonth=11&ToYear=2020&Variable=Issuer
0,2017-03-31,AEM.TO,2017-03-31,2017-03-31,Q1,547459000,372848000,174611000,0.31894808561006394,0.0,30754000,0.0,1113000.0,25641000,429243000,19706000,0.0,251838000,0.46001253061873126,118216000,0.18749714590499014,4137000.0,102647000,0.18749714590499014,26697000,75950000,0.13873185023901333,0.33,0.33,226883000,229345000,https://www.sedar.com/ModifyCompanyDocumentSearchForm.do?lang=EN&company_search=Agnico Eagle Mines Ltd&document_selection=0&industry_group=A&FromDate=13&FromMonth=05&FromYear=2000&ToDate=13&ToMonth=11&ToYear=2020&Variable=Issuer,https://www.sedar.com/ModifyCompanyDocumentSearchForm.do?lang=EN&company_search=Agnico Eagle Mines Ltd&document_selection=0&industry_group=A&FromDate=13&FromMonth=05&FromYear=2000&ToDate=13&ToMonth=11&ToYear=2020&Variable=Issuer
0,2016-12-31,AEM.TO,2016-12-31,2016-12-31,Q4,499210000,406511000,92699000,0.185691392399992,0.0,32147000,0.0,-12926000,34249000,472907000,19795000,0.0,164776000,0.3300735161555257,26303000,0.23119128222591695,108905000,115413000,0.23119128222591695,52759000,62654000,0.1255062999539272,0.28,0.28,224785000,227444000,https://www.sedar.com/ModifyCompanyDocumentSearchForm.do?lang=EN&company_search=Agnico Eagle Mines Ltd&document_selection=0&industry_group=A&FromDate=13&FromMonth=05&FromYear=2000&ToDate=13&ToMonth=11&ToYear=2020&Variable=Issuer,https://www.sedar.com/ModifyCompanyDocumentSearchForm.do?lang=EN&company_search=Agnico Eagle Mines Ltd&document_selection=0&industry_group=A&FromDate=13&FromMonth=05&FromYear=2000&ToDate=13&ToMonth=11&ToYear=2020&Variable=Issuer
0,2016-09-30,AEM.TO,2016-09-30,2016-09-30,Q3,610863000,438843000,172020000,0.28160160297808184,0.0,21474000,0.0,3199000.0,44369000,504686000,19654000,0.0,270848000,0.44338583282994715,106177000,0.14396190307810425,1418000.0,87941000,0.14396190307810425,38549000,49392000,0.08085610030399615,0.22,0.22,224306000,227654000,https://www.sedar.com/ModifyCompanyDocumentSearchForm.do?lang=EN&company_search=Agnico Eagle Mines Ltd&document_selection=0&industry_group=A&FromDate=13&FromMonth=05&FromYear=2000&ToDate=13&ToMonth=11&ToYear=2020&Variable=Issuer,https://www.sedar.com/ModifyCompanyDocumentSearchForm.do?lang=EN&company_search=Agnico Eagle Mines Ltd&document_selection=0&industry_group=A&FromDate=13&FromMonth=05&FromYear=2000&ToDate=13&ToMonth=11&ToYear=2020&Variable=Issuer
0,2016-06-30,AEM.TO,2016-06-30,2016-06-30,Q2,537628000,410094000,127534000,0.23721606761552597,0.0,24337000,0.0,-5908000.0,38940000,473371000,17391000,0.0,213007000,0.39619774267709273,64257000,0.070513440520211,-8956000.0,37910000,0.070513440520211,18920000,18990000,0.03532182103610675,0.09,0.08,222165000,225169000,https://www.sedar.com/ModifyCompanyDocumentSearchForm.do?lang=EN&company_search=Agnico Eagle Mines Ltd&document_selection=0&industry_group=A&FromDate=13&FromMonth=05&FromYear=2000&ToDate=13&ToMonth=11&ToYear=2020&Variable=Issuer,https://www.sedar.com/ModifyCompanyDocumentSearchForm.do?lang=EN&company_search=Agnico Eagle Mines Ltd&document_selection=0&industry_group=A&FromDate=13&FromMonth=05&FromYear=2000&ToDate=13&ToMonth=11&ToYear=2020&Variable=Issuer
0,2016-03-31,AEM.TO,2016-03-31,2016-03-31,Q1,490531000,389604000,100927000,0.20575050302631231,0.0,24823000,0.0,-598000.0,33478000,447905000,17801000,0.0,187659000,0.38256297767113595,42626000,0.055443998442504146,2372000.0,27197000,0.055443998442504146,-591000.0,27788000,0.05664881526345939,0.13,0.13,219681000,221906000,https://www.sedar.com/ModifyCompanyDocumentSearchForm.do?lang=EN&company_search=Agnico Eagle Mines Ltd&document_selection=0&industry_group=A&FromDate=13&FromMonth=05&FromYear=2000&ToDate=13&ToMonth=11&ToYear=2020&Variable=Issuer,https://www.sedar.com/ModifyCompanyDocumentSearchForm.do?lang=EN&company_search=Agnico Eagle Mines Ltd&document_selection=0&industry_group=A&FromDate=13&FromMonth=05&FromYear=2000&ToDate=13&ToMonth=11&ToYear=2020&Variable=Issuer
0,2015-12-31,AEM.TO,2015-12-31,2015-12-31,Q4,482932000,386948000,95984000,0.19875261941639816,0.0,22505000,0.0,-377000.0,27667000,437120000,17887000,0.0,202564000,0.4194462160304142,45812000,0.03938649747790579,-8904000.0,19021000,0.03938649747790579,34558000,-15537000,-0.03217223128722056,-0.07,-0.07,217484000,217484000,https://www.sedar.com/ModifyCompanyDocumentSearchForm.do?lang=EN&company_search=Agnico Eagle Mines Ltd&document_selection=0&industry_group=A&FromDate=13&FromMonth=05&FromYear=2000&ToDate=13&ToMonth=11&ToYear=2020&Variable=Issuer,https://www.sedar.com/ModifyCompanyDocumentSearchForm.do?lang=EN&company_search=Agnico Eagle Mines Ltd&document_selection=0&industry_group=A&FromDate=13&FromMonth=05&FromYear=2000&ToDate=13&ToMonth=11&ToYear=2020&Variable=Issuer
0,2015-09-30,AEM.TO,2015-09-30,2015-09-30,Q3,508795000,412552000,96243000,0.18915869849349934,0.0,25675000,0.0,-4122000.0,37134000,475361000,19674000,0.0,187280000,0.36808537819750586,33434000,-0.027545475093112157,-27775000,-14015000,-0.027545475093112157,-15309000,1294000.0,0.0025432639864778547,0.01,0.01,217182000,217712000,https://www.sedar.com/ModifyCompanyDocumentSearchForm.do?lang=EN&company_search=Agnico Eagle Mines Ltd&document_selection=0&industry_group=A&FromDate=13&FromMonth=05&FromYear=2000&ToDate=13&ToMonth=11&ToYear=2020&Variable=Issuer,https://www.sedar.com/ModifyCompanyDocumentSearchForm.do?lang=EN&company_search=Agnico Eagle Mines Ltd&document_selection=0&industry_group=A&FromDate=13&FromMonth=05&FromYear=2000&ToDate=13&ToMonth=11&ToYear=2020&Variable=Issuer
0,2015-06-30,AEM.TO,2015-06-30,2015-06-30,Q2,510109000,421227000,88882000,0.17424119158846443,0.0,23572000,0.0,-2358000.0,30475000,475274000,17955000,0.0,190092000,0.3726497670105801,34835000,0.040989278761990086,4029000.0,20909000,0.040989278761990086,10826000,10083000,0.01976636365953159,0.05,0.05,215426000,216722000,https://www.sedar.com/ModifyCompanyDocumentSearchForm.do?lang=EN&company_search=Agnico Eagle Mines Ltd&document_selection=0&industry_group=A&FromDate=13&FromMonth=05&FromYear=2000&ToDate=13&ToMonth=11&ToYear=2020&Variable=Issuer,https://www.sedar.com/ModifyCompanyDocumentSearchForm.do?lang=EN&company_search=Agnico Eagle Mines Ltd&document_selection=0&industry_group=A&FromDate=13&FromMonth=05&FromYear=2000&ToDate=13&ToMonth=11&ToYear=2020&Variable=Issuer
0,2015-03-31,AEM.TO,2015-03-31,2015-03-31,Q1,483596000,383177000,100419000,0.2076506009148132,0.0,25221000,0.0,-5171000.0,17080000,425478000,19712000,0.0,188844000,0.390499507853663,58118000,0.11727350929288083,18307000,56713000,0.11727350929288083,27970000,28743000,0.059435975483668184,0.13,0.13,214566000,215692000,https://www.sedar.com/ModifyCompanyDocumentSearchForm.do?lang=EN&company_search=Agnico Eagle Mines Ltd&document_selection=0&industry_group=A&FromDate=13&FromMonth=05&FromYear=2000&ToDate=13&ToMonth=11&ToYear=2020&Variable=Issuer,https://www.sedar.com/ModifyCompanyDocumentSearchForm.do?lang=EN&company_search=Agnico Eagle Mines Ltd&document_selection=0&industry_group=A&FromDate=13&FromMonth=05&FromYear=2000&ToDate=13&ToMonth=11&ToYear=2020&Variable=Issuer
0,2014-12-31,AEM.TO,2014-12-31,2014-12-31,Q4,503090000,426412000,76678000,0.1524140809795464,0.0,25995000,0.0,5318000.0,13487000,465894000,18144000,0.0,181609000,0.36098709972370746,37196000,0.004547894014987378,-16764000,2288000.0,0.004547894014987378,23571000,-21283000,-0.04230455783259456,-0.1,-0.12,212401000,213273000,https://www.sedar.com/ModifyCompanyDocumentSearchForm.do?lang=EN&company_search=Agnico Eagle Mines Ltd&document_selection=0&industry_group=A&FromDate=13&FromMonth=05&FromYear=2000&ToDate=13&ToMonth=11&ToYear=2020&Variable=Issuer,https://www.sedar.com/ModifyCompanyDocumentSearchForm.do?lang=EN&company_search=Agnico Eagle Mines Ltd&document_selection=0&industry_group=A&FromDate=13&FromMonth=05&FromYear=2000&ToDate=13&ToMonth=11&ToYear=2020&Variable=Issuer
0,2014-09-30,AEM.TO,2014-09-30,2014-09-30,Q3,463388000,387189000,76199000,0.16443887196043055,0.0,24991000,0.0,8578000.0,29011000,441191000,20852000,0.0,148171000,0.3197557985964246,22197000,0.013627888508118467,4970000.0,6315000.0,0.013627888508118467,21365000,-15050000,-0.032478182430274415,-0.07,-0.1,208815000,209687000,https://www.sedar.com/ModifyCompanyDocumentSearchForm.do?lang=EN&company_search=Agnico Eagle Mines Ltd&document_selection=0&industry_group=A&FromDate=13&FromMonth=05&FromYear=2000&ToDate=13&ToMonth=11&ToYear=2020&Variable=Issuer,https://www.sedar.com/ModifyCompanyDocumentSearchForm.do?lang=EN&company_search=Agnico Eagle Mines Ltd&document_selection=0&industry_group=A&FromDate=13&FromMonth=05&FromYear=2000&ToDate=13&ToMonth=11&ToYear=2020&Variable=Issuer
0,2014-06-30,AEM.TO,2014-06-30,2014-06-30,Q2,437794000,316576000,121218000,0.2768836484739398,0.0,24791000,0.0,-3370000.0,11552000,352919000,15731000,0.0,159075000,0.3633558248856768,84875000,0.1333069891318748,-10783000,58361000,0.1333069891318748,18360000,37676000,0.08605873995532146,0.2,0.2,185718000,186207000,https://www.sedar.com/ModifyCompanyDocumentSearchForm.do?lang=EN&company_search=Agnico Eagle Mines Ltd&document_selection=0&industry_group=A&FromDate=13&FromMonth=05&FromYear=2000&ToDate=13&ToMonth=11&ToYear=2020&Variable=Issuer,https://www.sedar.com/ModifyCompanyDocumentSearchForm.do?lang=EN&company_search=Agnico Eagle Mines Ltd&document_selection=0&industry_group=A&FromDate=13&FromMonth=05&FromYear=2000&ToDate=13&ToMonth=11&ToYear=2020&Variable=Issuer
0,2014-03-31,AEM.TO,2014-03-31,2014-03-31,Q1,491767000,297628000,194139000,0.3947784214882251,0.0,27239000,0.0,417000.0,9418000.0,334285000,15935000,0.0,231436000,0.470621249494171,157482000,0.31296325292262395,12358000,153905000,0.31296325292262395,45053000,108852000,0.22134872815784712,0.63,0.62,173972000,174285000,https://www.sedar.com/ModifyCompanyDocumentSearchForm.do?lang=EN&company_search=Agnico Eagle Mines Ltd&document_selection=0&industry_group=A&FromDate=13&FromMonth=05&FromYear=2000&ToDate=13&ToMonth=11&ToYear=2020&Variable=Issuer,https://www.sedar.com/ModifyCompanyDocumentSearchForm.do?lang=EN&company_search=Agnico Eagle Mines Ltd&document_selection=0&industry_group=A&FromDate=13&FromMonth=05&FromYear=2000&ToDate=13&ToMonth=11&ToYear=2020&Variable=Issuer
0,2013-12-31,AEM.TO,2013-12-31,2013-12-31,Q4,437240000,317213000,120027000,0.2745105662793889,0.0,25890000,0.0,-5019000.0,8789000.0,351892000,15424000,0.0,160154000,0.3662839630408929,85348000,-1.0854930930381483,-544545000,-474621000,-1.0854930930381483,-21305000,-453316000,-1.0367669929558136,-2.61,-2.61,173616000,173616000,https://www.sedar.com/ModifyCompanyDocumentSearchForm.do?lang=EN&company_search=Agnico Eagle Mines Ltd&document_selection=0&industry_group=A&FromDate=13&FromMonth=05&FromYear=2000&ToDate=13&ToMonth=11&ToYear=2020&Variable=Issuer,https://www.sedar.com/ModifyCompanyDocumentSearchForm.do?lang=EN&company_search=Agnico Eagle Mines Ltd&document_selection=0&industry_group=A&FromDate=13&FromMonth=05&FromYear=2000&ToDate=13&ToMonth=11&ToYear=2020&Variable=Issuer
0,2013-09-30,AEM.TO,2013-09-30,2013-09-30,Q3,444320000,307589000,136731000,0.3077309146561037,0.0,24205000,0.0,141000.0,15550000,347344000,14924000,0.0,173171000,0.38974387828592005,96976000,0.17732940223262514,-3261000.0,78791000,0.17732940223262514,31480000,47311000,0.10647956427799785,0.27,0.27,173102000,173452000,https://www.sedar.com/ModifyCompanyDocumentSearchForm.do?lang=EN&company_search=Agnico Eagle Mines Ltd&document_selection=0&industry_group=A&FromDate=13&FromMonth=05&FromYear=2000&ToDate=13&ToMonth=11&ToYear=2020&Variable=Issuer,https://www.sedar.com/ModifyCompanyDocumentSearchForm.do?lang=EN&company_search=Agnico Eagle Mines Ltd&document_selection=0&industry_group=A&FromDate=13&FromMonth=05&FromYear=2000&ToDate=13&ToMonth=11&ToYear=2020&Variable=Issuer
0,2013-06-30,AEM.TO,2013-06-30,2013-06-30,Q2,336424000,296079000,40345000,0.1199230732646898,0.0,28385000,0.0,-3734000.0,11326000,334286000,13735000,0.0,68532000,0.20370722659501106,2138000.0,-0.06973343162200081,-11863000,-23460000,-0.06973343162200081,920000.0,-24380000,-0.07246807599933418,-0.14,-0.14,172572000,172572000,https://www.sedar.com/ModifyCompanyDocumentSearchForm.do?lang=EN&company_search=Agnico Eagle Mines Ltd&document_selection=0&industry_group=A&FromDate=13&FromMonth=05&FromYear=2000&ToDate=13&ToMonth=11&ToYear=2020&Variable=Issuer,https://www.sedar.com/ModifyCompanyDocumentSearchForm.do?lang=EN&company_search=Agnico Eagle Mines Ltd&document_selection=0&industry_group=A&FromDate=13&FromMonth=05&FromYear=2000&ToDate=13&ToMonth=11&ToYear=2020&Variable=Issuer
0,2013-03-31,AEM.TO,2013-03-31,2013-03-31,Q1,420422000,300124000,120298000,0.28613631065928996,0.0,37320000,0.0,-212000.0,8571000.0,346015000,13916000,0.0,144266000,0.34314569646688325,74407000,0.11561716560979207,-11883000,48608000,0.11561716560979207,24749000,23859000,0.056750122495968336,0.14,0.14,172280000,172623000,https://www.sedar.com/ModifyCompanyDocumentSearchForm.do?lang=EN&company_search=Agnico Eagle Mines Ltd&document_selection=0&industry_group=A&FromDate=13&FromMonth=05&FromYear=2000&ToDate=13&ToMonth=11&ToYear=2020&Variable=Issuer,https://www.sedar.com/ModifyCompanyDocumentSearchForm.do?lang=EN&company_search=Agnico Eagle Mines Ltd&document_selection=0&industry_group=A&FromDate=13&FromMonth=05&FromYear=2000&ToDate=13&ToMonth=11&ToYear=2020&Variable=Issuer
0,2012-12-31,AEM.TO,2012-12-31,2012-12-31,Q4,449383000,514224000,-64841000,-0.1442889472899509,0.0,23660000,0.0,1487000.0,16083000,354786000,7121000.0,0.0,156610000,0.3485000545191963,94597000,0.21831711479962526,18910000,98108000,0.21831711479962526,15338000,82770000,0.18418587262980576,0.48,0.48,171837000,173432000,https://www.sedar.com/ModifyCompanyDocumentSearchForm.do?lang=EN&company_search=Agnico Eagle Mines Ltd&document_selection=0&industry_group=A&FromDate=13&FromMonth=05&FromYear=2000&ToDate=13&ToMonth=11&ToYear=2020&Variable=Issuer,https://www.sedar.com/ModifyCompanyDocumentSearchForm.do?lang=EN&company_search=Agnico Eagle Mines Ltd&document_selection=0&industry_group=A&FromDate=13&FromMonth=05&FromYear=2000&ToDate=13&ToMonth=11&ToYear=2020&Variable=Issuer
0,2012-09-30,AEM.TO,2012-09-30,2012-09-30,Q3,535836000,220408000,315428000,0.5886651886024828,0.0,29482000,0.0,0.0,36023000,354231000,14933000,68318000,250789000,0.4680331295396353,181605000,0.2843164699646907,-15191000,152347000,0.2843164699646907,46021000,106326000,0.1984301166774909,0.62,0.62,171341000,171596000,https://www.sedar.com/ModifyCompanyDocumentSearchForm.do?lang=EN&company_search=Agnico Eagle Mines Ltd&document_selection=0&industry_group=A&FromDate=13&FromMonth=05&FromYear=2000&ToDate=13&ToMonth=11&ToYear=2020&Variable=Issuer,https://www.sedar.com/ModifyCompanyDocumentSearchForm.do?lang=EN&company_search=Agnico Eagle Mines Ltd&document_selection=0&industry_group=A&FromDate=13&FromMonth=05&FromYear=2000&ToDate=13&ToMonth=11&ToYear=2020&Variable=Issuer
0,2012-06-30,AEM.TO,2012-06-30,2012-06-30,Q2,459561000,219906000,239655000,0.5214868102384667,0.0,32015000,0.0,0.0,34286000,356518000,14220000,0.0,169353000,0.3685103827348274,103043000,0.16793418066372037,-11647000,77176000,0.16793418066372037,33904000,43272000,0.09415942606095817,0.25,0.25,170985000,171279000,https://www.sedar.com/ModifyCompanyDocumentSearchForm.do?lang=EN&company_search=Agnico Eagle Mines Ltd&document_selection=0&industry_group=A&FromDate=13&FromMonth=05&FromYear=2000&ToDate=13&ToMonth=11&ToYear=2020&Variable=Issuer,https://www.sedar.com/ModifyCompanyDocumentSearchForm.do?lang=EN&company_search=Agnico Eagle Mines Ltd&document_selection=0&industry_group=A&FromDate=13&FromMonth=05&FromYear=2000&ToDate=13&ToMonth=11&ToYear=2020&Variable=Issuer
0,2012-03-31,AEM.TO,2012-03-31,2012-03-31,Q1,472934000,215035000,257899000,0.5453171055580694,0.0,33928000,0.0,0.0,23108000,336624000,14447000,64553000,201132000,0.4252855578156783,136310000,0.2273255887713719,-14622000,107510000,0.2273255887713719,28962000,78548000,0.1660865998215396,0.46,0.46,170837000,171017000,https://www.sedar.com/ModifyCompanyDocumentSearchForm.do?lang=EN&company_search=Agnico Eagle Mines Ltd&document_selection=0&industry_group=A&FromDate=13&FromMonth=05&FromYear=2000&ToDate=13&ToMonth=11&ToYear=2020&Variable=Issuer,https://www.sedar.com/ModifyCompanyDocumentSearchForm.do?lang=EN&company_search=Agnico Eagle Mines Ltd&document_selection=0&industry_group=A&FromDate=13&FromMonth=05&FromYear=2000&ToDate=13&ToMonth=11&ToYear=2020&Variable=Issuer
0,2011-12-31,AEM.TO,2011-12-31,2011-12-31,Q4,455503000,227567000,227936000,0.5004050467285616,0.0,28242000,0.0,0.0,31844000,370389000,17290000,73513000,158627000,0.3482457854284165,85114000,-1.8664465437110183,-917996000,-850172000,-1.8664465437110183,-248742000,-601370000,-1.3202327975886,-2.484394300563086,-2.484394300563086,242059000,242059000,https://www.sedar.com/ModifyCompanyDocumentSearchForm.do?lang=EN&company_search=Agnico Eagle Mines Ltd&document_selection=0&industry_group=A&FromDate=13&FromMonth=05&FromYear=2000&ToDate=13&ToMonth=11&ToYear=2020&Variable=Issuer,https://www.sedar.com/ModifyCompanyDocumentSearchForm.do?lang=EN&company_search=Agnico Eagle Mines Ltd&document_selection=0&industry_group=A&FromDate=13&FromMonth=05&FromYear=2000&ToDate=13&ToMonth=11&ToYear=2020&Variable=Issuer
0,2011-09-30,AEM.TO,2011-09-30,2011-09-30,Q3,520537000,237190000,283347000,0.5443359453794832,0.0,20410000,0.0,0.0,9610000.0,334314000,14964000,67104000,253327000,0.48666473276635475,186223000,-0.21244215108628206,-281843000,-110584000,-0.21244215108628206,-28970000,-81614000,-0.1567880861494956,-0.48,-0.48,169238000,169238000,https://www.sedar.com/ModifyCompanyDocumentSearchForm.do?lang=EN&company_search=Agnico Eagle Mines Ltd&document_selection=0&industry_group=A&FromDate=13&FromMonth=05&FromYear=2000&ToDate=13&ToMonth=11&ToYear=2020&Variable=Issuer,https://www.sedar.com/ModifyCompanyDocumentSearchForm.do?lang=EN&company_search=Agnico Eagle Mines Ltd&document_selection=0&industry_group=A&FromDate=13&FromMonth=05&FromYear=2000&ToDate=13&ToMonth=11&ToYear=2020&Variable=Issuer
0,2011-06-30,AEM.TO,2011-06-30,2011-06-30,Q2,433691000,212754000,220937000,0.5094341362859732,0.0,24122000,0.0,0.0,17289000,313400000,14213000,0.0,179526000,0.41394910201041757,120291000,0.24156830554473116,-1312000.0,104766000,0.24156830554473116,35941000,68825000,0.1586959378912636,0.41,0.4,169029000,172448000,https://www.sedar.com/ModifyCompanyDocumentSearchForm.do?lang=EN&company_search=Agnico Eagle Mines Ltd&document_selection=0&industry_group=A&FromDate=13&FromMonth=05&FromYear=2000&ToDate=13&ToMonth=11&ToYear=2020&Variable=Issuer,https://www.sedar.com/ModifyCompanyDocumentSearchForm.do?lang=EN&company_search=Agnico Eagle Mines Ltd&document_selection=0&industry_group=A&FromDate=13&FromMonth=05&FromYear=2000&ToDate=13&ToMonth=11&ToYear=2020&Variable=Issuer
0,2011-03-31,AEM.TO,2011-03-31,2011-03-31,Q1,412068000,198567000,213501000,0.5181207955968432,0.0,35152000,0.0,0.0,16978000,312626000,14008000,61929000,161619000,0.39221439179941175,99442000,0.18774085830493997,-8320000.0,77362000,0.18774085830493997,32098000,45264000,0.10984594775619558,0.27,0.26,168853000,172863000,https://www.sedar.com/ModifyCompanyDocumentSearchForm.do?lang=EN&company_search=Agnico Eagle Mines Ltd&document_selection=0&industry_group=A&FromDate=13&FromMonth=05&FromYear=2000&ToDate=13&ToMonth=11&ToYear=2020&Variable=Issuer,https://www.sedar.com/ModifyCompanyDocumentSearchForm.do?lang=EN&company_search=Agnico Eagle Mines Ltd&document_selection=0&industry_group=A&FromDate=13&FromMonth=05&FromYear=2000&ToDate=13&ToMonth=11&ToYear=2020&Variable=Issuer
0,2010-12-31,AEM.TO,2010-12-31,2010-12-31,Q4,439004000,195998000,243006000,0.5535393754954396,0.0,22732000,0.0,0.0,15008000,304277000,14958000,69835000,272342000,0.6203633679875354,134727000,0.27768084117684577,-65646000,121903000,0.27768084117684577,33940000,87963000,0.20036947271551056,0.36339487480325044,0.36339487480325044,242059000,242059000,https://www.sedar.com/ModifyCompanyDocumentSearchForm.do?lang=EN&company_search=Agnico Eagle Mines Ltd&document_selection=0&industry_group=A&FromDate=13&FromMonth=05&FromYear=2000&ToDate=13&ToMonth=11&ToYear=2020&Variable=Issuer,https://www.sedar.com/ModifyCompanyDocumentSearchForm.do?lang=EN&company_search=Agnico Eagle Mines Ltd&document_selection=0&industry_group=A&FromDate=13&FromMonth=05&FromYear=2000&ToDate=13&ToMonth=11&ToYear=2020&Variable=Issuer
0,2010-09-30,AEM.TO,2010-09-30,2010-09-30,Q3,398478000,196674000,201804000,0.506436992757442,0.0,19925000,0.0,0.0,19491000,277301000,14722000,48145000,169322000,0.4249218275538424,121177000,0.410253514623141,57022000,163477000,0.410253514623141,42016000,121461000,0.3048123108427567,0.73,0.71,167461000,170679000,https://www.sedar.com/ModifyCompanyDocumentSearchForm.do?lang=EN&company_search=Agnico Eagle Mines Ltd&document_selection=0&industry_group=A&FromDate=13&FromMonth=05&FromYear=2000&ToDate=13&ToMonth=11&ToYear=2020&Variable=Issuer,https://www.sedar.com/ModifyCompanyDocumentSearchForm.do?lang=EN&company_search=Agnico Eagle Mines Ltd&document_selection=0&industry_group=A&FromDate=13&FromMonth=05&FromYear=2000&ToDate=13&ToMonth=11&ToYear=2020&Variable=Issuer
0,2010-06-30,AEM.TO,2010-06-30,2010-06-30,Q2,347456000,166573000,180883000,0.520592535457727,0.0,23240000,0.0,0.0,12955000,247513000,15309000,0.0,144729000,0.41653907257321793,99943000,0.31241078006999445,23132000,108549000,0.31241078006999445,8189000.0,100360000,0.28884232823724443,0.64,0.63,156899000,159920000,https://www.sedar.com/ModifyCompanyDocumentSearchForm.do?lang=EN&company_search=Agnico Eagle Mines Ltd&document_selection=0&industry_group=A&FromDate=13&FromMonth=05&FromYear=2000&ToDate=13&ToMonth=11&ToYear=2020&Variable=Issuer,https://www.sedar.com/ModifyCompanyDocumentSearchForm.do?lang=EN&company_search=Agnico Eagle Mines Ltd&document_selection=0&industry_group=A&FromDate=13&FromMonth=05&FromYear=2000&ToDate=13&ToMonth=11&ToYear=2020&Variable=Issuer
0,2010-03-31,AEM.TO,2010-03-31,2010-03-31,Q1,239305000,118227000,121078000,0.505956833329851,0.0,28430000,0.0,0.0,16954000,193527000,4504000.0,0.0,76281000,0.3187605775056936,45778000,0.17247445728254737,0.0,41274000,0.17247445728254737,18942000,22332000,0.09332023986126492,0.14,0.14,156692000,159093000,https://www.sedar.com/ModifyCompanyDocumentSearchForm.do?lang=EN&company_search=Agnico Eagle Mines Ltd&document_selection=0&industry_group=A&FromDate=13&FromMonth=05&FromYear=2000&ToDate=13&ToMonth=11&ToYear=2020&Variable=Issuer,https://www.sedar.com/ModifyCompanyDocumentSearchForm.do?lang=EN&company_search=Agnico Eagle Mines Ltd&document_selection=0&industry_group=A&FromDate=13&FromMonth=05&FromYear=2000&ToDate=13&ToMonth=11&ToYear=2020&Variable=Issuer
0,2009-12-31,AEM.TO,2009-12-31,2009-12-31,Q4,235739000,106935000,128804000,0.5463839245945729,0.0,17864000,0.0,0.0,7561000.0,154870000,2596000.0,21661000,105242000,0.44643440415035274,80869000,0.28305032260253926,-14259000,66726000,0.28305032260253926,18790000,47936000,0.20334352822401044,0.19803436352294276,0.19803436352294276,242059000,242059000,https://www.sedar.com/ModifyCompanyDocumentSearchForm.do?lang=EN&company_search=Agnico Eagle Mines Ltd&document_selection=0&industry_group=A&FromDate=13&FromMonth=05&FromYear=2000&ToDate=13&ToMonth=11&ToYear=2020&Variable=Issuer,https://www.sedar.com/ModifyCompanyDocumentSearchForm.do?lang=EN&company_search=Agnico Eagle Mines Ltd&document_selection=0&industry_group=A&FromDate=13&FromMonth=05&FromYear=2000&ToDate=13&ToMonth=11&ToYear=2020&Variable=Issuer
0,2009-09-30,AEM.TO,2009-09-30,2009-09-30,Q3,149250000,88652000,60598000,0.40601675041876045,0.0,14658000,0.0,0.0,11846000,139939000,2648000.0,23200000,36175000,0.2423785594639866,9311000.0,-0.04428140703517588,-16936000,-6609000.0,-0.04428140703517588,10357000,-16966000,-0.1136750418760469,-0.11,-0.11,156164000,158907000,https://www.sedar.com/ModifyCompanyDocumentSearchForm.do?lang=EN&company_search=Agnico Eagle Mines Ltd&document_selection=0&industry_group=A&FromDate=13&FromMonth=05&FromYear=2000&ToDate=13&ToMonth=11&ToYear=2020&Variable=Issuer,https://www.sedar.com/ModifyCompanyDocumentSearchForm.do?lang=EN&company_search=Agnico Eagle Mines Ltd&document_selection=0&industry_group=A&FromDate=13&FromMonth=05&FromYear=2000&ToDate=13&ToMonth=11&ToYear=2020&Variable=Issuer
0,2009-06-30,AEM.TO,2009-06-30,2009-06-30,Q2,138528000,61013000,77515000,0.5595619658119658,0.0,13253000,0.0,0.0,9735000.0,100944000,2335000.0,0.0,53054000,0.3829839454839455,37584000,0.13416060291060292,-16664000,18585000,0.13416060291060292,17358000,1227000.0,0.008857415107415107,0.01,0.01,155805000,157763000,https://www.sedar.com/ModifyCompanyDocumentSearchForm.do?lang=EN&company_search=Agnico Eagle Mines Ltd&document_selection=0&industry_group=A&FromDate=13&FromMonth=05&FromYear=2000&ToDate=13&ToMonth=11&ToYear=2020&Variable=Issuer,https://www.sedar.com/ModifyCompanyDocumentSearchForm.do?lang=EN&company_search=Agnico Eagle Mines Ltd&document_selection=0&industry_group=A&FromDate=13&FromMonth=05&FromYear=2000&ToDate=13&ToMonth=11&ToYear=2020&Variable=Issuer
0,2009-03-31,AEM.TO,2009-03-31,2009-03-31,Q1,110524000,49718000,60806000,0.5501610509934494,0.0,18800000,0.0,0.0,6249000.0,88006000,869000.0,0.0,34648000,0.31348847309181715,22518000,0.26542651369838227,7687000.0,29336000,0.26542651369838227,-25005000,54341000,0.4916669682602874,0.35,0.35,155184000,157196000,https://www.sedar.com/ModifyCompanyDocumentSearchForm.do?lang=EN&company_search=Agnico Eagle Mines Ltd&document_selection=0&industry_group=A&FromDate=13&FromMonth=05&FromYear=2000&ToDate=13&ToMonth=11&ToYear=2020&Variable=Issuer,https://www.sedar.com/ModifyCompanyDocumentSearchForm.do?lang=EN&company_search=Agnico Eagle Mines Ltd&document_selection=0&industry_group=A&FromDate=13&FromMonth=05&FromYear=2000&ToDate=13&ToMonth=11&ToYear=2020&Variable=Issuer
0,2008-12-31,AEM.TO,2008-12-31,2008-12-31,Q4,75630000,48663000,26967000,0.35656485521618403,0.0,6731000.0,0.0,0.0,8541000.0,76473000,0.0,0.0,-540000.0,-0.007140023800079333,-843000.0,0.1427475869364009,12235000,10796000,0.1427475869364009,-11078000,21874000,0.2892238529683988,0.09036639827480077,0.09036639827480077,242059000,242059000,https://www.sedar.com/ModifyCompanyDocumentSearchForm.do?lang=EN&company_search=Agnico Eagle Mines Ltd&document_selection=0&industry_group=A&FromDate=13&FromMonth=05&FromYear=2000&ToDate=13&ToMonth=11&ToYear=2020&Variable=Issuer,https://www.sedar.com/ModifyCompanyDocumentSearchForm.do?lang=EN&company_search=Agnico Eagle Mines Ltd&document_selection=0&industry_group=A&FromDate=13&FromMonth=05&FromYear=2000&ToDate=13&ToMonth=11&ToYear=2020&Variable=Issuer
0,2008-09-30,AEM.TO,2008-09-30,2008-09-30,Q3,93738000,51964000,41774000,0.4456463760694702,0.0,10829000,0.0,0.0,8325000.0,80167000,0.0,0.0,14485000,0.1545264460517613,13571000,0.2204868889884572,8135000.0,20668000,0.2204868889884572,6630000.0,14038000,0.14975783566963238,0.1,0.1,143831000,144975000,https://www.sedar.com/ModifyCompanyDocumentSearchForm.do?lang=EN&company_search=Agnico Eagle Mines Ltd&document_selection=0&industry_group=A&FromDate=13&FromMonth=05&FromYear=2000&ToDate=13&ToMonth=11&ToYear=2020&Variable=Issuer,https://www.sedar.com/ModifyCompanyDocumentSearchForm.do?lang=EN&company_search=Agnico Eagle Mines Ltd&document_selection=0&industry_group=A&FromDate=13&FromMonth=05&FromYear=2000&ToDate=13&ToMonth=11&ToYear=2020&Variable=Issuer
0,2008-06-30,AEM.TO,2008-06-30,2008-06-30,Q2,88042000,47047000,40995000,0.4656300402080825,0.0,9759000.0,0.0,0.0,8940000.0,73262000,0.0,0.0,23459000,0.2664523750028396,14780000,0.15166625019876878,-1163000.0,13353000,0.15166625019876878,5006000.0,8347000.0,0.09480702392040162,0.06,0.06,143720000,144851000,https://www.sedar.com/ModifyCompanyDocumentSearchForm.do?lang=EN&company_search=Agnico Eagle Mines Ltd&document_selection=0&industry_group=A&FromDate=13&FromMonth=05&FromYear=2000&ToDate=13&ToMonth=11&ToYear=2020&Variable=Issuer,https://www.sedar.com/ModifyCompanyDocumentSearchForm.do?lang=EN&company_search=Agnico Eagle Mines Ltd&document_selection=0&industry_group=A&FromDate=13&FromMonth=05&FromYear=2000&ToDate=13&ToMonth=11&ToYear=2020&Variable=Issuer
0,2008-03-31,AEM.TO,2008-03-31,2008-03-31,Q1,123655000,44520000,79135000,0.6399660345315595,0.0,19868000,0.0,0.0,8898000.0,80316000,0.0,0.0,41074000,0.33216610731470625,43339000,0.4138449718976184,9295000.0,51174000,0.4138449718976184,22266000,28908000,0.23377946706562613,0.2,0.2,143372000,144375000,https://www.sedar.com/ModifyCompanyDocumentSearchForm.do?lang=EN&company_search=Agnico Eagle Mines Ltd&document_selection=0&industry_group=A&FromDate=13&FromMonth=05&FromYear=2000&ToDate=13&ToMonth=11&ToYear=2020&Variable=Issuer,https://www.sedar.com/ModifyCompanyDocumentSearchForm.do?lang=EN&company_search=Agnico Eagle Mines Ltd&document_selection=0&industry_group=A&FromDate=13&FromMonth=05&FromYear=2000&ToDate=13&ToMonth=11&ToYear=2020&Variable=Issuer
0,2007-12-31,AEM.TO,2007-12-31,2007-12-31,Q4,115077000,40874000,74203000,0.6448117347515142,0.0,13747000,0.0,0.0,6849000.0,67627000,0.0,0.0,53883000,0.46823431267759846,47450000,0.404442243019891,-276000.0,46542000,0.404442243019891,-18620000,65162000,0.5662469476958906,0.26919883168979464,0.26919883168979464,242059000,242059000,https://www.sedar.com/ModifyCompanyDocumentSearchForm.do?lang=EN&company_search=Agnico Eagle Mines Ltd&document_selection=0&industry_group=A&FromDate=13&FromMonth=05&FromYear=2000&ToDate=13&ToMonth=11&ToYear=2020&Variable=Issuer,https://www.sedar.com/ModifyCompanyDocumentSearchForm.do?lang=EN&company_search=Agnico Eagle Mines Ltd&document_selection=0&industry_group=A&FromDate=13&FromMonth=05&FromYear=2000&ToDate=13&ToMonth=11&ToYear=2020&Variable=Issuer
0,2007-09-30,AEM.TO,2007-09-30,2007-09-30,Q3,113146000,46944000,66202000,0.5851024340232973,0.0,7744000.0,0.0,0.0,3792000.0,66058000,0.0,0.0,79023000,0.6984162056104503,47088000,0.1847524437452495,-24357000,20904000,0.1847524437452495,9452000.0,11452000,0.10121436020716597,0.08,0.08,135509000,140223000,https://www.sedar.com/ModifyCompanyDocumentSearchForm.do?lang=EN&company_search=Agnico Eagle Mines Ltd&document_selection=0&industry_group=A&FromDate=13&FromMonth=05&FromYear=2000&ToDate=13&ToMonth=11&ToYear=2020&Variable=Issuer,https://www.sedar.com/ModifyCompanyDocumentSearchForm.do?lang=EN&company_search=Agnico Eagle Mines Ltd&document_selection=0&industry_group=A&FromDate=13&FromMonth=05&FromYear=2000&ToDate=13&ToMonth=11&ToYear=2020&Variable=Issuer
0,2007-06-30,AEM.TO,2007-06-30,2007-06-30,Q2,125343000,44248000,81095000,0.6469846740543947,0.0,7623000.0,0.0,0.0,9037000.0,68002000,0.0,0.0,83137000,0.6632759707362996,57341000,0.38793550497435036,-6409000.0,48625000,0.38793550497435036,10816000,37809000,0.3016442880735262,0.28,0.27,133788000,138056000,https://www.sedar.com/ModifyCompanyDocumentSearchForm.do?lang=EN&company_search=Agnico Eagle Mines Ltd&document_selection=0&industry_group=A&FromDate=13&FromMonth=05&FromYear=2000&ToDate=13&ToMonth=11&ToYear=2020&Variable=Issuer,https://www.sedar.com/ModifyCompanyDocumentSearchForm.do?lang=EN&company_search=Agnico Eagle Mines Ltd&document_selection=0&industry_group=A&FromDate=13&FromMonth=05&FromYear=2000&ToDate=13&ToMonth=11&ToYear=2020&Variable=Issuer
0,2007-03-31,AEM.TO,2007-03-31,2007-03-31,Q1,100730000,37240000,63490000,0.6302988186240445,0.0,9053000.0,0.0,0.0,5829000.0,59050000,0.0,0.0,56053000,0.5564677851682717,41680000,0.4289387471458354,-2996000.0,43207000,0.4289387471458354,18285000,24922000,0.24741387868559517,0.21,0.2,121159000,125649000,https://www.sedar.com/ModifyCompanyDocumentSearchForm.do?lang=EN&company_search=Agnico Eagle Mines Ltd&document_selection=0&industry_group=A&FromDate=13&FromMonth=05&FromYear=2000&ToDate=13&ToMonth=11&ToYear=2020&Variable=Issuer,https://www.sedar.com/ModifyCompanyDocumentSearchForm.do?lang=EN&company_search=Agnico Eagle Mines Ltd&document_selection=0&industry_group=A&FromDate=13&FromMonth=05&FromYear=2000&ToDate=13&ToMonth=11&ToYear=2020&Variable=Issuer
0,2006-12-31,AEM.TO,2006-12-31,2006-12-31,Q4,184296000,40675000,143621000,0.779295264140296,0.0,9212000.0,0.0,0.0,10271000,67189000,0.0,0.0,117703000,0.638662803316404,117107000,0.44385662195598385,6435000.0,81801000,0.44385662195598385,39949000,41852000,0.2270912011112558,0.17289999545565338,0.17289999545565338,242059000,242059000,https://www.sedar.com/ModifyCompanyDocumentSearchForm.do?lang=EN&company_search=Agnico Eagle Mines Ltd&document_selection=0&industry_group=A&FromDate=13&FromMonth=05&FromYear=2000&ToDate=13&ToMonth=11&ToYear=2020&Variable=Issuer,https://www.sedar.com/ModifyCompanyDocumentSearchForm.do?lang=EN&company_search=Agnico Eagle Mines Ltd&document_selection=0&industry_group=A&FromDate=13&FromMonth=05&FromYear=2000&ToDate=13&ToMonth=11&ToYear=2020&Variable=Issuer
0,2006-09-30,AEM.TO,2006-09-30,2006-09-30,Q3,108798000,37185000,71613000,0.6582198202172834,0.0,5853000.0,0.0,0.0,7808000.0,56965000,0.0,0.0,75776000,0.6964833912388095,51833000,0.5720233827827718,-1288000.0,62235000,0.5720233827827718,17032000,45203000,0.41547638743359255,0.38,0.37,120386000,123822000,https://www.sedar.com/ModifyCompanyDocumentSearchForm.do?lang=EN&company_search=Agnico Eagle Mines Ltd&document_selection=0&industry_group=A&FromDate=13&FromMonth=05&FromYear=2000&ToDate=13&ToMonth=11&ToYear=2020&Variable=Issuer,https://www.sedar.com/ModifyCompanyDocumentSearchForm.do?lang=EN&company_search=Agnico Eagle Mines Ltd&document_selection=0&industry_group=A&FromDate=13&FromMonth=05&FromYear=2000&ToDate=13&ToMonth=11&ToYear=2020&Variable=Issuer
0,2006-06-30,AEM.TO,2006-06-30,2006-06-30,Q2,130336000,35911000,94425000,0.7244736680579426,0.0,5275000.0,0.0,0.0,6818000.0,54112000,0.0,0.0,99227000,0.7613169040019642,76224000,0.49495150994353054,-11158000,64510000,0.49495150994353054,27418000,37092000,0.28458752762091827,0.32,0.31,114434000,117817000,https://www.sedar.com/ModifyCompanyDocumentSearchForm.do?lang=EN&company_search=Agnico Eagle Mines Ltd&document_selection=0&industry_group=A&FromDate=13&FromMonth=05&FromYear=2000&ToDate=13&ToMonth=11&ToYear=2020&Variable=Issuer,https://www.sedar.com/ModifyCompanyDocumentSearchForm.do?lang=EN&company_search=Agnico Eagle Mines Ltd&document_selection=0&industry_group=A&FromDate=13&FromMonth=05&FromYear=2000&ToDate=13&ToMonth=11&ToYear=2020&Variable=Issuer
0,2006-03-31,AEM.TO,2006-03-31,2006-03-31,Q1,90581000,33740000,56841000,0.6275157041763725,0.0,5544000.0,0.0,0.0,5517000.0,50798000,0.0,0.0,35359000,0.39035780130490944,39783000,0.5751426899680948,12191000,52097000,0.5751426899680948,14907000,37190000,0.41057175345823077,0.35,0.34,106127000,108598000,https://www.sedar.com/ModifyCompanyDocumentSearchForm.do?lang=EN&company_search=Agnico Eagle Mines Ltd&document_selection=0&industry_group=A&FromDate=13&FromMonth=05&FromYear=2000&ToDate=13&ToMonth=11&ToYear=2020&Variable=Issuer,https://www.sedar.com/ModifyCompanyDocumentSearchForm.do?lang=EN&company_search=Agnico Eagle Mines Ltd&document_selection=0&industry_group=A&FromDate=13&FromMonth=05&FromYear=2000&ToDate=13&ToMonth=11&ToYear=2020&Variable=Issuer
0,2005-12-31,AEM.TO,2005-12-31,2005-12-31,Q4,75634000,33631000,42003000,0.5553454795462358,0.0,3044000.0,0.0,0.0,6158000.0,49425000,0.0,0.0,45877000,0.6065658301821932,26209000,0.16195097442948939,-13374000,12249000,0.16195097442948939,554000.0,11695000,0.15462622630034112,0.048314667085297386,0.048314667085297386,242059000,242059000,https://www.sedar.com/ModifyCompanyDocumentSearchForm.do?lang=EN&company_search=Agnico Eagle Mines Ltd&document_selection=0&industry_group=A&FromDate=13&FromMonth=05&FromYear=2000&ToDate=13&ToMonth=11&ToYear=2020&Variable=Issuer,https://www.sedar.com/ModifyCompanyDocumentSearchForm.do?lang=EN&company_search=Agnico Eagle Mines Ltd&document_selection=0&industry_group=A&FromDate=13&FromMonth=05&FromYear=2000&ToDate=13&ToMonth=11&ToYear=2020&Variable=Issuer
0,2005-09-30,AEM.TO,2005-09-30,2005-09-30,Q3,58608000,32935000,25673000,0.43804600054600057,0.0,2522000.0,0.0,0.0,4296000.0,46029000,0.0,0.0,28539000,0.48694717444717445,12579000,0.058012558012558016,-6413000.0,3400000.0,0.058012558012558016,1343000.0,2057000.0,0.0350975975975976,0.02,0.02,86638000,87096000,https://www.sedar.com/ModifyCompanyDocumentSearchForm.do?lang=EN&company_search=Agnico Eagle Mines Ltd&document_selection=0&industry_group=A&FromDate=13&FromMonth=05&FromYear=2000&ToDate=13&ToMonth=11&ToYear=2020&Variable=Issuer,https://www.sedar.com/ModifyCompanyDocumentSearchForm.do?lang=EN&company_search=Agnico Eagle Mines Ltd&document_selection=0&industry_group=A&FromDate=13&FromMonth=05&FromYear=2000&ToDate=13&ToMonth=11&ToYear=2020&Variable=Issuer
0,2005-06-30,AEM.TO,2005-06-30,2005-06-30,Q2,54064000,30579000,23485000,0.4343925717667949,0.0,2412000.0,0.0,0.0,3364000.0,42338000,0.0,0.0,13483000,0.24938961231133472,11726000,0.17114900858242083,3822000.0,9253000.0,0.17114900858242083,-3541000.0,12794000,0.2366454572358686,0.15,0.15,86220000,86627000,https://www.sedar.com/ModifyCompanyDocumentSearchForm.do?lang=EN&company_search=Agnico Eagle Mines Ltd&document_selection=0&industry_group=A&FromDate=13&FromMonth=05&FromYear=2000&ToDate=13&ToMonth=11&ToYear=2020&Variable=Issuer,https://www.sedar.com/ModifyCompanyDocumentSearchForm.do?lang=EN&company_search=Agnico Eagle Mines Ltd&document_selection=0&industry_group=A&FromDate=13&FromMonth=05&FromYear=2000&ToDate=13&ToMonth=11&ToYear=2020&Variable=Issuer
0,2005-03-31,AEM.TO,2005-03-31,2005-03-31,Q1,62414000,31820000,30594000,0.4901784855961803,0.0,3749000.0,0.0,0.0,2763000.0,45543000,0.0,0.0,29818000,0.47774537763963215,16871000,0.16627679687249655,-4189000.0,10378000,0.16627679687249655,-319000.0,10449000,0.16741436216233538,0.12,0.12,86131000,86545000,https://www.sedar.com/ModifyCompanyDocumentSearchForm.do?lang=EN&company_search=Agnico Eagle Mines Ltd&document_selection=0&industry_group=A&FromDate=13&FromMonth=05&FromYear=2000&ToDate=13&ToMonth=11&ToYear=2020&Variable=Issuer,https://www.sedar.com/ModifyCompanyDocumentSearchForm.do?lang=EN&company_search=Agnico Eagle Mines Ltd&document_selection=0&industry_group=A&FromDate=13&FromMonth=05&FromYear=2000&ToDate=13&ToMonth=11&ToYear=2020&Variable=Issuer
0,2004-12-31,AEM.TO,2004-12-31,2004-12-31,Q4,46028000,21595000,24433000,0.5308290605718259,0.0,1158000.0,0.0,0.0,2261000.0,29475000,0.0,0.0,24704000,0.5367167810897714,16553000,0.25047796993134613,-2590000.0,11529000,0.25047796993134613,-4080000.0,15609000,0.3391196662900843,0.06448427862628532,0.06448427862628532,242059000,242059000,https://www.sedar.com/ModifyCompanyDocumentSearchForm.do?lang=EN&company_search=Agnico Eagle Mines Ltd&document_selection=0&industry_group=A&FromDate=13&FromMonth=05&FromYear=2000&ToDate=13&ToMonth=11&ToYear=2020&Variable=Issuer,https://www.sedar.com/ModifyCompanyDocumentSearchForm.do?lang=EN&company_search=Agnico Eagle Mines Ltd&document_selection=0&industry_group=A&FromDate=13&FromMonth=05&FromYear=2000&ToDate=13&ToMonth=11&ToYear=2020&Variable=Issuer
0,2004-09-30,AEM.TO,2004-09-30,2004-09-30,Q3,48045000,25981000,22064000,0.459236132792174,0.0,1895000.0,0.0,0.0,581000.0,34318000,0.0,0.0,20485000,0.4263711104173171,13727000,0.2379019669060256,-555000.0,11430000,0.2379019669060256,874000.0,10556000,0.21971068789676346,0.12,0.12,84791000,85278000,https://www.sedar.com/ModifyCompanyDocumentSearchForm.do?lang=EN&company_search=Agnico Eagle Mines Ltd&document_selection=0&industry_group=A&FromDate=13&FromMonth=05&FromYear=2000&ToDate=13&ToMonth=11&ToYear=2020&Variable=Issuer,https://www.sedar.com/ModifyCompanyDocumentSearchForm.do?lang=EN&company_search=Agnico Eagle Mines Ltd&document_selection=0&industry_group=A&FromDate=13&FromMonth=05&FromYear=2000&ToDate=13&ToMonth=11&ToYear=2020&Variable=Issuer
0,2004-06-30,AEM.TO,2004-06-30,2004-06-30,Q2,45899000,26421000,19478000,0.42436654393341905,0.0,2012000.0,0.0,0.0,452000.0,34745000,0.0,0.0,17823000,0.3883091134883113,11154000,0.2295910586287283,-91000.0,10538000,0.2295910586287283,1516000.0,9022000.0,0.1965620166016689,0.079972,0.079972,84648000,85141000,https://www.sedar.com/ModifyCompanyDocumentSearchForm.do?lang=EN&company_search=Agnico Eagle Mines Ltd&document_selection=0&industry_group=A&FromDate=13&FromMonth=05&FromYear=2000&ToDate=13&ToMonth=11&ToYear=2020&Variable=Issuer,https://www.sedar.com/ModifyCompanyDocumentSearchForm.do?lang=EN&company_search=Agnico Eagle Mines Ltd&document_selection=0&industry_group=A&FromDate=13&FromMonth=05&FromYear=2000&ToDate=13&ToMonth=11&ToYear=2020&Variable=Issuer
0,2004-03-31,AEM.TO,2004-03-31,2004-03-31,Q1,48887000,24596000,24291000,0.49688056129441366,0.0,1799000.0,0.0,0.0,290000.0,32267000,0.0,0.0,23326000,0.4771411622721787,16620000,0.33061959212060466,-428000.0,16163000,0.33061959212060466,1836000.0,14327000,0.2930635956389224,0.14,0.14,84525000,85051000,https://www.sedar.com/ModifyCompanyDocumentSearchForm.do?lang=EN&company_search=Agnico Eagle Mines Ltd&document_selection=0&industry_group=A&FromDate=13&FromMonth=05&FromYear=2000&ToDate=13&ToMonth=11&ToYear=2020&Variable=Issuer,https://www.sedar.com/ModifyCompanyDocumentSearchForm.do?lang=EN&company_search=Agnico Eagle Mines Ltd&document_selection=0&industry_group=A&FromDate=13&FromMonth=05&FromYear=2000&ToDate=13&ToMonth=11&ToYear=2020&Variable=Issuer
0,2003-12-31,AEM.TO,2003-12-31,2003-12-31,Q4,41376000,30214000,11162000,0.26976991492652747,0.0,1820000.0,0.0,0.0,1338000.0,37102000,0.0,0.0,13227000,0.3196780742459397,4274000.0,0.001184261407579273,-1739000.0,49000.0,0.001184261407579273,-2338000.0,2386000.0,0.05766627996906419,0.009857100954725913,0.009857100954725913,242059000,242059000,https://www.sedar.com/ModifyCompanyDocumentSearchForm.do?lang=EN&company_search=Agnico Eagle Mines Ltd&document_selection=0&industry_group=A&FromDate=13&FromMonth=05&FromYear=2000&ToDate=13&ToMonth=11&ToYear=2020&Variable=Issuer,https://www.sedar.com/ModifyCompanyDocumentSearchForm.do?lang=EN&company_search=Agnico Eagle Mines Ltd&document_selection=0&industry_group=A&FromDate=13&FromMonth=05&FromYear=2000&ToDate=13&ToMonth=11&ToYear=2020&Variable=Issuer
0,2003-09-30,AEM.TO,2003-09-30,2003-09-30,Q3,25334000,26317000,-983000.0,-0.038801610483934636,0.0,1594000.0,0.0,0.0,2199000.0,34581000,0.0,0.0,-3991000.0,-0.15753532801768375,-9247000.0,-0.4525933528065051,17000.0,-11466000,-0.4525933528065051,403000.0,-11869000,-0.4685008289255546,-0.14,-0.14,83954000,83954000,https://www.sedar.com/ModifyCompanyDocumentSearchForm.do?lang=EN&company_search=Agnico Eagle Mines Ltd&document_selection=0&industry_group=A&FromDate=13&FromMonth=05&FromYear=2000&ToDate=13&ToMonth=11&ToYear=2020&Variable=Issuer,https://www.sedar.com/ModifyCompanyDocumentSearchForm.do?lang=EN&company_search=Agnico Eagle Mines Ltd&document_selection=0&industry_group=A&FromDate=13&FromMonth=05&FromYear=2000&ToDate=13&ToMonth=11&ToYear=2020&Variable=Issuer
0,2003-06-30,AEM.TO,2003-06-30,2003-06-30,Q2,32136000,24866000,7270000.0,0.22622603933283544,0.0,2240000.0,0.0,0.0,966000.0,32859000,0.0,0.0,4257000.0,0.13246825989544436,-723000.0,-0.0982387353746577,-193000.0,-3157000.0,-0.0982387353746577,622000.0,-3779000.0,-0.11759397560368434,-0.05,-0.05,83636000,83636000,https://www.sedar.com/ModifyCompanyDocumentSearchForm.do?lang=EN&company_search=Agnico Eagle Mines Ltd&document_selection=0&industry_group=A&FromDate=13&FromMonth=05&FromYear=2000&ToDate=13&ToMonth=11&ToYear=2020&Variable=Issuer,https://www.sedar.com/ModifyCompanyDocumentSearchForm.do?lang=EN&company_search=Agnico Eagle Mines Ltd&document_selection=0&industry_group=A&FromDate=13&FromMonth=05&FromYear=2000&ToDate=13&ToMonth=11&ToYear=2020&Variable=Issuer
0,2003-03-31,AEM.TO,2003-03-31,2003-03-31,Q1,30753000,24836000,5917000.0,0.1924039931063636,0.0,1467000.0,0.0,0.0,1472000.0,32292000,0.0,0.0,3105000.0,0.1009657594381036,-1539000.0,-0.11507820375247943,217000.0,-3539000.0,-0.11507820375247943,955000.0,-6237000.0,-0.20280948200175591,-0.07,-0.07,83725000,84552000,https://www.sedar.com/ModifyCompanyDocumentSearchForm.do?lang=EN&company_search=Agnico Eagle Mines Ltd&document_selection=0&industry_group=A&FromDate=13&FromMonth=05&FromYear=2000&ToDate=13&ToMonth=11&ToYear=2020&Variable=Issuer,https://www.sedar.com/ModifyCompanyDocumentSearchForm.do?lang=EN&company_search=Agnico Eagle Mines Ltd&document_selection=0&industry_group=A&FromDate=13&FromMonth=05&FromYear=2000&ToDate=13&ToMonth=11&ToYear=2020&Variable=Issuer
0,2002-12-31,AEM.TO,2002-12-31,2002-12-31,Q4,30810000,22948000,7862000.0,0.2551768906199286,0.0,1667000.0,0.0,0.0,1042000.0,28413000,0.0,0.0,6557000.0,0.2128205128205128,2397000.0,0.021940928270042195,134000.0,676000.0,0.021940928270042195,-140000.0,816000.0,0.026484907497565727,0.0033710789518257944,0.0033710789518257944,242059000,242059000,https://www.sedar.com/ModifyCompanyDocumentSearchForm.do?lang=EN&company_search=Agnico Eagle Mines Ltd&document_selection=0&industry_group=A&FromDate=13&FromMonth=05&FromYear=2000&ToDate=13&ToMonth=11&ToYear=2020&Variable=Issuer,https://www.sedar.com/ModifyCompanyDocumentSearchForm.do?lang=EN&company_search=Agnico Eagle Mines Ltd&document_selection=0&industry_group=A&FromDate=13&FromMonth=05&FromYear=2000&ToDate=13&ToMonth=11&ToYear=2020&Variable=Issuer
0,2002-09-30,AEM.TO,2002-09-30,2002-09-30,Q3,22384000,15642000,6742000.0,0.30119728377412436,0.0,1364000.0,0.0,0.0,1081000.0,21400000,0.0,0.0,4321000.0,0.1930396711937098,984000.0,-0.018316654753395282,439000.0,-410000.0,-0.018316654753395282,220000.0,-630000.0,-0.028145103645461043,-0.01,-0.01,69549000,80923000,https://www.sedar.com/ModifyCompanyDocumentSearchForm.do?lang=EN&company_search=Agnico Eagle Mines Ltd&document_selection=0&industry_group=A&FromDate=13&FromMonth=05&FromYear=2000&ToDate=13&ToMonth=11&ToYear=2020&Variable=Issuer,https://www.sedar.com/ModifyCompanyDocumentSearchForm.do?lang=EN&company_search=Agnico Eagle Mines Ltd&document_selection=0&industry_group=A&FromDate=13&FromMonth=05&FromYear=2000&ToDate=13&ToMonth=11&ToYear=2020&Variable=Issuer
0,2002-06-30,AEM.TO,2002-06-30,2002-06-30,Q2,31193000,20225000,10968000,0.3516173500464848,0.0,1498000.0,0.0,0.0,894000.0,26295000,0.0,0.0,8930000.0,0.28628217869393774,4898000.0,0.11739813419677492,501000.0,3662000.0,0.11739813419677492,302000.0,3360000.0,0.10771647485012663,0.05002,0.05002,69050000,80546000,https://www.sedar.com/ModifyCompanyDocumentSearchForm.do?lang=EN&company_search=Agnico Eagle Mines Ltd&document_selection=0&industry_group=A&FromDate=13&FromMonth=05&FromYear=2000&ToDate=13&ToMonth=11&ToYear=2020&Variable=Issuer,https://www.sedar.com/ModifyCompanyDocumentSearchForm.do?lang=EN&company_search=Agnico Eagle Mines Ltd&document_selection=0&industry_group=A&FromDate=13&FromMonth=05&FromYear=2000&ToDate=13&ToMonth=11&ToYear=2020&Variable=Issuer
0,2002-03-31,AEM.TO,2002-03-31,2002-03-31,Q1,25320000,17733000,7587000.0,0.2996445497630332,0.0,1001000.0,0.0,0.0,749000.0,22295000,0.0,0.0,1076000.0,0.04249605055292259,3025000.0,0.2877172195892575,6184000.0,7285000.0,0.2877172195892575,1507000.0,5778000.0,0.22819905213270142,0.129976,0.119997,68006000,79283000,https://www.sedar.com/ModifyCompanyDocumentSearchForm.do?lang=EN&company_search=Agnico Eagle Mines Ltd&document_selection=0&industry_group=A&FromDate=13&FromMonth=05&FromYear=2000&ToDate=13&ToMonth=11&ToYear=2020&Variable=Issuer,https://www.sedar.com/ModifyCompanyDocumentSearchForm.do?lang=EN&company_search=Agnico Eagle Mines Ltd&document_selection=0&industry_group=A&FromDate=13&FromMonth=05&FromYear=2000&ToDate=13&ToMonth=11&ToYear=2020&Variable=Issuer
0,2001-12-31,AEM.TO,2001-12-31,2001-12-31,Q4,25195000,19229000,5966000.0,0.23679301448700138,0.0,1520000.0,0.0,0.0,1808000.0,24971000,0.0,0.0,1724000.0,0.06842627505457433,224000.0,0.5634054375868228,2200000.0,14195000,0.5634054375868228,296000.0,-1485000.0,-0.058940265925778924,-0.006134867945418266,-0.006134867945418266,242059000,242059000,https://www.sedar.com/ModifyCompanyDocumentSearchForm.do?lang=EN&company_search=Agnico Eagle Mines Ltd&document_selection=0&industry_group=A&FromDate=13&FromMonth=05&FromYear=2000&ToDate=13&ToMonth=11&ToYear=2020&Variable=Issuer,https://www.sedar.com/ModifyCompanyDocumentSearchForm.do?lang=EN&company_search=Agnico Eagle Mines Ltd&document_selection=0&industry_group=A&FromDate=13&FromMonth=05&FromYear=2000&ToDate=13&ToMonth=11&ToYear=2020&Variable=Issuer
0,2001-09-30,AEM.TO,2001-09-30,2001-09-30,Q3,20159000,14469000,5690000.0,0.2822560642889032,0.0,882000.0,0.0,0.0,2697000.0,20569000,0.0,0.0,4464000.0,0.2214395555335086,-410000.0,-0.2381566545959621,-1112000.0,-4801000.0,-0.2381566545959621,0.0,-4801000.0,-0.2381566545959621,-0.070024,-0.070024,67061654,77813997,https://www.sedar.com/ModifyCompanyDocumentSearchForm.do?lang=EN&company_search=Agnico Eagle Mines Ltd&document_selection=0&industry_group=A&FromDate=13&FromMonth=05&FromYear=2000&ToDate=13&ToMonth=11&ToYear=2020&Variable=Issuer,https://www.sedar.com/ModifyCompanyDocumentSearchForm.do?lang=EN&company_search=Agnico Eagle Mines Ltd&document_selection=0&industry_group=A&FromDate=13&FromMonth=05&FromYear=2000&ToDate=13&ToMonth=11&ToYear=2020&Variable=Issuer
0,2001-06-30,AEM.TO,2001-06-30,2001-06-30,Q2,28799000,20204000,8595000.0,0.29844786277301294,0.0,989000.0,0.0,0.0,913000.0,26105000,0.0,0.0,7397000.0,0.2568491961526442,2694000.0,-0.046841904232785864,-536000.0,-1349000.0,-0.046841904232785864,-233000.0,-1116000.0,-0.038751345532831,-0.01983,-0.01983,66799612,66799612,https://www.sedar.com/ModifyCompanyDocumentSearchForm.do?lang=EN&company_search=Agnico Eagle Mines Ltd&document_selection=0&industry_group=A&FromDate=13&FromMonth=05&FromYear=2000&ToDate=13&ToMonth=11&ToYear=2020&Variable=Issuer,https://www.sedar.com/ModifyCompanyDocumentSearchForm.do?lang=EN&company_search=Agnico Eagle Mines Ltd&document_selection=0&industry_group=A&FromDate=13&FromMonth=05&FromYear=2000&ToDate=13&ToMonth=11&ToYear=2020&Variable=Issuer
0,2001-03-31,AEM.TO,2001-03-31,2001-03-31,Q1,20792000,11195000,9597000.0,0.4615717583686033,0.0,1070000.0,0.0,0.0,973000.0,17226000,0.0,0.0,7770000.0,0.37370142362447095,3566000.0,-0.016977683724509425,-216000.0,-353000.0,-0.016977683724509425,-100000.0,-253000.0,-0.012168141592920354,-0.004494,-0.004494,56303184,56303184,https://www.sedar.com/ModifyCompanyDocumentSearchForm.do?lang=EN&company_search=Agnico Eagle Mines Ltd&document_selection=0&industry_group=A&FromDate=13&FromMonth=05&FromYear=2000&ToDate=13&ToMonth=11&ToYear=2020&Variable=Issuer,https://www.sedar.com/ModifyCompanyDocumentSearchForm.do?lang=EN&company_search=Agnico Eagle Mines Ltd&document_selection=0&industry_group=A&FromDate=13&FromMonth=05&FromYear=2000&ToDate=13&ToMonth=11&ToYear=2020&Variable=Issuer
0,2000-12-31,AEM.TO,2000-12-31,2000-12-31,Q4,28417000,14705000,13712000,0.48252806418693034,0.0,1322000.0,0.0,0.0,1194000.0,20442000,0.0,0.0,11985000,0.42175458352394696,7975000.0,0.17862547066896575,-789000.0,5076000.0,0.17862547066896575,1979000.0,3097000.0,0.1089840588380195,0.012794401364956477,0.012794401364956477,242059000,242059000,https://www.sedar.com/ModifyCompanyDocumentSearchForm.do?lang=EN&company_search=Agnico Eagle Mines Ltd&document_selection=0&industry_group=A&FromDate=13&FromMonth=05&FromYear=2000&ToDate=13&ToMonth=11&ToYear=2020&Variable=Issuer,https://www.sedar.com/ModifyCompanyDocumentSearchForm.do?lang=EN&company_search=Agnico Eagle Mines Ltd&document_selection=0&industry_group=A&FromDate=13&FromMonth=05&FromYear=2000&ToDate=13&ToMonth=11&ToYear=2020&Variable=Issuer
0,2000-09-30,AEM.TO,2000-09-30,2000-09-30,Q3,15276000,11938000,3338000.0,0.21851269965959674,0.0,972000.0,0.0,0.0,672000.0,15836000,0.0,0.0,1832000.0,0.11992668237758576,-560000.0,-0.1688269180413721,-136000.0,-2579000.0,-0.1688269180413721,-1223000.0,-1356000.0,-0.08876669285153181,-0.019962,-0.019962,54389000,54389000,https://www.sedar.com/ModifyCompanyDocumentSearchForm.do?lang=EN&company_search=Agnico Eagle Mines Ltd&document_selection=0&industry_group=A&FromDate=13&FromMonth=05&FromYear=2000&ToDate=13&ToMonth=11&ToYear=2020&Variable=Issuer,https://www.sedar.com/ModifyCompanyDocumentSearchForm.do?lang=EN&company_search=Agnico Eagle Mines Ltd&document_selection=0&industry_group=A&FromDate=13&FromMonth=05&FromYear=2000&ToDate=13&ToMonth=11&ToYear=2020&Variable=Issuer
0,2000-06-30,AEM.TO,2000-06-30,2000-06-30,Q2,11690000,12162000,-472000.0,-0.04037639007698888,0.0,1014000.0,0.0,0.0,676000.0,15136000,0.0,0.0,-319000.0,-0.027288280581693754,-3446000.0,-0.4971770744225834,-608000.0,-5812000.0,-0.4971770744225834,-2433000.0,-3379000.0,-0.28905047048759624,-0.060813,-0.060813,55563777,55563777,https://www.sedar.com/ModifyCompanyDocumentSearchForm.do?lang=EN&company_search=Agnico Eagle Mines Ltd&document_selection=0&industry_group=A&FromDate=13&FromMonth=05&FromYear=2000&ToDate=13&ToMonth=11&ToYear=2020&Variable=Issuer,https://www.sedar.com/ModifyCompanyDocumentSearchForm.do?lang=EN&company_search=Agnico Eagle Mines Ltd&document_selection=0&industry_group=A&FromDate=13&FromMonth=05&FromYear=2000&ToDate=13&ToMonth=11&ToYear=2020&Variable=Issuer
0,2000-03-31,AEM.TO,2000-03-31,2000-03-31,Q1,11518000,10828000,690000.0,0.05990623372113214,0.0,966000.0,0.0,0.0,690000.0,14898000,0.0,0.0,-621000.0,-0.05391561034901893,-3380000.0,-0.4909706546275395,-345000.0,-5655000.0,-0.4909706546275395,-2138000.0,-3517000.0,-0.3053481507206112,-0.062073,-0.062073,56659095,56659095,https://www.sedar.com/ModifyCompanyDocumentSearchForm.do?lang=EN&company_search=Agnico Eagle Mines Ltd&document_selection=0&industry_group=A&FromDate=13&FromMonth=05&FromYear=2000&ToDate=13&ToMonth=11&ToYear=2020&Variable=Issuer,https://www.sedar.com/ModifyCompanyDocumentSearchForm.do?lang=EN&company_search=Agnico Eagle Mines Ltd&document_selection=0&industry_group=A&FromDate=13&FromMonth=05&FromYear=2000&ToDate=13&ToMonth=11&ToYear=2020&Variable=Issuer
0,1999-12-31,AEM.TO,1999-12-31,1999-12-31,Q4,6685000.0,11962000,-5277000.0,-0.7893792071802543,0.0,1079000.0,0.0,0.0,1826000.0,12899000,0.0,0.0,-7142000.0,-1.068362004487659,-6214000.0,-1.36320119670905,-1040000.0,-9113000.0,-1.36320119670905,-4137000.0,-4976000.0,-0.7443530291697831,-0.020556971647408277,-0.020556971647408277,242059000,242059000,https://www.sedar.com/ModifyCompanyDocumentSearchForm.do?lang=EN&company_search=Agnico Eagle Mines Ltd&document_selection=0&industry_group=A&FromDate=13&FromMonth=05&FromYear=2000&ToDate=13&ToMonth=11&ToYear=2020&Variable=Issuer,https://www.sedar.com/ModifyCompanyDocumentSearchForm.do?lang=EN&company_search=Agnico Eagle Mines Ltd&document_selection=0&industry_group=A&FromDate=13&FromMonth=05&FromYear=2000&ToDate=13&ToMonth=11&ToYear=2020&Variable=Issuer
0,1999-09-30,AEM.TO,1999-09-30,1999-09-30,Q3,5588000.0,6883000.0,-1295000.0,-0.23174659985683607,0.0,886000.0,0.0,0.0,682000.0,10018000,0.0,0.0,270000.0,0.048317823908375086,-4430000.0,-1.4634931997136722,-2045000.0,-8178000.0,-1.4634931997136722,-3135000.0,-5043000.0,-0.9024695776664281,-0.088595,-0.088595,56921948,56921948,https://www.sedar.com/ModifyCompanyDocumentSearchForm.do?lang=EN&company_search=Agnico Eagle Mines Ltd&document_selection=0&industry_group=A&FromDate=13&FromMonth=05&FromYear=2000&ToDate=13&ToMonth=11&ToYear=2020&Variable=Issuer,https://www.sedar.com/ModifyCompanyDocumentSearchForm.do?lang=EN&company_search=Agnico Eagle Mines Ltd&document_selection=0&industry_group=A&FromDate=13&FromMonth=05&FromYear=2000&ToDate=13&ToMonth=11&ToYear=2020&Variable=Issuer
0,1999-06-30,AEM.TO,1999-06-30,1999-06-30,Q2,7227000.0,6546000.0,681000.0,0.0942299709422997,0.0,1159000.0,0.0,0.0,955000.0,11046000,0.0,0.0,-2931000.0,-0.40556247405562473,-3819000.0,-0.46229417462294176,1500000.0,-3341000.0,-0.46229417462294176,-477000.0,-2864000.0,-0.39629168396291686,-0.047726,-0.047726,60009219,60009219,https://www.sedar.com/ModifyCompanyDocumentSearchForm.do?lang=EN&company_search=Agnico Eagle Mines Ltd&document_selection=0&industry_group=A&FromDate=13&FromMonth=05&FromYear=2000&ToDate=13&ToMonth=11&ToYear=2020&Variable=Issuer,https://www.sedar.com/ModifyCompanyDocumentSearchForm.do?lang=EN&company_search=Agnico Eagle Mines Ltd&document_selection=0&industry_group=A&FromDate=13&FromMonth=05&FromYear=2000&ToDate=13&ToMonth=11&ToYear=2020&Variable=Issuer
0,1999-03-31,AEM.TO,1999-03-31,1999-03-31,Q1,10136000,7486000.0,2650000.0,0.26144435674822414,0.0,994000.0,0.0,0.0,265000.0,11130000,0.0,0.0,1391000.0,0.1372336227308603,-994000.0,-0.2287884767166535,0.0,-2319000.0,-0.2287884767166535,-596000.0,-1723000.0,-0.16998816101026046,-0.033125,-0.033125,52015094,52015094,https://www.sedar.com/ModifyCompanyDocumentSearchForm.do?lang=EN&company_search=Agnico Eagle Mines Ltd&document_selection=0&industry_group=A&FromDate=13&FromMonth=05&FromYear=2000&ToDate=13&ToMonth=11&ToYear=2020&Variable=Issuer,https://www.sedar.com/ModifyCompanyDocumentSearchForm.do?lang=EN&company_search=Agnico Eagle Mines Ltd&document_selection=0&industry_group=A&FromDate=13&FromMonth=05&FromYear=2000&ToDate=13&ToMonth=11&ToYear=2020&Variable=Issuer
0,1998-12-31,AEM.TO,1998-12-31,1998-12-31,Q4,9918000.0,6408000.0,3510000.0,0.35390199637023595,0.0,939000.0,0.0,0.0,692000.0,11041000,0.0,0.0,1123000.0,0.11322847348255696,-1123000.0,-0.24440411373260737,756000.0,-2424000.0,-0.24440411373260737,-1661000.0,-763000.0,-0.07693083282919944,-0.0031521240689253447,-0.0031521240689253447,242059000,242059000,https://www.sedar.com/ModifyCompanyDocumentSearchForm.do?lang=EN&company_search=Agnico Eagle Mines Ltd&document_selection=0&industry_group=A&FromDate=13&FromMonth=05&FromYear=2000&ToDate=13&ToMonth=11&ToYear=2020&Variable=Issuer,https://www.sedar.com/ModifyCompanyDocumentSearchForm.do?lang=EN&company_search=Agnico Eagle Mines Ltd&document_selection=0&industry_group=A&FromDate=13&FromMonth=05&FromYear=2000&ToDate=13&ToMonth=11&ToYear=2020&Variable=Issuer
0,1998-09-30,AEM.TO,1998-09-30,1998-09-30,Q3,9999000.0,7123000.0,2876000.0,0.28762876287628764,0.0,850000.0,0.0,0.0,457000.0,11240000,0.0,0.0,981000.0,0.09810981098109811,-1241000.0,-0.28762876287628764,588000.0,-2876000.0,-0.28762876287628764,-327000.0,-2549000.0,-0.25492549254925495,-0.045745,-0.045745,55721937,55721937,https://www.sedar.com/ModifyCompanyDocumentSearchForm.do?lang=EN&company_search=Agnico Eagle Mines Ltd&document_selection=0&industry_group=A&FromDate=13&FromMonth=05&FromYear=2000&ToDate=13&ToMonth=11&ToYear=2020&Variable=Issuer,https://www.sedar.com/ModifyCompanyDocumentSearchForm.do?lang=EN&company_search=Agnico Eagle Mines Ltd&document_selection=0&industry_group=A&FromDate=13&FromMonth=05&FromYear=2000&ToDate=13&ToMonth=11&ToYear=2020&Variable=Issuer
0,1998-06-30,AEM.TO,1998-06-30,1998-06-30,Q2,11293000,7959000.0,3334000.0,0.2952271318515895,0.0,884000.0,0.0,0.0,408000.0,12448000,0.0,0.0,1294000.0,0.11458425573364031,-1155000.0,-0.23492428938280352,748000.0,-2653000.0,-0.23492428938280352,-612000.0,-2041000.0,-0.18073142654741875,-0.040818,-0.040818,50002450,50002450,https://www.sedar.com/ModifyCompanyDocumentSearchForm.do?lang=EN&company_search=Agnico Eagle Mines Ltd&document_selection=0&industry_group=A&FromDate=13&FromMonth=05&FromYear=2000&ToDate=13&ToMonth=11&ToYear=2020&Variable=Issuer,https://www.sedar.com/ModifyCompanyDocumentSearchForm.do?lang=EN&company_search=Agnico Eagle Mines Ltd&document_selection=0&industry_group=A&FromDate=13&FromMonth=05&FromYear=2000&ToDate=13&ToMonth=11&ToYear=2020&Variable=Issuer
0,1998-03-31,AEM.TO,1998-03-31,1998-03-31,Q1,10787000,7050000.0,3737000.0,0.3464355242421433,0.0,1199000.0,0.0,0.0,846000.0,12056000,0.0,0.0,1269000.0,0.1176416056364142,-1269000.0,-0.2876610735144155,423000.0,-3103000.0,-0.2876610735144155,-776000.0,-2327000.0,-0.215722629090572,-0.04935,-0.04935,47152989,47152989,https://www.sedar.com/ModifyCompanyDocumentSearchForm.do?lang=EN&company_search=Agnico Eagle Mines Ltd&document_selection=0&industry_group=A&FromDate=13&FromMonth=05&FromYear=2000&ToDate=13&ToMonth=11&ToYear=2020&Variable=Issuer,https://www.sedar.com/ModifyCompanyDocumentSearchForm.do?lang=EN&company_search=Agnico Eagle Mines Ltd&document_selection=0&industry_group=A&FromDate=13&FromMonth=05&FromYear=2000&ToDate=13&ToMonth=11&ToYear=2020&Variable=Issuer
0,1997-12-31,AEM.TO,1997-12-31,1997-12-31,Q4,5391000.0,7089000.0,-1698000.0,-0.3149693934335003,0.0,906000.0,0.0,0.0,1221000.0,12415000,0.0,0.0,81713000,15.157299202374327,-7024000.0,-17.54424040066778,-85538000,-94581000,-17.54424040066778,-11984000,-82597000,-15.321276201075868,-0.34122672571563134,-0.34122672571563134,242059000,242059000,https://www.sedar.com/ModifyCompanyDocumentSearchForm.do?lang=EN&company_search=Agnico Eagle Mines Ltd&document_selection=0&industry_group=A&FromDate=13&FromMonth=05&FromYear=2000&ToDate=13&ToMonth=11&ToYear=2020&Variable=Issuer,https://www.sedar.com/ModifyCompanyDocumentSearchForm.do?lang=EN&company_search=Agnico Eagle Mines Ltd&document_selection=0&industry_group=A&FromDate=13&FromMonth=05&FromYear=2000&ToDate=13&ToMonth=11&ToYear=2020&Variable=Issuer
0,1997-09-30,AEM.TO,1997-09-30,1997-09-30,Q3,12672000,7603000.0,5069000.0,0.4000157828282828,0.0,1376000.0,0.0,0.0,1014000.0,12889000,0.0,0.0,2245000.0,0.1771622474747475,-217000.0,-0.15427714646464646,434000.0,-1955000.0,-0.15427714646464646,-941000.0,-1014000.0,-0.08001893939393939,-0.021723,-0.021723,46678636,46678636,https://www.sedar.com/ModifyCompanyDocumentSearchForm.do?lang=EN&company_search=Agnico Eagle Mines Ltd&document_selection=0&industry_group=A&FromDate=13&FromMonth=05&FromYear=2000&ToDate=13&ToMonth=11&ToYear=2020&Variable=Issuer,https://www.sedar.com/ModifyCompanyDocumentSearchForm.do?lang=EN&company_search=Agnico Eagle Mines Ltd&document_selection=0&industry_group=A&FromDate=13&FromMonth=05&FromYear=2000&ToDate=13&ToMonth=11&ToYear=2020&Variable=Issuer
0,1997-06-30,AEM.TO,1997-06-30,1997-06-30,Q2,13113000,7245000.0,5868000.0,0.4474948524365134,0.0,1521000.0,0.0,0.0,869000.0,12605000,0.0,0.0,2907000.0,0.22168840082361016,508000.0,-0.0828185769846717,580000.0,-1086000.0,-0.0828185769846717,-217000.0,-869000.0,-0.0662701136276977,-0.021735,-0.021735,39981597,39981597,https://www.sedar.com/ModifyCompanyDocumentSearchForm.do?lang=EN&company_search=Agnico Eagle Mines Ltd&document_selection=0&industry_group=A&FromDate=13&FromMonth=05&FromYear=2000&ToDate=13&ToMonth=11&ToYear=2020&Variable=Issuer,https://www.sedar.com/ModifyCompanyDocumentSearchForm.do?lang=EN&company_search=Agnico Eagle Mines Ltd&document_selection=0&industry_group=A&FromDate=13&FromMonth=05&FromYear=2000&ToDate=13&ToMonth=11&ToYear=2020&Variable=Issuer
0,1997-03-31,AEM.TO,1997-03-31,1997-03-31,Q1,13144000,7078000.0,6066000.0,0.46150334753499694,0.0,1228000.0,0.0,0.0,1300000.0,12495000,0.0,0.0,2816000.0,0.21424223980523432,649000.0,-0.06048387096774194,722000.0,-795000.0,-0.06048387096774194,-217000.0,-578000.0,-0.04397443700547778,-0.014444,-0.014444,40016616,40016616,https://www.sedar.com/ModifyCompanyDocumentSearchForm.do?lang=EN&company_search=Agnico Eagle Mines Ltd&document_selection=0&industry_group=A&FromDate=13&FromMonth=05&FromYear=2000&ToDate=13&ToMonth=11&ToYear=2020&Variable=Issuer,https://www.sedar.com/ModifyCompanyDocumentSearchForm.do?lang=EN&company_search=Agnico Eagle Mines Ltd&document_selection=0&industry_group=A&FromDate=13&FromMonth=05&FromYear=2000&ToDate=13&ToMonth=11&ToYear=2020&Variable=Issuer
0,1996-12-31,AEM.TO,1996-12-31,1996-12-31,Q4,13233000,0.0,0.0,0.0,0.0,0.0,0.0,0.0,0.0,0.0,0.0,0.0,-34174262.264275,-2.582503004932744,-37335000,0.0,0.0,0.0,0.0,0.0,-181000.0,-0.013677926396130885,-0.0007477515812260647,-0.0007477515812260647,242059000,242059000,https://www.sedar.com/ModifyCompanyDocumentSearchForm.do?lang=EN&company_search=Agnico Eagle Mines Ltd&document_selection=0&industry_group=A&FromDate=13&FromMonth=05&FromYear=2000&ToDate=13&ToMonth=11&ToYear=2020&Variable=Issuer,https://www.sedar.com/ModifyCompanyDocumentSearchForm.do?lang=EN&company_search=Agnico Eagle Mines Ltd&document_selection=0&industry_group=A&FromDate=13&FromMonth=05&FromYear=2000&ToDate=13&ToMonth=11&ToYear=2020&Variable=Issuer
0,1996-09-30,AEM.TO,1996-09-30,1996-09-30,Q3,13200000,0.0,0.0,0.0,0.0,0.0,0.0,0.0,0.0,0.0,0.0,0.0,16076251.309544,1.2178978264806062,13200000,0.0,0.0,0.0,0.0,0.0,-3800000.0,-0.2878787878787879,-0.1,-0.1,38000000,38000000,https://www.sedar.com/ModifyCompanyDocumentSearchForm.do?lang=EN&company_search=Agnico Eagle Mines Ltd&document_selection=0&industry_group=A&FromDate=13&FromMonth=05&FromYear=2000&ToDate=13&ToMonth=11&ToYear=2020&Variable=Issuer,https://www.sedar.com/ModifyCompanyDocumentSearchForm.do?lang=EN&company_search=Agnico Eagle Mines Ltd&document_selection=0&industry_group=A&FromDate=13&FromMonth=05&FromYear=2000&ToDate=13&ToMonth=11&ToYear=2020&Variable=Issuer
0,1996-06-30,AEM.TO,1996-06-30,1996-06-30,Q2,17900000,0.0,0.0,0.0,0.0,0.0,0.0,0.0,0.0,0.0,0.0,0.0,20676334.898187,1.1551025082786033,17900000,0.0,0.0,0.0,0.0,0.0,2900000.0,0.16201117318435754,0.07,0.07,41428571,41428571,https://www.sedar.com/ModifyCompanyDocumentSearchForm.do?lang=EN&company_search=Agnico Eagle Mines Ltd&document_selection=0&industry_group=A&FromDate=13&FromMonth=05&FromYear=2000&ToDate=13&ToMonth=11&ToYear=2020&Variable=Issuer,https://www.sedar.com/ModifyCompanyDocumentSearchForm.do?lang=EN&company_search=Agnico Eagle Mines Ltd&document_selection=0&industry_group=A&FromDate=13&FromMonth=05&FromYear=2000&ToDate=13&ToMonth=11&ToYear=2020&Variable=Issuer
0,1996-03-31,AEM.TO,1996-03-31,1996-03-31,Q1,14700000,0.0,0.0,0.0,0.0,0.0,0.0,0.0,0.0,0.0,0.0,0.0,17415676.056544,1.1847398677921088,14700000,0.0,0.0,0.0,0.0,0.0,1300000.0,0.08843537414965986,0.04,0.04,32500000,32500000,https://www.sedar.com/ModifyCompanyDocumentSearchForm.do?lang=EN&company_search=Agnico Eagle Mines Ltd&document_selection=0&industry_group=A&FromDate=13&FromMonth=05&FromYear=2000&ToDate=13&ToMonth=11&ToYear=2020&Variable=Issuer,https://www.sedar.com/ModifyCompanyDocumentSearchForm.do?lang=EN&company_search=Agnico Eagle Mines Ltd&document_selection=0&industry_group=A&FromDate=13&FromMonth=05&FromYear=2000&ToDate=13&ToMonth=11&ToYear=2020&Variable=Issuer
0,1995-12-31,AEM.TO,1995-12-31,1995-12-31,Q4,15200000,0.0,0.0,0.0,0.0,0.0,0.0,0.0,0.0,0.0,0.0,0.0,17153669.675666,1.1285308997148684,15200000,0.0,0.0,0.0,0.0,0.0,2500000.0,0.16447368421052633,0.010328060514172165,0.010328060514172165,242059000,242059000,https://www.sedar.com/ModifyCompanyDocumentSearchForm.do?lang=EN&company_search=Agnico Eagle Mines Ltd&document_selection=0&industry_group=A&FromDate=13&FromMonth=05&FromYear=2000&ToDate=13&ToMonth=11&ToYear=2020&Variable=Issuer,https://www.sedar.com/ModifyCompanyDocumentSearchForm.do?lang=EN&company_search=Agnico Eagle Mines Ltd&document_selection=0&industry_group=A&FromDate=13&FromMonth=05&FromYear=2000&ToDate=13&ToMonth=11&ToYear=2020&Variable=Issuer
0,1995-09-30,AEM.TO,1995-09-30,1995-09-30,Q3,15500000,0.0,0.0,0.0,0.0,0.0,0.0,0.0,0.0,0.0,0.0,0.0,18204755.598604,1.174500361200258,15500000,0.0,0.0,0.0,0.0,0.0,3800000.0,0.24516129032258063,0.1,0.1,38000000,38000000,https://www.sedar.com/ModifyCompanyDocumentSearchForm.do?lang=EN&company_search=Agnico Eagle Mines Ltd&document_selection=0&industry_group=A&FromDate=13&FromMonth=05&FromYear=2000&ToDate=13&ToMonth=11&ToYear=2020&Variable=Issuer,https://www.sedar.com/ModifyCompanyDocumentSearchForm.do?lang=EN&company_search=Agnico Eagle Mines Ltd&document_selection=0&industry_group=A&FromDate=13&FromMonth=05&FromYear=2000&ToDate=13&ToMonth=11&ToYear=2020&Variable=Issuer
0,1995-06-30,AEM.TO,1995-06-30,1995-06-30,Q2,17700000,0.0,0.0,0.0,0.0,0.0,0.0,0.0,0.0,0.0,0.0,0.0,20447031.477112,1.1551995184809039,17700000,0.0,0.0,0.0,0.0,0.0,4600000.0,0.2598870056497175,0.12,0.12,38333333,38333333,https://www.sedar.com/ModifyCompanyDocumentSearchForm.do?lang=EN&company_search=Agnico Eagle Mines Ltd&document_selection=0&industry_group=A&FromDate=13&FromMonth=05&FromYear=2000&ToDate=13&ToMonth=11&ToYear=2020&Variable=Issuer,https://www.sedar.com/ModifyCompanyDocumentSearchForm.do?lang=EN&company_search=Agnico Eagle Mines Ltd&document_selection=0&industry_group=A&FromDate=13&FromMonth=05&FromYear=2000&ToDate=13&ToMonth=11&ToYear=2020&Variable=Issuer
0,1995-03-31,AEM.TO,1995-03-31,1995-03-31,Q1,15300000,0.0,0.0,0.0,0.0,0.0,0.0,0.0,0.0,0.0,0.0,0.0,17866387.453216,1.1677377420402615,15300000,0.0,0.0,0.0,0.0,0.0,3900000.0,0.2549019607843137,0.11,0.11,35454545,35454545,https://www.sedar.com/ModifyCompanyDocumentSearchForm.do?lang=EN&company_search=Agnico Eagle Mines Ltd&document_selection=0&industry_group=A&FromDate=13&FromMonth=05&FromYear=2000&ToDate=13&ToMonth=11&ToYear=2020&Variable=Issuer,https://www.sedar.com/ModifyCompanyDocumentSearchForm.do?lang=EN&company_search=Agnico Eagle Mines Ltd&document_selection=0&industry_group=A&FromDate=13&FromMonth=05&FromYear=2000&ToDate=13&ToMonth=11&ToYear=2020&Variable=Issuer
0,1994-12-31,AEM.TO,1994-12-31,1994-12-31,Q4,10700000,0.0,0.0,0.0,0.0,0.0,0.0,0.0,0.0,0.0,0.0,0.0,13851822.333707,1.2945628349258878,10700000,0.0,0.0,0.0,0.0,0.0,1300000.0,0.12149532710280374,0.005370591467369526,0.005370591467369526,242059000,242059000,https://www.sedar.com/ModifyCompanyDocumentSearchForm.do?lang=EN&company_search=Agnico Eagle Mines Ltd&document_selection=0&industry_group=A&FromDate=13&FromMonth=05&FromYear=2000&ToDate=13&ToMonth=11&ToYear=2020&Variable=Issuer,https://www.sedar.com/ModifyCompanyDocumentSearchForm.do?lang=EN&company_search=Agnico Eagle Mines Ltd&document_selection=0&industry_group=A&FromDate=13&FromMonth=05&FromYear=2000&ToDate=13&ToMonth=11&ToYear=2020&Variable=Issuer
0,1994-09-30,AEM.TO,1994-09-30,1994-09-30,Q3,15300000,0.0,0.0,0.0,0.0,0.0,0.0,0.0,0.0,0.0,0.0,0.0,17579301.848487,1.1489739770252942,15300000,0.0,0.0,0.0,0.0,0.0,2700000.0,0.17647058823529413,0.07,0.07,38571429,38571429,https://www.sedar.com/ModifyCompanyDocumentSearchForm.do?lang=EN&company_search=Agnico Eagle Mines Ltd&document_selection=0&industry_group=A&FromDate=13&FromMonth=05&FromYear=2000&ToDate=13&ToMonth=11&ToYear=2020&Variable=Issuer,https://www.sedar.com/ModifyCompanyDocumentSearchForm.do?lang=EN&company_search=Agnico Eagle Mines Ltd&document_selection=0&industry_group=A&FromDate=13&FromMonth=05&FromYear=2000&ToDate=13&ToMonth=11&ToYear=2020&Variable=Issuer
0,1994-06-30,AEM.TO,1994-06-30,1994-06-30,Q2,14900000,0.0,0.0,0.0,0.0,0.0,0.0,0.0,0.0,0.0,0.0,0.0,17000339.609111,1.1409623898732215,14900000,0.0,0.0,0.0,0.0,0.0,2600000.0,0.174496644295302,0.07,0.07,37142857,37142857,https://www.sedar.com/ModifyCompanyDocumentSearchForm.do?lang=EN&company_search=Agnico Eagle Mines Ltd&document_selection=0&industry_group=A&FromDate=13&FromMonth=05&FromYear=2000&ToDate=13&ToMonth=11&ToYear=2020&Variable=Issuer,https://www.sedar.com/ModifyCompanyDocumentSearchForm.do?lang=EN&company_search=Agnico Eagle Mines Ltd&document_selection=0&industry_group=A&FromDate=13&FromMonth=05&FromYear=2000&ToDate=13&ToMonth=11&ToYear=2020&Variable=Issuer
0,1994-03-31,AEM.TO,1994-03-31,1994-03-31,Q1,12800000,0.0,0.0,0.0,0.0,0.0,0.0,0.0,0.0,0.0,0.0,0.0,14608200.551139,1.1412656680577344,12800000,0.0,0.0,0.0,0.0,0.0,3200000.0,0.25,0.09,0.07,35555556,45714286,https://www.sedar.com/ModifyCompanyDocumentSearchForm.do?lang=EN&company_search=Agnico Eagle Mines Ltd&document_selection=0&industry_group=A&FromDate=13&FromMonth=05&FromYear=2000&ToDate=13&ToMonth=11&ToYear=2020&Variable=Issuer,https://www.sedar.com/ModifyCompanyDocumentSearchForm.do?lang=EN&company_search=Agnico Eagle Mines Ltd&document_selection=0&industry_group=A&FromDate=13&FromMonth=05&FromYear=2000&ToDate=13&ToMonth=11&ToYear=2020&Variable=Issuer
0,1993-12-31,AEM.TO,1993-12-31,1993-12-31,Q4,17200000,0.0,0.0,0.0,0.0,0.0,0.0,0.0,0.0,0.0,0.0,0.0,17200000,1.0,17200000,0.0,0.0,0.0,0.0,0.0,3400000.0,0.19767441860465115,0.014046162299274145,0.014046162299274145,242059000,242059000,https://www.sedar.com/ModifyCompanyDocumentSearchForm.do?lang=EN&company_search=Agnico Eagle Mines Ltd&document_selection=0&industry_group=A&FromDate=13&FromMonth=05&FromYear=2000&ToDate=13&ToMonth=11&ToYear=2020&Variable=Issuer,https://www.sedar.com/ModifyCompanyDocumentSearchForm.do?lang=EN&company_search=Agnico Eagle Mines Ltd&document_selection=0&industry_group=A&FromDate=13&FromMonth=05&FromYear=2000&ToDate=13&ToMonth=11&ToYear=2020&Variable=Issuer
0,1993-09-30,AEM.TO,1993-09-30,1993-09-30,Q3,14400000,0.0,0.0,0.0,0.0,0.0,0.0,0.0,0.0,0.0,0.0,0.0,14400000,1.0,14400000,0.0,0.0,0.0,0.0,0.0,200000.0,0.013888888888888888,0.01,0.01,30000000,30000000,https://www.sedar.com/ModifyCompanyDocumentSearchForm.do?lang=EN&company_search=Agnico Eagle Mines Ltd&document_selection=0&industry_group=A&FromDate=13&FromMonth=05&FromYear=2000&ToDate=13&ToMonth=11&ToYear=2020&Variable=Issuer,https://www.sedar.com/ModifyCompanyDocumentSearchForm.do?lang=EN&company_search=Agnico Eagle Mines Ltd&document_selection=0&industry_group=A&FromDate=13&FromMonth=05&FromYear=2000&ToDate=13&ToMonth=11&ToYear=2020&Variable=Issuer
0,1993-06-30,AEM.TO,1993-06-30,1993-06-30,Q2,15700000,0.0,0.0,0.0,0.0,0.0,0.0,0.0,0.0,0.0,0.0,0.0,15700000,1.0,15700000,0.0,0.0,0.0,0.0,0.0,1900000.0,0.12101910828025478,0.06,0.06,31666667,31666667,https://www.sedar.com/ModifyCompanyDocumentSearchForm.do?lang=EN&company_search=Agnico Eagle Mines Ltd&document_selection=0&industry_group=A&FromDate=13&FromMonth=05&FromYear=2000&ToDate=13&ToMonth=11&ToYear=2020&Variable=Issuer,https://www.sedar.com/ModifyCompanyDocumentSearchForm.do?lang=EN&company_search=Agnico Eagle Mines Ltd&document_selection=0&industry_group=A&FromDate=13&FromMonth=05&FromYear=2000&ToDate=13&ToMonth=11&ToYear=2020&Variable=Issuer
0,1993-03-31,AEM.TO,1993-03-31,1993-03-31,Q1,12500000,0.0,0.0,0.0,0.0,0.0,0.0,0.0,0.0,0.0,0.0,0.0,12500000,1.0,12500000,0.0,0.0,0.0,0.0,0.0,300000.0,0.024,0.01,0.01,30000000,30000000,https://www.sedar.com/ModifyCompanyDocumentSearchForm.do?lang=EN&company_search=Agnico Eagle Mines Ltd&document_selection=0&industry_group=A&FromDate=13&FromMonth=05&FromYear=2000&ToDate=13&ToMonth=11&ToYear=2020&Variable=Issuer,https://www.sedar.com/ModifyCompanyDocumentSearchForm.do?lang=EN&company_search=Agnico Eagle Mines Ltd&document_selection=0&industry_group=A&FromDate=13&FromMonth=05&FromYear=2000&ToDate=13&ToMonth=11&ToYear=2020&Variable=Issuer
0,1992-12-31,AEM.TO,1992-12-31,1992-12-31,Q4,11800000,0.0,0.0,0.0,0.0,0.0,0.0,0.0,0.0,0.0,0.0,0.0,11800000,1.0,11800000,0.0,0.0,0.0,0.0,0.0,100000.0,0.00847457627118644,0.0004131224205668866,0.0004131224205668866,242059000,242059000,https://www.sedar.com/ModifyCompanyDocumentSearchForm.do?lang=EN&company_search=Agnico Eagle Mines Ltd&document_selection=0&industry_group=A&FromDate=13&FromMonth=05&FromYear=2000&ToDate=13&ToMonth=11&ToYear=2020&Variable=Issuer,https://www.sedar.com/ModifyCompanyDocumentSearchForm.do?lang=EN&company_search=Agnico Eagle Mines Ltd&document_selection=0&industry_group=A&FromDate=13&FromMonth=05&FromYear=2000&ToDate=13&ToMonth=11&ToYear=2020&Variable=Issuer
0,1992-09-30,AEM.TO,1992-09-30,1992-09-30,Q3,15700000,0.0,0.0,0.0,0.0,0.0,0.0,0.0,0.0,0.0,0.0,0.0,15700000,1.0,15700000,0.0,0.0,0.0,0.0,0.0,3000000.0,0.1910828025477707,0.1,0.1,30000000,30000000,https://www.sedar.com/ModifyCompanyDocumentSearchForm.do?lang=EN&company_search=Agnico Eagle Mines Ltd&document_selection=0&industry_group=A&FromDate=13&FromMonth=05&FromYear=2000&ToDate=13&ToMonth=11&ToYear=2020&Variable=Issuer,https://www.sedar.com/ModifyCompanyDocumentSearchForm.do?lang=EN&company_search=Agnico Eagle Mines Ltd&document_selection=0&industry_group=A&FromDate=13&FromMonth=05&FromYear=2000&ToDate=13&ToMonth=11&ToYear=2020&Variable=Issuer
0,1992-06-30,AEM.TO,1992-06-30,1992-06-30,Q2,15400000,0.0,0.0,0.0,0.0,0.0,0.0,0.0,0.0,0.0,0.0,0.0,15400000,1.0,15400000,0.0,0.0,0.0,0.0,0.0,2200000.0,0.14285714285714285,0.07,0.07,31428571,31428571,https://www.sedar.com/ModifyCompanyDocumentSearchForm.do?lang=EN&company_search=Agnico Eagle Mines Ltd&document_selection=0&industry_group=A&FromDate=13&FromMonth=05&FromYear=2000&ToDate=13&ToMonth=11&ToYear=2020&Variable=Issuer,https://www.sedar.com/ModifyCompanyDocumentSearchForm.do?lang=EN&company_search=Agnico Eagle Mines Ltd&document_selection=0&industry_group=A&FromDate=13&FromMonth=05&FromYear=2000&ToDate=13&ToMonth=11&ToYear=2020&Variable=Issuer
0,1992-03-31,AEM.TO,1992-03-31,1992-03-31,Q1,13900000,0.0,0.0,0.0,0.0,0.0,0.0,0.0,0.0,0.0,0.0,0.0,13900000,1.0,13900000,0.0,0.0,0.0,0.0,0.0,-400000.0,-0.02877697841726619,-0.01,-0.01,40000000,40000000,https://www.sedar.com/ModifyCompanyDocumentSearchForm.do?lang=EN&company_search=Agnico Eagle Mines Ltd&document_selection=0&industry_group=A&FromDate=13&FromMonth=05&FromYear=2000&ToDate=13&ToMonth=11&ToYear=2020&Variable=Issuer,https://www.sedar.com/ModifyCompanyDocumentSearchForm.do?lang=EN&company_search=Agnico Eagle Mines Ltd&document_selection=0&industry_group=A&FromDate=13&FromMonth=05&FromYear=2000&ToDate=13&ToMonth=11&ToYear=2020&Variable=Issuer
0,1991-12-31,AEM.TO,1991-12-31,1991-12-31,Q4,20000000,0.0,0.0,0.0,0.0,0.0,0.0,0.0,0.0,0.0,0.0,0.0,20000000,1.0,20000000,0.0,0.0,0.0,0.0,0.0,-69400000,-3.47,-0.28670695987341926,-0.28670695987341926,242059000,242059000,https://www.sedar.com/ModifyCompanyDocumentSearchForm.do?lang=EN&company_search=Agnico Eagle Mines Ltd&document_selection=0&industry_group=A&FromDate=13&FromMonth=05&FromYear=2000&ToDate=13&ToMonth=11&ToYear=2020&Variable=Issuer,https://www.sedar.com/ModifyCompanyDocumentSearchForm.do?lang=EN&company_search=Agnico Eagle Mines Ltd&document_selection=0&industry_group=A&FromDate=13&FromMonth=05&FromYear=2000&ToDate=13&ToMonth=11&ToYear=2020&Variable=Issuer
0,1991-09-30,AEM.TO,1991-09-30,1991-09-30,Q3,17700000,0.0,0.0,0.0,0.0,0.0,0.0,0.0,0.0,0.0,0.0,0.0,17700000,1.0,17700000,0.0,0.0,0.0,0.0,0.0,500000.0,0.02824858757062147,0.01,0.01,27142857,27142857,https://www.sedar.com/ModifyCompanyDocumentSearchForm.do?lang=EN&company_search=Agnico Eagle Mines Ltd&document_selection=0&industry_group=A&FromDate=13&FromMonth=05&FromYear=2000&ToDate=13&ToMonth=11&ToYear=2020&Variable=Issuer,https://www.sedar.com/ModifyCompanyDocumentSearchForm.do?lang=EN&company_search=Agnico Eagle Mines Ltd&document_selection=0&industry_group=A&FromDate=13&FromMonth=05&FromYear=2000&ToDate=13&ToMonth=11&ToYear=2020&Variable=Issuer
0,1991-06-30,AEM.TO,1991-06-30,1991-06-30,Q2,16500000,0.0,0.0,0.0,0.0,0.0,0.0,0.0,0.0,0.0,0.0,0.0,16500000,1.0,16500000,0.0,0.0,0.0,0.0,0.0,700000.0,0.04242424242424243,0.01,0.01,28888889,28888889,https://www.sedar.com/ModifyCompanyDocumentSearchForm.do?lang=EN&company_search=Agnico Eagle Mines Ltd&document_selection=0&industry_group=A&FromDate=13&FromMonth=05&FromYear=2000&ToDate=13&ToMonth=11&ToYear=2020&Variable=Issuer,https://www.sedar.com/ModifyCompanyDocumentSearchForm.do?lang=EN&company_search=Agnico Eagle Mines Ltd&document_selection=0&industry_group=A&FromDate=13&FromMonth=05&FromYear=2000&ToDate=13&ToMonth=11&ToYear=2020&Variable=Issuer
0,1991-03-31,AEM.TO,1991-03-31,1991-03-31,Q1,12400000,0.0,0.0,0.0,0.0,0.0,0.0,0.0,0.0,0.0,0.0,0.0,12400000,1.0,12400000,0.0,0.0,0.0,0.0,0.0,-2600000.0,-0.20967741935483872,-0.09,-0.09,28888889,28888889,https://www.sedar.com/ModifyCompanyDocumentSearchForm.do?lang=EN&company_search=Agnico Eagle Mines Ltd&document_selection=0&industry_group=A&FromDate=13&FromMonth=05&FromYear=2000&ToDate=13&ToMonth=11&ToYear=2020&Variable=Issuer,https://www.sedar.com/ModifyCompanyDocumentSearchForm.do?lang=EN&company_search=Agnico Eagle Mines Ltd&document_selection=0&industry_group=A&FromDate=13&FromMonth=05&FromYear=2000&ToDate=13&ToMonth=11&ToYear=2020&Variable=Issuer
0,1990-12-31,AEM.TO,1990-12-31,1990-12-31,Q4,12900000,0.0,0.0,0.0,0.0,0.0,0.0,0.0,0.0,0.0,0.0,0.0,12900000,1.0,12900000,0.0,0.0,0.0,0.0,0.0,-37100000,-2.875968992248062,-0.15326841803031493,-0.15326841803031493,242059000,242059000,https://www.sedar.com/ModifyCompanyDocumentSearchForm.do?lang=EN&company_search=Agnico Eagle Mines Ltd&document_selection=0&industry_group=A&FromDate=13&FromMonth=05&FromYear=2000&ToDate=13&ToMonth=11&ToYear=2020&Variable=Issuer,https://www.sedar.com/ModifyCompanyDocumentSearchForm.do?lang=EN&company_search=Agnico Eagle Mines Ltd&document_selection=0&industry_group=A&FromDate=13&FromMonth=05&FromYear=2000&ToDate=13&ToMonth=11&ToYear=2020&Variable=Issuer
0,1990-09-30,AEM.TO,1990-09-30,1990-09-30,Q3,15100000,0.0,0.0,0.0,0.0,0.0,0.0,0.0,0.0,0.0,0.0,0.0,15100000,1.0,15100000,0.0,0.0,0.0,0.0,0.0,-2200000.0,-0.1456953642384106,-0.09,-0.09,24444444,24444444,https://www.sedar.com/ModifyCompanyDocumentSearchForm.do?lang=EN&company_search=Agnico Eagle Mines Ltd&document_selection=0&industry_group=A&FromDate=13&FromMonth=05&FromYear=2000&ToDate=13&ToMonth=11&ToYear=2020&Variable=Issuer,https://www.sedar.com/ModifyCompanyDocumentSearchForm.do?lang=EN&company_search=Agnico Eagle Mines Ltd&document_selection=0&industry_group=A&FromDate=13&FromMonth=05&FromYear=2000&ToDate=13&ToMonth=11&ToYear=2020&Variable=Issuer
0,1990-06-30,AEM.TO,1990-06-30,1990-06-30,Q2,15200000,0.0,0.0,0.0,0.0,0.0,0.0,0.0,0.0,0.0,0.0,0.0,15200000,1.0,15200000,0.0,0.0,0.0,0.0,0.0,-3300000.0,-0.21710526315789475,-0.13,-0.13,25384615,25384615,https://www.sedar.com/ModifyCompanyDocumentSearchForm.do?lang=EN&company_search=Agnico Eagle Mines Ltd&document_selection=0&industry_group=A&FromDate=13&FromMonth=05&FromYear=2000&ToDate=13&ToMonth=11&ToYear=2020&Variable=Issuer,https://www.sedar.com/ModifyCompanyDocumentSearchForm.do?lang=EN&company_search=Agnico Eagle Mines Ltd&document_selection=0&industry_group=A&FromDate=13&FromMonth=05&FromYear=2000&ToDate=13&ToMonth=11&ToYear=2020&Variable=Issuer
0,1990-03-31,AEM.TO,1990-03-31,1990-03-31,Q1,18100000,0.0,0.0,0.0,0.0,0.0,0.0,0.0,0.0,0.0,0.0,0.0,18100000,1.0,18100000,0.0,0.0,0.0,0.0,0.0,1500000.0,0.08287292817679558,0.06,0.06,25000000,25000000,https://www.sedar.com/ModifyCompanyDocumentSearchForm.do?lang=EN&company_search=Agnico Eagle Mines Ltd&document_selection=0&industry_group=A&FromDate=13&FromMonth=05&FromYear=2000&ToDate=13&ToMonth=11&ToYear=2020&Variable=Issuer,https://www.sedar.com/ModifyCompanyDocumentSearchForm.do?lang=EN&company_search=Agnico Eagle Mines Ltd&document_selection=0&industry_group=A&FromDate=13&FromMonth=05&FromYear=2000&ToDate=13&ToMonth=11&ToYear=2020&Variable=Issuer
0,1989-12-31,AEM.TO,1989-12-31,1989-12-31,Q4,8200000.0,0.0,0.0,0.0,0.0,0.0,0.0,0.0,0.0,0.0,0.0,0.0,8200000.0,1.0,8200000.0,0.0,0.0,0.0,0.0,0.0,0.0,0.0,0.0,0.0,242059000,242059000,https://www.sedar.com/ModifyCompanyDocumentSearchForm.do?lang=EN&company_search=Agnico Eagle Mines Ltd&document_selection=0&industry_group=A&FromDate=13&FromMonth=05&FromYear=2000&ToDate=13&ToMonth=11&ToYear=2020&Variable=Issuer,https://www.sedar.com/ModifyCompanyDocumentSearchForm.do?lang=EN&company_search=Agnico Eagle Mines Ltd&document_selection=0&industry_group=A&FromDate=13&FromMonth=05&FromYear=2000&ToDate=13&ToMonth=11&ToYear=2020&Variable=Issuer
0,1989-09-30,AEM.TO,1989-09-30,1989-09-30,Q3,7400000.0,0.0,0.0,0.0,0.0,0.0,0.0,0.0,0.0,0.0,0.0,0.0,7400000.0,1.0,7400000.0,0.0,0.0,0.0,0.0,0.0,0.0,0.0,-0.01,-0.01,242059000,242059000,https://www.sedar.com/ModifyCompanyDocumentSearchForm.do?lang=EN&company_search=Agnico Eagle Mines Ltd&document_selection=0&industry_group=A&FromDate=13&FromMonth=05&FromYear=2000&ToDate=13&ToMonth=11&ToYear=2020&Variable=Issuer,https://www.sedar.com/ModifyCompanyDocumentSearchForm.do?lang=EN&company_search=Agnico Eagle Mines Ltd&document_selection=0&industry_group=A&FromDate=13&FromMonth=05&FromYear=2000&ToDate=13&ToMonth=11&ToYear=2020&Variable=Issuer
0,1989-06-30,AEM.TO,1989-06-30,1989-06-30,Q2,7800000.0,0.0,0.0,0.0,0.0,0.0,0.0,0.0,0.0,0.0,0.0,0.0,7800000.0,1.0,7800000.0,0.0,0.0,0.0,0.0,0.0,0.0,0.0,0.15,0.15,242059000,242059000,https://www.sedar.com/ModifyCompanyDocumentSearchForm.do?lang=EN&company_search=Agnico Eagle Mines Ltd&document_selection=0&industry_group=A&FromDate=13&FromMonth=05&FromYear=2000&ToDate=13&ToMonth=11&ToYear=2020&Variable=Issuer,https://www.sedar.com/ModifyCompanyDocumentSearchForm.do?lang=EN&company_search=Agnico Eagle Mines Ltd&document_selection=0&industry_group=A&FromDate=13&FromMonth=05&FromYear=2000&ToDate=13&ToMonth=11&ToYear=2020&Variable=Issuer
0,1989-03-31,AEM.TO,1989-03-31,1989-03-31,Q1,9800000.0,0.0,0.0,0.0,0.0,0.0,0.0,0.0,0.0,0.0,0.0,0.0,9800000.0,1.0,9800000.0,0.0,0.0,0.0,0.0,0.0,0.0,0.0,-0.11,-0.11,242059000,242059000,https://www.sedar.com/ModifyCompanyDocumentSearchForm.do?lang=EN&company_search=Agnico Eagle Mines Ltd&document_selection=0&industry_group=A&FromDate=13&FromMonth=05&FromYear=2000&ToDate=13&ToMonth=11&ToYear=2020&Variable=Issuer,https://www.sedar.com/ModifyCompanyDocumentSearchForm.do?lang=EN&company_search=Agnico Eagle Mines Ltd&document_selection=0&industry_group=A&FromDate=13&FromMonth=05&FromYear=2000&ToDate=13&ToMonth=11&ToYear=2020&Variable=Issuer
0,1988-12-31,AEM.TO,1988-12-31,1988-12-31,Q4,7500000.0,0.0,0.0,0.0,0.0,0.0,0.0,0.0,0.0,0.0,0.0,0.0,7500000.0,1.0,7500000.0,0.0,0.0,0.0,0.0,0.0,0.0,0.0,0.0,0.0,242059000,242059000,https://www.sedar.com/ModifyCompanyDocumentSearchForm.do?lang=EN&company_search=Agnico Eagle Mines Ltd&document_selection=0&industry_group=A&FromDate=13&FromMonth=05&FromYear=2000&ToDate=13&ToMonth=11&ToYear=2020&Variable=Issuer,https://www.sedar.com/ModifyCompanyDocumentSearchForm.do?lang=EN&company_search=Agnico Eagle Mines Ltd&document_selection=0&industry_group=A&FromDate=13&FromMonth=05&FromYear=2000&ToDate=13&ToMonth=11&ToYear=2020&Variable=Issuer
0,1988-09-30,AEM.TO,1988-09-30,1988-09-30,Q3,9400000.0,0.0,0.0,0.0,0.0,0.0,0.0,0.0,0.0,0.0,0.0,0.0,9400000.0,1.0,9400000.0,0.0,0.0,0.0,0.0,0.0,0.0,0.0,-0.01,-0.01,242059000,242059000,https://www.sedar.com/ModifyCompanyDocumentSearchForm.do?lang=EN&company_search=Agnico Eagle Mines Ltd&document_selection=0&industry_group=A&FromDate=13&FromMonth=05&FromYear=2000&ToDate=13&ToMonth=11&ToYear=2020&Variable=Issuer,https://www.sedar.com/ModifyCompanyDocumentSearchForm.do?lang=EN&company_search=Agnico Eagle Mines Ltd&document_selection=0&industry_group=A&FromDate=13&FromMonth=05&FromYear=2000&ToDate=13&ToMonth=11&ToYear=2020&Variable=Issuer
0,1988-06-30,AEM.TO,1988-06-30,1988-06-30,Q2,8000000.0,0.0,0.0,0.0,0.0,0.0,0.0,0.0,0.0,0.0,0.0,0.0,8000000.0,1.0,8000000.0,0.0,0.0,0.0,0.0,0.0,0.0,0.0,-0.1,-0.1,242059000,242059000,https://www.sedar.com/ModifyCompanyDocumentSearchForm.do?lang=EN&company_search=Agnico Eagle Mines Ltd&document_selection=0&industry_group=A&FromDate=13&FromMonth=05&FromYear=2000&ToDate=13&ToMonth=11&ToYear=2020&Variable=Issuer,https://www.sedar.com/ModifyCompanyDocumentSearchForm.do?lang=EN&company_search=Agnico Eagle Mines Ltd&document_selection=0&industry_group=A&FromDate=13&FromMonth=05&FromYear=2000&ToDate=13&ToMonth=11&ToYear=2020&Variable=Issuer
0,1988-03-31,AEM.TO,1988-03-31,1988-03-31,Q1,10400000,0.0,0.0,0.0,0.0,0.0,0.0,0.0,0.0,0.0,0.0,0.0,10400000,1.0,10400000,0.0,0.0,0.0,0.0,0.0,0.0,0.0,0.01,0.01,242059000,242059000,https://www.sedar.com/ModifyCompanyDocumentSearchForm.do?lang=EN&company_search=Agnico Eagle Mines Ltd&document_selection=0&industry_group=A&FromDate=13&FromMonth=05&FromYear=2000&ToDate=13&ToMonth=11&ToYear=2020&Variable=Issuer,https://www.sedar.com/ModifyCompanyDocumentSearchForm.do?lang=EN&company_search=Agnico Eagle Mines Ltd&document_selection=0&industry_group=A&FromDate=13&FromMonth=05&FromYear=2000&ToDate=13&ToMonth=11&ToYear=2020&Variable=Issuer
0,1987-12-31,AEM.TO,1987-12-31,1987-12-31,Q4,11200000,0.0,0.0,0.0,0.0,0.0,0.0,0.0,0.0,0.0,0.0,0.0,11200000,1.0,11200000,0.0,0.0,0.0,0.0,0.0,0.0,0.0,0.0,0.0,242059000,242059000,https://www.sedar.com/ModifyCompanyDocumentSearchForm.do?lang=EN&company_search=Agnico Eagle Mines Ltd&document_selection=0&industry_group=A&FromDate=13&FromMonth=05&FromYear=2000&ToDate=13&ToMonth=11&ToYear=2020&Variable=Issuer,https://www.sedar.com/ModifyCompanyDocumentSearchForm.do?lang=EN&company_search=Agnico Eagle Mines Ltd&document_selection=0&industry_group=A&FromDate=13&FromMonth=05&FromYear=2000&ToDate=13&ToMonth=11&ToYear=2020&Variable=Issuer
0,1987-09-30,AEM.TO,1987-09-30,1987-09-30,Q3,11600000,0.0,0.0,0.0,0.0,0.0,0.0,0.0,0.0,0.0,0.0,0.0,11600000,1.0,11600000,0.0,0.0,0.0,0.0,0.0,0.0,0.0,0.09,0.09,242059000,242059000,https://www.sedar.com/ModifyCompanyDocumentSearchForm.do?lang=EN&company_search=Agnico Eagle Mines Ltd&document_selection=0&industry_group=A&FromDate=13&FromMonth=05&FromYear=2000&ToDate=13&ToMonth=11&ToYear=2020&Variable=Issuer,https://www.sedar.com/ModifyCompanyDocumentSearchForm.do?lang=EN&company_search=Agnico Eagle Mines Ltd&document_selection=0&industry_group=A&FromDate=13&FromMonth=05&FromYear=2000&ToDate=13&ToMonth=11&ToYear=2020&Variable=Issuer
0,1987-06-30,AEM.TO,1987-06-30,1987-06-30,Q2,9200000.0,0.0,0.0,0.0,0.0,0.0,0.0,0.0,0.0,0.0,0.0,0.0,9200000.0,1.0,9200000.0,0.0,0.0,0.0,0.0,0.0,0.0,0.0,0.22,0.22,242059000,242059000,https://www.sedar.com/ModifyCompanyDocumentSearchForm.do?lang=EN&company_search=Agnico Eagle Mines Ltd&document_selection=0&industry_group=A&FromDate=13&FromMonth=05&FromYear=2000&ToDate=13&ToMonth=11&ToYear=2020&Variable=Issuer,https://www.sedar.com/ModifyCompanyDocumentSearchForm.do?lang=EN&company_search=Agnico Eagle Mines Ltd&document_selection=0&industry_group=A&FromDate=13&FromMonth=05&FromYear=2000&ToDate=13&ToMonth=11&ToYear=2020&Variable=Issuer
0,1987-03-31,AEM.TO,1987-03-31,1987-03-31,Q1,7700000.0,0.0,0.0,0.0,0.0,0.0,0.0,0.0,0.0,0.0,0.0,0.0,7700000.0,1.0,7700000.0,0.0,0.0,0.0,0.0,0.0,0.0,0.0,0.04,0.04,242059000,242059000,https://www.sedar.com/ModifyCompanyDocumentSearchForm.do?lang=EN&company_search=Agnico Eagle Mines Ltd&document_selection=0&industry_group=A&FromDate=13&FromMonth=05&FromYear=2000&ToDate=13&ToMonth=11&ToYear=2020&Variable=Issuer,https://www.sedar.com/ModifyCompanyDocumentSearchForm.do?lang=EN&company_search=Agnico Eagle Mines Ltd&document_selection=0&industry_group=A&FromDate=13&FromMonth=05&FromYear=2000&ToDate=13&ToMonth=11&ToYear=2020&Variable=Issuer
0,1986-12-31,AEM.TO,1986-12-31,1986-12-31,Q4,6300000.0,0.0,0.0,0.0,0.0,0.0,0.0,0.0,0.0,0.0,0.0,0.0,6300000.0,1.0,6300000.0,0.0,0.0,0.0,0.0,0.0,0.0,0.0,0.0,0.0,242059000,242059000,https://www.sedar.com/ModifyCompanyDocumentSearchForm.do?lang=EN&company_search=Agnico Eagle Mines Ltd&document_selection=0&industry_group=A&FromDate=13&FromMonth=05&FromYear=2000&ToDate=13&ToMonth=11&ToYear=2020&Variable=Issuer,https://www.sedar.com/ModifyCompanyDocumentSearchForm.do?lang=EN&company_search=Agnico Eagle Mines Ltd&document_selection=0&industry_group=A&FromDate=13&FromMonth=05&FromYear=2000&ToDate=13&ToMonth=11&ToYear=2020&Variable=Issuer
0,1986-09-30,AEM.TO,1986-09-30,1986-09-30,Q3,7000000.0,0.0,0.0,0.0,0.0,0.0,0.0,0.0,0.0,0.0,0.0,0.0,7000000.0,1.0,7000000.0,0.0,0.0,0.0,0.0,0.0,0.0,0.0,0.03,0.03,242059000,242059000,https://www.sedar.com/ModifyCompanyDocumentSearchForm.do?lang=EN&company_search=Agnico Eagle Mines Ltd&document_selection=0&industry_group=A&FromDate=13&FromMonth=05&FromYear=2000&ToDate=13&ToMonth=11&ToYear=2020&Variable=Issuer,https://www.sedar.com/ModifyCompanyDocumentSearchForm.do?lang=EN&company_search=Agnico Eagle Mines Ltd&document_selection=0&industry_group=A&FromDate=13&FromMonth=05&FromYear=2000&ToDate=13&ToMonth=11&ToYear=2020&Variable=Issuer
0,1986-06-30,AEM.TO,1986-06-30,1986-06-30,Q2,7100000.0,0.0,0.0,0.0,0.0,0.0,0.0,0.0,0.0,0.0,0.0,0.0,7100000.0,1.0,7100000.0,0.0,0.0,0.0,0.0,0.0,0.0,0.0,0.06,0.06,242059000,242059000,https://www.sedar.com/ModifyCompanyDocumentSearchForm.do?lang=EN&company_search=Agnico Eagle Mines Ltd&document_selection=0&industry_group=A&FromDate=13&FromMonth=05&FromYear=2000&ToDate=13&ToMonth=11&ToYear=2020&Variable=Issuer,https://www.sedar.com/ModifyCompanyDocumentSearchForm.do?lang=EN&company_search=Agnico Eagle Mines Ltd&document_selection=0&industry_group=A&FromDate=13&FromMonth=05&FromYear=2000&ToDate=13&ToMonth=11&ToYear=2020&Variable=Issuer
0,1986-03-31,AEM.TO,1986-03-31,1986-03-31,Q1,6700000.0,0.0,0.0,0.0,0.0,0.0,0.0,0.0,0.0,0.0,0.0,0.0,6700000.0,1.0,6700000.0,0.0,0.0,0.0,0.0,0.0,0.0,0.0,0.01,0.01,242059000,242059000,https://www.sedar.com/ModifyCompanyDocumentSearchForm.do?lang=EN&company_search=Agnico Eagle Mines Ltd&document_selection=0&industry_group=A&FromDate=13&FromMonth=05&FromYear=2000&ToDate=13&ToMonth=11&ToYear=2020&Variable=Issuer,https://www.sedar.com/ModifyCompanyDocumentSearchForm.do?lang=EN&company_search=Agnico Eagle Mines Ltd&document_selection=0&industry_group=A&FromDate=13&FromMonth=05&FromYear=2000&ToDate=13&ToMonth=11&ToYear=2020&Variable=Issuer
0,1985-12-31,AEM.TO,1985-12-31,1985-12-31,Q4,6700000.0,0.0,0.0,0.0,0.0,0.0,0.0,0.0,0.0,0.0,0.0,0.0,6700000.0,1.0,6700000.0,0.0,0.0,0.0,0.0,0.0,0.0,0.0,0.0,0.0,242059000,242059000,https://www.sedar.com/ModifyCompanyDocumentSearchForm.do?lang=EN&company_search=Agnico Eagle Mines Ltd&document_selection=0&industry_group=A&FromDate=13&FromMonth=05&FromYear=2000&ToDate=13&ToMonth=11&ToYear=2020&Variable=Issuer,https://www.sedar.com/ModifyCompanyDocumentSearchForm.do?lang=EN&company_search=Agnico Eagle Mines Ltd&document_selection=0&industry_group=A&FromDate=13&FromMonth=05&FromYear=2000&ToDate=13&ToMonth=11&ToYear=2020&Variable=Issuer
0,1985-09-30,AEM.TO,1985-09-30,1985-09-30,Q3,11300000,0.0,0.0,0.0,0.0,0.0,0.0,0.0,0.0,0.0,0.0,0.0,11300000,1.0,11300000,0.0,0.0,0.0,0.0,0.0,0.0,0.0,0.19,0.19,242059000,242059000,https://www.sedar.com/ModifyCompanyDocumentSearchForm.do?lang=EN&company_search=Agnico Eagle Mines Ltd&document_selection=0&industry_group=A&FromDate=13&FromMonth=05&FromYear=2000&ToDate=13&ToMonth=11&ToYear=2020&Variable=Issuer,https://www.sedar.com/ModifyCompanyDocumentSearchForm.do?lang=EN&company_search=Agnico Eagle Mines Ltd&document_selection=0&industry_group=A&FromDate=13&FromMonth=05&FromYear=2000&ToDate=13&ToMonth=11&ToYear=2020&Variable=Issuer
