,date,symbol,fillingDate,acceptedDate,period,revenue,costOfRevenue,grossProfit,grossProfitRatio,researchAndDevelopmentExpenses,generalAndAdministrativeExpenses,sellingAndMarketingExpenses,otherExpenses,operatingExpenses,costAndExpenses,interestExpense,depreciationAndAmortization,ebitda,ebitdaratio,operatingIncome,operatingIncomeRatio,totalOtherIncomeExpensesNet,incomeBeforeTax,incomeBeforeTaxRatio,incomeTaxExpense,netIncome,netIncomeRatio,eps,epsdiluted,weightedAverageShsOut,weightedAverageShsOutDil,link,finalLink
0,2020-06-30,SBSW,2020-06-30,2020-06-30,Q1,27509350000,18862650000,8646700000,0.0,0.0,196800000,0.0,292450000,18862650000,0.0,-656150000,0.0,0.0,0.0,6286900000,0.0,0.0,5891000000,0.0,1025550000,4692500000,0.0,0.0,0.0,0.0,0.0,,
0,2019-09-31,SBSW,,2019-09-31,Q3,18231350000,15936375000,2294975000,7.944029891393153,0.0,90825000,0.0,-456550000,0.0,16194075000,463300000,0.0,3515825000,5.185511224250353,2037275000,8.948890061479181,-1850350000,-325050000,-56.08783264113213,-433250000,15525000,1174.3220611916265,0.02,0.02,626895750,644738750,,
0,2019-06-31,SBSW,,2019-06-31,Q2,18231350000,15936375000,2294975000,7.944029891393153,0.0,90825000,0.0,-456550000,0.0,16194075000,463300000,0.0,3515825000,5.185511224250353,2037275000,8.948890061479181,-1850350000,-325050000,-56.08783264113213,-433250000,15525000,1174.3220611916265,0.02,0.02,626895750,644738750,,
0,2019-03-31,SBSW,,2019-03-31,Q1,18231350000,15936375000,2294975000,7.944029891393153,0.0,90825000,0.0,-456550000,0.0,16194075000,463300000,0.0,3515825000,5.185511224250353,2037275000,8.948890061479181,-1850350000,-325050000,-56.08783264113213,-433250000,15525000,1174.3220611916265,0.02,0.02,626895750,644738750,,
0,2019-01-31,SBSW,,2019-01-31,Q1,18231350000,15936375000,2294975000,7.944029891393153,0.0,90825000,0.0,-456550000,0.0,16194075000,463300000,0.0,3515825000,5.185511224250353,2037275000,8.948890061479181,-1850350000,-325050000,-56.08783264113213,-433250000,15525000,1174.3220611916265,0.02,0.02,626895750,644738750,,
0,2018-09-31,SBSW,,2018-09-31,Q3,12664100000,12085400000,578700000,21.883704855711077,0.0,74850000,0.0,-48825000,0.0,12417625000,527700000,0.0,1927750000,6.56936843470367,246475000,51.38087027081854,-68600000,-359225000,-35.2539494745633,270950000,-624900000,-20.265802528404546,-1.1,-1.1,565964250,573940500,,
0,2018-06-31,SBSW,,2018-06-31,Q2,12664100000,12085400000,578700000,21.883704855711077,0.0,74850000,0.0,-48825000,0.0,12417625000,527700000,0.0,1927750000,6.56936843470367,246475000,51.38087027081854,-68600000,-359225000,-35.2539494745633,270950000,-624900000,-20.265802528404546,-1.1,-1.1,565964250,573940500,,
0,2018-03-31,SBSW,,2018-03-31,Q1,12664100000,12085400000,578700000,21.883704855711077,0.0,74850000,0.0,-48825000,0.0,12417625000,527700000,0.0,1927750000,6.56936843470367,246475000,51.38087027081854,-68600000,-359225000,-35.2539494745633,270950000,-624900000,-20.265802528404546,-1.1,-1.1,565964250,573940500,,
0,2018-01-31,SBSW,,2018-01-31,Q1,12664100000,12085400000,578700000,21.883704855711077,0.0,74850000,0.0,-48825000,0.0,12417625000,527700000,0.0,1927750000,6.56936843470367,246475000,51.38087027081854,-68600000,-359225000,-35.2539494745633,270950000,-624900000,-20.265802528404546,-1.1,-1.1,565964250,573940500,,
0,2017-09-31,SBSW,,2017-09-31,Q3,11477900000,10645225000,832675000,13.7843696520251,0.0,57975000,0.0,-158175000,0.0,11080800000,585925000,0.0,359550000,31.922959254623834,397100000,28.904306220095695,-1703825000,-1844925000,-6.221336910714528,-736650000,-1109350000,-10.346509217109118,-2.201923,-2.201923,502801000,502801000,,
0,2017-06-31,SBSW,,2017-06-31,Q2,11477900000,10645225000,832675000,13.7843696520251,0.0,57975000,0.0,-158175000,0.0,11080800000,585925000,0.0,359550000,31.922959254623834,397100000,28.904306220095695,-1703825000,-1844925000,-6.221336910714528,-736650000,-1109350000,-10.346509217109118,-2.201923,-2.201923,502801000,502801000,,
0,2017-03-31,SBSW,,2017-03-31,Q1,11477900000,10645225000,832675000,13.7843696520251,0.0,57975000,0.0,-158175000,0.0,11080800000,585925000,0.0,359550000,31.922959254623834,397100000,28.904306220095695,-1703825000,-1844925000,-6.221336910714528,-736650000,-1109350000,-10.346509217109118,-2.201923,-2.201923,502801000,502801000,,
0,2017-01-31,SBSW,,2017-01-31,Q1,11477900000,10645225000,832675000,13.7843696520251,0.0,57975000,0.0,-158175000,0.0,11080800000,585925000,0.0,359550000,31.922959254623834,397100000,28.904306220095695,-1703825000,-1844925000,-6.221336910714528,-736650000,-1109350000,-10.346509217109118,-2.201923,-2.201923,502801000,502801000,,
0,2016-09-31,SBSW,,2016-09-31,Q3,7810175000,6324400000,1485775000,5.256633743332604,0.0,124050000,0.0,-89675000,0.0,6448450000,225775000,0.0,2368700000,3.2972411027145694,1361725000,5.735500927132865,-90250000,1128550000,6.920539630499313,310800000,925400000,8.439782796628485,3.78959275,3.780166,244443592,245016689,,
0,2016-06-31,SBSW,,2016-06-31,Q2,7810175000,6324400000,1485775000,5.256633743332604,0.0,124050000,0.0,-89675000,0.0,6448450000,225775000,0.0,2368700000,3.2972411027145694,1361725000,5.735500927132865,-90250000,1128550000,6.920539630499313,310800000,925400000,8.439782796628485,3.78959275,3.780166,244443592,245016689,,
0,2016-03-31,SBSW,,2016-03-31,Q1,7810175000,6324400000,1485775000,5.256633743332604,0.0,124050000,0.0,-89675000,0.0,6448450000,225775000,0.0,2368700000,3.2972411027145694,1361725000,5.735500927132865,-90250000,1128550000,6.920539630499313,310800000,925400000,8.439782796628485,3.78959275,3.780166,244443592,245016689,,
0,2016-01-31,SBSW,,2016-01-31,Q1,7810175000,6324400000,1485775000,5.256633743332604,0.0,124050000,0.0,-89675000,0.0,6448450000,225775000,0.0,2368700000,3.2972411027145694,1361725000,5.735500927132865,-90250000,1128550000,6.920539630499313,310800000,925400000,8.439782796628485,3.78959275,3.780166,244443592,245016689,,
0,2015-09-31,SBSW,,2015-09-31,Q3,5679350000,5104400000,574950000,9.877989390381773,0.0,68950000,0.0,-19650000,0.0,5228725000,87550000,0.0,1366050000,4.157497895391823,450625000,12.603273231622746,-131150000,228850000,24.816910640157307,94300000,179225000,31.68838052727019,0.744721,0.735294,241872478,243376427,,
0,2015-06-31,SBSW,,2015-06-31,Q2,5679350000,5104400000,574950000,9.877989390381773,0.0,68950000,0.0,-19650000,0.0,5228725000,87550000,0.0,1366050000,4.157497895391823,450625000,12.603273231622746,-131150000,228850000,24.816910640157307,94300000,179225000,31.68838052727019,0.744721,0.735294,241872478,243376427,,
0,2015-03-31,SBSW,,2015-03-31,Q1,5679350000,5104400000,574950000,9.877989390381773,0.0,68950000,0.0,-19650000,0.0,5228725000,87550000,0.0,1366050000,4.157497895391823,450625000,12.603273231622746,-131150000,228850000,24.816910640157307,94300000,179225000,31.68838052727019,0.744721,0.735294,241872478,243376427,,
0,2015-01-31,SBSW,,2015-01-31,Q1,5679350000,5104400000,574950000,9.877989390381773,0.0,68950000,0.0,-19650000,0.0,5228725000,87550000,0.0,1366050000,4.157497895391823,450625000,12.603273231622746,-131150000,228850000,24.816910640157307,94300000,179225000,31.68838052727019,0.744721,0.735294,241872478,243376427,,
0,2014-09-31,SBSW,,2014-09-31,Q3,5445125000,4499150000,945975000,5.756098205555115,0.0,104775000,0.0,-23500000,0.0,4648075000,57750000,0.0,1467975000,3.7092763841346073,797050000,6.831597766764946,-153975000,583750000,9.327837259100642,207025000,387875000,14.038349983886562,1.75339375,1.71568625,221690227,226673600,,
0,2014-06-31,SBSW,,2014-06-31,Q2,5445125000,4499150000,945975000,5.756098205555115,0.0,104775000,0.0,-23500000,0.0,4648075000,57750000,0.0,1467975000,3.7092763841346073,797050000,6.831597766764946,-153975000,583750000,9.327837259100642,207025000,387875000,14.038349983886562,1.75339375,1.71568625,221690227,226673600,,
0,2014-03-31,SBSW,,2014-03-31,Q1,5445125000,4499150000,945975000,5.756098205555115,0.0,104775000,0.0,-23500000,0.0,4648075000,57750000,0.0,1467975000,3.7092763841346073,797050000,6.831597766764946,-153975000,583750000,9.327837259100642,207025000,387875000,14.038349983886562,1.75339375,1.71568625,221690227,226673600,,
0,2014-01-31,SBSW,,2014-01-31,Q1,5445125000,4499150000,945975000,5.756098205555115,0.0,104775000,0.0,-23500000,0.0,4648075000,57750000,0.0,1467975000,3.7092763841346073,797050000,6.831597766764946,-153975000,583750000,9.327837259100642,207025000,387875000,14.038349983886562,1.75339375,1.71568625,221690227,226673600,,
0,2013-09-31,SBSW,,2013-09-31,Q3,1889948066.5,1538838382,351109684.5,5.382785351510291,0.0,5537415.5,0.0,-31441257.5,0.0,1557515427.5,31910530,0.0,640087690,2.9526392961876833,332432639,5.6852060982495765,-71141711,245054099.5,7.712370739180391,37541800,212017315.5,8.914121292607348,1.238653,1.20326275,172544752,176169215,,
0,2013-06-31,SBSW,,2013-06-31,Q2,1889948066.5,1538838382,351109684.5,5.382785351510291,0.0,5537415.5,0.0,-31441257.5,0.0,1557515427.5,31910530,0.0,640087690,2.9526392961876833,332432639,5.6852060982495765,-71141711,245054099.5,7.712370739180391,37541800,212017315.5,8.914121292607348,1.238653,1.20326275,172544752,176169215,,
0,2013-03-31,SBSW,,2013-03-31,Q1,1889948066.5,1538838382,351109684.5,5.382785351510291,0.0,5537415.5,0.0,-31441257.5,0.0,1557515427.5,31910530,0.0,640087690,2.9526392961876833,332432639,5.6852060982495765,-71141711,245054099.5,7.712370739180391,37541800,212017315.5,8.914121292607348,1.238653,1.20326275,172544752,176169215,,
0,2013-01-31,SBSW,,2013-01-31,Q1,1889948066.5,1538838382,351109684.5,5.382785351510291,0.0,5537415.5,0.0,-31441257.5,0.0,1557515427.5,31910530,0.0,640087690,2.9526392961876833,332432639,5.6852060982495765,-71141711,245054099.5,7.712370739180391,37541800,212017315.5,8.914121292607348,1.238653,1.20326275,172544752,176169215,,
0,2012-09-31,SBSW,,2012-09-31,Q3,1896845670,1563780892.5,333064777.5,5.695125387433079,0.0,8164732.5,0.0,-37069762.5,0.0,1585365817.5,13607887.5,0.0,571906665,3.3167049556941253,311479852.5,6.089786080144622,-44014477.5,265963815,7.13196894848271,-63347062.5,339915645,5.580342352291551,1.1566685,1.1566685,293874757,293874757,,
0,2012-06-31,SBSW,,2012-06-31,Q2,1896845670,1563780892.5,333064777.5,5.695125387433079,0.0,8164732.5,0.0,-37069762.5,0.0,1585365817.5,13607887.5,0.0,571906665,3.3167049556941253,311479852.5,6.089786080144622,-44014477.5,265963815,7.13196894848271,-63347062.5,339915645,5.580342352291551,1.1566685,1.1566685,293874757,293874757,,
0,2012-03-31,SBSW,,2012-03-31,Q1,1896845670,1563780892.5,333064777.5,5.695125387433079,0.0,8164732.5,0.0,-37069762.5,0.0,1585365817.5,13607887.5,0.0,571906665,3.3167049556941253,311479852.5,6.089786080144622,-44014477.5,265963815,7.13196894848271,-63347062.5,339915645,5.580342352291551,1.1566685,1.1566685,293874757,293874757,,
0,2012-01-31,SBSW,,2012-01-31,Q1,1896845670,1563780892.5,333064777.5,5.695125387433079,0.0,8164732.5,0.0,-37069762.5,0.0,1585365817.5,13607887.5,0.0,571906665,3.3167049556941253,311479852.5,6.089786080144622,-44014477.5,265963815,7.13196894848271,-63347062.5,339915645,5.580342352291551,1.1566685,1.1566685,293874757,293874757,,
0,2011-09-31,SBSW,,2011-09-31,Q3,2156842350,1617022485,539819865,3.99548532731377,0.0,6467715.0,0.0,-29995200,0.0,1636425630,1874700.0,0.0,806777145,2.6734053677239458,520416720,4.144452449567724,-59427990,471861990,4.5709177592371875,157006125,319448880,6.751760563380282,1.087024,1.087024,293874757,293874757,,
0,2011-06-31,SBSW,,2011-06-31,Q2,2156842350,1617022485,539819865,3.99548532731377,0.0,6467715.0,0.0,-29995200,0.0,1636425630,1874700.0,0.0,806777145,2.6734053677239458,520416720,4.144452449567724,-59427990,471861990,4.5709177592371875,157006125,319448880,6.751760563380282,1.087024,1.087024,293874757,293874757,,
0,2011-03-31,SBSW,,2011-03-31,Q1,2156842350,1617022485,539819865,3.99548532731377,0.0,6467715.0,0.0,-29995200,0.0,1636425630,1874700.0,0.0,806777145,2.6734053677239458,520416720,4.144452449567724,-59427990,471861990,4.5709177592371875,157006125,319448880,6.751760563380282,1.087024,1.087024,293874757,293874757,,
0,2011-01-31,SBSW,,2011-01-31,Q1,2156842350,1617022485,539819865,3.99548532731377,0.0,6467715.0,0.0,-29995200,0.0,1636425630,1874700.0,0.0,806777145,2.6734053677239458,520416720,4.144452449567724,-59427990,471861990,4.5709177592371875,157006125,319448880,6.751760563380282,1.087024,1.087024,293874757,293874757,,
0,2010-09-31,SBSW,,2010-09-31,Q3,1695750000,1422281250,273468750,6.200891326705519,0.0,15093750,0.0,-18093750,0.0,1447218750,25500000,0.0,521812500,3.2497305066475026,248531250,6.823085628064881,-26531250,227062500,7.468208092485549,79031250,129750000,13.06936416184971,0.4415145,0.4415145,293874757,293874757,,
0,2010-06-31,SBSW,,2010-06-31,Q2,1695750000,1422281250,273468750,6.200891326705519,0.0,15093750,0.0,-18093750,0.0,1447218750,25500000,0.0,521812500,3.2497305066475026,248531250,6.823085628064881,-26531250,227062500,7.468208092485549,79031250,129750000,13.06936416184971,0.4415145,0.4415145,293874757,293874757,,
0,2010-03-31,SBSW,,2010-03-31,Q1,1695750000,1422281250,273468750,6.200891326705519,0.0,15093750,0.0,-18093750,0.0,1447218750,25500000,0.0,521812500,3.2497305066475026,248531250,6.823085628064881,-26531250,227062500,7.468208092485549,79031250,129750000,13.06936416184971,0.4415145,0.4415145,293874757,293874757,,
0,2010-01-31,SBSW,,2010-01-31,Q1,1695750000,1422281250,273468750,6.200891326705519,0.0,15093750,0.0,-18093750,0.0,1447218750,25500000,0.0,521812500,3.2497305066475026,248531250,6.823085628064881,-26531250,227062500,7.468208092485549,79031250,129750000,13.06936416184971,0.4415145,0.4415145,293874757,293874757,,
