,date,symbol,fillingDate,acceptedDate,period,revenue,costOfRevenue,grossProfit,grossProfitRatio,researchAndDevelopmentExpenses,generalAndAdministrativeExpenses,sellingAndMarketingExpenses,otherExpenses,operatingExpenses,costAndExpenses,interestExpense,depreciationAndAmortization,ebitda,ebitdaratio,operatingIncome,operatingIncomeRatio,totalOtherIncomeExpensesNet,incomeBeforeTax,incomeBeforeTaxRatio,incomeTaxExpense,netIncome,netIncomeRatio,eps,epsdiluted,weightedAverageShsOut,weightedAverageShsOutDil,link,finalLink
0,2020-09-30,TML.TO,2020-09-30,2020-09-30,Q3,0.0,0.0,0.0,0.0,0.0,759503.0,0.0,0.0,0.0,759503.0,247132.0,0.0,-759503.0,0.0,-759503.0,0.0,472078.0,-534557.0,0.0,0.0,-534557.0,0.0,-0.01,-0.01,88805071,88805071,https://www.sedar.com/ModifyCompanyDocumentSearchForm.do?lang=EN&company_search=Treasury Metals Inc&document_selection=0&industry_group=A&FromDate=13&FromMonth=05&FromYear=2000&ToDate=13&ToMonth=11&ToYear=2020&Variable=Issuer,https://www.sedar.com/ModifyCompanyDocumentSearchForm.do?lang=EN&company_search=Treasury Metals Inc&document_selection=0&industry_group=A&FromDate=13&FromMonth=05&FromYear=2000&ToDate=13&ToMonth=11&ToYear=2020&Variable=Issuer
0,2020-06-30,TML.TO,2020-06-30,2020-06-30,Q2,0.0,0.0,0.0,0.0,0.0,624346.0,0.0,0.0,0.0,624346.0,204299.0,0.0,-623885.0,0.0,-624346.0,0.0,-3758181.0,-4586365.0,0.0,0.0,-4586365.0,0.0,-0.09,-0.09,56594327,56594327,https://www.sedar.com/ModifyCompanyDocumentSearchForm.do?lang=EN&company_search=Treasury Metals Inc&document_selection=0&industry_group=A&FromDate=13&FromMonth=05&FromYear=2000&ToDate=13&ToMonth=11&ToYear=2020&Variable=Issuer,https://www.sedar.com/ModifyCompanyDocumentSearchForm.do?lang=EN&company_search=Treasury Metals Inc&document_selection=0&industry_group=A&FromDate=13&FromMonth=05&FromYear=2000&ToDate=13&ToMonth=11&ToYear=2020&Variable=Issuer
0,2020-03-31,TML.TO,2020-03-31,2020-03-31,Q1,0.0,0.0,0.0,0.0,0.0,618248.0,0.0,0.0,0.0,618248.0,218353.0,0.0,-618134.0,0.0,-618248.0,0.0,633373.0,-203114.0,0.0,-259375.0,56261.0,0.0,0.000994,0.000994,56576254,56576254,https://www.sedar.com/ModifyCompanyDocumentSearchForm.do?lang=EN&company_search=Treasury Metals Inc&document_selection=0&industry_group=A&FromDate=13&FromMonth=05&FromYear=2000&ToDate=13&ToMonth=11&ToYear=2020&Variable=Issuer,https://www.sedar.com/ModifyCompanyDocumentSearchForm.do?lang=EN&company_search=Treasury Metals Inc&document_selection=0&industry_group=A&FromDate=13&FromMonth=05&FromYear=2000&ToDate=13&ToMonth=11&ToYear=2020&Variable=Issuer
0,2019-12-31,TML.TO,2019-12-31,2019-12-31,Q4,0.0,0.0,0.0,0.0,0.0,612712.0,0.0,-107858.0,0.0,612712.0,288406.0,0.0,-2063742.0,0.0,-612712.0,0.0,-51345.0,-951240.0,0.0,1358576.0,-2309816.0,0.0,-0.0260099561206364,-0.0260099561206364,88805071,88805071,https://www.sedar.com/ModifyCompanyDocumentSearchForm.do?lang=EN&company_search=Treasury Metals Inc&document_selection=0&industry_group=A&FromDate=13&FromMonth=05&FromYear=2000&ToDate=13&ToMonth=11&ToYear=2020&Variable=Issuer,https://www.sedar.com/ModifyCompanyDocumentSearchForm.do?lang=EN&company_search=Treasury Metals Inc&document_selection=0&industry_group=A&FromDate=13&FromMonth=05&FromYear=2000&ToDate=13&ToMonth=11&ToYear=2020&Variable=Issuer
0,2019-09-30,TML.TO,2019-09-30,2019-09-30,Q3,0.0,0.0,0.0,0.0,0.0,617820.0,0.0,73.0,0.0,617820.0,246116.0,0.0,-617747.0,0.0,-617820.0,0.0,-888373.0,-1752309.0,0.0,0.0,-1752309.0,0.0,-0.03,-0.03,53190031,53190031,https://www.sedar.com/ModifyCompanyDocumentSearchForm.do?lang=EN&company_search=Treasury Metals Inc&document_selection=0&industry_group=A&FromDate=13&FromMonth=05&FromYear=2000&ToDate=13&ToMonth=11&ToYear=2020&Variable=Issuer,https://www.sedar.com/ModifyCompanyDocumentSearchForm.do?lang=EN&company_search=Treasury Metals Inc&document_selection=0&industry_group=A&FromDate=13&FromMonth=05&FromYear=2000&ToDate=13&ToMonth=11&ToYear=2020&Variable=Issuer
0,2019-06-30,TML.TO,2019-06-30,2019-06-30,Q2,0.0,0.0,0.0,0.0,0.0,576678.0,0.0,267.0,0.0,576678.0,136525.0,0.0,-673994.0,0.0,-576678.0,0.0,595776.0,-215010.0,0.0,0.0,-215010.0,0.0,-0.004325,-0.004325,49713856,49713856,https://www.sedar.com/ModifyCompanyDocumentSearchForm.do?lang=EN&company_search=Treasury Metals Inc&document_selection=0&industry_group=A&FromDate=13&FromMonth=05&FromYear=2000&ToDate=13&ToMonth=11&ToYear=2020&Variable=Issuer,https://www.sedar.com/ModifyCompanyDocumentSearchForm.do?lang=EN&company_search=Treasury Metals Inc&document_selection=0&industry_group=A&FromDate=13&FromMonth=05&FromYear=2000&ToDate=13&ToMonth=11&ToYear=2020&Variable=Issuer
0,2019-03-31,TML.TO,2019-03-31,2019-03-31,Q1,0.0,0.0,0.0,0.0,0.0,481935.0,0.0,883.0,93265.0,481935.0,140334.0,0.0,-574317.0,0.0,-481935.0,0.0,88460.0,-627074.0,0.0,-61364.0,-565710.0,0.0,-0.011697,-0.011697,48363285,48363285,https://www.sedar.com/ModifyCompanyDocumentSearchForm.do?lang=EN&company_search=Treasury Metals Inc&document_selection=0&industry_group=A&FromDate=13&FromMonth=05&FromYear=2000&ToDate=13&ToMonth=11&ToYear=2020&Variable=Issuer,https://www.sedar.com/ModifyCompanyDocumentSearchForm.do?lang=EN&company_search=Treasury Metals Inc&document_selection=0&industry_group=A&FromDate=13&FromMonth=05&FromYear=2000&ToDate=13&ToMonth=11&ToYear=2020&Variable=Issuer
0,2018-12-31,TML.TO,2018-12-31,2018-12-31,Q4,0.0,0.0,0.0,0.0,0.0,485189.0,0.0,-820325.0,0.0,485189.0,756205.0,0.0,-842189.0,0.0,-485189.0,0.0,-1716662.0,-2606990.0,0.0,30235.0,-2637225.0,0.0,-0.029696783869470698,-0.029696783869470698,88805071,88805071,https://www.sedar.com/ModifyCompanyDocumentSearchForm.do?lang=EN&company_search=Treasury Metals Inc&document_selection=0&industry_group=A&FromDate=13&FromMonth=05&FromYear=2000&ToDate=13&ToMonth=11&ToYear=2020&Variable=Issuer,https://www.sedar.com/ModifyCompanyDocumentSearchForm.do?lang=EN&company_search=Treasury Metals Inc&document_selection=0&industry_group=A&FromDate=13&FromMonth=05&FromYear=2000&ToDate=13&ToMonth=11&ToYear=2020&Variable=Issuer
0,2018-09-30,TML.TO,2018-09-30,2018-09-30,Q3,0.0,0.0,0.0,0.0,0.0,506374.0,0.0,1046.0,0.0,506374.0,139276.0,0.0,-628200.0,0.0,-506374.0,0.0,229613.0,-538909.0,0.0,0.0,-538909.0,0.0,-0.012958,-0.012958,41587961,41587961,https://www.sedar.com/ModifyCompanyDocumentSearchForm.do?lang=EN&company_search=Treasury Metals Inc&document_selection=0&industry_group=A&FromDate=13&FromMonth=05&FromYear=2000&ToDate=13&ToMonth=11&ToYear=2020&Variable=Issuer,https://www.sedar.com/ModifyCompanyDocumentSearchForm.do?lang=EN&company_search=Treasury Metals Inc&document_selection=0&industry_group=A&FromDate=13&FromMonth=05&FromYear=2000&ToDate=13&ToMonth=11&ToYear=2020&Variable=Issuer
0,2018-06-30,TML.TO,2018-06-30,2018-06-30,Q2,0.0,0.0,0.0,0.0,0.0,1052998.0,0.0,0.0,0.0,1052998.0,252787.0,0.0,-1052998.0,0.0,-1052998.0,0.0,846144.0,-459641.0,0.0,0.0,-459641.0,0.0,-0.011052,-0.011052,41587961,41587961,https://www.sedar.com/ModifyCompanyDocumentSearchForm.do?lang=EN&company_search=Treasury Metals Inc&document_selection=0&industry_group=A&FromDate=13&FromMonth=05&FromYear=2000&ToDate=13&ToMonth=11&ToYear=2020&Variable=Issuer,https://www.sedar.com/ModifyCompanyDocumentSearchForm.do?lang=EN&company_search=Treasury Metals Inc&document_selection=0&industry_group=A&FromDate=13&FromMonth=05&FromYear=2000&ToDate=13&ToMonth=11&ToYear=2020&Variable=Issuer
0,2018-03-31,TML.TO,2018-03-31,2018-03-31,Q1,0.0,0.0,0.0,0.0,0.0,892461.0,0.0,699.0,0.0,892461.0,137950.0,0.0,-1002714.0,0.0,-892461.0,0.0,-14508.0,-1155871.0,0.0,-280035.0,-875836.0,0.0,-0.03,-0.03,41020458,41020458,https://www.sedar.com/ModifyCompanyDocumentSearchForm.do?lang=EN&company_search=Treasury Metals Inc&document_selection=0&industry_group=A&FromDate=13&FromMonth=05&FromYear=2000&ToDate=13&ToMonth=11&ToYear=2020&Variable=Issuer,https://www.sedar.com/ModifyCompanyDocumentSearchForm.do?lang=EN&company_search=Treasury Metals Inc&document_selection=0&industry_group=A&FromDate=13&FromMonth=05&FromYear=2000&ToDate=13&ToMonth=11&ToYear=2020&Variable=Issuer
0,2017-12-31,TML.TO,2017-12-31,2017-12-31,Q4,-735.0,0.0,0.0,0.0,0.0,915344.0,0.0,0.0,0.0,-31106.0,88736.0,0.0,-907490.0,1234.6802721088436,30371.0,1515.2843537414965,-116773.0,-1113734.0,1515.2843537414965,-1146129.0,32395.0,-44.074829931972786,0.00036478772704320005,0.00036478772704320005,88805071,88805071,https://www.sedar.com/ModifyCompanyDocumentSearchForm.do?lang=EN&company_search=Treasury Metals Inc&document_selection=0&industry_group=A&FromDate=13&FromMonth=05&FromYear=2000&ToDate=13&ToMonth=11&ToYear=2020&Variable=Issuer,https://www.sedar.com/ModifyCompanyDocumentSearchForm.do?lang=EN&company_search=Treasury Metals Inc&document_selection=0&industry_group=A&FromDate=13&FromMonth=05&FromYear=2000&ToDate=13&ToMonth=11&ToYear=2020&Variable=Issuer
0,2017-09-30,TML.TO,2017-09-30,2017-09-30,Q3,375.0,0.0,0.0,0.0,0.0,959206.0,0.0,0.0,251223.0,1210429.0,148425.0,0.0,-1210054.0,-3226.8106666666667,-1210054.0,-3077.2373333333335,204515.0,-1153964.0,-3077.2373333333335,0.0,-1153964.0,-3077.2373333333335,-0.03,-0.03,38865682,38865682,https://www.sedar.com/ModifyCompanyDocumentSearchForm.do?lang=EN&company_search=Treasury Metals Inc&document_selection=0&industry_group=A&FromDate=13&FromMonth=05&FromYear=2000&ToDate=13&ToMonth=11&ToYear=2020&Variable=Issuer,https://www.sedar.com/ModifyCompanyDocumentSearchForm.do?lang=EN&company_search=Treasury Metals Inc&document_selection=0&industry_group=A&FromDate=13&FromMonth=05&FromYear=2000&ToDate=13&ToMonth=11&ToYear=2020&Variable=Issuer
0,2017-06-30,TML.TO,,,Q2,0.0,0.0,0.0,0.0,0.0,1133858.0,0.0,0.0,211615.0,1345473.0,250486.0,0.0,-1345473.0,0.0,-1345473.0,0.0,339938.0,-1256021.0,0.0,0.0,-1256021.0,0.0,-0.03,-0.03,36803131,36803131,https://www.sedar.com/ModifyCompanyDocumentSearchForm.do?lang=EN&company_search=Treasury Metals Inc&document_selection=0&industry_group=A&FromDate=13&FromMonth=05&FromYear=2000&ToDate=13&ToMonth=11&ToYear=2020&Variable=Issuer,https://www.sedar.com/ModifyCompanyDocumentSearchForm.do?lang=EN&company_search=Treasury Metals Inc&document_selection=0&industry_group=A&FromDate=13&FromMonth=05&FromYear=2000&ToDate=13&ToMonth=11&ToYear=2020&Variable=Issuer
0,2017-03-31,TML.TO,2017-03-31,2017-03-31,Q1,360.0,0.0,0.0,0.0,0.0,469447.0,0.0,0.0,483612.0,953059.0,151002.0,0.0,-952699.0,-2646.386111111111,-952699.0,-3963.7555555555555,-323251.0,-1426952.0,-3963.7555555555555,-553671.0,-873281.0,-2425.7805555555556,-0.03,-0.03,34461438,34461438,https://www.sedar.com/ModifyCompanyDocumentSearchForm.do?lang=EN&company_search=Treasury Metals Inc&document_selection=0&industry_group=A&FromDate=13&FromMonth=05&FromYear=2000&ToDate=13&ToMonth=11&ToYear=2020&Variable=Issuer,https://www.sedar.com/ModifyCompanyDocumentSearchForm.do?lang=EN&company_search=Treasury Metals Inc&document_selection=0&industry_group=A&FromDate=13&FromMonth=05&FromYear=2000&ToDate=13&ToMonth=11&ToYear=2020&Variable=Issuer
0,2016-12-31,TML.TO,2016-12-31,2016-12-31,Q4,-953.0,0.0,0.0,0.0,0.0,542704.0,0.0,0.0,532054.0,1074758.0,263413.0,0.0,-1370334.0,1437.916054564533,-1075711.0,1257.4900314795384,140736.0,-1198388.0,1257.4900314795384,-1052936.0,-145452.0,152.62539349422875,-0.0016378794404657364,-0.0016378794404657364,88805071,88805071,https://www.sedar.com/ModifyCompanyDocumentSearchForm.do?lang=EN&company_search=Treasury Metals Inc&document_selection=0&industry_group=A&FromDate=13&FromMonth=05&FromYear=2000&ToDate=13&ToMonth=11&ToYear=2020&Variable=Issuer,https://www.sedar.com/ModifyCompanyDocumentSearchForm.do?lang=EN&company_search=Treasury Metals Inc&document_selection=0&industry_group=A&FromDate=13&FromMonth=05&FromYear=2000&ToDate=13&ToMonth=11&ToYear=2020&Variable=Issuer
0,2016-09-30,TML.TO,2016-09-30,2016-09-30,Q3,1246.0,0.0,0.0,0.0,0.0,812430.0,0.0,0.0,183296.0,995726.0,147260.0,0.0,-994480.0,-798.1380417335473,-994480.0,-916.3242375601926,0.0,-1141740.0,-916.3242375601926,0.0,-1141740.0,-916.3242375601926,-0.03,-0.03,31029067,31029067,https://www.sedar.com/ModifyCompanyDocumentSearchForm.do?lang=EN&company_search=Treasury Metals Inc&document_selection=0&industry_group=A&FromDate=13&FromMonth=05&FromYear=2000&ToDate=13&ToMonth=11&ToYear=2020&Variable=Issuer,https://www.sedar.com/ModifyCompanyDocumentSearchForm.do?lang=EN&company_search=Treasury Metals Inc&document_selection=0&industry_group=A&FromDate=13&FromMonth=05&FromYear=2000&ToDate=13&ToMonth=11&ToYear=2020&Variable=Issuer
0,2016-06-30,TML.TO,2016-06-30,2016-06-30,Q2,2288.0,0.0,0.0,0.0,0.0,764096.0,0.0,0.0,181594.0,945690.0,235757.0,0.0,-943402.0,-412.32604895104896,-943402.0,-515.3666958041958,0.0,-1179159.0,-515.3666958041958,0.0,-1179159.0,-515.3666958041958,-0.03,-0.03,29117421,29117421,https://www.sedar.com/ModifyCompanyDocumentSearchForm.do?lang=EN&company_search=Treasury Metals Inc&document_selection=0&industry_group=A&FromDate=13&FromMonth=05&FromYear=2000&ToDate=13&ToMonth=11&ToYear=2020&Variable=Issuer,https://www.sedar.com/ModifyCompanyDocumentSearchForm.do?lang=EN&company_search=Treasury Metals Inc&document_selection=0&industry_group=A&FromDate=13&FromMonth=05&FromYear=2000&ToDate=13&ToMonth=11&ToYear=2020&Variable=Issuer
0,2016-03-31,TML.TO,2016-03-31,2016-03-31,Q1,1257.0,0.0,0.0,0.0,0.0,351451.0,0.0,0.0,138702.0,490153.0,107911.0,0.0,-488896.0,-388.9387430389817,-488896.0,-497.92442322991246,-29084.0,-625891.0,-497.92442322991246,83536.0,-709427.0,-564.3810660302307,-0.03,-0.03,27434731,27434731,https://www.sedar.com/ModifyCompanyDocumentSearchForm.do?lang=EN&company_search=Treasury Metals Inc&document_selection=0&industry_group=A&FromDate=13&FromMonth=05&FromYear=2000&ToDate=13&ToMonth=11&ToYear=2020&Variable=Issuer,https://www.sedar.com/ModifyCompanyDocumentSearchForm.do?lang=EN&company_search=Treasury Metals Inc&document_selection=0&industry_group=A&FromDate=13&FromMonth=05&FromYear=2000&ToDate=13&ToMonth=11&ToYear=2020&Variable=Issuer
0,2015-12-31,TML.TO,2015-12-31,2015-12-31,Q4,1716.0,0.0,1716.0,1.0,0.0,418278.0,0.0,0.0,138702.0,556980.0,118737.0,0.0,-1027444.0,-598.7435897435897,-555264.0,-679.6305361305361,-492245.0,-1166246.0,-679.6305361305361,-332700.0,-833546.0,-485.74941724941726,-0.009386243269824084,-0.009386243269824084,88805071,88805071,https://www.sedar.com/ModifyCompanyDocumentSearchForm.do?lang=EN&company_search=Treasury Metals Inc&document_selection=0&industry_group=A&FromDate=13&FromMonth=05&FromYear=2000&ToDate=13&ToMonth=11&ToYear=2020&Variable=Issuer,https://www.sedar.com/ModifyCompanyDocumentSearchForm.do?lang=EN&company_search=Treasury Metals Inc&document_selection=0&industry_group=A&FromDate=13&FromMonth=05&FromYear=2000&ToDate=13&ToMonth=11&ToYear=2020&Variable=Issuer
0,2015-09-30,TML.TO,2015-09-30,2015-09-30,Q3,2076.0,0.0,2076.0,1.0,0.0,467184.0,0.0,0.0,138702.0,605886.0,180329.0,0.0,-603810.0,-290.85260115606934,-603810.0,-411.48314065510596,-70100.0,-854239.0,-411.48314065510596,0.0,-854239.0,-411.48314065510596,-0.03,-0.03,25571285,25571285,https://www.sedar.com/ModifyCompanyDocumentSearchForm.do?lang=EN&company_search=Treasury Metals Inc&document_selection=0&industry_group=A&FromDate=13&FromMonth=05&FromYear=2000&ToDate=13&ToMonth=11&ToYear=2020&Variable=Issuer,https://www.sedar.com/ModifyCompanyDocumentSearchForm.do?lang=EN&company_search=Treasury Metals Inc&document_selection=0&industry_group=A&FromDate=13&FromMonth=05&FromYear=2000&ToDate=13&ToMonth=11&ToYear=2020&Variable=Issuer
0,2015-06-30,TML.TO,2015-06-30,2015-06-30,Q2,2038.0,0.0,2038.0,1.0,0.0,325499.0,0.0,0.0,138702.0,464201.0,123024.0,0.0,-462163.0,-226.7728164867517,-462163.0,-287.1378802747792,0.0,-585187.0,-287.1378802747792,0.0,-585187.0,-287.1378802747792,-0.03,-0.03,25476757,25476757,https://www.sedar.com/ModifyCompanyDocumentSearchForm.do?lang=EN&company_search=Treasury Metals Inc&document_selection=0&industry_group=A&FromDate=13&FromMonth=05&FromYear=2000&ToDate=13&ToMonth=11&ToYear=2020&Variable=Issuer,https://www.sedar.com/ModifyCompanyDocumentSearchForm.do?lang=EN&company_search=Treasury Metals Inc&document_selection=0&industry_group=A&FromDate=13&FromMonth=05&FromYear=2000&ToDate=13&ToMonth=11&ToYear=2020&Variable=Issuer
0,2015-03-31,TML.TO,2015-03-31,2015-03-31,Q1,2214.0,0.0,2214.0,1.0,0.0,342680.0,0.0,0.0,138702.0,481382.0,111376.0,0.0,-479168.0,-216.4263775971093,-479168.0,-266.7317073170732,0.0,-590544.0,-266.7317073170732,-8000.0,-582544.0,-263.1183378500452,-0.03,-0.03,25204424,25204424,https://www.sedar.com/ModifyCompanyDocumentSearchForm.do?lang=EN&company_search=Treasury Metals Inc&document_selection=0&industry_group=A&FromDate=13&FromMonth=05&FromYear=2000&ToDate=13&ToMonth=11&ToYear=2020&Variable=Issuer,https://www.sedar.com/ModifyCompanyDocumentSearchForm.do?lang=EN&company_search=Treasury Metals Inc&document_selection=0&industry_group=A&FromDate=13&FromMonth=05&FromYear=2000&ToDate=13&ToMonth=11&ToYear=2020&Variable=Issuer
0,2014-12-31,TML.TO,2014-12-31,2014-12-31,Q4,2465.0,0.0,2465.0,1.0,0.0,394836.0,0.0,0.0,143732.0,538568.0,92959.0,0.0,-536103.0,-217.48600405679514,-536103.0,-255.1975659229209,0.0,-629062.0,-255.1975659229209,-439583.0,-189479.0,-76.86774847870183,-0.002133650678574425,-0.002133650678574425,88805071,88805071,https://www.sedar.com/ModifyCompanyDocumentSearchForm.do?lang=EN&company_search=Treasury Metals Inc&document_selection=0&industry_group=A&FromDate=13&FromMonth=05&FromYear=2000&ToDate=13&ToMonth=11&ToYear=2020&Variable=Issuer,https://www.sedar.com/ModifyCompanyDocumentSearchForm.do?lang=EN&company_search=Treasury Metals Inc&document_selection=0&industry_group=A&FromDate=13&FromMonth=05&FromYear=2000&ToDate=13&ToMonth=11&ToYear=2020&Variable=Issuer
0,2014-09-30,TML.TO,2014-09-30,2014-09-30,Q3,19120.0,0.0,19120.0,1.0,0.0,426743.0,0.0,0.0,101021.0,527764.0,70807.0,0.0,-508644.0,-26.602719665271966,-508644.0,-30.306014644351464,0.0,-579451.0,-30.306014644351464,0.0,-579451.0,-30.306014644351464,-0.03,-0.03,24787265,24787265,https://www.sedar.com/ModifyCompanyDocumentSearchForm.do?lang=EN&company_search=Treasury Metals Inc&document_selection=0&industry_group=A&FromDate=13&FromMonth=05&FromYear=2000&ToDate=13&ToMonth=11&ToYear=2020&Variable=Issuer,https://www.sedar.com/ModifyCompanyDocumentSearchForm.do?lang=EN&company_search=Treasury Metals Inc&document_selection=0&industry_group=A&FromDate=13&FromMonth=05&FromYear=2000&ToDate=13&ToMonth=11&ToYear=2020&Variable=Issuer
0,2014-06-30,TML.TO,2014-06-30,2014-06-30,Q2,70011.0,0.0,70011.0,1.0,0.0,405918.0,0.0,0.0,101023.0,506941.0,63050.0,0.0,-436930.0,-6.240876433703275,-436930.0,-7.141449200839868,0.0,-499980.0,-7.141449200839868,0.0,-499980.0,-7.141449200839868,0.0,0.0,24660671,24660671,https://www.sedar.com/ModifyCompanyDocumentSearchForm.do?lang=EN&company_search=Treasury Metals Inc&document_selection=0&industry_group=A&FromDate=13&FromMonth=05&FromYear=2000&ToDate=13&ToMonth=11&ToYear=2020&Variable=Issuer,https://www.sedar.com/ModifyCompanyDocumentSearchForm.do?lang=EN&company_search=Treasury Metals Inc&document_selection=0&industry_group=A&FromDate=13&FromMonth=05&FromYear=2000&ToDate=13&ToMonth=11&ToYear=2020&Variable=Issuer
0,2014-03-31,TML.TO,2014-03-31,2014-03-31,Q1,71797.0,0.0,71797.0,1.0,0.0,407594.0,0.0,0.0,0.0,407594.0,0.0,0.0,-335797.0,-4.677033859353455,-335797.0,-4.677033859353455,0.0,-335797.0,-4.677033859353455,282283.0,-618080.0,-8.608716241625695,-0.03,-0.03,21305395,21305395,https://www.sedar.com/ModifyCompanyDocumentSearchForm.do?lang=EN&company_search=Treasury Metals Inc&document_selection=0&industry_group=A&FromDate=13&FromMonth=05&FromYear=2000&ToDate=13&ToMonth=11&ToYear=2020&Variable=Issuer,https://www.sedar.com/ModifyCompanyDocumentSearchForm.do?lang=EN&company_search=Treasury Metals Inc&document_selection=0&industry_group=A&FromDate=13&FromMonth=05&FromYear=2000&ToDate=13&ToMonth=11&ToYear=2020&Variable=Issuer
0,2013-12-31,TML.TO,2013-12-31,2013-12-31,Q4,106507.0,0.0,106507.0,1.0,0.0,397208.0,0.0,0.0,0.0,397208.0,0.0,0.0,-290701.0,-2.729407456786878,-290701.0,-18.722703672059115,0.0,-1994099.0,-18.722703672059115,-302000.0,-1692099.0,-15.887209291408077,-0.019054080819326184,-0.019054080819326184,88805071,88805071,https://www.sedar.com/ModifyCompanyDocumentSearchForm.do?lang=EN&company_search=Treasury Metals Inc&document_selection=0&industry_group=A&FromDate=13&FromMonth=05&FromYear=2000&ToDate=13&ToMonth=11&ToYear=2020&Variable=Issuer,https://www.sedar.com/ModifyCompanyDocumentSearchForm.do?lang=EN&company_search=Treasury Metals Inc&document_selection=0&industry_group=A&FromDate=13&FromMonth=05&FromYear=2000&ToDate=13&ToMonth=11&ToYear=2020&Variable=Issuer
0,2013-09-30,TML.TO,2013-09-30,2013-09-30,Q3,143139.0,0.0,143139.0,1.0,0.0,361056.0,0.0,0.0,0.0,361056.0,0.0,0.0,-217917.0,-1.5224152746630897,-217917.0,-1.5224152746630897,0.0,-217917.0,-1.5224152746630897,0.0,-217917.0,-1.5224152746630897,0.0,0.0,21383231,21383231,https://www.sedar.com/ModifyCompanyDocumentSearchForm.do?lang=EN&company_search=Treasury Metals Inc&document_selection=0&industry_group=A&FromDate=13&FromMonth=05&FromYear=2000&ToDate=13&ToMonth=11&ToYear=2020&Variable=Issuer,https://www.sedar.com/ModifyCompanyDocumentSearchForm.do?lang=EN&company_search=Treasury Metals Inc&document_selection=0&industry_group=A&FromDate=13&FromMonth=05&FromYear=2000&ToDate=13&ToMonth=11&ToYear=2020&Variable=Issuer
0,2013-06-30,TML.TO,2013-06-30,2013-06-30,Q2,271253.0,0.0,271253.0,1.0,0.0,413989.0,0.0,0.0,0.0,413989.0,0.0,0.0,-142736.0,-0.5262098483703406,-142736.0,-0.5262098483703406,0.0,-142736.0,-0.5262098483703406,0.0,-142736.0,-0.5262098483703406,0.0,0.0,21383231,21383231,https://www.sedar.com/ModifyCompanyDocumentSearchForm.do?lang=EN&company_search=Treasury Metals Inc&document_selection=0&industry_group=A&FromDate=13&FromMonth=05&FromYear=2000&ToDate=13&ToMonth=11&ToYear=2020&Variable=Issuer,https://www.sedar.com/ModifyCompanyDocumentSearchForm.do?lang=EN&company_search=Treasury Metals Inc&document_selection=0&industry_group=A&FromDate=13&FromMonth=05&FromYear=2000&ToDate=13&ToMonth=11&ToYear=2020&Variable=Issuer
0,2013-03-31,TML.TO,2013-03-31,2013-03-31,Q1,202577.0,0.0,202577.0,1.0,0.0,484534.0,0.0,0.0,0.0,484534.0,0.0,0.0,-281957.0,-1.3918509998667175,-281957.0,-1.3918509998667175,0.0,-281957.0,-1.3918509998667175,0.0,-281957.0,-1.3918509998667175,0.0,0.0,20488337,20488337,https://www.sedar.com/ModifyCompanyDocumentSearchForm.do?lang=EN&company_search=Treasury Metals Inc&document_selection=0&industry_group=A&FromDate=13&FromMonth=05&FromYear=2000&ToDate=13&ToMonth=11&ToYear=2020&Variable=Issuer,https://www.sedar.com/ModifyCompanyDocumentSearchForm.do?lang=EN&company_search=Treasury Metals Inc&document_selection=0&industry_group=A&FromDate=13&FromMonth=05&FromYear=2000&ToDate=13&ToMonth=11&ToYear=2020&Variable=Issuer
0,2012-12-31,TML.TO,2012-12-31,2012-12-31,Q4,177376.0,0.0,177376.0,1.0,0.0,476341.0,0.0,0.0,0.0,435259.0,0.0,0.0,-257883.0,-1.4538776384629262,-257883.0,-1.4538776384629262,0.0,-257883.0,-1.4538776384629262,137400.0,-395283.0,-2.2285032924409163,-0.004451130949492738,-0.004451130949492738,88805071,88805071,https://www.sedar.com/ModifyCompanyDocumentSearchForm.do?lang=EN&company_search=Treasury Metals Inc&document_selection=0&industry_group=A&FromDate=13&FromMonth=05&FromYear=2000&ToDate=13&ToMonth=11&ToYear=2020&Variable=Issuer,https://www.sedar.com/ModifyCompanyDocumentSearchForm.do?lang=EN&company_search=Treasury Metals Inc&document_selection=0&industry_group=A&FromDate=13&FromMonth=05&FromYear=2000&ToDate=13&ToMonth=11&ToYear=2020&Variable=Issuer
0,2012-09-30,TML.TO,2012-09-30,2012-09-30,Q3,193595.0,0.0,193595.0,1.0,0.0,489146.0,0.0,0.0,0.0,502840.0,0.0,0.0,-295551.0,-1.5266458327952686,-309245.0,-1.5973811307110204,0.0,-309245.0,-1.5973811307110204,0.0,-309245.0,-1.5973811307110204,-0.03,-0.03,18142303,18142303,https://www.sedar.com/ModifyCompanyDocumentSearchForm.do?lang=EN&company_search=Treasury Metals Inc&document_selection=0&industry_group=A&FromDate=13&FromMonth=05&FromYear=2000&ToDate=13&ToMonth=11&ToYear=2020&Variable=Issuer,https://www.sedar.com/ModifyCompanyDocumentSearchForm.do?lang=EN&company_search=Treasury Metals Inc&document_selection=0&industry_group=A&FromDate=13&FromMonth=05&FromYear=2000&ToDate=13&ToMonth=11&ToYear=2020&Variable=Issuer
0,2012-06-30,TML.TO,2012-06-30,2012-06-30,Q2,270055.0,0.0,270055.0,1.0,0.0,511527.0,0.0,0.0,0.0,525221.0,0.0,0.0,-247203.0,-0.9153802003295625,-255166.0,-0.923645183388569,5731.0,-249435.0,-0.923645183388569,825000.0,-1074435.0,-3.9785784377256483,-0.06,-0.06,17677129,17677129,https://www.sedar.com/ModifyCompanyDocumentSearchForm.do?lang=EN&company_search=Treasury Metals Inc&document_selection=0&industry_group=A&FromDate=13&FromMonth=05&FromYear=2000&ToDate=13&ToMonth=11&ToYear=2020&Variable=Issuer,https://www.sedar.com/ModifyCompanyDocumentSearchForm.do?lang=EN&company_search=Treasury Metals Inc&document_selection=0&industry_group=A&FromDate=13&FromMonth=05&FromYear=2000&ToDate=13&ToMonth=11&ToYear=2020&Variable=Issuer
0,2012-03-31,TML.TO,2012-03-31,2012-03-31,Q1,237917.0,0.0,237917.0,1.0,0.0,507707.0,0.0,0.0,0.0,521401.0,0.0,0.0,-269790.0,-1.1339668876120663,-283484.0,-1.1915247754468996,0.0,-283484.0,-1.1915247754468996,0.0,-283484.0,-1.1915247754468996,0.0,0.0,17636786,17636786,https://www.sedar.com/ModifyCompanyDocumentSearchForm.do?lang=EN&company_search=Treasury Metals Inc&document_selection=0&industry_group=A&FromDate=13&FromMonth=05&FromYear=2000&ToDate=13&ToMonth=11&ToYear=2020&Variable=Issuer,https://www.sedar.com/ModifyCompanyDocumentSearchForm.do?lang=EN&company_search=Treasury Metals Inc&document_selection=0&industry_group=A&FromDate=13&FromMonth=05&FromYear=2000&ToDate=13&ToMonth=11&ToYear=2020&Variable=Issuer
0,2011-12-31,TML.TO,2011-12-31,2011-12-31,Q4,207270.0,0.0,207270.0,1.0,0.0,288113.0,0.0,0.0,0.0,1970156.0,0.0,0.0,-1744849.0,-8.418241906691755,-1762886.0,-8.505263665749988,0.0,-1762886.0,-8.505263665749988,-317338.0,-1445548.0,-6.974226853862112,-0.016277764138041172,-0.016277764138041172,88805071,88805071,https://www.sedar.com/ModifyCompanyDocumentSearchForm.do?lang=EN&company_search=Treasury Metals Inc&document_selection=0&industry_group=A&FromDate=13&FromMonth=05&FromYear=2000&ToDate=13&ToMonth=11&ToYear=2020&Variable=Issuer,https://www.sedar.com/ModifyCompanyDocumentSearchForm.do?lang=EN&company_search=Treasury Metals Inc&document_selection=0&industry_group=A&FromDate=13&FromMonth=05&FromYear=2000&ToDate=13&ToMonth=11&ToYear=2020&Variable=Issuer
0,2011-09-30,TML.TO,2011-09-30,2011-09-30,Q3,291215.0,0.0,291215.0,1.0,0.0,353732.0,0.0,0.0,0.0,361071.0,0.0,0.0,-62517.0,-0.2146764418041653,-69856.0,-0.2398777535497828,0.0,-69856.0,-0.2398777535497828,0.0,-69856.0,-0.2398777535497828,0.0,0.0,16253651,16253651,https://www.sedar.com/ModifyCompanyDocumentSearchForm.do?lang=EN&company_search=Treasury Metals Inc&document_selection=0&industry_group=A&FromDate=13&FromMonth=05&FromYear=2000&ToDate=13&ToMonth=11&ToYear=2020&Variable=Issuer,https://www.sedar.com/ModifyCompanyDocumentSearchForm.do?lang=EN&company_search=Treasury Metals Inc&document_selection=0&industry_group=A&FromDate=13&FromMonth=05&FromYear=2000&ToDate=13&ToMonth=11&ToYear=2020&Variable=Issuer
0,2011-06-30,TML.TO,2011-06-30,2011-06-30,Q2,230573.0,0.0,230573.0,1.0,0.0,404008.0,0.0,0.0,0.0,411347.0,0.0,0.0,-173435.0,-0.7521912799850806,-180774.0,-0.784020678917306,0.0,-180774.0,-0.784020678917306,0.0,-180774.0,-0.784020678917306,-0.03,-0.03,15764297,15764297,https://www.sedar.com/ModifyCompanyDocumentSearchForm.do?lang=EN&company_search=Treasury Metals Inc&document_selection=0&industry_group=A&FromDate=13&FromMonth=05&FromYear=2000&ToDate=13&ToMonth=11&ToYear=2020&Variable=Issuer,https://www.sedar.com/ModifyCompanyDocumentSearchForm.do?lang=EN&company_search=Treasury Metals Inc&document_selection=0&industry_group=A&FromDate=13&FromMonth=05&FromYear=2000&ToDate=13&ToMonth=11&ToYear=2020&Variable=Issuer
0,2011-03-31,TML.TO,2011-03-31,2011-03-31,Q1,256973.0,0.0,256973.0,1.0,0.0,413426.0,0.0,0.0,0.0,420471.0,0.0,0.0,-156453.0,-0.6088304997023034,-163498.0,-0.6362458312741027,0.0,-163498.0,-0.6362458312741027,29048.0,-192546.0,-0.7492849443326731,0.0,0.0,14660087,14660087,https://www.sedar.com/ModifyCompanyDocumentSearchForm.do?lang=EN&company_search=Treasury Metals Inc&document_selection=0&industry_group=A&FromDate=13&FromMonth=05&FromYear=2000&ToDate=13&ToMonth=11&ToYear=2020&Variable=Issuer,https://www.sedar.com/ModifyCompanyDocumentSearchForm.do?lang=EN&company_search=Treasury Metals Inc&document_selection=0&industry_group=A&FromDate=13&FromMonth=05&FromYear=2000&ToDate=13&ToMonth=11&ToYear=2020&Variable=Issuer
0,2010-12-31,TML.TO,2010-12-31,2010-12-31,Q4,-88169.0,0.0,-88169.0,1.0,0.0,978605.0,0.0,0.0,0.0,980288.0,0.0,0.0,-1068457.0,12.118284204198755,-1068457.0,63.49773729995803,0.0,-5598532.0,63.49773729995803,-1086000.0,-4512532.0,51.18048293617938,-0.05081390003055118,-0.05081390003055118,88805071,88805071,https://www.sedar.com/ModifyCompanyDocumentSearchForm.do?lang=EN&company_search=Treasury Metals Inc&document_selection=0&industry_group=A&FromDate=13&FromMonth=05&FromYear=2000&ToDate=13&ToMonth=11&ToYear=2020&Variable=Issuer,https://www.sedar.com/ModifyCompanyDocumentSearchForm.do?lang=EN&company_search=Treasury Metals Inc&document_selection=0&industry_group=A&FromDate=13&FromMonth=05&FromYear=2000&ToDate=13&ToMonth=11&ToYear=2020&Variable=Issuer
0,2010-09-30,TML.TO,2010-09-30,2010-09-30,Q3,66800.0,0.0,66800.0,1.0,0.0,249757.0,0.0,0.0,0.0,249757.0,0.0,0.0,-182957.0,-2.738877245508982,-182957.0,-2.738877245508982,0.0,-182957.0,-2.738877245508982,0.0,-182957.0,-2.738877245508982,-0.03,-0.03,12326623,12326623,https://www.sedar.com/ModifyCompanyDocumentSearchForm.do?lang=EN&company_search=Treasury Metals Inc&document_selection=0&industry_group=A&FromDate=13&FromMonth=05&FromYear=2000&ToDate=13&ToMonth=11&ToYear=2020&Variable=Issuer,https://www.sedar.com/ModifyCompanyDocumentSearchForm.do?lang=EN&company_search=Treasury Metals Inc&document_selection=0&industry_group=A&FromDate=13&FromMonth=05&FromYear=2000&ToDate=13&ToMonth=11&ToYear=2020&Variable=Issuer
0,2010-06-30,TML.TO,2010-06-30,2010-06-30,Q2,197299.0,0.0,197299.0,1.0,0.0,245349.0,0.0,0.0,0.0,245349.0,0.0,0.0,-48050.0,-0.24353899411553023,-48050.0,-0.24353899411553023,0.0,-48050.0,-0.24353899411553023,0.0,-48050.0,-0.24353899411553023,-0.0039,-0.0039,11552190,11552190,https://www.sedar.com/ModifyCompanyDocumentSearchForm.do?lang=EN&company_search=Treasury Metals Inc&document_selection=0&industry_group=A&FromDate=13&FromMonth=05&FromYear=2000&ToDate=13&ToMonth=11&ToYear=2020&Variable=Issuer,https://www.sedar.com/ModifyCompanyDocumentSearchForm.do?lang=EN&company_search=Treasury Metals Inc&document_selection=0&industry_group=A&FromDate=13&FromMonth=05&FromYear=2000&ToDate=13&ToMonth=11&ToYear=2020&Variable=Issuer
0,2010-03-31,TML.TO,2010-03-31,2010-03-31,Q1,162136.0,0.0,162136.0,1.0,0.0,171071.0,0.0,0.0,0.0,171071.0,0.0,0.0,-8935.0,-0.0551080574332659,-8935.0,-0.0551080574332659,0.0,-8935.0,-0.0551080574332659,0.0,-8935.0,-0.0551080574332659,0.0,0.0,11552190,11552190,https://www.sedar.com/ModifyCompanyDocumentSearchForm.do?lang=EN&company_search=Treasury Metals Inc&document_selection=0&industry_group=A&FromDate=13&FromMonth=05&FromYear=2000&ToDate=13&ToMonth=11&ToYear=2020&Variable=Issuer,https://www.sedar.com/ModifyCompanyDocumentSearchForm.do?lang=EN&company_search=Treasury Metals Inc&document_selection=0&industry_group=A&FromDate=13&FromMonth=05&FromYear=2000&ToDate=13&ToMonth=11&ToYear=2020&Variable=Issuer
0,2009-12-31,TML.TO,2009-12-31,2009-12-31,Q4,82535.0,0.0,82535.0,1.0,0.0,379330.0,0.0,0.0,0.0,379330.0,0.0,0.0,-296795.0,-3.5959895801781063,-296795.0,-6.563663900163567,-244814.0,-541732.0,-6.563663900163567,-546768.0,5036.0,0.06101653843823832,5.670847332580816e-05,5.670847332580816e-05,88805071,88805071,https://www.sedar.com/ModifyCompanyDocumentSearchForm.do?lang=EN&company_search=Treasury Metals Inc&document_selection=0&industry_group=A&FromDate=13&FromMonth=05&FromYear=2000&ToDate=13&ToMonth=11&ToYear=2020&Variable=Issuer,https://www.sedar.com/ModifyCompanyDocumentSearchForm.do?lang=EN&company_search=Treasury Metals Inc&document_selection=0&industry_group=A&FromDate=13&FromMonth=05&FromYear=2000&ToDate=13&ToMonth=11&ToYear=2020&Variable=Issuer
0,2009-09-30,TML.TO,2009-09-30,2009-09-30,Q3,132604.0,0.0,132604.0,1.0,0.0,318261.0,0.0,0.0,0.0,318261.0,0.0,0.0,-178840.0,-1.3486772646375675,-185657.0,-1.4000859702573074,0.0,-185657.0,-1.4000859702573074,0.0,-185657.0,-1.4000859702573074,-0.03,-0.03,9664920.0,9664920.0,https://www.sedar.com/ModifyCompanyDocumentSearchForm.do?lang=EN&company_search=Treasury Metals Inc&document_selection=0&industry_group=A&FromDate=13&FromMonth=05&FromYear=2000&ToDate=13&ToMonth=11&ToYear=2020&Variable=Issuer,https://www.sedar.com/ModifyCompanyDocumentSearchForm.do?lang=EN&company_search=Treasury Metals Inc&document_selection=0&industry_group=A&FromDate=13&FromMonth=05&FromYear=2000&ToDate=13&ToMonth=11&ToYear=2020&Variable=Issuer
0,2009-06-30,TML.TO,2009-06-30,2009-06-30,Q2,104595.0,0.0,104595.0,1.0,0.0,560159.0,0.0,0.0,0.0,560159.0,0.0,0.0,-455564.0,-4.3555045652277835,-455564.0,-4.3555045652277835,-130.0,-455564.0,-4.3555045652277835,0.0,-455564.0,-4.3555045652277835,-0.03,-0.03,9664920.0,9664920.0,https://www.sedar.com/ModifyCompanyDocumentSearchForm.do?lang=EN&company_search=Treasury Metals Inc&document_selection=0&industry_group=A&FromDate=13&FromMonth=05&FromYear=2000&ToDate=13&ToMonth=11&ToYear=2020&Variable=Issuer,https://www.sedar.com/ModifyCompanyDocumentSearchForm.do?lang=EN&company_search=Treasury Metals Inc&document_selection=0&industry_group=A&FromDate=13&FromMonth=05&FromYear=2000&ToDate=13&ToMonth=11&ToYear=2020&Variable=Issuer
0,2009-03-31,TML.TO,2009-03-31,2009-03-31,Q1,113349.0,0.0,113349.0,1.0,0.0,265879.0,0.0,0.0,0.0,265879.0,0.0,0.0,-152530.0,-1.3456669225136526,-152530.0,-1.3456669225136526,-49.0,-152530.0,-1.3456669225136526,-82232.0,-70298.0,-0.620190738339112,0.0,0.0,8929562.0,8929562.0,https://www.sedar.com/ModifyCompanyDocumentSearchForm.do?lang=EN&company_search=Treasury Metals Inc&document_selection=0&industry_group=A&FromDate=13&FromMonth=05&FromYear=2000&ToDate=13&ToMonth=11&ToYear=2020&Variable=Issuer,https://www.sedar.com/ModifyCompanyDocumentSearchForm.do?lang=EN&company_search=Treasury Metals Inc&document_selection=0&industry_group=A&FromDate=13&FromMonth=05&FromYear=2000&ToDate=13&ToMonth=11&ToYear=2020&Variable=Issuer
0,2008-12-31,TML.TO,2008-12-31,2008-12-31,Q4,191246.0,0.0,191246.0,1.0,0.0,437659.0,0.0,0.0,0.0,437659.0,0.0,0.0,-246413.0,-1.2884609351306695,-246413.0,0.0,0.0,0.0,0.0,0.0,-212640.0,-1.1118663919768257,-0.002394457857029358,-0.002394457857029358,88805071,88805071,https://www.sedar.com/ModifyCompanyDocumentSearchForm.do?lang=EN&company_search=Treasury Metals Inc&document_selection=0&industry_group=A&FromDate=13&FromMonth=05&FromYear=2000&ToDate=13&ToMonth=11&ToYear=2020&Variable=Issuer,https://www.sedar.com/ModifyCompanyDocumentSearchForm.do?lang=EN&company_search=Treasury Metals Inc&document_selection=0&industry_group=A&FromDate=13&FromMonth=05&FromYear=2000&ToDate=13&ToMonth=11&ToYear=2020&Variable=Issuer
0,2008-09-30,TML.TO,2008-09-30,2008-09-30,Q3,110066.0,0.0,110066.0,1.0,0.0,180760.0,0.0,0.0,0.0,180760.0,0.0,0.0,-70694.0,-0.6422873548598114,-70694.0,0.0,-2552787.0,0.0,0.0,0.0,-2623294.0,-23.83382697654135,-0.382642,-0.382642,6855745.0,6855745.0,https://www.sedar.com/ModifyCompanyDocumentSearchForm.do?lang=EN&company_search=Treasury Metals Inc&document_selection=0&industry_group=A&FromDate=13&FromMonth=05&FromYear=2000&ToDate=13&ToMonth=11&ToYear=2020&Variable=Issuer,https://www.sedar.com/ModifyCompanyDocumentSearchForm.do?lang=EN&company_search=Treasury Metals Inc&document_selection=0&industry_group=A&FromDate=13&FromMonth=05&FromYear=2000&ToDate=13&ToMonth=11&ToYear=2020&Variable=Issuer
0,2008-06-30,TML.TO,2008-06-30,2008-06-30,Q2,129029.0,0.0,129029.0,1.0,0.0,289172.0,0.0,0.0,0.0,289172.0,81664.0,0.0,-160143.0,-1.2411395887746166,-160143.0,0.0,113934.0,0.0,0.0,0.0,-241807.0,-1.8740515698021376,-0.035271,-0.035271,6855745.0,6855745.0,https://www.sedar.com/ModifyCompanyDocumentSearchForm.do?lang=EN&company_search=Treasury Metals Inc&document_selection=0&industry_group=A&FromDate=13&FromMonth=05&FromYear=2000&ToDate=13&ToMonth=11&ToYear=2020&Variable=Issuer,https://www.sedar.com/ModifyCompanyDocumentSearchForm.do?lang=EN&company_search=Treasury Metals Inc&document_selection=0&industry_group=A&FromDate=13&FromMonth=05&FromYear=2000&ToDate=13&ToMonth=11&ToYear=2020&Variable=Issuer
0,2008-03-31,TML.TO,2008-03-31,2008-03-31,Q1,194785.0,0.0,194785.0,1.0,0.0,115075.0,0.0,0.0,0.0,115075.0,0.0,0.0,79710.0,0.40922042251713425,79710.0,0.0,162176.0,0.0,0.0,0.0,79710.0,0.40922042251713425,0.011627,0.011627,6855745.0,6855745.0,https://www.sedar.com/ModifyCompanyDocumentSearchForm.do?lang=EN&company_search=Treasury Metals Inc&document_selection=0&industry_group=A&FromDate=13&FromMonth=05&FromYear=2000&ToDate=13&ToMonth=11&ToYear=2020&Variable=Issuer,https://www.sedar.com/ModifyCompanyDocumentSearchForm.do?lang=EN&company_search=Treasury Metals Inc&document_selection=0&industry_group=A&FromDate=13&FromMonth=05&FromYear=2000&ToDate=13&ToMonth=11&ToYear=2020&Variable=Issuer
0,2007-12-31,TML.TO,,,Q4,0.0,0.0,0.0,0.0,0.0,0.0,0.0,0.0,0.0,125286.0,0.0,0.0,-125286.0,0.0,-125286.0,0.0,0.0,0.0,0.0,0.0,-125286.0,0.0,-0.0014107978135617953,-0.0014107978135617953,88805071,88805071,https://www.sedar.com/ModifyCompanyDocumentSearchForm.do?lang=EN&company_search=Treasury Metals Inc&document_selection=0&industry_group=A&FromDate=13&FromMonth=05&FromYear=2000&ToDate=13&ToMonth=11&ToYear=2020&Variable=Issuer,https://www.sedar.com/ModifyCompanyDocumentSearchForm.do?lang=EN&company_search=Treasury Metals Inc&document_selection=0&industry_group=A&FromDate=13&FromMonth=05&FromYear=2000&ToDate=13&ToMonth=11&ToYear=2020&Variable=Issuer
0,2007-09-30,TML.TO,2007-09-30,2007-09-30,Q3,0.0,0.0,0.0,0.0,0.0,0.0,0.0,0.0,0.0,300.0,0.0,0.0,-300.0,0.0,-300.0,0.0,0.0,0.0,0.0,0.0,-300.0,0.0,-4.4e-05,-4.4e-05,6855745.0,6855745.0,https://www.sedar.com/ModifyCompanyDocumentSearchForm.do?lang=EN&company_search=Treasury Metals Inc&document_selection=0&industry_group=A&FromDate=13&FromMonth=05&FromYear=2000&ToDate=13&ToMonth=11&ToYear=2020&Variable=Issuer,https://www.sedar.com/ModifyCompanyDocumentSearchForm.do?lang=EN&company_search=Treasury Metals Inc&document_selection=0&industry_group=A&FromDate=13&FromMonth=05&FromYear=2000&ToDate=13&ToMonth=11&ToYear=2020&Variable=Issuer
