,date,symbol,fillingDate,acceptedDate,period,revenue,costOfRevenue,grossProfit,grossProfitRatio,researchAndDevelopmentExpenses,generalAndAdministrativeExpenses,sellingAndMarketingExpenses,otherExpenses,operatingExpenses,costAndExpenses,interestExpense,depreciationAndAmortization,ebitda,ebitdaratio,operatingIncome,operatingIncomeRatio,totalOtherIncomeExpensesNet,incomeBeforeTax,incomeBeforeTaxRatio,incomeTaxExpense,netIncome,netIncomeRatio,eps,epsdiluted,weightedAverageShsOut,weightedAverageShsOutDil,link,finalLink
0,2020-09-30,GSM,2020-09-30,2020-09-30,Q3,262673000,166231000,96442000,0.0,0.0,56329000,0.0,18086000,166231000,0.0,-13985000,0.0,0.0,0.0,-4497000.0,0.0,0.0,-39594000,0.0,1841000.0,-47284000,0.0,-0.2793671050610325,-0.2793671050610325,169254000,169254000,,
0,2020-06-30,GSM,2020-08-14 00:00:00,2020-08-14 08:18:01,Q2,250004000,153291000,96713000,0.386846,0.0,48912000,0.0,25792000,102078000,255369000,-14060000,27459000.000000004,-4097999.999999997,-0.016392,-5365000.0,-0.02146,0.0,-19425000,-0.077699,-5390000.0,-12107000,-0.048427,-0.07153,-0.07153,169254000,169254000,https://www.sec.gov/Archives/edgar/data/1639877/000155837020010604/0001558370-20-010604-index.htm,https://www.sec.gov/Archives/edgar/data/1639877/000155837020010604/tmb-20200814x6k.htm
0,2020-03-31,GSM,2020-04-30 00:00:00,2020-04-30 17:26:33,Q1,311223000,243360000,67863000,0.218053,0.0,55097000,0.0,32299000,116735000.00000001,360095000,-10880000,28668000,-40806000,-0.131115,-48872000,-0.157032,-1000.0,-59753000,-0.191994,-10696000,-47898000,-0.153903,-0.283,-0.283,169249000,169249000,https://www.sec.gov/Archives/edgar/data/1639877/000163987720000007/0001639877-20-000007-index.html,https://www.sec.gov/Archives/edgar/data/1639877/000163987720000007/c877-20200430x6k.htm
0,2019-12-31,GSM,2020-01-13 00:00:00,2020-01-13 08:59:49,Q4,376607000,314905000,61702000,0.163837,0.0,63378000,0.0,46357000,140211000,455116000,-13271000,30028999.999999996,-69785000,-0.185299,-78509000,-0.208464,0.0,-91780000,-0.243702,-14119000,-72424000,-0.192307,-0.42793,-0.42793,169242620,169242620,https://www.sec.gov/Archives/edgar/data/1639877/000163987720000002/0001639877-20-000002-index.html,https://www.sec.gov/Archives/edgar/data/1639877/000163987720000002/c877-20200113x6k.htm
0,2019-09-30,GSM,2019-10-01 00:00:00,2019-10-01 09:24:43,Q3,381745000,277692000,104053000,0.272572,0.0,72536000,0.0,36845000,316764000,594456000,-18661000,29591000,-143916000,-0.376995,-212711000,-0.557207,0.0,-231372000,-0.60609,-14322000,-140524000,-0.36811,-0.8309,-0.8309,169123000,169123000,https://www.sec.gov/Archives/edgar/data/1639877/000163987719000007/0001639877-19-000007-index.html,https://www.sec.gov/Archives/edgar/data/1639877/000163987719000007/c877-20191001x6k.htm
0,2019-06-30,GSM,2019-08-27 00:00:00,2019-08-27 08:08:52,Q2,409479000,292432000,117047000,0.285844,0.0,74852000,0.0,48394000,154370000,446802000,-10262000,31327000.000000004,-24647999.999999996,-0.060194,-37323000,-0.091148,0.0,-47585000,-0.116209,-4890000.0,-40823000,-0.099695,-0.24138,-0.24138,169123000,169123000,https://www.sec.gov/Archives/edgar/data/1639877/000163987719000005/0001639877-19-000005-index.html,https://www.sec.gov/Archives/edgar/data/1639877/000163987719000005/c877-20190827x6k.htm
0,2019-03-31,GSM,2019-04-29 00:00:00,2019-04-29 16:39:03,Q1,447391000,329368000,118023000,0.263803,0.0,74263000,0.0,39896000,145066000.00000003,474434000.00000006,-14038000,32077000,-17001000,-0.038,-27043000,-0.060446,0.0,-41081000,-0.091823,-8210000.0,-26830000,-0.05997,-0.15864,-0.15864,169123000,169123000,https://www.sec.gov/Archives/edgar/data/1639877/000155837019003482/0001558370-19-003482-index.html,https://www.sec.gov/Archives/edgar/data/1639877/000155837019003482/gsm-20181231x20f.htm
0,2018-12-31,GSM,2019-02-26 00:00:00,2019-02-25 17:43:30,Q4,603519000,448333000,155186000,0.257135,0.0,81230000,0.0,52612000,218817999.99999994,667150999.9999999,-16831000,30061999.999999996,-52289000,-0.08664,-63632000,-0.105435,0.0,-80463000,-0.133323,-6308000.0,-59212000,-0.098111,-0.34887,-0.34887,169727090,169727090,https://www.sec.gov/Archives/edgar/data/1639877/000155837019001012/0001558370-19-001012-index.html,https://www.sec.gov/Archives/edgar/data/1639877/000155837019001012/f6-k.htm
0,2018-09-30,GSM,2018-11-26 00:00:00,2018-11-26 17:27:02,Q3,524407000,334340000,190067000,0.362442,0.0,88134000,0.0,58290000,175790000.00000003,510130000,-15675000,30775000.000000007,14518000.000000006,0.027685,14277000,0.027225,0.0,-1398000.0,-0.002666,663000.0,-1245000.0,-0.002374,-0.00724,-0.00724,171935000,171935000,https://www.sec.gov/Archives/edgar/data/1639877/000155837018009455/0001558370-18-009455-index.html,https://www.sec.gov/Archives/edgar/data/1639877/000155837018009455/f6-k.htm
0,2018-06-30,GSM,2018-07-16 00:00:00,2018-07-16 10:57:32,Q2,577900000,343800000,234100000,0.405087,0.0,88200000,0.0,21100000,135599999.99999997,479399999.99999994,-19100000,30299999.999999996,92600000,0.160235,98500000,0.170445,-53100000,79400000,0.137394,14000000,67400000,0.116629,0.39163,0.39163,172100000,172100000,https://www.sec.gov/Archives/edgar/data/1639877/000104746918005040/0001047469-18-005040-index.html,https://www.sec.gov/Archives/edgar/data/1639877/000104746918005040/a2236194z6-k.htm
0,2018-03-31,GSM,2018-04-30 00:00:00,2018-04-30 14:58:00,Q1,548700000,320500000,228100000,0.41571,0.0,81900000,0.0,62300000,171100000.00000003,491600000,-13100000,28000000,65300000,0.119009,57100000,0.104064,-6800000.0,44000000,0.08019,13700000,36700000,0.066885,0.21325,0.21325,172100000,172100000,https://www.sec.gov/Archives/edgar/data/1639877/000155837018003516/0001558370-18-003516-index.html,https://www.sec.gov/Archives/edgar/data/1639877/000155837018003516/gsm-20171231x20f.htm
0,2017-12-31,GSM,2018-01-24 00:00:00,2018-01-24 10:45:17,Q4,468200000,284600000,183600000,0.39214,0.0,87100000,0.0,49900000,185200000,469800000,-18100000,23799999.999999996,17299999.999999996,0.03695,-1600000.0,-0.003417,-5200000.0,-19700000,-0.042076,5200000.0,6400000.0,0.013669,0.03721,0.03721,172000000,172000000,https://www.sec.gov/Archives/edgar/data/1639877/000163987718000002/0001639877-18-000002-index.html,https://www.sec.gov/Archives/edgar/data/1639877/000163987718000002/form6-k.htm
0,2017-09-30,GSM,2017-10-02 00:00:00,2017-10-02 15:25:30,Q3,451600000,267400000,184300000,0.408105,0.0,74200000,0.0,52300000,157000000,424400000,-17900000,27100000,20300000,0.044951,27300000,0.060452,-7400000.0,9400000.0,0.020815,14400000,-3300000.0,-0.007307,-0.0192,-0.0192,171900000,171900000,https://www.sec.gov/Archives/edgar/data/1639877/000095015717001388/0000950157-17-001388-index.html,https://www.sec.gov/Archives/edgar/data/1639877/000095015717001388/form6k.htm
0,2017-06-30,GSM,2017-07-06 00:00:00,2017-07-06 10:47:52,Q2,425800000,250300000,175500000,0.412165,0.0,74200000,0.0,61000000,165099999.99999997,415399999.99999994,-11400000,26400000.000000004,16000000.000000002,0.037576,10400000,0.024425,-4000000.0,-900000.0,-0.002114,-1900000.0,2900000.0,0.006811,0.01686,0.01686,172000000,172000000,https://www.sec.gov/Archives/edgar/data/1639877/000095015717001030/0000950157-17-001030-index.html,https://www.sec.gov/Archives/edgar/data/1639877/000095015717001030/form6-k.htm
0,2017-03-31,GSM,2017-04-24 00:00:00,2017-04-24 12:51:57,Q1,396000000,241100000,154900000,0.391162,0.0,66500000,0.0,58500000,151299999.99999997,392400000,-13000000,27200000,6400000.0,0.016162,3700000.0,0.009343,-1600000.0,-9300000.0,-0.023485,-1200000.0,-6600000.0,-0.016667,-0.03842,-0.03842,171800000,171800000,https://www.sec.gov/Archives/edgar/data/1639877/000095015717000494/0000950157-17-000494-index.html,https://www.sec.gov/Archives/edgar/data/1639877/000095015717000494/form6k.htm
0,2016-12-31,GSM,2017-01-03 00:00:00,2017-01-03 17:29:02,Q4,389900000,272200000,117700000,0.301872,0.0,89600000,0.0,48900000,364099999.99999994,636300000,-8100000.0,27700000.000000004,-230700000,-0.59169,-246500000,-0.632213,-15200000,-254600000,-0.652988,-8300000.0,-242000000,-0.620672,-1.40861,-1.40861,171800000,171800000,https://www.sec.gov/Archives/edgar/data/1639877/000119312517000885/0001193125-17-000885-index.html,https://www.sec.gov/Archives/edgar/data/1639877/000119312517000885/d317062d6k.htm
0,2016-09-30,GSM,2016-10-26 00:00:00,2016-10-26 15:08:55,Q3,364700000,236600000,128100000,0.351248,0.0,67600000,0.0,55500000,161799999.99999997,398400000,-7600000.0,30500000,-15800000,-0.043323,-33700000,-0.092405,-5000000.0,-41200000,-0.11297,-10200000,-28500000,-0.078146,-0.16589,-0.16589,171800000,171800000,https://www.sec.gov/Archives/edgar/data/1639877/000119312516747795/0001193125-16-747795-index.html,https://www.sec.gov/Archives/edgar/data/1639877/000119312516747795/d249296d6k.htm
0,2016-06-30,GSM,,,Q2,398000000,252800000,145200000,0.364824,0.0,72100000,0.0,60700000,216300000,469100000,-7200000.0,24500000,-53900000,-0.135427,-71200000,-0.178894,-3700000.0,-78400000,-0.196985,-29000000,-42200000,-0.10603,-0.24563,-0.24563,171800000,171800000,,
0,2016-03-31,GSM,2016-05-02 00:00:00,2016-05-02 17:22:36,Q1,423500000,281800000,141600000,0.334357,0.0,67200000,0.0,52600000,163500000,445300000,-9300000.0,43000000,8800000.0,0.020779,-21800000,-0.051476,-2300000.0,-31100000,-0.073436,800000.0,-25700000,-0.060685,-0.14959,-0.14959,171800000,171800000,https://www.sec.gov/Archives/edgar/data/1639877/000119312516572914/0001193125-16-572914-index.html,https://www.sec.gov/Archives/edgar/data/1639877/000119312516572914/d158678d20f.htm
