,date,symbol,fillingDate,acceptedDate,period,revenue,costOfRevenue,grossProfit,grossProfitRatio,researchAndDevelopmentExpenses,generalAndAdministrativeExpenses,sellingAndMarketingExpenses,otherExpenses,operatingExpenses,costAndExpenses,interestExpense,depreciationAndAmortization,ebitda,ebitdaratio,operatingIncome,operatingIncomeRatio,totalOtherIncomeExpensesNet,incomeBeforeTax,incomeBeforeTaxRatio,incomeTaxExpense,netIncome,netIncomeRatio,eps,epsdiluted,weightedAverageShsOut,weightedAverageShsOutDil,link,finalLink
0,2020-09-30,CLF,2020-10-23,2020-10-23 12:13:17,Q3,-47800000,1525400000,-1477600000,30.91213389121339,0.0,59600000,0.0,-83700000,-24100000,1608000000,0.0,87000000,125000000,-2.61506276151,38000000,-0.794979079498,-58200000,-20200000,0.422594142259,-22400000,-10000000,0.209205020921,0.365245,0.365245,365200000,365200000,https://www.sec.gov/Archives/edgar/data/764065/000076406520000231/0000764065-20-000231-index.htm,https://www.sec.gov/Archives/edgar/data/764065/000076406520000231/clf-20200930.htm
0,2020-06-30,CLF,2020-07-30,2020-07-30 12:45:33,Q2,1092700000,1207500000,-114800000,-0.10506085842408712,0.0,59700000,0.0,13100000,-35799999.999999955,1171700000,-68700000,77100000,-140200000,-0.128306,-79000000,-0.072298,15200000,-132500000,-0.121259,-24700000,-123900000,-0.113389,-0.31045,-0.31045,399100000,399100000,https://www.sec.gov/Archives/edgar/data/764065/000076406520000212/0000764065-20-000212-index.htm,https://www.sec.gov/Archives/edgar/data/764065/000076406520000212/clf-202063010xq.htm
0,2020-03-31,CLF,2020-05-11,2020-05-11 11:39:06,Q1,359100000,356000000,3100000.0,0.008632692843219159,0.0,25000000,0.0,13300000,78699999.99999999,434700000,31000000,34400000,-38100000,-0.106099,-75600000,-0.210526,6100000.0,-100600000,-0.280145,-51400000,-52100000,-0.145085,-0.17513,-0.17513,297500000,297500000,https://www.sec.gov/Archives/edgar/data/764065/000076406520000189/0000764065-20-000189-index.htm,https://www.sec.gov/Archives/edgar/data/764065/000076406520000041/clf-2019123110xk.htm
0,2019-12-31,CLF,2020-02-20,2020-02-20 11:26:49,Q4,534100000,407200000,126900000,0.23759595581351806,0.0,37200000,0.0,8000000.0,45199999.99999999,452400000,99000000,21999999.999999993,178700000,0.334582,81700000,0.152968,900000.0,57900000,0.108407,-5500000.0,63200000,0.11833,0.23011,0.23011,274655000,274655000,https://www.sec.gov/Archives/edgar/data/764065/000076406520000041/0000764065-20-000041-index.htm,https://www.sec.gov/Archives/edgar/data/764065/000076406520000041/clf-2019123110xk.htm
0,2019-09-30,CLF,2019-10-23,2019-10-23 10:42:00,Q3,555600000,400700000,154900000,0.2787976961843053,0.0,25500000,0.0,7800000.0,33300000.00000001,434000000,-25300000,22200000.000000004,92600000,0.166667,121600000,0.218862,300000.0,96600000,0.173866,4800000.0,90900000,0.163607,0.32866,0.32866,276578000,276578000,https://www.sec.gov/Archives/edgar/data/764065/000076406519000175/0000764065-19-000175-index.htm,https://www.sec.gov/Archives/edgar/data/764065/000076406519000175/clf-201993010xq.htm
0,2019-06-30,CLF,2019-07-19,2019-07-19 10:29:30,Q2,743200000,480200000,263000000,0.3538751345532831,0.0,30600000,0.0,5600000.0,54099999.99999996,534299999.99999994,-26100000,21000000,177700000,0.239101,208900000,0.281082,600000.0,183400000,0.246771,22000000,160800000,0.216362,0.56326,0.56326,285479000,285479000,https://www.sec.gov/Archives/edgar/data/764065/000076406519000134/0000764065-19-000134-index.htm,https://www.sec.gov/Archives/edgar/data/764065/000076406519000134/clf-201963010xq.htm
0,2019-03-31,CLF,2019-04-25,2019-04-25 10:55:33,Q1,157000000,126100000,30900000,0.19681528662420383,0.0,28100000,0.0,3600000.0,31700000.00000002,157800000.00000003,-25100000,19900000,-31000000,-0.197452,-800000.0,-0.005096,100000.0,-25800000,-0.164331,-3700000.0,-22100000,-0.140764,-0.07633,-0.07633,289525000,289525000,https://www.sec.gov/Archives/edgar/data/764065/000076406519000072/0000764065-19-000072-index.htm,https://www.sec.gov/Archives/edgar/data/764065/000076406519000025/clf-2018123110xk.htm
0,2018-12-31,CLF,2019-02-08,2019-02-08 12:17:54,Q4,696300000,493300000,203000000,0.29154100244147635,0.0,35400000,0.0,4200000.0,46800000.00000001,540100000,-25800000,20400000.000000007,114500000,0.164441,156200000,0.224329,4100000.0,134500000,0.193164,-489600000,609500000,0.875341,1.99176,1.99176,306010000,306010000,https://www.sec.gov/Archives/edgar/data/764065/000076406519000025/0000764065-19-000025-index.htm,https://www.sec.gov/Archives/edgar/data/764065/000076406519000025/clf-2018123110xk.htm
0,2018-09-30,CLF,2018-10-19,2018-10-19 11:32:58,Q3,741800000,480200000,261600000,0.35265570234564575,0.0,30100000,0.0,4700000.0,36099999.99999996,516299999.99999994,-29500000,19199999.999999996,428000000,0.576975,225500000,0.30399,4300000.0,200300000,0.270019,500000.0,437800000,0.590186,1.41133,1.41133,310203000,310203000,https://www.sec.gov/Archives/edgar/data/764065/000076406518000139/0000764065-18-000139-index.htm,https://www.sec.gov/Archives/edgar/data/764065/000076406518000139/clf-201893010xq.htm
0,2018-06-30,CLF,2018-07-24,2018-07-24 13:40:12,Q2,714300000,429800000,284500000,0.3982920341593168,0.0,26200000,0.0,4000000.0,30099999.999999966,459899999.99999994,-31200000,25500000,157600000,0.220636,254400000,0.356153,4400000.0,227600000,0.318634,-1800000.0,165100000,0.231135,0.54796,0.54796,301300000,301300000,https://www.sec.gov/Archives/edgar/data/764065/000076406518000126/0000764065-18-000126-index.htm,https://www.sec.gov/Archives/edgar/data/764065/000076406518000126/clf-201863010xq.htm
0,2018-03-31,CLF,2018-04-24,2018-04-24 09:46:32,Q1,180000000,118500000,61500000,0.3416666666666667,0.0,25100000,0.0,5700000.0,31199999.99999999,149700000,-32400000,23900000,-77100000,-0.428333,30300000,0.168333,4400000.0,2300000.0,0.012778,15700000,-84300000,-0.468333,-0.28336,-0.28336,297500000,297500000,https://www.sec.gov/Archives/edgar/data/764065/000076406518000088/0000764065-18-000088-index.htm,https://www.sec.gov/Archives/edgar/data/764065/000076406518000035/clf-2017123110xk.htm
0,2017-12-31,CLF,2018-02-14,2018-02-14 12:07:00,Q4,511800000,390600000,121200000,0.23681125439624853,0.0,27400000,0.0,-19200000,8299999.999999955,398899999.99999994,-27700000,21400000.000000007,58400000.00000001,0.114107,112900000,0.220594,2600000.0,87800000,0.171551,-245200000,309900000,0.60551,1.03197,1.03197,300300000,300300000,https://www.sec.gov/Archives/edgar/data/764065/000076406518000035/0000764065-18-000035-index.htm,https://www.sec.gov/Archives/edgar/data/764065/000076406518000035/clf-2017123110xk.htm
0,2017-09-30,CLF,2017-10-23,2017-10-23 16:21:51,Q3,596700000,438900000,157800000,0.2644544997486174,0.0,23800000,0.0,4000000.0,117700000.00000004,556600000,-27600000,21500000,40100000,0.067203,40100000,0.067203,2600000.0,15100000,0.025306,-7200000.0,53400000,0.089492,0.17735,0.17735,301100000,301100000,https://www.sec.gov/Archives/edgar/data/764065/000076406517000163/0000764065-17-000163-index.htm,https://www.sec.gov/Archives/edgar/data/764065/000076406517000163/clf-201793010xq.htm
0,2017-06-30,CLF,2017-07-27,2017-07-27 12:25:48,Q2,471300000,326600000,144700000,0.30702312751962657,0.0,26600000,0.0,3400000.0,34399999.99999998,361000000,-30100000,21599999.999999996,22199999.999999996,0.047104,110300000,0.234034,2500000.0,82700000,0.175472,-1100000.0,31800000,0.067473,0.10575,0.10575,300700000,300700000,https://www.sec.gov/Archives/edgar/data/764065/000076406517000135/0000764065-17-000135-index.htm,https://www.sec.gov/Archives/edgar/data/764065/000076406517000135/clf-201763010xq.htm
0,2017-03-31,CLF,2017-04-27,2017-04-27 13:52:47,Q1,286200000,237200000,49000000,0.17120894479385046,0.0,25100000,0.0,5300000.0,87500000,324700000,-41400000,23200000,-45200000,-0.157932,-38500000,-0.134521,2500000.0,-77400000,-0.27044,1100000.0,-28100000,-0.098183,-0.10596,-0.10596,265200000,265200000,https://www.sec.gov/Archives/edgar/data/764065/000076406517000075/0000764065-17-000075-index.htm,https://www.sec.gov/Archives/edgar/data/764065/000076406517000021/clf-2016123110xk.htm
0,2016-12-31,CLF,2017-02-09,2017-02-09 13:46:17,Q4,754000000,570300000,183700000,0.2436339522546419,0.0,36000000,0.0,400000.0,49800000.00000007,620100000.0000001,-44300000,26500000,50800000,0.067374,133900000,0.177586,0.0,89600000,0.118833,-10500000,79100000,0.104907,0.33631,0.33631,235200000,235200000,https://www.sec.gov/Archives/edgar/data/764065/000076406517000021/0000764065-17-000021-index.htm,https://www.sec.gov/Archives/edgar/data/764065/000076406517000021/clf-2016123110xk.htm
0,2016-09-30,CLF,2016-10-27,2016-10-27 13:39:20,Q3,553300000,467000000,86300000,0.1559732514006868,0.0,31100000,0.0,20200000,69899999.99999999,536900000,-48700000,26800000.000000004,-54799999.99999999,-0.099042,16400000,0.02964,100000.0,-32200000,-0.058196,-7100000.0,-25800000,-0.046629,-0.12506,-0.12506,206300000,206300000,https://www.sec.gov/Archives/edgar/data/764065/000076406516000286/0000764065-16-000286-index.htm,https://www.sec.gov/Archives/edgar/data/764065/000076406516000286/clf-201693010xq.htm
0,2016-06-30,CLF,2016-07-28,2016-07-28 13:20:01,Q2,496200000,401500000,94700000,0.19085046352277307,0.0,22500000,0.0,-2300000.0,16399999.999999978,417900000,-50700000,26900000,-13100000,-0.026401,78300000,0.157799,200000.0,27800000,0.056026,-2100000.0,12800000,0.025796,0.06934,0.06934,184600000,184600000,https://www.sec.gov/Archives/edgar/data/764065/000076406516000264/0000764065-16-000264-index.htm,https://www.sec.gov/Archives/edgar/data/764065/000076406516000264/clf-201663010xq.htm
0,2016-03-31,CLF,2016-04-28,2016-04-28 12:38:08,Q1,305500000,274600000,30900000,0.1011456628477905,0.0,28200000,0.0,1800000.0,-147600000.00000003,126999999.99999999,-56800000,35200000,93900000,0.307365,178500000,0.584288,100000.0,121800000,0.398691,7500000.0,108000000,0.353519,0.62791,0.62791,172000000,172000000,https://www.sec.gov/Archives/edgar/data/764065/000076406516000219/0000764065-16-000219-index.htm,https://www.sec.gov/Archives/edgar/data/764065/000076406516000183/clf-2015123110xk.htm
0,2015-12-31,CLF,2016-02-24,2016-02-24 15:03:30,Q4,476000000,432700000,43300000,0.09096638655462184,0.0,27800000,0.0,-9000000.0,18800000.00000001,451500000,-60300000,34900000.00000001,-86300000,-0.181303,24500000,0.051471,400000.0,-35400000,-0.07437,-600000.0,-60300000,-0.126681,-0.39335,-0.39335,153300000,153300000,https://www.sec.gov/Archives/edgar/data/764065/000076406516000183/0000764065-16-000183-index.htm,https://www.sec.gov/Archives/edgar/data/764065/000076406516000183/clf-2015123110xk.htm
0,2015-09-30,CLF,2015-10-29,2015-10-29 12:10:12,Q3,593200000,537200000,56000000,0.09440323668240054,0.0,22400000,0.0,6800000.0,-52400000.00000004,484799999.99999994,-62800000,35599999.99999999,-20000000.000000007,-0.033715,108400000,0.182738,1000000.0,46600000,0.078557,-3400000.0,10600000,0.017869,0.06919,0.06919,153200000,153200000,https://www.sec.gov/Archives/edgar/data/764065/000076406515000138/0000764065-15-000138-index.htm,https://www.sec.gov/Archives/edgar/data/764065/000076406515000138/clf-201593010xq.htm
0,2015-06-30,CLF,2015-07-29,2015-07-29 12:14:58,Q2,498100000,440100000,58000000,0.11644248142943184,0.0,30800000,0.0,700000.0,32299999.999999955,472399999.99999994,-67000000,30500000,21900000,0.043967,25700000,0.051596,1300000.0,-40000000,-0.080305,-1800000.0,60200000,0.120859,0.39295,0.39295,153200000,153200000,https://www.sec.gov/Archives/edgar/data/764065/000076406515000108/0000764065-15-000108-index.htm,https://www.sec.gov/Archives/edgar/data/764065/000076406515000108/clf-201563010xq.htm
0,2015-03-31,CLF,2015-05-06,2015-05-06 15:12:20,Q1,446000000,365200000,80800000,0.18116591928251122,0.0,29100000,0.0,-33700000,-304800000,60400000,-48800000,33000000,-600500000,-1.346413,385600000,0.864574,5100000.0,341900000,0.766592,175100000,-759800000,-1.703587,-4.95953,-4.95953,153200000,153200000,https://www.sec.gov/Archives/edgar/data/764065/000076406515000068/0000764065-15-000068-index.htm,https://www.sec.gov/Archives/edgar/data/764065/000076406515000044/clf-2014123110xk.htm
0,2014-12-31,CLF,2015-02-25,2015-02-25 17:10:03,Q4,1030300000,774300000,256000000,0.24847131903329128,0.0,23600000,0.0,-18900000,245400000.0000001,1019700000.0000001,-48400000,73600000.00000001,-1467300000,-1.424148,10600000,0.010288,600000.0,-37200000,-0.036106,-207300000,-1285200000,-1.247404,-8.39451,-8.39451,153100000,153100000,https://www.sec.gov/Archives/edgar/data/764065/000076406515000044/0000764065-15-000044-index.htm,https://www.sec.gov/Archives/edgar/data/764065/000076406515000044/clf-2014123110xk.htm
0,2014-09-30,CLF,2014-11-07,2014-11-07 14:50:34,Q3,979700000,721400000,258300000,0.26365213840971724,-1000000.0,49700000,0.0,200000.0,401100000,1122500000,-45800000,144000000,-5697300000,-5.815352,-142800000,-0.145759,7700000.0,-180900000,-0.184648,84100000,-5879600000,-6.001429,-38.40366,-38.40366,153100000,153100000,https://www.sec.gov/Archives/edgar/data/764065/000076406514000198/0000764065-14-000198-index.htm,https://www.sec.gov/Archives/edgar/data/764065/000076406514000198/clf-201493010xq.htm
0,2014-06-30,CLF,2014-07-24,2014-07-24 12:14:20,Q2,747700000,561300000,186400000,0.2492978467299719,-3000000.0,40900000,0.0,200000.0,47100000.00000002,608400000,-44500000,145299999.99999997,119299999.99999999,0.159556,139300000,0.186305,4000000.0,98800000,0.132139,7600000.0,10900000,0.014578,0.0712,0.0712,153100000,153100000,https://www.sec.gov/Archives/edgar/data/764065/000076406514000147/0000764065-14-000147-index.htm,https://www.sec.gov/Archives/edgar/data/764065/000076406514000147/clf-201463010xq.htm
0,2014-03-31,CLF,2014-04-25,2014-04-25 12:33:26,Q1,615500000,425500000,190000000,0.30869212022745735,4200000.0,37500000,0.0,-2300000.0,50800000.00000001,476300000,-41300000,141100000,59100000,0.096019,139200000,0.226158,1700000.0,99600000,0.16182,29600000,-70300000,-0.114216,-0.45948,-0.45948,153000000,153000000,https://www.sec.gov/Archives/edgar/data/764065/000076406514000049/0000764065-14-000049-index.htm,https://www.sec.gov/Archives/edgar/data/764065/000076406514000018/clf-2013123110xk.htm
0,2013-12-31,CLF,2014-02-14,2014-02-14 14:55:53,Q4,-284800000,914400000,-629600000,2.210674157303371,-14000000,-4100000.0,0.0,-60700000,-96399999.99999999,-1010800000,-51900000,155299999.99999994,315299999.99999994,-1.107093,726000000,-2.549157,-100000.0,674000000,-2.366573,168600000,43300000,-0.152037,0.2387,0.2387,181400000,181400000,https://www.sec.gov/Archives/edgar/data/764065/000076406514000018/0000764065-14-000018-index.htm,https://www.sec.gov/Archives/edgar/data/764065/000076406514000018/clf-2013123110xk.htm
0,2013-09-30,CLF,2013-10-25,2013-10-25 11:56:24,Q3,1546600000,1197900000,348700000,0.22546230440967283,10600000,70600000,0.0,43500000,124699999.99999982,1322599999.9999998,-44700000,153100000.00000003,291300000,0.188349,224000000,0.144834,-1200000.0,178100000,0.115156,65700000,117200000,0.075779,0.65658,0.65658,178500000,178500000,https://www.sec.gov/Archives/edgar/data/764065/000076406513000027/0000764065-13-000027-index.htm,https://www.sec.gov/Archives/edgar/data/764065/000076406513000027/clf-201393010xq.htm
0,2013-06-30,CLF,2013-07-26,2013-07-26 11:30:22,Q2,1488500000,1220300000,268200000,0.18018139066174,12600000,48900000,0.0,-55300000,6200000.000000046,1226500000,-40700000,144299999.99999997,258899999.99999997,0.173933,262000000,0.176016,-2800000.0,218500000,0.146792,9300000.0,146000000,0.098085,0.75569,0.75569,193200000,193200000,https://www.sec.gov/Archives/edgar/data/764065/000076406513000021/0000764065-13-000021-index.htm,https://www.sec.gov/Archives/edgar/data/764065/000076406513000021/clf-201363010xq.htm
0,2013-03-31,CLF,2013-04-25,2013-04-25 12:48:39,Q1,1140500000,902600000,237900000,0.2085927224901359,22700000,48400000,0.0,-1500000.0,69600000.00000001,972200000,-49100000,140600000,192500000,0.168786,168300000,0.147567,1100000.0,120300000,0.10548,-6000000.0,107000000,0.093819,0.72248,0.72248,148100000,148100000,https://www.sec.gov/Archives/edgar/data/764065/000076406513000010/0000764065-13-000010-index.htm,https://www.sec.gov/Archives/edgar/data/764065/000076406513000003/clf-2012123110xk.htm
0,2012-12-31,CLF,2013-02-12,2013-02-12 16:16:26,Q4,1535900000,1297400000,238500000,0.15528354710593137,47600000,79900000,0.0,31200000,1208600000,2506000000,-141200000,143499999.99999994,-1125000000,-0.73247,-970100000,-0.631617,-3500000.0,-1028400000,-0.669575,491100000,-1618400000,-1.053714,-11.35719,-11.35719,142500000,142500000,https://www.sec.gov/Archives/edgar/data/764065/000076406513000003/0000764065-13-000003-index.htm,https://www.sec.gov/Archives/edgar/data/764065/000076406513000003/clf-2012123110xk.htm
0,2012-09-30,CLF,2012-10-25,2012-10-25 15:08:22,Q3,1544900000,1346600000,198300000,0.128357822512784,45600000,63900000,0.0,12500000,122000000,1468600000,46800000,132900000,200800000,0.129976,76300000,0.049388,3300000.0,32400000,0.020972,-64000000,85100000,0.055084,0.59552,0.59552,142900000,142900000,https://www.sec.gov/Archives/edgar/data/764065/000076406512000007/0000764065-12-000007-index.htm,https://www.sec.gov/Archives/edgar/data/764065/000076406512000007/clf-2012930x10q.htm
0,2012-06-30,CLF,2012-07-26,2012-07-26 17:25:10,Q2,1579400000,1136000000,443400000,0.2807395213372167,-29000000,-83000000,0.0,81500000,81500000,1217500000,47100000,132100000.00000001,479100000,0.303343,361900000,0.229138,-2200000.0,314400000,0.199063,41900000,258000000,0.163353,1.80672,1.80672,142800000,142800000,https://www.sec.gov/Archives/edgar/data/764065/000119312512317111/0001193125-12-317111-index.htm,https://www.sec.gov/Archives/edgar/data/764065/000119312512317111/d361098d10q.htm
0,2012-03-31,CLF,2012-04-26,2012-04-26 12:11:52,Q1,1212400000,920600000,291800000,0.24067964368195316,18800000,59500000,0.0,-9400000.0,68899999.99999999,989500000,47300000,117300000,327200000,0.269878,222900000,0.18385,1800000.0,179600000,0.148136,-213200000,375800000,0.309964,2.6335,2.6335,142700000,142700000,https://www.sec.gov/Archives/edgar/data/764065/000119312512184783/0001193125-12-184783-index.htm,https://www.sec.gov/Archives/edgar/data/764065/000119312512065138/d257049d10k.htm
0,2011-12-31,CLF,2012-02-16,2012-02-16 14:36:33,Q4,1603700000,1123600000,480100000,0.2993702063977053,25100000,83900000,0.0,-8500000.0,128700000.00000004,1252300000,47300000,120599999.99999997,473899999.99999994,0.295504,351400000,0.219118,-8700000.0,306100000,0.190871,120500000,185500000,0.11567,1.25507,1.25507,147800000,147800000,https://www.sec.gov/Archives/edgar/data/764065/000119312512065138/0001193125-12-065138-index.htm,https://www.sec.gov/Archives/edgar/data/764065/000119312512065138/d257049d10k.htm
0,2011-09-30,CLF,2011-11-01,2011-11-01 10:01:28,Q3,2089100000,1246000000,843100000,0.40357091570532766,26600000,61300000,0.0,-64000000,26000000,1272000000,50000000,119700000.00000001,774600000,0.370782,817100000,0.391125,900000.0,762400000,0.364942,3700000.0,601200000,0.287779,4.14621,4.14621,145000000,145000000,https://www.sec.gov/Archives/edgar/data/764065/000119312511289957/0001193125-11-289957-index.htm,https://www.sec.gov/Archives/edgar/data/764065/000119312511289957/d229727d10q.htm
0,2011-06-30,CLF,2011-07-28,2011-07-28 16:42:20,Q2,1687900000,999700000,688200000,0.4077255761597251,18200000,57400000,0.0,8400000.0,102000000,1101700000,81000000,106800000,738100000,0.437289,586200000,0.347295,5300000.0,559000000,0.331181,141300000,409000000,0.242313,2.99414,2.99414,136600000,136600000,https://www.sec.gov/Archives/edgar/data/764065/000119312511200949/0001193125-11-200949-index.htm,https://www.sec.gov/Archives/edgar/data/764065/000119312511200949/d10q.htm
0,2011-03-31,CLF,2011-04-29,2011-04-29 16:33:27,Q1,1183200000,583700000,599500000,0.5066768086544963,10600000,45700000,0.0,-3800000.0,57399999.99999998,641100000,38200000,79800000,683600000,0.577755,542100000,0.458164,500000.0,563000000,0.475828,142200000,423400000,0.357843,3.10866,3.10866,136200000,136200000,https://www.sec.gov/Archives/edgar/data/764065/000119312511118684/0001193125-11-118684-index.htm,https://www.sec.gov/Archives/edgar/data/764065/000119312511038883/d10k.htm
0,2010-12-31,CLF,2011-02-17,2011-02-17 13:50:59,Q4,1225900000,809800000,416100000,0.33942409658210293,14300000,28700000,0.0,12000000,55000000,864800000,28900000,82800000.00000001,496200000,0.404764,361100000,0.294559,-21200000,354900000,0.289502,-14000000,384500000,0.313647,2.81891,2.81891,136400000,136400000,https://www.sec.gov/Archives/edgar/data/764065/000119312511038883/0001193125-11-038883-index.htm,https://www.sec.gov/Archives/edgar/data/764065/000119312511038883/d10k.htm
0,2010-09-30,CLF,2010-10-29,2010-10-29 12:06:43,Q3,1346000000,868800000,477200000,0.3545319465081724,10300000,57300000,0.0,19200000,86800000.00000007,955600000.0000001,17300000,84400000,515200000,0.382764,390400000,0.290045,-300000.0,410600000,0.305052,116100000,297400000,0.220951,2.18355,2.18355,136200000,136200000,https://www.sec.gov/Archives/edgar/data/764065/000119312510240871/0001193125-10-240871-index.htm,https://www.sec.gov/Archives/edgar/data/764065/000119312510240871/d10q.htm
0,2010-06-30,CLF,2010-07-29,2010-07-29 14:40:42,Q2,1184200000,768800000,415400000,0.3507853403141361,7500000.0,41300000,0.0,-1300000.0,47500000,816300000,23500000,88500000,472600000,0.399088,367900000,0.310674,6500000.0,353700000,0.298683,100000000,260600000,0.220064,1.89527,1.89527,137500000,137500000,https://www.sec.gov/Archives/edgar/data/764065/000119312510170474/0001193125-10-170474-index.htm,https://www.sec.gov/Archives/edgar/data/764065/000119312510170474/d10q.htm
0,2010-03-31,CLF,2010-04-29,2010-04-29 12:49:38,Q1,727700000,577700000,150000000,0.20612889927167788,1600000.0,44400000,0.0,-9400000.0,36599999.99999991,614299999.9999999,10000000,66600000,220400000,0.302872,113400000,0.155833,700000.0,147200000,0.202281,66400000,77400000,0.106363,0.56954,0.56954,135900000,135900000,https://www.sec.gov/Archives/edgar/data/764065/000119312510098679/0001193125-10-098679-index.htm,https://www.sec.gov/Archives/edgar/data/764065/000119312510034034/d10k.htm
0,2009-12-31,CLF,2010-02-18,2010-02-18 12:49:18,Q4,820500000,645500000,175000000,0.21328458257160268,0.0,37100000,0.0,-6000000.0,19399999.999999978,664900000,10000000,63900000.00000001,217500000,0.265082,155600000,0.18964,3500000.0,153400000,0.186959,35400000,108200000,0.131871,0.82156,0.82156,131700000,131700000,https://www.sec.gov/Archives/edgar/data/764065/000119312510034034/0001193125-10-034034-index.htm,https://www.sec.gov/Archives/edgar/data/764065/000119312510034034/d10k.htm
0,2009-09-30,CLF,2009-10-30,2009-10-30 12:08:47,Q3,666400000,563200000,103200000,0.15486194477791115,0.0,28400000,0.0,-4700000.0,22699999.999999933,585899999.9999999,29000000,57999999.999999985,147700000,0.221639,80500000,0.120798,200000.0,81400000,0.122149,1900000.0,58800000,0.088235,0.44647,0.44647,131700000,131700000,https://www.sec.gov/Archives/edgar/data/764065/000119312509218498/0001193125-09-218498-index.htm,https://www.sec.gov/Archives/edgar/data/764065/000119312509218498/d10q.htm
0,2009-06-30,CLF,2009-07-30,2009-07-30 14:50:09,Q2,390300000,402000000,-11700000,-0.02997694081475788,0.0,23400000,0.0,-18300000,5600000.000000023,407600000,10000000,59200000,97100000,0.248783,-17300000,-0.044325,-1300000.0,53100000,0.136049,-17600000,45500000,0.116577,0.36169,0.36169,125800000,125800000,https://www.sec.gov/Archives/edgar/data/764065/000119312509159399/0001193125-09-159399-index.htm,https://www.sec.gov/Archives/edgar/data/764065/000119312509159399/d10q.htm
0,2009-03-31,CLF,2009-05-01,2009-05-01 14:24:14,Q1,464800000,422400000,42400000,0.09122203098106713,0.0,31800000,0.0,200000.0,31000000,453400000,9000000.0,55500000,58200000,0.125215,11400000,0.024527,500000.0,2700000.0,0.005809,1100000.0,-7400000.0,-0.015921,-0.06537,-0.06537,113200000,113200000,https://www.sec.gov/Archives/edgar/data/764065/000119312509096016/0001193125-09-096016-index.htm,https://www.sec.gov/Archives/edgar/data/764065/000119312509039184/d10k.htm
0,2008-12-31,CLF,2009-02-26,2009-02-26 17:01:33,Q4,916300000,630400000,285900000,0.3120157153770599,0.0,50200000,0.0,0.0,163700000.00000006,794100000,12000000,71900000,108200000,0.118084,122200000,0.133362,700000.0,25300000,0.027611,-29400000,53700000,0.058605,0.46982,0.46982,114300000,114300000,https://www.sec.gov/Archives/edgar/data/764065/000119312509039184/0001193125-09-039184-index.htm,https://www.sec.gov/Archives/edgar/data/764065/000119312509039184/d10k.htm
0,2008-09-30,CLF,2008-10-31,2008-10-31 16:07:46,Q3,1189700000,824700000,365000000,0.3068000336219215,0.0,41800000,0.0,-16100000,25599999.99999991,850299999.9999999,10000000,51099999.99999999,288000000,0.242078,339400000,0.285282,3300000.0,243600000,0.204758,52000000,174900000,0.147012,1.60902,1.60902,108700000,108700000,https://www.sec.gov/Archives/edgar/data/764065/000119312508221585/0001193125-08-221585-index.htm,https://www.sec.gov/Archives/edgar/data/764065/000119312508221585/d10q.htm
0,2008-06-30,CLF,2008-07-31,2008-07-31 15:54:25,Q2,1008600000,582300000,426300000,0.4226650803093397,0.0,52100000,0.0,-15700000,16900000.00000009,599200000.0000001,10000000,39999999.99999999,427600000,0.423954,409400000,0.405909,300000.0,406200000,0.402736,107400000,270200000,0.267896,2.56844,2.56844,105200000,105200000,https://www.sec.gov/Archives/edgar/data/764065/000119312508162543/0001193125-08-162543-index.htm,https://www.sec.gov/Archives/edgar/data/764065/000119312508162543/d10q.htm
0,2008-03-31,CLF,2008-05-06,2008-05-06 17:06:20,Q1,494500000,412000000,82500000,0.16683518705763398,0.0,44500000,0.0,-3300000.0,39699999.99999999,451700000,7000000.0,38100000,76300000,0.154297,42800000,0.086552,0.0,41200000,0.083316,14200000,17000000,0.034378,0.16206,0.16206,104900000,104900000,https://www.sec.gov/Archives/edgar/data/764065/000119312508104245/0001193125-08-104245-index.htm,https://www.sec.gov/Archives/edgar/data/764065/000119312508043301/d10k.htm
0,2007-12-31,CLF,2008-02-29,2008-02-29 13:34:47,Q4,782500000,619200000,163300000,0.20869009584664536,0.0,40600000,0.0,2200000.0,24399999.999999978,643600000,11000000,36100000.00000001,168100000,0.214824,138900000,0.177508,0.0,131800000,0.168435,27300000,93700000,0.119744,0.88396,0.88396,106000000,106000000,https://www.sec.gov/Archives/edgar/data/764065/000119312508043301/0001193125-08-043301-index.htm,https://www.sec.gov/Archives/edgar/data/764065/000119312508043301/d10k.htm
0,2007-09-30,CLF,2007-11-06,2007-11-06 16:05:18,Q3,619600000,512300000,107300000,0.17317624273724982,0.0,33200000,0.0,-7800000.0,25400000.00000009,537700000.0000001,8000000.0,28699999.999999996,111100000,0.179309,81900000,0.132182,100000.0,79700000,0.128631,17500000,56900000,0.091833,0.5419,0.5419,105000000,105000000,https://www.sec.gov/Archives/edgar/data/764065/000119312507236687/0001193125-07-236687-index.htm,https://www.sec.gov/Archives/edgar/data/764065/000119312507236687/d10q.htm
0,2007-06-30,CLF,2007-08-03,2007-08-03 11:23:37,Q2,547600000,418000000,129600000,0.2366691015339664,0.0,21500000,0.0,-7800000.0,13699999.999999989,431700000,2000000.0,21700000,136400000,0.249087,115900000,0.211651,300000.0,118700000,0.216764,25800000,86900000,0.158692,0.8237,0.8237,105500000,105500000,https://www.sec.gov/Archives/edgar/data/764065/000119312507170307/0001193125-07-170307-index.htm,https://www.sec.gov/Archives/edgar/data/764065/000119312507170307/d10q.htm
0,2007-03-31,CLF,2007-06-08,2007-05-25 15:18:57,Q1,325500000,263700000,61800000,0.18986175115207374,0.0,20700000,0.0,-3800000.0,16900000.000000034,280600000.00000006,1000000.0,20700000,67700000,0.207988,44900000,0.137942,1300000.0,50500000,0.155146,13500000,32500000,0.099846,0.3113,0.3113,104400000,104400000,https://www.sec.gov/Archives/edgar/data/764065/000119312507132428/0001193125-07-132428-index.htm,https://www.sec.gov/Archives/edgar/data/764065/000119312507123585/d10k.htm
0,2006-12-31,CLF,2007-05-25,2007-05-25 15:18:57,Q4,549000000,451600000,97400000,0.17741347905282331,0.0,17300000,0.0,-3400000.0,13799999.999999955,465399999.99999994,1000000.0,25700000.000000004,116800000,0.21275,83600000,0.152277,-300000.0,95300000,0.173588,20100000,70000000,0.127505,0.6654,0.6654,105200000,105200000,https://www.sec.gov/Archives/edgar/data/764065/000119312507123585/0001193125-07-123585-index.htm,https://www.sec.gov/Archives/edgar/data/764065/000119312507123585/d10k.htm
0,2006-09-30,CLF,2006-10-26,2006-10-26 15:32:00,Q3,580100000,447600000,132500000,0.22840889501810033,0.0,14200000,0.0,2700000.0,13000000,460600000,1000000.0,17900000.000000004,139300000,0.240131,119500000,0.205999,800000.0,124700000,0.214963,31300000,89100000,0.153594,0.84216,0.84216,105800000,105800000,https://www.sec.gov/Archives/edgar/data/764065/000119312506215817/0001193125-06-215817-index.htm,https://www.sec.gov/Archives/edgar/data/764065/000119312506215817/d10q.htm
0,2006-06-30,CLF,2006-07-27,2006-07-27 16:33:47,Q2,486200000,357500000,128700000,0.2647058823529412,0.0,13300000,0.0,-1000000.0,12300000.000000011,369800000,2700000.0,17000000,132400000,0.272316,116400000,0.239408,-1300000.0,117800000,0.242287,29600000,83100000,0.170917,0.76309,0.76309,108900000,108900000,https://www.sec.gov/Archives/edgar/data/764065/000095015206006187/0000950152-06-006187-index.htm,https://www.sec.gov/Archives/edgar/data/764065/000095015206006187/l21336ae10vq.htm
0,2006-03-31,CLF,2006-04-27,2006-04-27 16:10:26,Q1,306400000,251000000,55400000,0.18080939947780678,0.0,9800000.0,0.0,-600000.0,9199999.999999989,260200000,1000000.0,13300000,62100000,0.202676,46200000,0.150783,200000.0,50000000,0.163185,9900000.0,37900000,0.123695,0.34237,0.34237,110700000,110700000,https://www.sec.gov/Archives/edgar/data/764065/000095015206003612/0000950152-06-003612-index.htm,https://www.sec.gov/Archives/edgar/data/764065/000095015206001335/l17428ae10vk.htm
0,2005-12-31,CLF,2006-02-21,2006-02-21 10:30:27,Q4,468900000,390900000,78000000,0.16634676903390916,0.0,14700000,0.0,4300000.0,17000000,407900000,1000000.0,5000000.0,78300000,0.166987,61000000,0.130092,1200000.0,74600000,0.159096,6200000.0,66100000,0.140968,0.59071,0.59071,111900000,111900000,https://www.sec.gov/Archives/edgar/data/764065/000095015206001335/0000950152-06-001335-index.htm,https://www.sec.gov/Archives/edgar/data/764065/000095015206001335/l17428ae10vk.htm
0,2005-09-30,CLF,2005-10-27,2005-10-27 14:12:27,Q3,514100000,383700000,130400000,0.2536471503598522,0.0,11600000,0.0,-3700000.0,7900000.000000034,391600000.00000006,2000000.0,13699999.999999996,135900000,0.264345,122500000,0.23828,800000.0,124700000,0.24256,34600000,85600000,0.166505,0.76771,0.76771,111500000,111500000,https://www.sec.gov/Archives/edgar/data/764065/000095015205008469/0000950152-05-008469-index.htm,https://www.sec.gov/Archives/edgar/data/764065/000095015205008469/l16616ae10vq.htm
0,2005-06-30,CLF,2005-07-28,2005-07-28 16:37:30,Q2,485300000,348400000,136900000,0.2820935503812075,0.0,10300000,0.0,-12300000,-2000000.0,346400000,1000000.0,16800000,154300000,0.317948,138900000,0.286215,400000.0,140700000,0.289924,36800000,99700000,0.20544,0.89658,0.89658,111200000,111200000,https://www.sec.gov/Archives/edgar/data/764065/000095015205006301/0000950152-05-006301-index.htm,https://www.sec.gov/Archives/edgar/data/764065/000095015205006301/l14967ae10vq.htm
0,2005-03-31,CLF,2005-04-29,2005-04-29 14:27:33,Q1,271200000,227500000,43700000,0.16113569321533924,0.0,11300000,0.0,-1700000.0,9599999.999999994,237100000,3700000.0,7300000.0,44400000,0.163717,34100000,0.125737,-9700000.0,28100000,0.103614,7200000.0,26200000,0.096608,0.23646,0.23646,110800000,110800000,https://www.sec.gov/Archives/edgar/data/764065/000095015205003716/0000950152-05-003716-index.htm,https://www.sec.gov/Archives/edgar/data/764065/000095015205001410/l11082ae10vk.htm
0,2004-12-31,CLF,2005-02-22,2005-02-22 17:24:24,Q4,326900000,279300000,47600000,0.145610278372591,0.0,8500000.0,0.0,-2100000.0,9599999.999999966,288899999.99999994,3500000.0,6699999.999999999,147400000,0.450902,38000000,0.116243,1300000.0,138700000,0.424289,-66100000,203300000,0.621903,1.82824,1.82824,111200000,111200000,https://www.sec.gov/Archives/edgar/data/764065/000095015205001410/0000950152-05-001410-index.htm,https://www.sec.gov/Archives/edgar/data/764065/000095015205001410/l11082ae10vk.htm
0,2004-09-30,CLF,2004-10-28,2004-10-28 17:26:12,Q3,344000000,285300000,58700000,0.17063953488372094,0.0,11600000,0.0,-1200000.0,11199999.999999989,296500000,2500000.0,7100000.000000001,122300000,0.355523,47500000,0.138081,1000000.0,107800000,0.313372,25200000,87500000,0.25436,0.66388,0.66388,131800000,131800000,https://www.sec.gov/Archives/edgar/data/764065/000095015204007716/0000950152-04-007716-index.htm,https://www.sec.gov/Archives/edgar/data/764065/000095015204007716/l09927ae10vq.htm
0,2004-06-30,CLF,2004-07-29,2004-07-29 17:09:14,Q2,298500000,261200000,37300000,0.12495812395309883,0.0,4000000.0,0.0,-2900000.0,1900000.000000034,263100000.00000003,2400000.0,8200000.0,49300000,0.165159,35400000,0.118593,900000.0,38700000,0.129648,5900000.0,32800000,0.109883,0.30092,0.30092,109000000,109000000,https://www.sec.gov/Archives/edgar/data/764065/000095015204005736/0000950152-04-005736-index.htm,https://www.sec.gov/Archives/edgar/data/764065/000095015204005736/l08601ae10vq.htm
0,2004-03-31,CLF,2004-04-29,2004-04-29 17:06:26,Q1,233700000,227800000,5900000.0,0.025246041934103552,0.0,9000000.0,0.0,-2400000.0,9199999.999999989,237000000,2300000.0,7300000.0,9600000.0,0.041078,-3300000.0,-0.014121,1000000.0,0.0,0.0,0.0,0.0,0.0,0.02,0.02,84400000,84400000,https://www.sec.gov/Archives/edgar/data/764065/000095015204003374/0000950152-04-003374-index.htm,https://www.sec.gov/Archives/edgar/data/764065/000095015204001088/l04393ae10vk.htm
0,2003-12-31,CLF,2004-02-13,2004-02-13 14:41:43,Q4,248300000,240300000,8000000.0,0.03221908981071285,0.0,9600000.0,0.0,1700000.0,17699999.99999999,258000000,-4000000.0,5000000.0,-8700000.0,-0.035038,-9700000.0,-0.039066,1700000.0,-9700000.0,-0.039066,-800000.0,-8900000.0,-0.035844,-0.10801,-0.10801,82400000,82400000,https://www.sec.gov/Archives/edgar/data/764065/000095015204001088/0000950152-04-001088-index.htm,https://www.sec.gov/Archives/edgar/data/764065/000095015204001088/l04393ae10vk.htm
0,2003-09-30,CLF,2003-10-30,2003-10-30 15:20:30,Q3,234200000,218900000,15300000,0.06532877882152006,0.0,6100000.0,0.0,1400000.0,19799999.99999998,238699999.99999997,2000000.0,8000000.0,5500000.0,0.023484,-4500000.0,-0.019214,1400000.0,-4500000.0,-0.019214,300000.0,-4800000.0,-0.020495,-0.05854,-0.05854,82000000,82000000,https://www.sec.gov/Archives/edgar/data/764065/000095015203009202/0000950152-03-009202-index.htm,https://www.sec.gov/Archives/edgar/data/764065/000095015203009202/l03366ae10vq.htm
0,2003-06-30,CLF,2003-07-31,2003-07-31 16:53:31,Q2,213700000,224800000,-11100000,-0.05194197473093121,0.0,4500000.0,0.0,2600000.0,11000000,235800000,-2000000.0,8300000.0,-15800000,-0.073935,-22100000,-0.103416,2600000.0,-22100000,-0.103416,-900000.0,-21200000,-0.099204,-0.25854,-0.25854,82000000,82000000,https://www.sec.gov/Archives/edgar/data/764065/000095015203007229/0000950152-03-007229-index.htm,https://www.sec.gov/Archives/edgar/data/764065/000095015203001089/l97542ae10vk.htm
0,2003-03-31,CLF,,,Q1,161500000,151000000,2400000.0,0.014861,0.0,4900000.0,0.0,1100000.0,7199999.999999989,158200000,0.0,7700000.0,11000000,0.068111,3300000.0,0.020433,1100000.0,3300000.0,0.020433,1100000.0,2200000.0,0.013622,0.0266,0.0266,82700000,82700000,,
0,2002-12-31,CLF,2003-02-05,2003-02-05 16:48:54,Q4,189300000,169000000,20300000,0.10723718964606445,0.0,7800000.0,0.0,3800000.0,65800000.00000001,234800000,-1000000.0,10200000,-41500000,-0.219229,-45500000,-0.240359,3800000.0,-45500000,-0.240359,20100000,-70800000,-0.37401,-0.885,-0.885,80000000,80000000,https://www.sec.gov/Archives/edgar/data/764065/000095015203001089/0000950152-03-001089-index.htm,https://www.sec.gov/Archives/edgar/data/764065/000095015203001089/l97542ae10vk.htm
0,2002-09-30,CLF,2002-10-24,2002-10-24 13:28:34,Q3,207700000,191600000,16100000,0.07751564756860857,0.0,5200000.0,0.0,1000000.0,8099999.999999994,199700000,-4000000.0,8399999.999999998,-86400000,-0.415985,8000000.0,0.038517,1000000.0,8000000.0,0.038517,1900000.0,-92700000,-0.446317,-1.14444,-1.14444,81000000,81000000,https://www.sec.gov/Archives/edgar/data/764065/000095015202007761/0000950152-02-007761-index.htm,https://www.sec.gov/Archives/edgar/data/764065/000095015202007761/l96645ae10vq.htm
0,2002-06-30,CLF,2002-07-25 00:00:00,2002-07-25 13:30:32,Q2,159400000,153000000,2900000.0,0.018193,0.0,6800000.0,0.0,1800000.0,10599999.999999994,163600000,0.0,8100000.000000001,2000000.000000001,0.012547,-4200000.0,-0.026349,1800000.0,-4200000.0,-0.026349,-6200000.0,100000.0,0.000627,0.00123,0.00123,81500000,81500000,https://www.sec.gov/Archives/edgar/data/764065/000095015202005679/0000950152-02-005679-index.html,https://www.sec.gov/Archives/edgar/data/764065/000095015202005679/l95280ae10vq.htm
0,2002-03-31,CLF,2002-04-25,2002-04-25 00:00:00,Q1,60700000,69100000,-8400000.0,-0.13838550247116968,0.0,4000000.0,0.0,1300000.0,7200000.000000003,76300000,-1000000.0,7200000.0,-25400000,-0.418451,-15600000,-0.257002,1300000.0,-15600000,-0.257002,-6700000.0,-24900000,-0.410214,-0.30627,-0.30627,81300000,81300000,https://www.sec.gov/Archives/edgar/data/764065/000095015202003333/0000950152-02-003333-index.htm,https://www.sec.gov/Archives/edgar/data/764065/000095015202003333/l94042ae10-q.htm
0,2001-12-31,CLF,,,Q4,132200000,132700000,-3300000.0,-0.024962,0.0,3300000.0,0.0,4300000.0,9500000.0,142200000,0.0,3699999.999999999,-5000000.000000001,-0.037821,-10000000,-0.075643,4300000.0,-10000000,-0.075643,-2900000.0,-5800000.0,-0.043873,-0.07232,-0.07232,80200000,80200000,,
0,2001-09-30,CLF,2001-10-25 00:00:00,2001-10-25 00:00:00,Q3,126300000,122700000,-1000000.0,-0.007918,0.0,3900000.0,0.0,900000.0,7600000.000000008,130300000.00000001,0.0,6399999.999999999,3599999.999999999,0.028504,-4000000.0,-0.031671,900000.0,-4000000.0,-0.031671,-1100000.0,-1700000.0,-0.01346,-0.02096,-0.02096,81100000,81100000,https://www.sec.gov/Archives/edgar/data/764065/000095015201505223/0000950152-01-505223-index.html,https://www.sec.gov/Archives/edgar/data/764065/000095015201505223/l90559ae10-q.htm
0,2001-06-30,CLF,2001-07-27 00:00:00,2001-07-27 00:00:00,Q2,96800000,111300000,-17600000,-0.181818,0.0,5200000.0,0.0,1400000.0,9100000.00000001,120400000.00000001,0.0,6400000.0,-15800000,-0.163223,-23600000,-0.243802,1400000.0,-23600000,-0.243802,-7100000.0,-15100000,-0.155992,-0.18665,-0.18665,80900000,80900000,https://www.sec.gov/Archives/edgar/data/764065/000095015201503407/0000950152-01-503407-index.html,https://www.sec.gov/Archives/edgar/data/764065/000095015201503407/l85596ae10-q.htm
0,2001-03-31,CLF,2001-04-26 00:00:00,2001-04-26 00:00:00,Q1,32300000,35100000,-6300000.0,-0.195046,0.0,2800000.0,0.0,2500000.0,13199999.999999996,48299999.99999999,0.0,6900000.0,1400000.0,0.043344,-16000000,-0.495356,2500000.0,-16000000,-0.495356,-5200000.0,-300000.0,-0.009288,-0.00371,-0.00371,80800000,80800000,https://www.sec.gov/Archives/edgar/data/764065/000095015201501102/0000950152-01-501102-index.html,https://www.sec.gov/Archives/edgar/data/764065/000095015201501102/l87899ae10-q.htm
0,2000-12-31,CLF,,,Q4,99600000,85800000,10300000,0.103414,0.0,4500000.0,0.0,5300000.0,2000000.0,87800000,0.0,6399999.999999999,9599999.999999998,0.096386,11800000,0.118474,5300000.0,11800000,0.118474,-1100000.0,4300000.0,0.043173,0.05315,0.05315,80900000,80900000,,
0,2000-09-30,CLF,2000-10-26 00:00:00,2000-10-26 00:00:00,Q3,152500000,132800000,16800000,0.110164,0.0,5900000.0,0.0,1300000.0,12899999.999999978,145699999.99999997,0.0,6500000.0,13300000,0.087213,6800000.0,0.04459,1300000.0,6800000.0,0.04459,500000.0,6300000.0,0.041311,0.07581,0.07581,83100000,83100000,https://www.sec.gov/Archives/edgar/data/764065/000095015200007452/0000950152-00-007452-index.html,https://www.sec.gov/Archives/edgar/data/764065/000095015200007452/l84584ae10-q.htm
0,2000-06-30,CLF,2000-07-27 00:00:00,2000-07-27 00:00:00,Q2,152400000,116300000,19600000,0.128609,0.0,4900000.0,0.0,1400000.0,20100000.00000001,136400000,0.0,6200000.0,22200000,0.145669,16000000,0.104987,1400000.0,16000000,0.104987,5000000.0,11000000,0.072178,0.12987,0.12987,84700000,84700000,https://www.sec.gov/Archives/edgar/data/764065/000095015200005519/0000950152-00-005519-index.html,https://www.sec.gov/Archives/edgar/data/764065/000095015200005519/e10-q.txt
0,2000-03-31,CLF,2000-04-20 00:00:00,2000-04-20 00:00:00,Q1,36300000,31100000,3200000.0,0.088154,0.0,3400000.0,0.0,2400000.0,9899999.999999998,41000000,0.0,6300000.0,1600000.0,0.044077,-4700000.0,-0.129477,2400000.0,-4700000.0,-0.129477,-1200000.0,-3500000.0,-0.096419,-0.04103,-0.04103,85300000,85300000,https://www.sec.gov/Archives/edgar/data/764065/000095015200002992/0000950152-00-002992-index.html,https://www.sec.gov/Archives/edgar/data/764065/000095015200002992/0000950152-00-002992-d1.html
0,1999-12-31,CLF,,,Q4,146900000,128100000,16400000,0.111641,0.0,4900000.0,0.0,0.0,11900000.000000006,140000000,0.0,6199999.999999999,13099999.999999998,0.089176,6900000.0,0.046971,0.0,6900000.0,0.046971,1900000.0,5000000.0,0.034037,0.05624,0.05624,88900000,88900000,,
0,1999-09-30,CLF,,,Q3,91800000,100500000,-10000000,-0.108932,0.0,3300000.0,0.0,900000.0,7799999.999999997,108300000,0.0,5400000.0,-11100000,-0.120915,-16500000,-0.179739,900000.0,-16500000,-0.179739,-5800000.0,-10700000,-0.116558,-0.12036,-0.12036,88900000,88900000,,
0,1999-06-30,CLF,,,Q2,97800000,77700000,18700000,0.191207,0.0,4200000.0,0.0,1800000.0,9500000.0,87200000,0.0,5500000.0,16100000,0.164622,10600000,0.108384,1800000.0,10600000,0.108384,2800000.0,7800000.0,0.079755,0.08667,0.08667,90000000,90000000,,
0,1999-03-31,CLF,,,Q1,24900000,12900000,9900000.0,0.39759,0.0,3700000.0,0.0,3500000.0,8299999.999999999,21200000,0.0,5400000.0,9100000.0,0.365462,3700000.0,0.148594,3500000.0,3700000.0,0.148594,1000000.0,2700000.0,0.108434,0.0301,0.0301,89700000,89700000,,
0,1998-12-31,CLF,,,Q4,131600000,99200000,29300000,0.222644,0.0,5700000.0,0.0,5600000.0,11299999.999999996,110500000,0.0,4500000.0,25600000,0.194529,21100000,0.160334,5600000.0,21100000,0.160334,1200000.0,19900000,0.151216,0.21989,0.21989,90500000,90500000,,
0,1998-09-30,CLF,1998-11-05 00:00:00,1998-11-05 00:00:00,Q3,176200000,141100000,32500000,0.184449,0.0,3400000.0,0.0,4400000.0,7900000.000000006,149000000,0.0,5200000.000000001,32400000,0.183882,27200000,0.15437,4400000.0,27200000,0.15437,7100000.0,20100000,0.114075,0.22309,0.22309,90100000,90100000,https://www.sec.gov/Archives/edgar/data/764065/000095015298008549/0000950152-98-008549-index.html,https://www.sec.gov/Archives/edgar/data/764065/0000950152-98-008549.txt
0,1998-06-30,CLF,1998-08-12 00:00:00,1998-08-12 00:00:00,Q2,158100000,127400000,28700000,0.181531,0.0,4900000.0,0.0,2900000.0,7900000.000000006,135300000,0.0,5399999.999999999,28200000,0.178368,22800000,0.144213,2900000.0,22800000,0.144213,5900000.0,16900000,0.106894,0.1849,0.1849,91400000,91400000,https://www.sec.gov/Archives/edgar/data/764065/000095015298006603/0000950152-98-006603-index.html,https://www.sec.gov/Archives/edgar/data/764065/0000950152-98-006603.txt
0,1998-03-31,CLF,,,Q1,38000000,30300000,5300000.0,0.139474,0.0,4700000.0,0.0,2100000.0,6999999.999999996,37300000,0.0,5200000.0,5900000.0,0.155263,700000.0,0.018421,2100000.0,700000.0,0.018421,200000.0,500000.0,0.013158,0.00548,0.00548,91200000,91200000,,
0,1997-12-31,CLF,,,Q4,153800000,119500000,28700000,0.186606,0.0,4500000.0,0.0,3800000.0,8699999.999999989,128199999.99999999,0.0,4599999.999999998,30199999.999999996,0.196359,25600000,0.16645,3800000.0,25600000,0.16645,7700000.0,17900000,0.116385,0.19457,0.19457,92000000,92000000,,
0,1997-09-30,CLF,1997-11-12 00:00:00,1997-11-12 00:00:00,Q3,148900000,118300000,28500000,0.191404,0.0,5400000.0,0.0,1600000.0,7500000.0,125800000,0.0,4800000.000000001,27900000,0.187374,23100000,0.155138,1600000.0,23100000,0.155138,2000000.0,21100000,0.141706,0.2296,0.2296,91900000,91900000,https://www.sec.gov/Archives/edgar/data/764065/000095015297007877/0000950152-97-007877-index.html,https://www.sec.gov/Archives/edgar/data/764065/0000950152-97-007877.txt
0,1997-06-30,CLF,1997-08-13 00:00:00,1997-08-13 00:00:00,Q2,122100000,96100000,19000000,0.15561,0.0,3500000.0,0.0,2200000.0,6500000.0,102600000,0.0,5000000.0,24500000,0.200655,19500000,0.159705,2200000.0,19500000,0.159705,6600000.0,12900000,0.105651,0.14114,0.14114,91400000,91400000,https://www.sec.gov/Archives/edgar/data/764065/000095015297005936/0000950152-97-005936-index.html,https://www.sec.gov/Archives/edgar/data/764065/0000950152-97-005936.txt
0,1997-03-31,CLF,1997-05-09 00:00:00,1997-05-09 00:00:00,Q1,31300000,21000000,7800000.0,0.249201,0.0,3700000.0,0.0,1300000.0,5899999.999999999,26900000,0.0,4500000.0,8900000.0,0.284345,4400000.0,0.140575,1300000.0,4400000.0,0.140575,1400000.0,3000000.0,0.095847,0.03282,0.03282,91400000,91400000,https://www.sec.gov/Archives/edgar/data/764065/000095015297003702/0000950152-97-003702-index.html,https://www.sec.gov/Archives/edgar/data/764065/0000950152-97-003702.txt
0,1996-12-31,CLF,,,Q4,150800000,113400000,32700000,0.216844,0.0,5200000.0,0.0,2100000.0,8399999.99999999,121799999.99999999,0.0,4500000.000000002,33500000.000000004,0.222149,29000000,0.192308,2100000.0,29000000,0.192308,10700000,18300000,0.121353,0.19891,0.19891,92000000,92000000,,
0,1996-09-30,CLF,1996-11-13 00:00:00,1996-11-13 00:00:00,Q3,166700000,126600000,37100000,0.222555,0.0,4000000.0,0.0,1600000.0,6700000.000000017,133300000.00000001,0.0,4500000.0,37900000,0.227355,33400000,0.20036,1600000.0,33400000,0.20036,12100000,21300000,0.127774,0.22953,0.22953,92800000,92800000,https://www.sec.gov/Archives/edgar/data/764065/000095015296006035/0000950152-96-006035-index.html,https://www.sec.gov/Archives/edgar/data/764065/0000950152-96-006035.txt
0,1996-06-30,CLF,1996-08-09 00:00:00,1996-08-09 00:00:00,Q2,140800000,106200000,30100000,0.213778,0.0,3700000.0,0.0,1900000.0,6799999.999999997,113000000,0.0,4300000.0,32100000,0.227983,27800000,0.197443,1900000.0,27800000,0.197443,10000000,17800000,0.12642,0.19017,0.19017,93600000,93600000,https://www.sec.gov/Archives/edgar/data/764065/000095015296003869/0000950152-96-003869-index.html,https://www.sec.gov/Archives/edgar/data/764065/0000950152-96-003869.txt
0,1996-03-31,CLF,1996-05-13 00:00:00,1996-05-13 00:00:00,Q1,59800000,46700000,10400000,0.173913,0.0,3800000.0,0.0,2800000.0,7799999.999999997,54500000,0.0,4300000.0,9600000.0,0.160535,5300000.0,0.088629,2800000.0,5300000.0,0.088629,1700000.0,3600000.0,0.060201,0.03782,0.03782,95200000,95200000,https://www.sec.gov/Archives/edgar/data/764065/000095015296002328/0000950152-96-002328-index.html,https://www.sec.gov/Archives/edgar/data/764065/0000950152-96-002328.txt
0,1995-12-31,CLF,,,Q4,146000000,108700000,34100000,0.233562,0.0,4400000.0,0.0,5100000.0,11200000.000000004,119900000,0.0,3900000.0000000005,26900000,0.184247,26100000,0.178767,5100000.0,26100000,0.178767,8400000.0,14600000,0.1,0.15368,0.15368,95000000,95000000,,
0,1995-09-30,CLF,1995-11-02 00:00:00,1995-11-02 00:00:00,Q3,144600000,108100000,33400000,0.230982,0.0,3900000.0,0.0,4300000.0,9800000.000000011,117900000.00000001,0.0,3700000.000000001,30400000,0.210235,26700000,0.184647,4300000.0,26700000,0.184647,9400000.0,17300000,0.11964,0.18096,0.18096,95600000,95600000,https://www.sec.gov/Archives/edgar/data/764065/000095015295002476/0000950152-95-002476-index.html,https://www.sec.gov/Archives/edgar/data/764065/0000950152-95-002476.txt
0,1995-06-30,CLF,1995-08-10 00:00:00,1995-08-10 00:00:00,Q2,118900000,89800000,26400000,0.222035,0.0,3700000.0,0.0,12200000,17400000.000000007,107200000,0.0,5100000.0,16800000,0.141295,11700000,0.098402,12200000,11700000,0.098402,-9200000.0,20900000,0.175778,0.21862,0.21862,95600000,95600000,https://www.sec.gov/Archives/edgar/data/764065/000095015295001709/0000950152-95-001709-index.html,https://www.sec.gov/Archives/edgar/data/764065/0000950152-95-001709.txt
0,1995-03-31,CLF,1995-05-02 00:00:00,1995-05-02 00:00:00,Q1,63600000,49800000,10400000,0.163522,0.0,3100000.0,0.0,1900000.0,6700000.000000003,56500000,0.0,4100000.0,11200000,0.176101,7100000.0,0.111635,1900000.0,7100000.0,0.111635,2100000.0,5000000.0,0.078616,0.05165,0.05165,96800000,96800000,https://www.sec.gov/Archives/edgar/data/764065/000095015295000814/0000950152-95-000814-index.html,https://www.sec.gov/Archives/edgar/data/764065/0000950152-95-000814.txt
0,1994-12-31,CLF,,,Q4,143400000,112800000,27800000,0.193863,0.0,3400000.0,0.0,4400000.0,9500000.0,122300000,0.0,4500000.0,25600000,0.178522,21100000,0.147141,4400000.0,21100000,0.147141,5700000.0,15400000,0.107392,0.15909,0.15909,96800000,96800000,,
0,1994-09-30,CLF,1994-11-14 00:00:00,1994-11-14 00:00:00,Q3,111000000,83800000,23600000,0.212613,0.0,4400000.0,0.0,1800000.0,7799999.999999997,91600000,0.0,3300000.000000001,22700000,0.204505,19400000,0.174775,1800000.0,19400000,0.174775,4600000.0,14800000,0.133333,0.15289,0.15289,96800000,96800000,https://www.sec.gov/Archives/edgar/data/764065/000095015294001147/0000950152-94-001147-index.html,https://www.sec.gov/Archives/edgar/data/764065/0000950152-94-001147.txt
0,1994-06-30,CLF,1994-08-09 00:00:00,1994-08-09 00:00:00,Q2,85000000,63800000,19600000,0.230588,0.0,3900000.0,0.0,1600000.0,7200000.000000003,71000000,0.0,3399999.9999999995,17400000,0.204706,14000000,0.164706,1600000.0,14000000,0.164706,3600000.0,10400000,0.122353,0.10744,0.10744,96800000,96800000,https://www.sec.gov/Archives/edgar/data/764065/000095015294000789/0000950152-94-000789-index.html,https://www.sec.gov/Archives/edgar/data/764065/0000950152-94-000789.txt
0,1994-03-31,CLF,1994-05-11 00:00:00,1994-05-11 00:00:00,Q1,49500000,39500000,8600000.0,0.173737,0.0,4200000.0,0.0,1200000.0,7000000.0,46500000,0.0,3200000.0,6200000.0,0.125253,3000000.0,0.060606,1200000.0,3000000.0,0.060606,800000.0,2200000.0,0.044444,0.02273,0.02273,96800000,96800000,https://www.sec.gov/Archives/edgar/data/764065/000095015294000492/0000950152-94-000492-index.html,https://www.sec.gov/Archives/edgar/data/764065/0000950152-94-000492.txt
