,date,symbol,fillingDate,acceptedDate,period,revenue,costOfRevenue,grossProfit,grossProfitRatio,researchAndDevelopmentExpenses,generalAndAdministrativeExpenses,sellingAndMarketingExpenses,otherExpenses,operatingExpenses,costAndExpenses,interestExpense,depreciationAndAmortization,ebitda,ebitdaratio,operatingIncome,operatingIncomeRatio,totalOtherIncomeExpensesNet,incomeBeforeTax,incomeBeforeTaxRatio,incomeTaxExpense,netIncome,netIncomeRatio,eps,epsdiluted,weightedAverageShsOut,weightedAverageShsOutDil,link,finalLink
0,2020-09-30,NCU.TO,2020-09-30,2020-09-30,Q3,0.0,-9000.0,9000.0,0.0,0.0,931000.0,0.0,10045000,0.0,922000.0,803000.0,0.0,9135000.0,0.0,-922000.0,0.0,-859000.0,-2582000.0,0.0,0.0,-2582000.0,0.0,-0.00192,-0.00192,1344685878,1344685878,https://www.sedar.com/ModifyCompanyDocumentSearchForm.do?lang=EN&company_search=Nevada Copper Corp&document_selection=0&industry_group=A&FromDate=13&FromMonth=05&FromYear=2000&ToDate=13&ToMonth=11&ToYear=2020&Variable=Issuer,https://www.sedar.com/ModifyCompanyDocumentSearchForm.do?lang=EN&company_search=Nevada Copper Corp&document_selection=0&industry_group=A&FromDate=13&FromMonth=05&FromYear=2000&ToDate=13&ToMonth=11&ToYear=2020&Variable=Issuer
0,2020-06-30,NCU.TO,2020-06-30,2020-06-30,Q2,0.0,30000.0,-30000.0,0.0,0.0,4870000.0,0.0,11000.0,0.0,4900000.0,30000.0,0.0,-4878000.0,0.0,-4900000.0,0.0,2473000.0,-2457000.0,0.0,0.0,-2457000.0,0.0,-0.003009,-0.003009,816560073,816560073,https://www.sedar.com/ModifyCompanyDocumentSearchForm.do?lang=EN&company_search=Nevada Copper Corp&document_selection=0&industry_group=A&FromDate=13&FromMonth=05&FromYear=2000&ToDate=13&ToMonth=11&ToYear=2020&Variable=Issuer,https://www.sedar.com/ModifyCompanyDocumentSearchForm.do?lang=EN&company_search=Nevada Copper Corp&document_selection=0&industry_group=A&FromDate=13&FromMonth=05&FromYear=2000&ToDate=13&ToMonth=11&ToYear=2020&Variable=Issuer
0,2020-03-31,NCU.TO,2020-03-31,2020-03-31,Q1,0.0,10000.0,-10000.0,0.0,0.0,2022000.0,0.0,0.0,0.0,2032000.0,5000.0,0.0,-2019000.0,0.0,-2032000.0,0.0,-9955000.0,-11989000,0.0,0.0,-11989000,0.0,-0.02,-0.02,761935897,761935897,https://www.sedar.com/ModifyCompanyDocumentSearchForm.do?lang=EN&company_search=Nevada Copper Corp&document_selection=0&industry_group=A&FromDate=13&FromMonth=05&FromYear=2000&ToDate=13&ToMonth=11&ToYear=2020&Variable=Issuer,https://www.sedar.com/ModifyCompanyDocumentSearchForm.do?lang=EN&company_search=Nevada Copper Corp&document_selection=0&industry_group=A&FromDate=13&FromMonth=05&FromYear=2000&ToDate=13&ToMonth=11&ToYear=2020&Variable=Issuer
0,2019-12-31,NCU.TO,2019-12-31,2019-12-31,Q4,0.0,10000.0,-10000.0,0.0,0.0,2679000.0,0.0,-4000.0,0.0,2689000.0,6000.0,0.0,-2665000.0,0.0,-2689000.0,0.0,-31000.0,-2719000.0,0.0,0.0,-2719000.0,0.0,-0.002022033580098325,-0.002022033580098325,1344685878,1344685878,https://www.sedar.com/ModifyCompanyDocumentSearchForm.do?lang=EN&company_search=Nevada Copper Corp&document_selection=0&industry_group=A&FromDate=13&FromMonth=05&FromYear=2000&ToDate=13&ToMonth=11&ToYear=2020&Variable=Issuer,https://www.sedar.com/ModifyCompanyDocumentSearchForm.do?lang=EN&company_search=Nevada Copper Corp&document_selection=0&industry_group=A&FromDate=13&FromMonth=05&FromYear=2000&ToDate=13&ToMonth=11&ToYear=2020&Variable=Issuer
0,2019-09-30,NCU.TO,2019-09-30,2019-09-30,Q3,0.0,11000.0,-11000.0,0.0,0.0,783000.0,0.0,0.0,0.0,794000.0,16000.0,0.0,-803000.0,0.0,-794000.0,0.0,9000.0,-750000.0,0.0,0.0,-750000.0,0.0,-0.000984,-0.000984,761935897,761935897,https://www.sedar.com/ModifyCompanyDocumentSearchForm.do?lang=EN&company_search=Nevada Copper Corp&document_selection=0&industry_group=A&FromDate=13&FromMonth=05&FromYear=2000&ToDate=13&ToMonth=11&ToYear=2020&Variable=Issuer,https://www.sedar.com/ModifyCompanyDocumentSearchForm.do?lang=EN&company_search=Nevada Copper Corp&document_selection=0&industry_group=A&FromDate=13&FromMonth=05&FromYear=2000&ToDate=13&ToMonth=11&ToYear=2020&Variable=Issuer
0,2019-06-30,NCU.TO,2019-06-30,2019-06-30,Q2,0.0,11000.0,-11000.0,0.0,0.0,1050000.0,0.0,0.0,22000.0,1083000.0,14000.0,0.0,-801000.0,0.0,-1083000.0,0.0,1283000.0,457000.0,0.0,0.0,457000.0,0.0,0.000641,0.000641,712484204,712484204,https://www.sedar.com/ModifyCompanyDocumentSearchForm.do?lang=EN&company_search=Nevada Copper Corp&document_selection=0&industry_group=A&FromDate=13&FromMonth=05&FromYear=2000&ToDate=13&ToMonth=11&ToYear=2020&Variable=Issuer,https://www.sedar.com/ModifyCompanyDocumentSearchForm.do?lang=EN&company_search=Nevada Copper Corp&document_selection=0&industry_group=A&FromDate=13&FromMonth=05&FromYear=2000&ToDate=13&ToMonth=11&ToYear=2020&Variable=Issuer
0,2019-03-31,NCU.TO,2019-03-31,2019-03-31,Q1,0.0,9000.0,-9000.0,0.0,0.0,2982000.0,0.0,27000.0,0.0,2991000.0,0.0,0.0,-2399000.0,0.0,-2991000.0,0.0,67000.0,-2368000.0,0.0,0.0,-2368000.0,0.0,-0.003577,-0.003577,661933584,661933584,https://www.sedar.com/ModifyCompanyDocumentSearchForm.do?lang=EN&company_search=Nevada Copper Corp&document_selection=0&industry_group=A&FromDate=13&FromMonth=05&FromYear=2000&ToDate=13&ToMonth=11&ToYear=2020&Variable=Issuer,https://www.sedar.com/ModifyCompanyDocumentSearchForm.do?lang=EN&company_search=Nevada Copper Corp&document_selection=0&industry_group=A&FromDate=13&FromMonth=05&FromYear=2000&ToDate=13&ToMonth=11&ToYear=2020&Variable=Issuer
0,2018-12-31,NCU.TO,2018-12-31,2018-12-31,Q4,0.0,0.0,0.0,0.0,-16000.0,2010000.0,0.0,33000.0,0.0,2028000.0,0.0,0.0,-1210000.0,0.0,-2028000.0,0.0,-196000.0,-1439000.0,0.0,0.0,-1439000.0,0.0,-0.0010701384044727806,-0.0010701384044727806,1344685878,1344685878,https://www.sedar.com/ModifyCompanyDocumentSearchForm.do?lang=EN&company_search=Nevada Copper Corp&document_selection=0&industry_group=A&FromDate=13&FromMonth=05&FromYear=2000&ToDate=13&ToMonth=11&ToYear=2020&Variable=Issuer,https://www.sedar.com/ModifyCompanyDocumentSearchForm.do?lang=EN&company_search=Nevada Copper Corp&document_selection=0&industry_group=A&FromDate=13&FromMonth=05&FromYear=2000&ToDate=13&ToMonth=11&ToYear=2020&Variable=Issuer
0,2018-09-30,NCU.TO,2018-09-30,2018-09-30,Q3,0.0,0.0,0.0,0.0,0.0,2254000.0,0.0,0.0,0.0,2254000.0,0.0,0.0,-1621000.0,0.0,-2254000.0,0.0,-212000.0,-1845000.0,0.0,0.0,-1845000.0,0.0,-0.002882,-0.002882,640089857,640089857,https://www.sedar.com/ModifyCompanyDocumentSearchForm.do?lang=EN&company_search=Nevada Copper Corp&document_selection=0&industry_group=A&FromDate=13&FromMonth=05&FromYear=2000&ToDate=13&ToMonth=11&ToYear=2020&Variable=Issuer,https://www.sedar.com/ModifyCompanyDocumentSearchForm.do?lang=EN&company_search=Nevada Copper Corp&document_selection=0&industry_group=A&FromDate=13&FromMonth=05&FromYear=2000&ToDate=13&ToMonth=11&ToYear=2020&Variable=Issuer
0,2018-06-30,NCU.TO,2018-06-30,2018-06-30,Q2,0.0,0.0,0.0,0.0,31000.0,3693000.0,0.0,0.0,0.0,3693000.0,963000.0,0.0,-3494000.0,0.0,-3693000.0,0.0,296000.0,-4173000.0,0.0,0.0,-4173000.0,0.0,-0.01,-0.01,445257720,445257720,https://www.sedar.com/ModifyCompanyDocumentSearchForm.do?lang=EN&company_search=Nevada Copper Corp&document_selection=0&industry_group=A&FromDate=13&FromMonth=05&FromYear=2000&ToDate=13&ToMonth=11&ToYear=2020&Variable=Issuer,https://www.sedar.com/ModifyCompanyDocumentSearchForm.do?lang=EN&company_search=Nevada Copper Corp&document_selection=0&industry_group=A&FromDate=13&FromMonth=05&FromYear=2000&ToDate=13&ToMonth=11&ToYear=2020&Variable=Issuer
0,2018-03-31,NCU.TO,2018-03-31,2018-03-31,Q1,0.0,0.0,0.0,0.0,42000.0,1944000.0,0.0,-549000.0,0.0,1944000.0,28000.0,0.0,-2339000.0,0.0,-1944000.0,0.0,-10770000,-12601000,0.0,0.0,-12601000,0.0,-0.05,-0.05,240853108,240853108,https://www.sedar.com/ModifyCompanyDocumentSearchForm.do?lang=EN&company_search=Nevada Copper Corp&document_selection=0&industry_group=A&FromDate=13&FromMonth=05&FromYear=2000&ToDate=13&ToMonth=11&ToYear=2020&Variable=Issuer,https://www.sedar.com/ModifyCompanyDocumentSearchForm.do?lang=EN&company_search=Nevada Copper Corp&document_selection=0&industry_group=A&FromDate=13&FromMonth=05&FromYear=2000&ToDate=13&ToMonth=11&ToYear=2020&Variable=Issuer
0,2017-12-31,NCU.TO,2017-12-31,2017-12-31,Q4,0.0,0.0,0.0,0.0,69000.0,2893000.0,0.0,3000.0,0.0,2910000.0,1901000.0,0.0,-2890000.0,0.0,-2910000.0,0.0,-3637000.0,-8448000.0,0.0,0.0,-8448000.0,0.0,-0.006282508159128596,-0.006282508159128596,1344685878,1344685878,https://www.sedar.com/ModifyCompanyDocumentSearchForm.do?lang=EN&company_search=Nevada Copper Corp&document_selection=0&industry_group=A&FromDate=13&FromMonth=05&FromYear=2000&ToDate=13&ToMonth=11&ToYear=2020&Variable=Issuer,https://www.sedar.com/ModifyCompanyDocumentSearchForm.do?lang=EN&company_search=Nevada Copper Corp&document_selection=0&industry_group=A&FromDate=13&FromMonth=05&FromYear=2000&ToDate=13&ToMonth=11&ToYear=2020&Variable=Issuer
0,2017-09-30,NCU.TO,2017-09-30,2017-09-30,Q3,0.0,0.0,0.0,0.0,36000.0,464000.0,0.0,1000.0,0.0,464000.0,1348000.0,0.0,-462000.0,0.0,-464000.0,0.0,-1311000.0,-3122000.0,0.0,0.0,-3122000.0,0.0,-0.03,-0.03,93178482,93178482,https://www.sedar.com/ModifyCompanyDocumentSearchForm.do?lang=EN&company_search=Nevada Copper Corp&document_selection=0&industry_group=A&FromDate=13&FromMonth=05&FromYear=2000&ToDate=13&ToMonth=11&ToYear=2020&Variable=Issuer,https://www.sedar.com/ModifyCompanyDocumentSearchForm.do?lang=EN&company_search=Nevada Copper Corp&document_selection=0&industry_group=A&FromDate=13&FromMonth=05&FromYear=2000&ToDate=13&ToMonth=11&ToYear=2020&Variable=Issuer
0,2017-06-30,NCU.TO,2017-06-30,2017-06-30,Q2,0.0,0.0,0.0,0.0,43000.0,318000.0,0.0,0.0,0.0,318000.0,1262000.0,0.0,-316000.0,0.0,-318000.0,0.0,6855000.0,5277000.0,0.0,0.0,5277000.0,0.0,0.06,0.06,90486617,90486617,https://www.sedar.com/ModifyCompanyDocumentSearchForm.do?lang=EN&company_search=Nevada Copper Corp&document_selection=0&industry_group=A&FromDate=13&FromMonth=05&FromYear=2000&ToDate=13&ToMonth=11&ToYear=2020&Variable=Issuer,https://www.sedar.com/ModifyCompanyDocumentSearchForm.do?lang=EN&company_search=Nevada Copper Corp&document_selection=0&industry_group=A&FromDate=13&FromMonth=05&FromYear=2000&ToDate=13&ToMonth=11&ToYear=2020&Variable=Issuer
0,2017-03-31,NCU.TO,2017-03-31,2017-03-31,Q1,0.0,0.0,0.0,0.0,61000.0,560000.0,0.0,1000.0,0.0,560000.0,1032000.0,0.0,-554000.0,0.0,-560000.0,0.0,1291000.0,-296000.0,0.0,0.0,-296000.0,0.0,-0.003357,-0.003357,88168125,88168125,https://www.sedar.com/ModifyCompanyDocumentSearchForm.do?lang=EN&company_search=Nevada Copper Corp&document_selection=0&industry_group=A&FromDate=13&FromMonth=05&FromYear=2000&ToDate=13&ToMonth=11&ToYear=2020&Variable=Issuer,https://www.sedar.com/ModifyCompanyDocumentSearchForm.do?lang=EN&company_search=Nevada Copper Corp&document_selection=0&industry_group=A&FromDate=13&FromMonth=05&FromYear=2000&ToDate=13&ToMonth=11&ToYear=2020&Variable=Issuer
0,2016-12-31,NCU.TO,2016-12-31,2016-12-31,Q4,0.0,1000.0,-1000.0,0.0,40000.0,1511000.0,0.0,9000.0,0.0,1530000.0,904000.0,0.0,-1493000.0,0.0,-1530000.0,0.0,-2418000.0,-4842000.0,0.0,0.0,-4842000.0,0.0,-0.0036008409690460063,-0.0036008409690460063,1344685878,1344685878,https://www.sedar.com/ModifyCompanyDocumentSearchForm.do?lang=EN&company_search=Nevada Copper Corp&document_selection=0&industry_group=A&FromDate=13&FromMonth=05&FromYear=2000&ToDate=13&ToMonth=11&ToYear=2020&Variable=Issuer,https://www.sedar.com/ModifyCompanyDocumentSearchForm.do?lang=EN&company_search=Nevada Copper Corp&document_selection=0&industry_group=A&FromDate=13&FromMonth=05&FromYear=2000&ToDate=13&ToMonth=11&ToYear=2020&Variable=Issuer
0,2016-09-30,NCU.TO,2016-09-30,2016-09-30,Q3,0.0,0.0,0.0,0.0,26000.0,1164000.0,0.0,2000.0,0.0,1164000.0,876000.0,0.0,-1148000.0,0.0,-1164000.0,0.0,670000.0,-1356000.0,0.0,0.0,-1356000.0,0.0,-0.02,-0.02,88168125,88168125,https://www.sedar.com/ModifyCompanyDocumentSearchForm.do?lang=EN&company_search=Nevada Copper Corp&document_selection=0&industry_group=A&FromDate=13&FromMonth=05&FromYear=2000&ToDate=13&ToMonth=11&ToYear=2020&Variable=Issuer,https://www.sedar.com/ModifyCompanyDocumentSearchForm.do?lang=EN&company_search=Nevada Copper Corp&document_selection=0&industry_group=A&FromDate=13&FromMonth=05&FromYear=2000&ToDate=13&ToMonth=11&ToYear=2020&Variable=Issuer
0,2016-06-30,NCU.TO,2016-06-30,2016-06-30,Q2,0.0,0.0,0.0,0.0,25000.0,-17000.0,0.0,-1000.0,0.0,-17000.0,855000.0,0.0,25000.0,0.0,17000.0,0.0,-9446000.0,-10278000,0.0,0.0,-10278000,0.0,-0.12,-0.12,82860432,82860432,https://www.sedar.com/ModifyCompanyDocumentSearchForm.do?lang=EN&company_search=Nevada Copper Corp&document_selection=0&industry_group=A&FromDate=13&FromMonth=05&FromYear=2000&ToDate=13&ToMonth=11&ToYear=2020&Variable=Issuer,https://www.sedar.com/ModifyCompanyDocumentSearchForm.do?lang=EN&company_search=Nevada Copper Corp&document_selection=0&industry_group=A&FromDate=13&FromMonth=05&FromYear=2000&ToDate=13&ToMonth=11&ToYear=2020&Variable=Issuer
0,2016-03-31,NCU.TO,2016-03-31,2016-03-31,Q1,0.0,2000.0,-2000.0,0.0,54000.0,840000.0,0.0,-941000.0,0.0,842000.0,10692000,0.0,-1777000.0,0.0,-842000.0,0.0,-961000.0,-12492000,0.0,0.0,-12492000,0.0,-0.16,-0.16,80501458,80501458,https://www.sedar.com/ModifyCompanyDocumentSearchForm.do?lang=EN&company_search=Nevada Copper Corp&document_selection=0&industry_group=A&FromDate=13&FromMonth=05&FromYear=2000&ToDate=13&ToMonth=11&ToYear=2020&Variable=Issuer,https://www.sedar.com/ModifyCompanyDocumentSearchForm.do?lang=EN&company_search=Nevada Copper Corp&document_selection=0&industry_group=A&FromDate=13&FromMonth=05&FromYear=2000&ToDate=13&ToMonth=11&ToYear=2020&Variable=Issuer
0,2015-12-31,NCU.TO,2015-12-31,2015-12-31,Q4,0.0,27000.0,-27000.0,0.0,38000.0,361000.0,0.0,897000.0,0.0,403000.0,629000.0,0.0,503000.0,0.0,-403000.0,0.0,822000.0,-201000.0,0.0,0.0,-201000.0,0.0,-0.00014947728929744884,-0.00014947728929744884,1344685878,1344685878,https://www.sedar.com/ModifyCompanyDocumentSearchForm.do?lang=EN&company_search=Nevada Copper Corp&document_selection=0&industry_group=A&FromDate=13&FromMonth=05&FromYear=2000&ToDate=13&ToMonth=11&ToYear=2020&Variable=Issuer,https://www.sedar.com/ModifyCompanyDocumentSearchForm.do?lang=EN&company_search=Nevada Copper Corp&document_selection=0&industry_group=A&FromDate=13&FromMonth=05&FromYear=2000&ToDate=13&ToMonth=11&ToYear=2020&Variable=Issuer
0,2015-09-30,NCU.TO,2015-09-30,2015-09-30,Q3,0.0,32000.0,-32000.0,0.0,47000.0,495000.0,0.0,-825000.0,0.0,527000.0,421000.0,0.0,-1242000.0,0.0,-527000.0,0.0,-1089000.0,-2024000.0,0.0,0.0,-2024000.0,0.0,-0.03,-0.03,80501458,80501458,https://www.sedar.com/ModifyCompanyDocumentSearchForm.do?lang=EN&company_search=Nevada Copper Corp&document_selection=0&industry_group=A&FromDate=13&FromMonth=05&FromYear=2000&ToDate=13&ToMonth=11&ToYear=2020&Variable=Issuer,https://www.sedar.com/ModifyCompanyDocumentSearchForm.do?lang=EN&company_search=Nevada Copper Corp&document_selection=0&industry_group=A&FromDate=13&FromMonth=05&FromYear=2000&ToDate=13&ToMonth=11&ToYear=2020&Variable=Issuer
0,2015-06-30,NCU.TO,2015-06-30,2015-06-30,Q2,0.0,33000.0,-33000.0,0.0,71000.0,628000.0,0.0,368000.0,0.0,661000.0,587000.0,0.0,-188000.0,0.0,-661000.0,0.0,445000.0,-781000.0,0.0,0.0,-781000.0,0.0,-0.01,-0.01,80501458,80501458,https://www.sedar.com/ModifyCompanyDocumentSearchForm.do?lang=EN&company_search=Nevada Copper Corp&document_selection=0&industry_group=A&FromDate=13&FromMonth=05&FromYear=2000&ToDate=13&ToMonth=11&ToYear=2020&Variable=Issuer,https://www.sedar.com/ModifyCompanyDocumentSearchForm.do?lang=EN&company_search=Nevada Copper Corp&document_selection=0&industry_group=A&FromDate=13&FromMonth=05&FromYear=2000&ToDate=13&ToMonth=11&ToYear=2020&Variable=Issuer
0,2015-03-31,NCU.TO,2015-03-31,2015-03-31,Q1,0.0,33000.0,-33000.0,0.0,71000.0,651000.0,0.0,-372000.0,0.0,684000.0,488000.0,0.0,-932000.0,0.0,-684000.0,0.0,-856000.0,-1992000.0,0.0,0.0,-1992000.0,0.0,-0.02,-0.02,80501458,80501458,https://www.sedar.com/ModifyCompanyDocumentSearchForm.do?lang=EN&company_search=Nevada Copper Corp&document_selection=0&industry_group=A&FromDate=13&FromMonth=05&FromYear=2000&ToDate=13&ToMonth=11&ToYear=2020&Variable=Issuer,https://www.sedar.com/ModifyCompanyDocumentSearchForm.do?lang=EN&company_search=Nevada Copper Corp&document_selection=0&industry_group=A&FromDate=13&FromMonth=05&FromYear=2000&ToDate=13&ToMonth=11&ToYear=2020&Variable=Issuer
0,2014-12-31,NCU.TO,2014-12-31,2014-12-31,Q4,0.0,38000.0,-38000.0,0.0,-487000.0,1211000.0,0.0,-663000.0,0.0,1262000.0,6371000.0,0.0,-1846000.0,0.0,-1262000.0,0.0,-1003000.0,-8608000.0,0.0,0.0,-8608000.0,0.0,-0.0064014950560817895,-0.0064014950560817895,1344685878,1344685878,https://www.sedar.com/ModifyCompanyDocumentSearchForm.do?lang=EN&company_search=Nevada Copper Corp&document_selection=0&industry_group=A&FromDate=13&FromMonth=05&FromYear=2000&ToDate=13&ToMonth=11&ToYear=2020&Variable=Issuer,https://www.sedar.com/ModifyCompanyDocumentSearchForm.do?lang=EN&company_search=Nevada Copper Corp&document_selection=0&industry_group=A&FromDate=13&FromMonth=05&FromYear=2000&ToDate=13&ToMonth=11&ToYear=2020&Variable=Issuer
0,2014-09-30,NCU.TO,2014-09-30,2014-09-30,Q3,0.0,32000.0,-32000.0,0.0,237000.0,882000.0,0.0,185000.0,0.0,914000.0,329000.0,0.0,-661000.0,0.0,-914000.0,0.0,-4196000.0,-5403000.0,0.0,0.0,-5403000.0,0.0,-0.07,-0.07,80501458,80501458,https://www.sedar.com/ModifyCompanyDocumentSearchForm.do?lang=EN&company_search=Nevada Copper Corp&document_selection=0&industry_group=A&FromDate=13&FromMonth=05&FromYear=2000&ToDate=13&ToMonth=11&ToYear=2020&Variable=Issuer,https://www.sedar.com/ModifyCompanyDocumentSearchForm.do?lang=EN&company_search=Nevada Copper Corp&document_selection=0&industry_group=A&FromDate=13&FromMonth=05&FromYear=2000&ToDate=13&ToMonth=11&ToYear=2020&Variable=Issuer
0,2014-06-30,NCU.TO,2014-06-30,2014-06-30,Q2,0.0,32000.0,-32000.0,0.0,475000.0,1721000.0,0.0,63000.0,0.0,1753000.0,0.0,0.0,-2419000.0,0.0,-1753000.0,0.0,761000.0,-920000.0,0.0,0.0,-920000.0,0.0,-0.01,-0.01,80501458,80501458,https://www.sedar.com/ModifyCompanyDocumentSearchForm.do?lang=EN&company_search=Nevada Copper Corp&document_selection=0&industry_group=A&FromDate=13&FromMonth=05&FromYear=2000&ToDate=13&ToMonth=11&ToYear=2020&Variable=Issuer,https://www.sedar.com/ModifyCompanyDocumentSearchForm.do?lang=EN&company_search=Nevada Copper Corp&document_selection=0&industry_group=A&FromDate=13&FromMonth=05&FromYear=2000&ToDate=13&ToMonth=11&ToYear=2020&Variable=Issuer
0,2014-03-31,NCU.TO,2014-03-31,2014-03-31,Q1,0.0,31000.0,-31000.0,0.0,243000.0,1210000.0,0.0,285000.0,0.0,1241000.0,82000.0,0.0,48000.0,0.0,-1241000.0,0.0,-973000.0,-2132000.0,0.0,0.0,-2132000.0,0.0,-0.03,-0.03,80501458,80501458,https://www.sedar.com/ModifyCompanyDocumentSearchForm.do?lang=EN&company_search=Nevada Copper Corp&document_selection=0&industry_group=A&FromDate=13&FromMonth=05&FromYear=2000&ToDate=13&ToMonth=11&ToYear=2020&Variable=Issuer,https://www.sedar.com/ModifyCompanyDocumentSearchForm.do?lang=EN&company_search=Nevada Copper Corp&document_selection=0&industry_group=A&FromDate=13&FromMonth=05&FromYear=2000&ToDate=13&ToMonth=11&ToYear=2020&Variable=Issuer
0,2013-12-31,NCU.TO,2013-12-31,2013-12-31,Q4,0.0,0.0,0.0,0.0,457000.0,1138000.0,0.0,0.0,0.0,1147000.0,0.0,0.0,-72000.0,0.0,-1147000.0,0.0,-1075000.0,-1881000.0,0.0,0.0,-1881000.0,0.0,-0.0013988397073059764,-0.0013988397073059764,1344685878,1344685878,https://www.sedar.com/ModifyCompanyDocumentSearchForm.do?lang=EN&company_search=Nevada Copper Corp&document_selection=0&industry_group=A&FromDate=13&FromMonth=05&FromYear=2000&ToDate=13&ToMonth=11&ToYear=2020&Variable=Issuer,https://www.sedar.com/ModifyCompanyDocumentSearchForm.do?lang=EN&company_search=Nevada Copper Corp&document_selection=0&industry_group=A&FromDate=13&FromMonth=05&FromYear=2000&ToDate=13&ToMonth=11&ToYear=2020&Variable=Issuer
0,2013-09-30,NCU.TO,2013-09-30,2013-09-30,Q3,0.0,0.0,0.0,0.0,126000.0,1197000.0,0.0,0.0,0.0,1197000.0,0.0,0.0,1983000.0,0.0,-1197000.0,0.0,-3180000.0,-4243000.0,0.0,0.0,-4243000.0,0.0,-0.05,-0.05,80501458,80501458,https://www.sedar.com/ModifyCompanyDocumentSearchForm.do?lang=EN&company_search=Nevada Copper Corp&document_selection=0&industry_group=A&FromDate=13&FromMonth=05&FromYear=2000&ToDate=13&ToMonth=11&ToYear=2020&Variable=Issuer,https://www.sedar.com/ModifyCompanyDocumentSearchForm.do?lang=EN&company_search=Nevada Copper Corp&document_selection=0&industry_group=A&FromDate=13&FromMonth=05&FromYear=2000&ToDate=13&ToMonth=11&ToYear=2020&Variable=Issuer
0,2013-06-30,NCU.TO,2013-06-30,2013-06-30,Q2,0.0,0.0,0.0,0.0,67979.0,981480.0,0.0,0.0,0.0,984480.0,0.0,0.0,13724667,0.0,-984480.0,0.0,-14708482,-15638598,0.0,0.0,-15638598,0.0,-0.011629926554490074,-0.011629926554490074,1344685878,1344685878,https://www.sedar.com/ModifyCompanyDocumentSearchForm.do?lang=EN&company_search=Nevada Copper Corp&document_selection=0&industry_group=A&FromDate=13&FromMonth=05&FromYear=2000&ToDate=13&ToMonth=11&ToYear=2020&Variable=Issuer,https://www.sedar.com/ModifyCompanyDocumentSearchForm.do?lang=EN&company_search=Nevada Copper Corp&document_selection=0&industry_group=A&FromDate=13&FromMonth=05&FromYear=2000&ToDate=13&ToMonth=11&ToYear=2020&Variable=Issuer
0,2013-03-31,NCU.TO,2013-03-31,2013-03-31,Q1,0.0,0.0,0.0,0.0,183866.0,678750.0,0.0,0.0,0.0,678750.0,0.0,0.0,-823077.0,0.0,-678750.0,0.0,144764.0,-439543.0,0.0,0.0,-439543.0,0.0,-0.01,-0.01,80496458,80496458,https://www.sedar.com/ModifyCompanyDocumentSearchForm.do?lang=EN&company_search=Nevada Copper Corp&document_selection=0&industry_group=A&FromDate=13&FromMonth=05&FromYear=2000&ToDate=13&ToMonth=11&ToYear=2020&Variable=Issuer,https://www.sedar.com/ModifyCompanyDocumentSearchForm.do?lang=EN&company_search=Nevada Copper Corp&document_selection=0&industry_group=A&FromDate=13&FromMonth=05&FromYear=2000&ToDate=13&ToMonth=11&ToYear=2020&Variable=Issuer
0,2012-12-31,NCU.TO,2012-12-31,2012-12-31,Q4,0.0,0.0,0.0,0.0,44005.0,627745.0,0.0,0.0,0.0,627745.0,0.0,0.0,-726828.0,0.0,-627745.0,0.0,99617.0,-402024.0,0.0,0.0,-402024.0,0.0,-0.01,-0.01,79860371,79860371,https://www.sedar.com/ModifyCompanyDocumentSearchForm.do?lang=EN&company_search=Nevada Copper Corp&document_selection=0&industry_group=A&FromDate=13&FromMonth=05&FromYear=2000&ToDate=13&ToMonth=11&ToYear=2020&Variable=Issuer,https://www.sedar.com/ModifyCompanyDocumentSearchForm.do?lang=EN&company_search=Nevada Copper Corp&document_selection=0&industry_group=A&FromDate=13&FromMonth=05&FromYear=2000&ToDate=13&ToMonth=11&ToYear=2020&Variable=Issuer
0,2012-09-30,NCU.TO,2012-09-30,2012-09-30,Q3,0.0,0.0,0.0,0.0,123150.0,2547875.0,0.0,0.0,0.0,2671025.0,0.0,0.0,-2520894.0,0.0,-2671025.0,0.0,-149899.0,-2653835.0,0.0,0.0,-2653835.0,0.0,-0.04,-0.04,73109719,73109719,https://www.sedar.com/ModifyCompanyDocumentSearchForm.do?lang=EN&company_search=Nevada Copper Corp&document_selection=0&industry_group=A&FromDate=13&FromMonth=05&FromYear=2000&ToDate=13&ToMonth=11&ToYear=2020&Variable=Issuer,https://www.sedar.com/ModifyCompanyDocumentSearchForm.do?lang=EN&company_search=Nevada Copper Corp&document_selection=0&industry_group=A&FromDate=13&FromMonth=05&FromYear=2000&ToDate=13&ToMonth=11&ToYear=2020&Variable=Issuer
0,2012-06-30,NCU.TO,2012-06-30,2012-06-30,Q2,0.0,0.0,0.0,0.0,74797.0,1094261.0,0.0,0.0,0.0,1169058.0,0.0,0.0,-984171.0,0.0,-1169058.0,0.0,287785.0,-696795.0,0.0,0.0,-696795.0,0.0,-0.0005181842178906262,-0.0005181842178906262,1344685878,1344685878,https://www.sedar.com/ModifyCompanyDocumentSearchForm.do?lang=EN&company_search=Nevada Copper Corp&document_selection=0&industry_group=A&FromDate=13&FromMonth=05&FromYear=2000&ToDate=13&ToMonth=11&ToYear=2020&Variable=Issuer,https://www.sedar.com/ModifyCompanyDocumentSearchForm.do?lang=EN&company_search=Nevada Copper Corp&document_selection=0&industry_group=A&FromDate=13&FromMonth=05&FromYear=2000&ToDate=13&ToMonth=11&ToYear=2020&Variable=Issuer
0,2012-03-31,NCU.TO,2012-03-31,2012-03-31,Q1,0.0,0.0,0.0,0.0,140828.0,1203916.0,0.0,0.0,0.0,1344744.0,0.0,0.0,-1144440.0,0.0,-1344744.0,0.0,-220998.0,-1365774.0,0.0,0.0,-1365774.0,0.0,-0.02,-0.02,72776458,72776458,https://www.sedar.com/ModifyCompanyDocumentSearchForm.do?lang=EN&company_search=Nevada Copper Corp&document_selection=0&industry_group=A&FromDate=13&FromMonth=05&FromYear=2000&ToDate=13&ToMonth=11&ToYear=2020&Variable=Issuer,https://www.sedar.com/ModifyCompanyDocumentSearchForm.do?lang=EN&company_search=Nevada Copper Corp&document_selection=0&industry_group=A&FromDate=13&FromMonth=05&FromYear=2000&ToDate=13&ToMonth=11&ToYear=2020&Variable=Issuer
0,2011-12-31,NCU.TO,2011-12-31,2011-12-31,Q4,0.0,0.0,0.0,0.0,0.0,860784.0,0.0,0.0,0.0,860784.0,0.0,0.0,-627997.0,0.0,-860784.0,0.0,-176787.0,-804784.0,0.0,0.0,-804784.0,0.0,-0.01,-0.01,68402762,68402762,https://www.sedar.com/ModifyCompanyDocumentSearchForm.do?lang=EN&company_search=Nevada Copper Corp&document_selection=0&industry_group=A&FromDate=13&FromMonth=05&FromYear=2000&ToDate=13&ToMonth=11&ToYear=2020&Variable=Issuer,https://www.sedar.com/ModifyCompanyDocumentSearchForm.do?lang=EN&company_search=Nevada Copper Corp&document_selection=0&industry_group=A&FromDate=13&FromMonth=05&FromYear=2000&ToDate=13&ToMonth=11&ToYear=2020&Variable=Issuer
0,2011-09-30,NCU.TO,2011-09-30,2011-09-30,Q3,0.0,0.0,0.0,0.0,69382.0,6238632.0,0.0,0.0,0.0,6308014.0,0.0,0.0,-6111425.0,0.0,-6308014.0,0.0,575965.0,-5535460.0,0.0,0.0,-5535460.0,0.0,-0.08,-0.08,68398415,68398415,https://www.sedar.com/ModifyCompanyDocumentSearchForm.do?lang=EN&company_search=Nevada Copper Corp&document_selection=0&industry_group=A&FromDate=13&FromMonth=05&FromYear=2000&ToDate=13&ToMonth=11&ToYear=2020&Variable=Issuer,https://www.sedar.com/ModifyCompanyDocumentSearchForm.do?lang=EN&company_search=Nevada Copper Corp&document_selection=0&industry_group=A&FromDate=13&FromMonth=05&FromYear=2000&ToDate=13&ToMonth=11&ToYear=2020&Variable=Issuer
0,2011-06-30,NCU.TO,2011-06-30,2011-06-30,Q2,0.0,0.0,0.0,0.0,0.0,-265554.503439,0.0,0.0,0.0,16120.629754,251.024739,0.0,53592.809486,0.0,-16120.629754,0.0,-8251.350278,45090.434469,0.0,0.0,45090.434469,0.0,3.353231799836006e-05,3.353231799836006e-05,1344685878,1344685878,https://www.sedar.com/ModifyCompanyDocumentSearchForm.do?lang=EN&company_search=Nevada Copper Corp&document_selection=0&industry_group=A&FromDate=13&FromMonth=05&FromYear=2000&ToDate=13&ToMonth=11&ToYear=2020&Variable=Issuer,https://www.sedar.com/ModifyCompanyDocumentSearchForm.do?lang=EN&company_search=Nevada Copper Corp&document_selection=0&industry_group=A&FromDate=13&FromMonth=05&FromYear=2000&ToDate=13&ToMonth=11&ToYear=2020&Variable=Issuer
0,2011-03-31,NCU.TO,2011-03-31,2011-03-31,Q1,0.0,0.0,0.0,0.0,0.0,4762381.290449,0.0,0.0,0.0,4762381.290449,0.0,0.0,-4688376.495766,0.0,-4762381.290449,0.0,-131846.570156,-4820223.065922,0.0,0.0,-4820223.065922,0.0,-0.092601,-0.092601,58669164,58669164,https://www.sedar.com/ModifyCompanyDocumentSearchForm.do?lang=EN&company_search=Nevada Copper Corp&document_selection=0&industry_group=A&FromDate=13&FromMonth=05&FromYear=2000&ToDate=13&ToMonth=11&ToYear=2020&Variable=Issuer,https://www.sedar.com/ModifyCompanyDocumentSearchForm.do?lang=EN&company_search=Nevada Copper Corp&document_selection=0&industry_group=A&FromDate=13&FromMonth=05&FromYear=2000&ToDate=13&ToMonth=11&ToYear=2020&Variable=Issuer
0,2010-12-31,NCU.TO,2010-12-31,2010-12-31,Q4,0.0,0.0,0.0,0.0,0.0,2358713.605823,0.0,0.0,0.0,2358713.605823,18808.990562,0.0,-2263898.776196,0.0,-2358713.605823,0.0,25463.925772,-2257243.840985,0.0,0.0,-2257243.840985,0.0,-0.039994,-0.039994,55718253,55718253,https://www.sedar.com/ModifyCompanyDocumentSearchForm.do?lang=EN&company_search=Nevada Copper Corp&document_selection=0&industry_group=A&FromDate=13&FromMonth=05&FromYear=2000&ToDate=13&ToMonth=11&ToYear=2020&Variable=Issuer,https://www.sedar.com/ModifyCompanyDocumentSearchForm.do?lang=EN&company_search=Nevada Copper Corp&document_selection=0&industry_group=A&FromDate=13&FromMonth=05&FromYear=2000&ToDate=13&ToMonth=11&ToYear=2020&Variable=Issuer
0,2010-09-30,NCU.TO,2010-09-30,2010-09-30,Q3,0.0,0.0,0.0,0.0,47347.354138,393405.698779,0.0,-53318.472572,-81561.349099,359191.703819,34905.020353,0.0,-359191.703819,0.0,-359191.703819,0.0,-53318.472572,0.0,0.0,0.0,-354270.207405,0.0,-0.009692,-0.009692,53517072,53517072,https://www.sedar.com/ModifyCompanyDocumentSearchForm.do?lang=EN&company_search=Nevada Copper Corp&document_selection=0&industry_group=A&FromDate=13&FromMonth=05&FromYear=2000&ToDate=13&ToMonth=11&ToYear=2020&Variable=Issuer,https://www.sedar.com/ModifyCompanyDocumentSearchForm.do?lang=EN&company_search=Nevada Copper Corp&document_selection=0&industry_group=A&FromDate=13&FromMonth=05&FromYear=2000&ToDate=13&ToMonth=11&ToYear=2020&Variable=Issuer
0,2010-06-30,NCU.TO,2010-06-30,2010-06-30,Q2,0.0,0.0,0.0,0.0,32998.582457,2010601.957914,0.0,0.0,0.0,2189496.165249,-185101.977988,0.0,-2174930.184792,0.0,-2189496.165249,0.0,0.0,0.0,0.0,0.0,-2006571.389068,0.0,-0.001492223144376623,-0.001492223144376623,1344685878,1344685878,https://www.sedar.com/ModifyCompanyDocumentSearchForm.do?lang=EN&company_search=Nevada Copper Corp&document_selection=0&industry_group=A&FromDate=13&FromMonth=05&FromYear=2000&ToDate=13&ToMonth=11&ToYear=2020&Variable=Issuer,https://www.sedar.com/ModifyCompanyDocumentSearchForm.do?lang=EN&company_search=Nevada Copper Corp&document_selection=0&industry_group=A&FromDate=13&FromMonth=05&FromYear=2000&ToDate=13&ToMonth=11&ToYear=2020&Variable=Issuer
0,2010-03-31,NCU.TO,2010-03-31,2010-03-31,Q1,0.0,0.0,0.0,0.0,36173.23916,1403024.328036,0.0,0.0,-93898.371591,1345299.195605,254264.273102,0.0,-1345299.195605,0.0,-1345299.195605,0.0,0.0,0.0,0.0,0.0,-1589865.60722,0.0,-0.039239,-0.039239,43563932,43563932,https://www.sedar.com/ModifyCompanyDocumentSearchForm.do?lang=EN&company_search=Nevada Copper Corp&document_selection=0&industry_group=A&FromDate=13&FromMonth=05&FromYear=2000&ToDate=13&ToMonth=11&ToYear=2020&Variable=Issuer,https://www.sedar.com/ModifyCompanyDocumentSearchForm.do?lang=EN&company_search=Nevada Copper Corp&document_selection=0&industry_group=A&FromDate=13&FromMonth=05&FromYear=2000&ToDate=13&ToMonth=11&ToYear=2020&Variable=Issuer
0,2009-12-31,NCU.TO,2009-12-31,2009-12-31,Q4,0.0,0.0,0.0,0.0,29844.331964,266214.306179,0.0,0.0,-16968.770891,279089.867252,33721.707573,0.0,-279089.867252,0.0,-279089.867252,0.0,0.0,0.0,0.0,0.0,-305952.631076,0.0,-0.00955,-0.00955,43415377,43415377,https://www.sedar.com/ModifyCompanyDocumentSearchForm.do?lang=EN&company_search=Nevada Copper Corp&document_selection=0&industry_group=A&FromDate=13&FromMonth=05&FromYear=2000&ToDate=13&ToMonth=11&ToYear=2020&Variable=Issuer,https://www.sedar.com/ModifyCompanyDocumentSearchForm.do?lang=EN&company_search=Nevada Copper Corp&document_selection=0&industry_group=A&FromDate=13&FromMonth=05&FromYear=2000&ToDate=13&ToMonth=11&ToYear=2020&Variable=Issuer
0,2009-09-30,NCU.TO,2009-09-30,2009-09-30,Q3,0.0,0.0,0.0,0.0,4871.363084,211952.474507,0.0,0.0,-32966.601179,183857.236411,35346.618019,0.0,-183857.236411,0.0,-183857.236411,0.0,0.0,0.0,0.0,0.0,-219203.85443,0.0,-0.009355,-0.009355,40578420,40578420,https://www.sedar.com/ModifyCompanyDocumentSearchForm.do?lang=EN&company_search=Nevada Copper Corp&document_selection=0&industry_group=A&FromDate=13&FromMonth=05&FromYear=2000&ToDate=13&ToMonth=11&ToYear=2020&Variable=Issuer,https://www.sedar.com/ModifyCompanyDocumentSearchForm.do?lang=EN&company_search=Nevada Copper Corp&document_selection=0&industry_group=A&FromDate=13&FromMonth=05&FromYear=2000&ToDate=13&ToMonth=11&ToYear=2020&Variable=Issuer
0,2009-06-30,NCU.TO,2009-06-30,2009-06-30,Q2,0.0,0.0,0.0,0.0,46237.425006,1134879.429348,0.0,0.0,0.0,667303.597048,0.0,0.0,-1166458.599416,0.0,-667303.597048,0.0,0.0,0.0,0.0,0.0,-1211987.90917,0.0,-0.0009013167528557923,-0.0009013167528557923,1344685878,1344685878,https://www.sedar.com/ModifyCompanyDocumentSearchForm.do?lang=EN&company_search=Nevada Copper Corp&document_selection=0&industry_group=A&FromDate=13&FromMonth=05&FromYear=2000&ToDate=13&ToMonth=11&ToYear=2020&Variable=Issuer,https://www.sedar.com/ModifyCompanyDocumentSearchForm.do?lang=EN&company_search=Nevada Copper Corp&document_selection=0&industry_group=A&FromDate=13&FromMonth=05&FromYear=2000&ToDate=13&ToMonth=11&ToYear=2020&Variable=Issuer
0,2009-03-31,NCU.TO,2009-03-31,2009-03-31,Q1,0.0,0.0,0.0,0.0,43599.429793,110251.049339,0.0,0.0,515286.291281,669136.770413,0.0,0.0,-669136.770413,0.0,-669136.770413,0.0,0.0,0.0,0.0,0.0,-666628.652887,0.0,-0.015839,-0.015839,40578420,40578420,https://www.sedar.com/ModifyCompanyDocumentSearchForm.do?lang=EN&company_search=Nevada Copper Corp&document_selection=0&industry_group=A&FromDate=13&FromMonth=05&FromYear=2000&ToDate=13&ToMonth=11&ToYear=2020&Variable=Issuer,https://www.sedar.com/ModifyCompanyDocumentSearchForm.do?lang=EN&company_search=Nevada Copper Corp&document_selection=0&industry_group=A&FromDate=13&FromMonth=05&FromYear=2000&ToDate=13&ToMonth=11&ToYear=2020&Variable=Issuer
0,2008-12-31,NCU.TO,2008-12-31,2008-12-31,Q4,0.0,0.0,0.0,0.0,60377.978636,100970.419063,0.0,0.0,-38197.206245,123151.191454,0.0,0.0,-123151.191454,0.0,-123151.191454,0.0,0.0,0.0,0.0,0.0,-109832.374692,0.0,0.0,0.0,40578420,40578420,https://www.sedar.com/ModifyCompanyDocumentSearchForm.do?lang=EN&company_search=Nevada Copper Corp&document_selection=0&industry_group=A&FromDate=13&FromMonth=05&FromYear=2000&ToDate=13&ToMonth=11&ToYear=2020&Variable=Issuer,https://www.sedar.com/ModifyCompanyDocumentSearchForm.do?lang=EN&company_search=Nevada Copper Corp&document_selection=0&industry_group=A&FromDate=13&FromMonth=05&FromYear=2000&ToDate=13&ToMonth=11&ToYear=2020&Variable=Issuer
0,2008-09-30,NCU.TO,2008-09-30,2008-09-30,Q3,0.0,0.0,0.0,0.0,52494.804459,272654.449273,0.0,0.0,0.0,325149.253731,0.0,0.0,-325149.253731,0.0,-325149.253731,0.0,0.0,0.0,0.0,0.0,-292965.237106,0.0,-0.009446,-0.009446,40522350,40522350,https://www.sedar.com/ModifyCompanyDocumentSearchForm.do?lang=EN&company_search=Nevada Copper Corp&document_selection=0&industry_group=A&FromDate=13&FromMonth=05&FromYear=2000&ToDate=13&ToMonth=11&ToYear=2020&Variable=Issuer,https://www.sedar.com/ModifyCompanyDocumentSearchForm.do?lang=EN&company_search=Nevada Copper Corp&document_selection=0&industry_group=A&FromDate=13&FromMonth=05&FromYear=2000&ToDate=13&ToMonth=11&ToYear=2020&Variable=Issuer
0,2008-06-30,NCU.TO,2008-06-30,2008-06-30,Q2,0.0,0.0,0.0,0.0,46554.245916,204566.323064,0.0,0.0,0.0,244849.199359,0.0,0.0,-244849.199359,0.0,-244849.199359,0.0,0.0,0.0,0.0,0.0,-224327.113396,0.0,-0.000166824919534107,-0.000166824919534107,1344685878,1344685878,https://www.sedar.com/ModifyCompanyDocumentSearchForm.do?lang=EN&company_search=Nevada Copper Corp&document_selection=0&industry_group=A&FromDate=13&FromMonth=05&FromYear=2000&ToDate=13&ToMonth=11&ToYear=2020&Variable=Issuer,https://www.sedar.com/ModifyCompanyDocumentSearchForm.do?lang=EN&company_search=Nevada Copper Corp&document_selection=0&industry_group=A&FromDate=13&FromMonth=05&FromYear=2000&ToDate=13&ToMonth=11&ToYear=2020&Variable=Issuer
0,2008-03-31,NCU.TO,2008-03-31,2008-03-31,Q1,0.0,0.0,0.0,0.0,80151.559312,622001.360148,0.0,0.0,0.0,702152.91946,0.0,0.0,-702152.91946,0.0,-702152.91946,0.0,36365.49111,0.0,0.0,0.0,-641530.166132,0.0,-0.019431,-0.019431,36678956,36678956,https://www.sedar.com/ModifyCompanyDocumentSearchForm.do?lang=EN&company_search=Nevada Copper Corp&document_selection=0&industry_group=A&FromDate=13&FromMonth=05&FromYear=2000&ToDate=13&ToMonth=11&ToYear=2020&Variable=Issuer,https://www.sedar.com/ModifyCompanyDocumentSearchForm.do?lang=EN&company_search=Nevada Copper Corp&document_selection=0&industry_group=A&FromDate=13&FromMonth=05&FromYear=2000&ToDate=13&ToMonth=11&ToYear=2020&Variable=Issuer
0,2007-12-31,NCU.TO,2007-12-31,2007-12-31,Q4,0.0,0.0,0.0,0.0,259750.580632,323706.957488,0.0,0.0,0.0,583457.53812,0.0,0.0,-583457.53812,0.0,-583457.53812,0.0,-20646.268807,0.0,0.0,0.0,-560010.09795,0.0,-0.020196,-0.020196,36305517,36305517,https://www.sedar.com/ModifyCompanyDocumentSearchForm.do?lang=EN&company_search=Nevada Copper Corp&document_selection=0&industry_group=A&FromDate=13&FromMonth=05&FromYear=2000&ToDate=13&ToMonth=11&ToYear=2020&Variable=Issuer,https://www.sedar.com/ModifyCompanyDocumentSearchForm.do?lang=EN&company_search=Nevada Copper Corp&document_selection=0&industry_group=A&FromDate=13&FromMonth=05&FromYear=2000&ToDate=13&ToMonth=11&ToYear=2020&Variable=Issuer
0,2007-09-30,NCU.TO,2007-09-30,2007-09-30,Q3,0.0,0.0,0.0,0.0,91615.632554,1127045.729251,0.0,0.0,0.0,1218661.361805,0.0,0.0,-1218661.361805,0.0,-1218661.361805,0.0,0.0,0.0,0.0,0.0,-1167616.841257,0.0,-0.030218,-0.030218,35935609,35935609,https://www.sedar.com/ModifyCompanyDocumentSearchForm.do?lang=EN&company_search=Nevada Copper Corp&document_selection=0&industry_group=A&FromDate=13&FromMonth=05&FromYear=2000&ToDate=13&ToMonth=11&ToYear=2020&Variable=Issuer,https://www.sedar.com/ModifyCompanyDocumentSearchForm.do?lang=EN&company_search=Nevada Copper Corp&document_selection=0&industry_group=A&FromDate=13&FromMonth=05&FromYear=2000&ToDate=13&ToMonth=11&ToYear=2020&Variable=Issuer
0,2007-06-30,NCU.TO,2007-06-30,2007-06-30,Q2,0.0,0.0,0.0,0.0,170243.596129,872817.377699,0.0,0.0,0.0,1116987.699991,0.0,0.0,-1116987.699991,0.0,-1116987.699991,0.0,0.0,0.0,0.0,0.0,-1086389.202197,0.0,-0.0008079130003304756,-0.0008079130003304756,1344685878,1344685878,https://www.sedar.com/ModifyCompanyDocumentSearchForm.do?lang=EN&company_search=Nevada Copper Corp&document_selection=0&industry_group=A&FromDate=13&FromMonth=05&FromYear=2000&ToDate=13&ToMonth=11&ToYear=2020&Variable=Issuer,https://www.sedar.com/ModifyCompanyDocumentSearchForm.do?lang=EN&company_search=Nevada Copper Corp&document_selection=0&industry_group=A&FromDate=13&FromMonth=05&FromYear=2000&ToDate=13&ToMonth=11&ToYear=2020&Variable=Issuer
0,2007-03-31,NCU.TO,2007-03-31,2007-03-31,Q1,0.0,0.0,0.0,0.0,88937.239945,146861.130374,0.0,0.0,0.0,235798.370319,0.0,0.0,-235798.370319,0.0,-235798.370319,0.0,0.0,0.0,0.0,0.0,-207309.292649,0.0,-0.008669,-0.008669,30522409,30522409,https://www.sedar.com/ModifyCompanyDocumentSearchForm.do?lang=EN&company_search=Nevada Copper Corp&document_selection=0&industry_group=A&FromDate=13&FromMonth=05&FromYear=2000&ToDate=13&ToMonth=11&ToYear=2020&Variable=Issuer,https://www.sedar.com/ModifyCompanyDocumentSearchForm.do?lang=EN&company_search=Nevada Copper Corp&document_selection=0&industry_group=A&FromDate=13&FromMonth=05&FromYear=2000&ToDate=13&ToMonth=11&ToYear=2020&Variable=Issuer
0,2006-12-31,NCU.TO,2006-12-31,2006-12-31,Q4,0.0,18816.060398,-18816.060398,0.0,0.0,456578.586136,0.0,0.0,0.0,475394.646534,0.0,0.0,-475394.646534,0.0,-475394.646534,0.0,0.0,0.0,0.0,0.0,-439525.566232,0.0,-0.017159,-0.017159,27350382,27350382,https://www.sedar.com/ModifyCompanyDocumentSearchForm.do?lang=EN&company_search=Nevada Copper Corp&document_selection=0&industry_group=A&FromDate=13&FromMonth=05&FromYear=2000&ToDate=13&ToMonth=11&ToYear=2020&Variable=Issuer,https://www.sedar.com/ModifyCompanyDocumentSearchForm.do?lang=EN&company_search=Nevada Copper Corp&document_selection=0&industry_group=A&FromDate=13&FromMonth=05&FromYear=2000&ToDate=13&ToMonth=11&ToYear=2020&Variable=Issuer
0,2006-09-30,NCU.TO,,,Q3,0.0,0.0,0.0,0.0,0.0,1342074.153681,0.0,0.0,0.0,1342074.153681,0.0,0.0,-1342074.153681,0.0,-1342074.153681,0.0,0.0,0.0,0.0,0.0,-1322054.451012,0.0,-0.008956,-0.008956,15789889,15789889,https://www.sedar.com/ModifyCompanyDocumentSearchForm.do?lang=EN&company_search=Nevada Copper Corp&document_selection=0&industry_group=A&FromDate=13&FromMonth=05&FromYear=2000&ToDate=13&ToMonth=11&ToYear=2020&Variable=Issuer,https://www.sedar.com/ModifyCompanyDocumentSearchForm.do?lang=EN&company_search=Nevada Copper Corp&document_selection=0&industry_group=A&FromDate=13&FromMonth=05&FromYear=2000&ToDate=13&ToMonth=11&ToYear=2020&Variable=Issuer
0,2006-06-30,NCU.TO,,,Q2,0.0,0.0,0.0,0.0,0.0,24859.705151,0.0,0.0,0.0,22716.327559,0.0,0.0,-22715.254988,0.0,-22716.327559,0.0,0.0,0.0,0.0,0.0,-27104.540063,0.0,-2.015678197149922e-05,-2.015678197149922e-05,1344685878,1344685878,https://www.sedar.com/ModifyCompanyDocumentSearchForm.do?lang=EN&company_search=Nevada Copper Corp&document_selection=0&industry_group=A&FromDate=13&FromMonth=05&FromYear=2000&ToDate=13&ToMonth=11&ToYear=2020&Variable=Issuer,https://www.sedar.com/ModifyCompanyDocumentSearchForm.do?lang=EN&company_search=Nevada Copper Corp&document_selection=0&industry_group=A&FromDate=13&FromMonth=05&FromYear=2000&ToDate=13&ToMonth=11&ToYear=2020&Variable=Issuer
0,2006-03-31,NCU.TO,,,Q1,0.0,0.0,0.0,0.0,0.0,18716.761022,0.0,0.0,2144.450163,20867.215646,0.0,0.0,-20861.211185,0.0,-20867.215646,0.0,-2144.450163,0.0,0.0,0.0,-20867.215646,0.0,-0.008578,-0.008578,4256600.0,4256600.0,https://www.sedar.com/ModifyCompanyDocumentSearchForm.do?lang=EN&company_search=Nevada Copper Corp&document_selection=0&industry_group=A&FromDate=13&FromMonth=05&FromYear=2000&ToDate=13&ToMonth=11&ToYear=2020&Variable=Issuer,https://www.sedar.com/ModifyCompanyDocumentSearchForm.do?lang=EN&company_search=Nevada Copper Corp&document_selection=0&industry_group=A&FromDate=13&FromMonth=05&FromYear=2000&ToDate=13&ToMonth=11&ToYear=2020&Variable=Issuer
0,2005-12-31,NCU.TO,,,Q4,0.0,0.0,0.0,0.0,0.0,10390.907525,0.0,0.0,0.0,10399.517823,0.0,0.0,-10390.898268,0.0,-10399.517823,0.0,0.0,0.0,0.0,0.0,-10399.517823,0.0,-0.00861,-0.00861,3256600.0,3256600.0,https://www.sedar.com/ModifyCompanyDocumentSearchForm.do?lang=EN&company_search=Nevada Copper Corp&document_selection=0&industry_group=A&FromDate=13&FromMonth=05&FromYear=2000&ToDate=13&ToMonth=11&ToYear=2020&Variable=Issuer,https://www.sedar.com/ModifyCompanyDocumentSearchForm.do?lang=EN&company_search=Nevada Copper Corp&document_selection=0&industry_group=A&FromDate=13&FromMonth=05&FromYear=2000&ToDate=13&ToMonth=11&ToYear=2020&Variable=Issuer
0,2005-09-30,NCU.TO,,,Q3,0.0,0.0,0.0,0.0,0.0,5597.557304,0.0,0.0,0.0,5606.158345,0.0,0.0,-5597.557304,0.0,-5606.158345,0.0,0.0,0.0,0.0,0.0,-5606.158345,0.0,-0.008601,-0.008601,3256600.0,3256600.0,https://www.sedar.com/ModifyCompanyDocumentSearchForm.do?lang=EN&company_search=Nevada Copper Corp&document_selection=0&industry_group=A&FromDate=13&FromMonth=05&FromYear=2000&ToDate=13&ToMonth=11&ToYear=2020&Variable=Issuer,https://www.sedar.com/ModifyCompanyDocumentSearchForm.do?lang=EN&company_search=Nevada Copper Corp&document_selection=0&industry_group=A&FromDate=13&FromMonth=05&FromYear=2000&ToDate=13&ToMonth=11&ToYear=2020&Variable=Issuer
0,2005-06-30,NCU.TO,,,Q2,0.0,0.0,0.0,0.0,0.0,9065.466189,0.0,0.0,0.0,9094.923987,0.0,0.0,-9065.466189,0.0,-9094.923987,0.0,0.0,0.0,0.0,0.0,-9094.923987,0.0,-6.763604895239333e-06,-6.763604895239333e-06,1344685878,1344685878,https://www.sedar.com/ModifyCompanyDocumentSearchForm.do?lang=EN&company_search=Nevada Copper Corp&document_selection=0&industry_group=A&FromDate=13&FromMonth=05&FromYear=2000&ToDate=13&ToMonth=11&ToYear=2020&Variable=Issuer,https://www.sedar.com/ModifyCompanyDocumentSearchForm.do?lang=EN&company_search=Nevada Copper Corp&document_selection=0&industry_group=A&FromDate=13&FromMonth=05&FromYear=2000&ToDate=13&ToMonth=11&ToYear=2020&Variable=Issuer
0,2005-03-31,NCU.TO,,,Q1,0.0,0.0,0.0,0.0,0.0,3696.784327,0.0,0.0,-372.819707,3323.964619,0.0,0.0,-3323.964619,0.0,-3323.964619,0.0,372.819707,0.0,0.0,0.0,-3323.964619,0.0,-0.008267,-0.008267,3256600.0,3256600.0,https://www.sedar.com/ModifyCompanyDocumentSearchForm.do?lang=EN&company_search=Nevada Copper Corp&document_selection=0&industry_group=A&FromDate=13&FromMonth=05&FromYear=2000&ToDate=13&ToMonth=11&ToYear=2020&Variable=Issuer,https://www.sedar.com/ModifyCompanyDocumentSearchForm.do?lang=EN&company_search=Nevada Copper Corp&document_selection=0&industry_group=A&FromDate=13&FromMonth=05&FromYear=2000&ToDate=13&ToMonth=11&ToYear=2020&Variable=Issuer
0,2004-12-31,NCU.TO,,,Q4,0.0,0.0,0.0,0.0,0.0,15348.46191,0.0,0.0,0.0,15348.46191,0.0,0.0,-15345.657659,0.0,-15348.46191,0.0,0.0,0.0,0.0,0.0,-15348.46191,0.0,-0.008318,-0.008318,3256600.0,3256600.0,https://www.sedar.com/ModifyCompanyDocumentSearchForm.do?lang=EN&company_search=Nevada Copper Corp&document_selection=0&industry_group=A&FromDate=13&FromMonth=05&FromYear=2000&ToDate=13&ToMonth=11&ToYear=2020&Variable=Issuer,https://www.sedar.com/ModifyCompanyDocumentSearchForm.do?lang=EN&company_search=Nevada Copper Corp&document_selection=0&industry_group=A&FromDate=13&FromMonth=05&FromYear=2000&ToDate=13&ToMonth=11&ToYear=2020&Variable=Issuer
0,2004-09-30,NCU.TO,,,Q3,0.0,0.0,0.0,0.0,0.0,10096.020425,0.0,0.0,0.0,10153.109365,0.0,0.0,-10096.020425,0.0,-10153.109365,0.0,0.0,0.0,0.0,0.0,-10153.109365,0.0,-0.007929,-0.007929,3256600.0,3256600.0,https://www.sedar.com/ModifyCompanyDocumentSearchForm.do?lang=EN&company_search=Nevada Copper Corp&document_selection=0&industry_group=A&FromDate=13&FromMonth=05&FromYear=2000&ToDate=13&ToMonth=11&ToYear=2020&Variable=Issuer,https://www.sedar.com/ModifyCompanyDocumentSearchForm.do?lang=EN&company_search=Nevada Copper Corp&document_selection=0&industry_group=A&FromDate=13&FromMonth=05&FromYear=2000&ToDate=13&ToMonth=11&ToYear=2020&Variable=Issuer
0,2004-06-30,NCU.TO,,,Q2,0.0,0.0,0.0,0.0,0.0,7807.79661,0.0,0.0,0.0,7215.969673,0.0,0.0,-7215.969673,0.0,-7215.969673,0.0,-750.39384,0.0,0.0,0.0,-8641.451274,0.0,-6.426371701659233e-06,-6.426371701659233e-06,1344685878,1344685878,https://www.sedar.com/ModifyCompanyDocumentSearchForm.do?lang=EN&company_search=Nevada Copper Corp&document_selection=0&industry_group=A&FromDate=13&FromMonth=05&FromYear=2000&ToDate=13&ToMonth=11&ToYear=2020&Variable=Issuer,https://www.sedar.com/ModifyCompanyDocumentSearchForm.do?lang=EN&company_search=Nevada Copper Corp&document_selection=0&industry_group=A&FromDate=13&FromMonth=05&FromYear=2000&ToDate=13&ToMonth=11&ToYear=2020&Variable=Issuer
0,2004-03-31,NCU.TO,,,Q1,0.0,0.0,0.0,0.0,0.0,3965.009686,0.0,0.0,0.0,3965.009686,0.0,0.0,-3965.009686,0.0,-3965.009686,0.0,0.0,0.0,0.0,0.0,-3965.009686,0.0,-0.007626,-0.007626,1600000.0,1600000.0,https://www.sedar.com/ModifyCompanyDocumentSearchForm.do?lang=EN&company_search=Nevada Copper Corp&document_selection=0&industry_group=A&FromDate=13&FromMonth=05&FromYear=2000&ToDate=13&ToMonth=11&ToYear=2020&Variable=Issuer,https://www.sedar.com/ModifyCompanyDocumentSearchForm.do?lang=EN&company_search=Nevada Copper Corp&document_selection=0&industry_group=A&FromDate=13&FromMonth=05&FromYear=2000&ToDate=13&ToMonth=11&ToYear=2020&Variable=Issuer
0,2003-12-31,NCU.TO,,,Q4,0.0,0.0,0.0,0.0,0.0,7937.413728,0.0,0.0,-4626.880634,3310.533094,0.0,0.0,-3310.533094,0.0,-3310.533094,0.0,4626.880634,0.0,0.0,0.0,-3310.533094,0.0,-0.007711,-0.007711,2678000.0,2678000.0,https://www.sedar.com/ModifyCompanyDocumentSearchForm.do?lang=EN&company_search=Nevada Copper Corp&document_selection=0&industry_group=A&FromDate=13&FromMonth=05&FromYear=2000&ToDate=13&ToMonth=11&ToYear=2020&Variable=Issuer,https://www.sedar.com/ModifyCompanyDocumentSearchForm.do?lang=EN&company_search=Nevada Copper Corp&document_selection=0&industry_group=A&FromDate=13&FromMonth=05&FromYear=2000&ToDate=13&ToMonth=11&ToYear=2020&Variable=Issuer
0,2003-09-30,NCU.TO,,,Q3,0.0,0.0,0.0,0.0,0.0,2109.941797,0.0,0.0,0.0,2109.941797,0.0,0.0,-2109.941797,0.0,-2109.941797,0.0,0.0,0.0,0.0,0.0,-2109.941797,0.0,-0.007396,-0.007396,2678000.0,2678000.0,https://www.sedar.com/ModifyCompanyDocumentSearchForm.do?lang=EN&company_search=Nevada Copper Corp&document_selection=0&industry_group=A&FromDate=13&FromMonth=05&FromYear=2000&ToDate=13&ToMonth=11&ToYear=2020&Variable=Issuer,https://www.sedar.com/ModifyCompanyDocumentSearchForm.do?lang=EN&company_search=Nevada Copper Corp&document_selection=0&industry_group=A&FromDate=13&FromMonth=05&FromYear=2000&ToDate=13&ToMonth=11&ToYear=2020&Variable=Issuer
0,2003-06-30,NCU.TO,,,Q2,0.0,0.0,0.0,0.0,0.0,10564.224577,0.0,0.0,0.0,10569.112618,0.0,0.0,-10665.738428,0.0,-10670.626468,0.0,0.0,0.0,0.0,0.0,-10532.539786,0.0,-7.832713913576178e-06,-7.832713913576178e-06,1344685878,1344685878,https://www.sedar.com/ModifyCompanyDocumentSearchForm.do?lang=EN&company_search=Nevada Copper Corp&document_selection=0&industry_group=A&FromDate=13&FromMonth=05&FromYear=2000&ToDate=13&ToMonth=11&ToYear=2020&Variable=Issuer,https://www.sedar.com/ModifyCompanyDocumentSearchForm.do?lang=EN&company_search=Nevada Copper Corp&document_selection=0&industry_group=A&FromDate=13&FromMonth=05&FromYear=2000&ToDate=13&ToMonth=11&ToYear=2020&Variable=Issuer
0,2003-03-31,NCU.TO,2003-03-31,2003-03-31,Q1,12.944719,0.0,0.0,0.0,0.0,7608.088406,0.0,0.0,0.0,7608.088406,0.0,0.0,-7591.455518,-586.4519359593669,-7595.143686,0.0,0.0,0.0,0.0,0.0,-7595.143686,-586.7368527659813,-0.006813,-0.006813,2678000.0,2678000.0,https://www.sedar.com/ModifyCompanyDocumentSearchForm.do?lang=EN&company_search=Nevada Copper Corp&document_selection=0&industry_group=A&FromDate=13&FromMonth=05&FromYear=2000&ToDate=13&ToMonth=11&ToYear=2020&Variable=Issuer,https://www.sedar.com/ModifyCompanyDocumentSearchForm.do?lang=EN&company_search=Nevada Copper Corp&document_selection=0&industry_group=A&FromDate=13&FromMonth=05&FromYear=2000&ToDate=13&ToMonth=11&ToYear=2020&Variable=Issuer
0,2002-12-31,NCU.TO,2002-12-31,2002-12-31,Q4,47.639918,0.0,0.0,0.0,0.0,4863.718073,0.0,0.0,0.0,4863.718073,0.0,0.0,-4815.670232,-101.08477164045497,-4816.078155,0.0,0.0,0.0,0.0,0.0,-4816.713354,-101.10666760593502,-0.006352,-0.006352,2678000.0,2678000.0,https://www.sedar.com/ModifyCompanyDocumentSearchForm.do?lang=EN&company_search=Nevada Copper Corp&document_selection=0&industry_group=A&FromDate=13&FromMonth=05&FromYear=2000&ToDate=13&ToMonth=11&ToYear=2020&Variable=Issuer,https://www.sedar.com/ModifyCompanyDocumentSearchForm.do?lang=EN&company_search=Nevada Copper Corp&document_selection=0&industry_group=A&FromDate=13&FromMonth=05&FromYear=2000&ToDate=13&ToMonth=11&ToYear=2020&Variable=Issuer
0,2002-09-30,NCU.TO,2002-09-30,2002-09-30,Q3,34.025393,0.0,0.0,0.0,0.0,6472.385873,0.0,0.0,0.0,6522.793863,0.0,0.0,-6438.36048,-189.22222235610917,-6488.76847,0.0,0.0,0.0,0.0,0.0,-6488.76847,-190.70370384847575,-0.00252,-0.00252,2678000.0,2678000.0,https://www.sedar.com/ModifyCompanyDocumentSearchForm.do?lang=EN&company_search=Nevada Copper Corp&document_selection=0&industry_group=A&FromDate=13&FromMonth=05&FromYear=2000&ToDate=13&ToMonth=11&ToYear=2020&Variable=Issuer,https://www.sedar.com/ModifyCompanyDocumentSearchForm.do?lang=EN&company_search=Nevada Copper Corp&document_selection=0&industry_group=A&FromDate=13&FromMonth=05&FromYear=2000&ToDate=13&ToMonth=11&ToYear=2020&Variable=Issuer
0,2002-06-30,NCU.TO,,,Q2,0.0,0.0,0.0,0.0,0.0,11575.70344,0.0,0.0,0.0,11662.686559,0.0,0.0,-11575.70344,0.0,-11662.686559,0.0,0.0,0.0,0.0,0.0,-11257.674308,0.0,-8.371973330116285e-06,-8.371973330116285e-06,1344685878,1344685878,https://www.sedar.com/ModifyCompanyDocumentSearchForm.do?lang=EN&company_search=Nevada Copper Corp&document_selection=0&industry_group=A&FromDate=13&FromMonth=05&FromYear=2000&ToDate=13&ToMonth=11&ToYear=2020&Variable=Issuer,https://www.sedar.com/ModifyCompanyDocumentSearchForm.do?lang=EN&company_search=Nevada Copper Corp&document_selection=0&industry_group=A&FromDate=13&FromMonth=05&FromYear=2000&ToDate=13&ToMonth=11&ToYear=2020&Variable=Issuer
0,2002-03-31,NCU.TO,,,Q1,0.0,0.0,0.0,0.0,0.0,13866.073108,0.0,0.0,0.0,13938.177942,0.0,0.0,-13866.073108,0.0,-13938.177942,0.0,0.0,0.0,0.0,0.0,-13661.04458,0.0,-0.00627,-0.00627,2678000.0,2678000.0,https://www.sedar.com/ModifyCompanyDocumentSearchForm.do?lang=EN&company_search=Nevada Copper Corp&document_selection=0&industry_group=A&FromDate=13&FromMonth=05&FromYear=2000&ToDate=13&ToMonth=11&ToYear=2020&Variable=Issuer,https://www.sedar.com/ModifyCompanyDocumentSearchForm.do?lang=EN&company_search=Nevada Copper Corp&document_selection=0&industry_group=A&FromDate=13&FromMonth=05&FromYear=2000&ToDate=13&ToMonth=11&ToYear=2020&Variable=Issuer
0,2001-12-31,NCU.TO,2001-12-31,2001-12-31,Q4,540.83594,0.0,0.0,0.0,0.0,15578.085152,0.0,0.0,0.0,15649.694092,0.0,0.0,-15037.249212,-27.80371661690974,-15108.858151,0.0,0.0,0.0,0.0,0.0,-15149.68781,-28.011614409353044,-0.006281,-0.006281,2678000.0,2678000.0,https://www.sedar.com/ModifyCompanyDocumentSearchForm.do?lang=EN&company_search=Nevada Copper Corp&document_selection=0&industry_group=A&FromDate=13&FromMonth=05&FromYear=2000&ToDate=13&ToMonth=11&ToYear=2020&Variable=Issuer,https://www.sedar.com/ModifyCompanyDocumentSearchForm.do?lang=EN&company_search=Nevada Copper Corp&document_selection=0&industry_group=A&FromDate=13&FromMonth=05&FromYear=2000&ToDate=13&ToMonth=11&ToYear=2020&Variable=Issuer
0,2001-09-30,NCU.TO,2001-09-30,2001-09-30,Q3,615.726062,0.0,0.0,0.0,0.0,11208.62397,0.0,0.0,0.0,11281.547242,0.0,0.0,-10592.897907,-17.203913494569605,-10665.821179,0.0,0.0,0.0,0.0,0.0,-10864.299302,-17.644696192833884,-0.003805,-0.003805,2678000.0,2678000.0,https://www.sedar.com/ModifyCompanyDocumentSearchForm.do?lang=EN&company_search=Nevada Copper Corp&document_selection=0&industry_group=A&FromDate=13&FromMonth=05&FromYear=2000&ToDate=13&ToMonth=11&ToYear=2020&Variable=Issuer,https://www.sedar.com/ModifyCompanyDocumentSearchForm.do?lang=EN&company_search=Nevada Copper Corp&document_selection=0&industry_group=A&FromDate=13&FromMonth=05&FromYear=2000&ToDate=13&ToMonth=11&ToYear=2020&Variable=Issuer
