,date,symbol,reportedCurrency,fillingDate,acceptedDate,period,revenue,costOfRevenue,grossProfit,grossProfitRatio,researchAndDevelopmentExpenses,generalAndAdministrativeExpenses,sellingAndMarketingExpenses,otherExpenses,operatingExpenses,costAndExpenses,interestExpense,depreciationAndAmortization,ebitda,ebitdaratio,operatingIncome,operatingIncomeRatio,totalOtherIncomeExpensesNet,incomeBeforeTax,incomeBeforeTaxRatio,incomeTaxExpense,netIncome,netIncomeRatio,eps,epsdiluted,weightedAverageShsOut,weightedAverageShsOutDil,link,finalLink,timestamp,est_time,est_date
0,2020-12-31,RHP,USD,2021-02-26,2021-02-26 12:58:29,Q4,126515000,137245000,-10730000,-0.08481207761925463,0,0,0,-145000,53850000,191095000,28256000,53850000,-10730000,-0.08481207761925463,-64580000,-0.5104533059321029,-1214000,-92511000,-0.7312255463778998,38000,-79724000,-0.6301545271311703,-1.4500545652964714,-1.4500545652964714,54980000,54980000,https://www.sec.gov/Archives/edgar/data/1040829/000155837021001956/0001558370-21-001956-index.htm,https://www.sec.gov/Archives/edgar/data/1040829/000155837021001956/rhp-20201231x10k.htm,1620597250,17:54:10,20210509
1,2020-09-30,RHP,USD,2020-11-03,2020-11-03 14:08:40,Q3,70249000,111728000,-41479000,-0.5904568036555681,0,0,0,1729000,53876000,165604000,28127000,53876000,-41479000,-0.5904568036555681,-95355000,-1.3573858702614985,-7849000,-129791000,-1.8475850190038292,86000,-117659000,-1.6748850517445089,-2.14,-2.14,54980000,54980000,https://www.sec.gov/Archives/edgar/data/1040829/000155837020012366/0001558370-20-012366-index.htm,https://www.sec.gov/Archives/edgar/data/1040829/000155837020012366/rhp-20200930x10q.htm,1620597250,17:54:10,20210509
2,2020-06-30,RHP,USD,2020-08-06,2020-08-06 12:16:43,Q2,14681000,82260000,-67579000,-4.603160547646618,0,0,0,-16755000,54011000,136271000,30042000,54011000,-67579000,-4.603160547646618,-121590000,-8.282133369661468,-37720000,-187498000,-12.771473332879232,161000,-187659000,-12.782439888290988,-3.16,-3.16,54974000,54974000,https://www.sec.gov/Archives/edgar/data/1040829/000155837020009570/0001558370-20-009570-index.htm,https://www.sec.gov/Archives/edgar/data/1040829/000155837020009570/rhp-20200630x10q.htm,1620597250,17:54:10,20210509
3,2020-03-31,RHP,USD,2020-05-07,2020-05-07 12:10:07,Q1,313030000,250368000,62662000,0.20017889659138102,0,0,0,195000,53345000,303713000,29358000,53345000,62662000,0.20017889659138102,9317000,0.029763920391016836,-6267000,-23937000,-0.07646870906941827,26799000,-50736000,-0.1620803117912021,-0.85,-0.85,54911000,54911000,https://www.sec.gov/Archives/edgar/data/1040829/000155837020005615/0001558370-20-005615-index.htm,https://www.sec.gov/Archives/edgar/data/1040829/000155837020001342/rhp-20191231x10kf1e0a6.htm,1620597250,17:54:10,20210509
4,2019-12-31,RHP,USD,2020-02-25,2020-02-25 17:05:08,Q4,446285000,321250000,125035000,0.2801685021903044,0,0,0,-164000,53287000,374537000,30780000,53287000,125035000,0.2801685021903044,71748000,0.16076722273883282,-799000,43182000,0.09675879762931759,4732000,38450000,0.08615570767558847,0.86,0.85,52197000,52567000,https://www.sec.gov/Archives/edgar/data/1040829/000155837020001342/0001558370-20-001342-index.htm,https://www.sec.gov/Archives/edgar/data/1040829/000155837020001342/rhp-20191231x10kf1e0a6.htm,1620597250,17:54:10,20210509
5,2019-09-30,RHP,USD,2019-11-05,2019-11-05 15:54:49,Q3,379787000,269286000,110501000,0.29095519330572134,0,0,0,1109000,53998000,323284000,35261000,53998000,110501000,0.29095519330572134,56503000,0.14877549784484462,307000,24427000,0.06431763067192926,3537000,20890000,0.05500451568905729,0.40607262265764715,0.40303287544374133,51444000,51832000,https://www.sec.gov/Archives/edgar/data/1040829/000155837019009954/0001558370-19-009954-index.htm,https://www.sec.gov/Archives/edgar/data/1040829/000155837019009954/rhp-20190930x10qc06751.htm,1620597250,17:54:10,20210509
6,2019-06-30,RHP,USD,2019-08-06,2019-08-06 13:07:37,Q2,407719000,268850000,138869000,0.3405997758259978,0,0,0,-111000,53553000,322403000,33492000,53553000,138869000,0.3405997758259978,85316000,0.20925196029618437,-278000,54516000,0.13370973636254382,8232000,46284000,0.11351936014755261,0.96,0.95,51440000,51826000,https://www.sec.gov/Archives/edgar/data/1040829/000155837019007181/0001558370-19-007181-index.htm,https://www.sec.gov/Archives/edgar/data/1040829/000155837019007181/rhp-20190630x10q.htm,1620597250,17:54:10,20210509
7,2019-03-31,RHP,USD,2019-05-07,2019-05-07 15:41:08,Q1,370775000,263802000,106973000,0.28851190074843236,0,0,0,-141000,53009000,316811000,32087000,53009000,106973000,0.28851190074843236,53964000,0.14554379340570428,-141000,24644000,0.06646618569213135,1974000,22670000,0.061142202144157505,0.44148863658493837,0.43638953589097,51349000,51949000,https://www.sec.gov/Archives/edgar/data/1040829/000155837019004224/0001558370-19-004224-index.htm,https://www.sec.gov/Archives/edgar/data/1040829/000155837019001107/rhp-20181231x10k.htm,1620597250,17:54:10,20210509
8,2018-12-31,RHP,USD,2019-02-26,2019-02-26 17:11:34,Q4,360565000,258575000,101990000,0.2828616199575666,0,0,0,-452000,31221000,289796000,19387000,31221000,101990000,0.2828616199575666,70769000,0.19627251674455368,107537000,161191000,0.4470511558248859,1997000,159194000,0.4415126260175003,3.1,3.09,51334000,51543000,https://www.sec.gov/Archives/edgar/data/1040829/000155837019001107/0001558370-19-001107-index.htm,https://www.sec.gov/Archives/edgar/data/1040829/000155837019001107/rhp-20181231x10k.htm,1620597250,17:54:10,20210509
9,2018-09-30,RHP,USD,2018-11-07,2018-11-07 13:32:08,Q3,292249000,216615000,75634000,0.2587998590243252,0,0,0,1881000,30994000,247609000,19220000,30994000,75634000,0.2587998590243252,44640000,0.1527464593548652,-3644000,24454000,0.08367522215644878,1863000,22591000,0.0773005211309534,0.44015586945932783,0.43849841805935674,51325000,51519000,https://www.sec.gov/Archives/edgar/data/1040829/000155837018008750/0001558370-18-008750-index.htm,https://www.sec.gov/Archives/edgar/data/1040829/000155837018008750/rhp-20180930x10q.htm,1620597250,17:54:10,20210509
10,2018-06-30,RHP,USD,2018-08-08,2018-08-08 15:17:17,Q2,333934000,227240000,106694000,0.31950624973797215,0,0,0,36000,29995000,257235000,19625000,29995000,106694000,0.31950624973797215,76699000,0.2296831110339169,1382000,61222000,0.18333562919618848,5676000,55546000,0.16633825845825823,1.082704715123872,1.079065972492035,51303000,51476000,https://www.sec.gov/Archives/edgar/data/1040829/000119312518242585/0001193125-18-242585-index.htm,https://www.sec.gov/Archives/edgar/data/1040829/000119312518242585/d600838d10q.htm,1620597250,17:54:10,20210509
11,2018-03-31,RHP,USD,2018-05-03,2018-05-03 17:29:00,Q1,288370000,213760000,74610000,0.25873010368623645,0,0,0,168000,28666000,242426000,16729000,28666000,74610000,0.25873010368623645,45944000,0.1593230918611506,-2420000,29548000,0.10246558241148525,2209000,27339000,0.09480528487706766,0.5338188776506424,0.5311328269189672,51214000,51473000,https://www.sec.gov/Archives/edgar/data/1040829/000119312518151067/0001193125-18-151067-index.htm,https://www.sec.gov/Archives/edgar/data/1040829/000119312518060772/d503192d10k.htm,1620597250,17:54:10,20210509
12,2017-12-31,RHP,USD,2018-02-27,2018-02-27 15:53:27,Q4,345175000,245170000,100005000,0.28972260447599046,0,0,0,-96000,28097000,273267000,16411000,28097000,100005000,0.28972260447599046,71908000,0.20832331426088216,-37300000,21141000,0.06124719345259651,-51177000,72318000,0.20951111754906931,1.4125437037326405,1.4057069548652956,51197000,51446000,https://www.sec.gov/Archives/edgar/data/1040829/000119312518060772/0001193125-18-060772-index.htm,https://www.sec.gov/Archives/edgar/data/1040829/000119312518060772/d503192d10k.htm,1620597250,17:54:10,20210509
13,2017-09-30,RHP,USD,2017-11-07,2017-11-07 14:45:35,Q3,264724000,199769000,64955000,0.24536876142699565,0,0,0,2554000,28546000,228315000,16621000,28546000,64955000,0.24536876142699565,36409000,0.13753569755670056,1655000,24400000,0.09217146915277799,530000,23870000,0.09016938396216437,0.47,0.46,51191000,51376000,https://www.sec.gov/Archives/edgar/data/1040829/000119312517335593/0001193125-17-335593-index.htm,https://www.sec.gov/Archives/edgar/data/1040829/000119312517335593/d420797d10q.htm,1620597250,17:54:10,20210509
14,2017-06-30,RHP,USD,2017-08-08,2017-08-08 14:38:07,Q2,298778000,206406000,92372000,0.3091660028516156,0,0,0,-1373000,27679000,234085000,17155000,27679000,92372000,0.3091660028516156,64693000,0.21652531310872955,-2316000,48191000,0.1612936695472893,899000,47292000,0.15828474653421604,0.9245024826993001,0.9212607628472358,51154000,51334000,https://www.sec.gov/Archives/edgar/data/1040829/000119312517251159/0001193125-17-251159-index.htm,https://www.sec.gov/Archives/edgar/data/1040829/000119312517251159/d285322d10q.htm,1620597250,17:54:10,20210509
15,2017-03-31,RHP,USD,2017-05-04,2017-05-04 12:08:02,Q1,276042000,201345000,74697000,0.2706001260677723,0,0,0,-157000,27637000,228982000,15864000,27637000,74697000,0.2706001260677723,47060000,0.17048130356974664,-931000,33213000,0.12031864716238833,593000,32620000,0.11817042334137559,0.64,0.63,51045000,51373000,https://www.sec.gov/Archives/edgar/data/1040829/000119312517157900/0001193125-17-157900-index.htm,https://www.sec.gov/Archives/edgar/data/1040829/000119312517061161/d285683d10k.htm,1620597250,17:54:10,20210509
16,2016-12-31,RHP,USD,2017-02-28,2017-02-28 12:22:30,Q4,319775000,230348000,89427000,0.2796560081307169,0,0,0,1873000,27928000,258276000,15904000,27928000,89427000,0.2796560081307169,61499000,0.19231959971855211,1165000,49144000,0.1536830584004378,1048000,48096000,0.15040575404581347,0.9429109159347553,0.9368681457817948,51008000,51337000,https://www.sec.gov/Archives/edgar/data/1040829/000119312517061161/0001193125-17-061161-index.htm,https://www.sec.gov/Archives/edgar/data/1040829/000119312517061161/d285683d10k.htm,1620597250,17:54:10,20210509
17,2016-09-30,RHP,USD,2016-11-03,2016-11-03 12:36:00,Q3,271720000,198447000,73273000,0.2696636243191521,0,0,0,2468000,26706000,225153000,15947000,26706000,73273000,0.2696636243191521,46567000,0.17137862505520388,1830000,35415000,0.13033637568084794,1822000,33593000,0.12363094361843074,0.6586346168927927,0.6552174761068851,51004000,51270000,https://www.sec.gov/Archives/edgar/data/1040829/000119312516758483/0001193125-16-758483-index.htm,https://www.sec.gov/Archives/edgar/data/1040829/000119312516758483/d249965d10q.htm,1620597250,17:54:10,20210509
18,2016-06-30,RHP,USD,2016-08-04,2016-08-04 14:28:59,Q2,296215000,202861000,93354000,0.3151562209881336,0,0,0,-133000,26409000,229270000,16016000,26409000,93354000,0.3151562209881336,66945000,0.2260013841297706,-1191000,52746000,0.17806660702530258,1415000,51331000,0.17328967135357765,1.01,1.0,50977000,51221000,https://www.sec.gov/Archives/edgar/data/1040829/000119312516671549/0001193125-16-671549-index.htm,https://www.sec.gov/Archives/edgar/data/1040829/000119312516671549/d199388d10q.htm,1620597250,17:54:10,20210509
19,2016-03-31,RHP,USD,2016-05-05,2016-05-05 14:06:10,Q1,261497000,193930000,67567000,0.25838537344596685,0,0,0,-47000,28773000,222703000,16039000,28773000,67567000,0.25838537344596685,38794000,0.14835351839600455,-437000,25461000,0.09736631777802422,-885000,26346000,0.10075067782804392,0.52,0.51,51046000,51398000,https://www.sec.gov/Archives/edgar/data/1040829/000119312516579561/0001193125-16-579561-index.htm,https://www.sec.gov/Archives/edgar/data/1040829/000119312516480931/d60672d10k.htm,1620597250,17:54:10,20210509
20,2015-12-31,RHP,USD,2016-02-26,2016-02-26 13:14:41,Q4,312120000,230505000,81615000,0.2614859669357939,0,0,0,7215000,28916000,259421000,16136000,28916000,81615000,0.2614859669357939,52699000,0.16884211200820198,-9095000,30469000,0.09761950531846726,-8430000,38899000,0.12462834807125464,0.76,0.75,51287000,51684000,https://www.sec.gov/Archives/edgar/data/1040829/000119312516480931/0001193125-16-480931-index.htm,https://www.sec.gov/Archives/edgar/data/1040829/000119312516480931/d60672d10k.htm,1620597250,17:54:10,20210509
21,2015-09-30,RHP,USD,2015-11-05,2015-11-05 11:47:12,Q3,252820000,191554000,61266000,0.24233051182659598,0,0,0,2467000,28498000,220052000,16138000,28498000,61266000,0.24233051182659598,32768000,0.12960999920892335,2467000,22079000,0.08733090736492366,-4612000,26691000,0.10557313503678506,0.5204648713998791,0.5169668797210923,51283000,51630000,https://www.sec.gov/Archives/edgar/data/1040829/000119312515367662/0001193125-15-367662-index.htm,https://www.sec.gov/Archives/edgar/data/1040829/000119312515367662/d89146d10q.htm,1620597250,17:54:10,20210509
22,2015-06-30,RHP,USD,2015-08-06,2015-08-06 11:25:25,Q2,274036000,188622000,85414000,0.3116889751711454,0,0,0,-339000,28399000,217021000,17814000,28399000,85414000,0.3116889751711454,57015000,0.2080566057014407,-339000,42255000,0.154195069260973,866000,41389000,0.15103490052401874,0.81,0.8,51269000,51601000,https://www.sec.gov/Archives/edgar/data/1040829/000119312515280379/0001193125-15-280379-index.htm,https://www.sec.gov/Archives/edgar/data/1040829/000119312515280379/d942761d10q.htm,1620597250,17:54:10,20210509
23,2015-03-31,RHP,USD,2015-05-07,2015-05-07 11:07:00,Q1,253148000,185798000,67350000,0.266049899663438,0,0,0,-20232000,28570000,214368000,13813000,28570000,67350000,0.266049899663438,38780000,0.1531910186926225,-23122000,4853000,0.01917060375748574,321000,4532000,0.01790257082813216,0.08864894470199323,0.08796413113099513,51123000,51521000,https://www.sec.gov/Archives/edgar/data/1040829/000119312515176323/0001193125-15-176323-index.htm,https://www.sec.gov/Archives/edgar/data/1040829/000119312515064903/d834786d10k.htm,1620597250,17:54:10,20210509
24,2014-12-31,RHP,USD,2015-02-26,2015-02-26 12:40:19,Q4,291612000,204287000,87325000,0.29945612663402055,0,0,0,28059000,43586000,247873000,13170000,28010000,71749000,0.24604268685787964,43739000,0.1499903982003484,28059000,61633000,0.21135275640234283,-1096000,62678000,0.21493628520088337,1.2260235119222267,1.2260235119222267,51123000,51123000,https://www.sec.gov/Archives/edgar/data/1040829/000119312515064903/0001193125-15-064903-index.htm,https://www.sec.gov/Archives/edgar/data/1040829/000119312515064903/d834786d10k.htm,1620597250,17:54:10,20210509
25,2014-09-30,RHP,USD,2014-11-06,2014-11-06 15:17:07,Q3,245015000,171342000,73673000,0.30068771299716346,0,0,0,-295000,44590000,215932000,17135000,28033000,57116000,0.23311225843315717,29083000,0.11869885517213231,-295000,14654000,0.05980858314797053,-463000,15130000,0.06175132134767259,0.3,0.25,50975000,61159000,https://www.sec.gov/Archives/edgar/data/1040829/000119312514400794/0001193125-14-400794-index.htm,https://www.sec.gov/Archives/edgar/data/1040829/000119312514400794/d781072d10q.htm,1620597250,17:54:10,20210509
26,2014-06-30,RHP,USD,2014-08-08,2014-08-08 12:03:08,Q2,257913000,166784000,91129000,0.3533323252414574,0,0,0,-4349000,43643000,210427000,15472000,28232000,75718000,0.293579617933179,47486000,0.18411634931158957,-6497000,28555000,0.11071562891362591,576000,27991000,0.10852884499811952,0.45,0.38,50814000,60535000,https://www.sec.gov/Archives/edgar/data/1040829/000119312514302375/0001193125-14-302375-index.htm,https://www.sec.gov/Archives/edgar/data/1040829/000119312514302375/d741142d10q.htm,1620597250,17:54:10,20210509
27,2014-03-31,RHP,USD,2014-05-09,2014-05-09 11:24:00,Q1,246451000,173380000,73071000,0.2964930148386495,0,0,0,0,40274000,213654000,15670000,28003000,60800000,0.2467021842070026,32797000,0.13307716341179382,0,20158000,0.08179313534942037,-484000,20653000,0.0838016481978162,0.41,0.32,50623000,64073000,https://www.sec.gov/Archives/edgar/data/1040829/000119312514191654/0001193125-14-191654-index.htm,https://www.sec.gov/Archives/edgar/data/1040829/000119312514075712/d648694d10k.htm,1620597250,17:54:10,20210509
28,2013-12-31,RHP,USD,2014-02-28,2014-02-28 11:49:45,Q4,266070000,191188000,74882000,0.281437215770286,0,0,0,82000,43558000,234746000,14982000,27549000,58873000,0.22126883902732364,31324000,0.11772841733378435,-1516000,17970000,0.06753861765700755,-12136000,30162000,0.11336114556319765,0.6,0.48,50527000,62458000,https://www.sec.gov/Archives/edgar/data/1040829/000119312514075712/0001193125-14-075712-index.htm,https://www.sec.gov/Archives/edgar/data/1040829/000119312514075712/d648694d10k.htm,1620597250,17:54:10,20210509
29,2013-09-30,RHP,USD,2013-11-07,2013-11-07 11:33:39,Q3,221196000,156959000,64237000,0.2904076023074558,0,0,0,2318000,44298000,201257000,15187000,27916000,47855000,0.216346588545905,19939000,0.09014177471563681,-1989000,5783000,0.02614423407294888,-12450000,18031000,0.08151594061375432,0.36,0.3,50524000,60102000,https://www.sec.gov/Archives/edgar/data/1040829/000119312513432095/0001193125-13-432095-index.htm,https://www.sec.gov/Archives/edgar/data/1040829/000119312513432095/d600214d10q.htm,1620597250,17:54:10,20210509
30,2013-06-30,RHP,USD,2013-08-08,2013-08-08 15:23:59,Q2,245183000,165913000,79270000,0.3233095279852192,0,0,0,53000,49103000,215016000,17424000,29054000,59221000,0.24153795328387367,30167000,0.12303870986161357,-1211000,14584000,0.05948210112446622,-1784000,16379000,0.06680316335145585,0.22,0.18,51244000,64890000,https://www.sec.gov/Archives/edgar/data/1040829/000119312513326639/0001193125-13-326639-index.htm,https://www.sec.gov/Archives/edgar/data/1040829/000119312513326639/d553954d10q.htm,1620597250,17:54:10,20210509
31,2013-03-31,RHP,USD,2013-05-10,2013-05-10 12:37:05,Q1,222113000,166038000,56075000,0.2524615848689631,0,0,0,-6000,58287000,224325000,13323000,32009000,29797000,0.13415243592225579,-2212000,-0.009958894796792624,-38000,-12522000,-0.05637670915254848,-66292000,53780000,0.24212900640664886,1.03,0.81,52427000,66720000,https://www.sec.gov/Archives/edgar/data/1040829/000119312513213196/0001193125-13-213196-index.htm,https://www.sec.gov/Archives/edgar/data/1040829/000119312513079938/d449941d10k.htm,1620597250,17:54:10,20210509
32,2012-12-31,RHP,USD,2013-02-27,2013-02-27 16:03:00,Q4,266321000,162224000,104097000,0.3908704157764502,0,47428000,0,20000000,186694000,348918000,14633000,37302000,-45295000,-0.17007671193784943,-82597000,-0.3101407699730776,78000000,-16179000,-0.06074999718384957,-1236000,-14952000,-0.056142775072187324,-0.32,-0.32,46201000,46201000,https://www.sec.gov/Archives/edgar/data/1040829/000119312513079938/0001193125-13-079938-index.htm,https://www.sec.gov/Archives/edgar/data/1040829/000119312513079938/d449941d10k.htm,1620597250,17:54:10,20210509
33,2012-09-30,RHP,USD,2012-11-07,2012-11-07 14:02:32,Q3,228129000,134822000,93307000,0.4090098146224285,0,44510000,0,2251000,75211000,210033000,15136000,30701000,48797000,0.21390090694300154,18096000,0.0793235406283287,-49294000,-43253000,-0.18959886730753214,-16581000,-26674000,-0.11692507309460876,-0.57,-0.57,46546000,46546000,https://www.sec.gov/Archives/edgar/data/1040829/000119312512456947/0001193125-12-456947-index.htm,https://www.sec.gov/Archives/edgar/data/1040829/000119312512456947/d412761d10q.htm,1620597250,17:54:10,20210509
34,2012-06-30,RHP,USD,2012-08-07,2012-08-07 06:52:15,Q2,253229000,139216000,114013000,0.4502367422372635,0,51779000,0,0,82033000,221249000,14451000,30254000,62234000,0.24576174134873968,31980000,0.12628885317242497,-263000,20287000,0.08011325717038728,11314000,8954000,0.03535929929036564,0.18,0.17,48974000,53174000,https://www.sec.gov/Archives/edgar/data/1040829/000119312512339220/0001193125-12-339220-index.htm,https://www.sec.gov/Archives/edgar/data/1040829/000119312512339220/d353706d10q.htm,1620597250,17:54:10,20210509
35,2012-03-31,RHP,USD,2012-05-09,2012-05-09 11:29:04,Q1,238915000,135314000,103601000,0.4336312077517109,0,49309000,0,0,81743000,217057000,14362000,32434000,54292000,0.22724399891174685,21858000,0.09148860473390118,-174000,10476000,0.04384823054224306,4469000,6028000,0.02523073059456292,0.12374012111259365,0.12023056824301415,48715000,50137000,https://www.sec.gov/Archives/edgar/data/1040829/000119312512220888/0001193125-12-220888-index.htm,https://www.sec.gov/Archives/edgar/data/1040829/000119312512077439/d258303d10k.htm,1620597250,17:54:10,20210509
36,2011-12-31,RHP,USD,2012-02-24,2012-02-24 12:45:16,Q4,269399000,163971000,105428000,0.39134517945500913,0,50471000,0,0,84435000,248406000,14412000,34594000,55587000,0.20633706880871866,20993000,0.07792530781480259,-1647000,7706000,0.028604412043103353,2651000,5103000,0.0189421638536149,0.10475212973416811,0.10475212973416811,48715000,48715000,https://www.sec.gov/Archives/edgar/data/1040829/000119312512077439/0001193125-12-077439-index.htm,https://www.sec.gov/Archives/edgar/data/1040829/000119312512077439/d258303d10k.htm,1620597250,17:54:10,20210509
37,2011-09-30,RHP,USD,2011-11-04,2011-11-04 11:36:04,Q3,225232000,136162000,89070000,0.39545890459614974,0,42704000,0,0,75233000,211395000,18075000,32367000,46204000,0.20513958940115082,13837000,0.06143443205228387,317000,-722000,-0.0032055835760460326,937000,-1606000,-0.007130425516800455,-0.03,-0.03,48399000,48399000,https://www.sec.gov/Archives/edgar/data/1040829/000119312511296745/0001193125-11-296745-index.htm,https://www.sec.gov/Archives/edgar/data/1040829/000119312511296745/d245208d10q.htm,1620597250,17:54:10,20210509
38,2011-06-30,RHP,USD,2011-08-05,2011-08-05 16:45:55,Q2,236775000,132787000,103988000,0.4391848801604899,0,43048000,0,0,72788000,205575000,21377000,29271000,60471000,0.25539436173582514,31200000,0.1317706683560342,293000,13432000,0.05672896209481575,4799000,8637000,0.03647766867279063,0.18,0.17,48370000,50944000,https://www.sec.gov/Archives/edgar/data/1040829/000095012311073740/0000950123-11-073740-index.htm,https://www.sec.gov/Archives/edgar/data/1040829/000095012311073740/g25294e10vq.htm,1620597250,17:54:10,20210509
39,2011-03-31,RHP,USD,2011-05-06,2011-05-06 11:10:31,Q1,220738000,133878000,86860000,0.39349817430619105,0,43078000,0,0,72134000,206012000,20809000,29057000,43783000,0.19834826808252318,14726000,0.06671257327691653,-18000,-2928000,-0.013264594224827623,-967000,-1957000,-0.008865714104503982,-0.04,-0.04,48221000,48221000,https://www.sec.gov/Archives/edgar/data/1040829/000095012311046279/0000950123-11-046279-index.htm,https://www.sec.gov/Archives/edgar/data/1040829/000095012311018482/g26209e10vk.htm,1620597250,17:54:10,20210509
40,2010-12-31,RHP,USD,2011-02-25,2011-02-25 13:40:50,Q4,213329000,164383000,48946000,0.2294390354804082,0,86652000,0,0,76576000,240959000,20497000,27285000,-345000,-0.0016172203497883551,-27630000,-0.12951825583957174,-261000,-45116000,-0.21148554580014906,-12593000,-32778000,-0.15364999601554408,-0.6797453391675826,-0.6797453391675826,48221000,48221000,https://www.sec.gov/Archives/edgar/data/1040829/000095012311018482/0000950123-11-018482-index.htm,https://www.sec.gov/Archives/edgar/data/1040829/000095012311018482/g26209e10vk.htm,1620597250,17:54:10,20210509
41,2010-09-30,RHP,USD,2010-11-05,2010-11-05 13:58:51,Q3,158272000,123972000,34300000,0.21671552769915084,0,35648000,0,0,66916000,190888000,20334000,25254000,-7362000,-0.04651486049332794,-32616000,-0.2060756166599272,377000,-49229000,-0.3110404872624343,-17403000,-31780000,-0.20079357056207037,-0.67,-0.67,47173000,47173000,https://www.sec.gov/Archives/edgar/data/1040829/000095012310101559/0000950123-10-101559-index.htm,https://www.sec.gov/Archives/edgar/data/1040829/000095012310101559/g25095e10vq.htm,1620597250,17:54:10,20210509
42,2010-06-30,RHP,USD,2010-08-06,2010-08-06 14:46:55,Q2,183879000,110986000,72893000,0.39641829681475316,0,36288000,0,0,93586000,204572000,20480000,25946000,5253000,0.02856769941102573,-20693000,-0.11253596114836387,143000,-37744000,-0.20526541910713023,-11697000,-22720000,-0.12355951468084991,-0.48,-0.48,47098000,47098000,https://www.sec.gov/Archives/edgar/data/1040829/000095012310074170/0000950123-10-074170-index.htm,https://www.sec.gov/Archives/edgar/data/1040829/000095012310074170/g24240e10vq.htm,1620597250,17:54:10,20210509
43,2010-03-31,RHP,USD,2010-05-07,2010-05-07 16:35:13,Q1,216690000,131993000,84697000,0.3908671373852047,0,42772000,0,0,69848000,201841000,20115000,27076000,41925000,0.1934791637823619,14849000,0.06852646638054363,1113000,-931000,-0.004296460381189718,940000,-1850000,-0.0085375421108496,-0.04,-0.04,47011000,47011000,https://www.sec.gov/Archives/edgar/data/1040829/000095012310046457/0000950123-10-046457-index.htm,https://www.sec.gov/Archives/edgar/data/1040829/000095012310017849/g22218e10vk.htm,1620597250,17:54:10,20210509
44,2009-12-31,RHP,USD,2010-02-26,2010-02-26 13:13:13,Q4,249446000,151302000,98144000,0.39344788050319507,0,46324000,0,0,76716000,228018000,21087000,30392000,51820000,0.20774035262140905,21428000,0.08590235962893773,-6627000,-2757000,-0.011052492322987741,-2118000,-600000,-0.0024053302117492364,-0.012762970368637128,-0.012762970368637128,47011000,47011000,https://www.sec.gov/Archives/edgar/data/1040829/000095012310017849/0000950123-10-017849-index.htm,https://www.sec.gov/Archives/edgar/data/1040829/000095012310017849/g22218e10vk.htm,1620597250,17:54:10,20210509
45,2009-09-30,RHP,USD,2009-11-06,2009-11-06 15:33:09,Q3,199100000,122211000,76889000,0.3861828227021597,0,41482000,0,0,70964000,193175000,18676000,29482000,35407000,0.17783525866398794,5925000,0.02975891511803114,-6670000,-16009000,-0.08040683073832246,-2954000,-12901000,-0.06479658463083877,-0.31,-0.31,41091000,41091000,https://www.sec.gov/Archives/edgar/data/1040829/000095012309059264/0000950123-09-059264-index.htm,https://www.sec.gov/Archives/edgar/data/1040829/000095012309059264/g21073e10vq.htm,1620597250,17:54:10,20210509
46,2009-06-30,RHP,USD,2009-08-07,2009-08-07 15:56:26,Q2,218256000,126379000,91877000,0.4209597903379518,0,42883000,0,0,71530000,197909000,18229000,28647000,48994000,0.2244795102998314,20347000,0.0932253867018547,11811000,18112000,0.08298511839307969,7983000,10051000,0.046051425848544825,0.25,0.24,40937000,41157000,https://www.sec.gov/Archives/edgar/data/1040829/000095012309032072/0000950123-09-032072-index.htm,https://www.sec.gov/Archives/edgar/data/1040829/000095012309032072/g20039e10vq.htm,1620597250,17:54:10,20210509
47,2009-03-31,RHP,USD,2009-05-08,2009-05-07 18:52:56,Q1,212319000,131365000,80954000,0.3812847649056373,0,44861000,0,0,72932000,204297000,18600000,28071000,36093000,0.16999420683028837,8022000,0.03778277026549673,16536000,9804000,0.04617580150622413,6286000,3427000,0.016140806993250722,0.08377744096220603,0.08333738631389524,40906000,41122000,https://www.sec.gov/Archives/edgar/data/1040829/000095014409004057/0000950144-09-004057-index.htm,https://www.sec.gov/Archives/edgar/data/1040829/000095014409001764/g17801e10vk.htm,1620597250,17:54:10,20210509
48,2008-12-31,RHP,USD,2009-03-02,2009-03-02 12:19:49,Q4,250632000,156447000,94185000,0.3757900028727377,0,29400000,0,0,85769000,242216000,0,34354000,42770000,0.17064860033834467,8416000,0.03357911200485173,-7515000,11406000,0.04550895336589103,1991000,8403000,0.03352724312936896,0.2054221874541632,0.2054221874541632,40906000,40906000,https://www.sec.gov/Archives/edgar/data/1040829/000095014409001764/0000950144-09-001764-index.htm,https://www.sec.gov/Archives/edgar/data/1040829/000095014409001764/g17801e10vk.htm,1620597250,17:54:10,20210509
49,2008-09-30,RHP,USD,2008-11-07,2008-11-07 17:10:49,Q3,226733000,147388000,79345000,0.34994905902537343,0,42932000,0,0,72551000,219939000,0,27626000,34420000,0.15180851486109212,6794000,0.029964760312790814,829000,9809000,0.04326233940361571,-3303000,-5520000,-0.024345816444893333,-0.14,-0.14,40833000,40833000,https://www.sec.gov/Archives/edgar/data/1040829/000095014408008306/0000950144-08-008306-index.htm,https://www.sec.gov/Archives/edgar/data/1040829/000095014408008306/g16437e10vq.htm,1620597250,17:54:10,20210509
50,2008-06-30,RHP,USD,2008-08-08,2008-08-08 15:07:16,Q2,258269000,149043000,109226000,0.4229156422179975,0,51360000,0,0,80358000,229401000,0,27692000,56560000,0.21899647266996813,28868000,0.11177493233798869,-463000,13630000,0.052774432858763536,5082000,8787000,0.03402266628979862,0.22,0.21,39940909,41842857,https://www.sec.gov/Archives/edgar/data/1040829/000095014408006239/0000950144-08-006239-index.htm,https://www.sec.gov/Archives/edgar/data/1040829/000095014408006239/g14579e10vq.htm,1620597250,17:54:10,20210509
51,2008-03-31,RHP,USD,2008-05-09,2008-05-09 16:54:44,Q1,195235000,113489000,81746000,0.41870566240684304,0,55116000,0,0,88358000,201847000,0,20193000,13581000,0.06956232232950034,-6612000,-0.03386687837734013,-11736000,-9572000,-0.04902809434783722,-2724000,-7306000,-0.037421568878531,-0.18,-0.18,40588889,40588889,https://www.sec.gov/Archives/edgar/data/1040829/000095014408003909/0000950144-08-003909-index.htm,https://www.sec.gov/Archives/edgar/data/1040829/000095014408001484/g11912e10vk.htm,1620597250,17:54:10,20210509
52,2007-12-31,RHP,USD,2008-02-28,2008-02-28 16:39:22,Q4,209064000,126070000,82994000,0.3969789155473922,0,52806000,0,0,72368000,198438000,0,18356000,28982000,0.13862740596181075,10626000,0.05082654115486167,-414000,7656000,0.03662036505567673,2137000,3758000,0.017975356828530978,0.09258691461104047,0.09258691461104047,40588889,40588889,https://www.sec.gov/Archives/edgar/data/1040829/000095014408001484/0000950144-08-001484-index.htm,https://www.sec.gov/Archives/edgar/data/1040829/000095014408001484/g11912e10vk.htm,1620597250,17:54:10,20210509
53,2007-09-30,RHP,USD,2007-11-08,2007-11-08 15:37:15,Q3,166920000,105581000,61339000,0.3674754373352504,0,39745000,0,0,58769000,164350000,0,18075000,20645000,0.12368200335490055,2570000,0.015396597172298106,620000,685000,0.0041037622813323744,-1511000,-2153000,-0.012898394440450515,-0.05,-0.05,43060000,43060000,https://www.sec.gov/Archives/edgar/data/1040829/000095014407010120/0000950144-07-010120-index.htm,https://www.sec.gov/Archives/edgar/data/1040829/000095014407010120/g10348e10vq.htm,1620597250,17:54:10,20210509
54,2007-06-30,RHP,USD,2007-08-08,2007-08-08 16:29:07,Q2,189381000,108771000,80610000,0.42564988039982893,0,41921000,0,0,61224000,169995000,0,18336000,37722000,0.19918576837169516,19386000,0.10236507358182712,145842000,153247000,0.8091994445060486,59631000,106842000,0.5641643037052292,2.61,2.52,40935632,42397619,https://www.sec.gov/Archives/edgar/data/1040829/000095014407007503/0000950144-07-007503-index.htm,https://www.sec.gov/Archives/edgar/data/1040829/000095014407007503/g08818e10vq.htm,1620597250,17:54:10,20210509
55,2007-03-31,RHP,USD,2007-05-09,2007-05-09 17:03:34,Q1,239841000,151999000,87842000,0.36625097460400846,0,53647000,0,0,75508000,227507000,0,19516000,31850000,0.1327963108892975,12334000,0.05142573621691037,10542000,4761000,0.019850651056324817,1297000,3464000,0.014442901755746515,0.08,0.08,43300000,43300000,https://www.sec.gov/Archives/edgar/data/1040829/000095014407004516/0000950144-07-004516-index.htm,https://www.sec.gov/Archives/edgar/data/1040829/000095014407001730/g05688e10vk.htm,1620597250,17:54:10,20210509
56,2006-12-31,RHP,USD,2007-02-28,2007-02-28 17:16:42,Q4,239288000,162453000,76835000,0.3210984253284745,0,54831000,0,0,186262000,348715000,0,19108000,-90319000,-0.3774489318310989,-109427000,-0.45730249740898,-99747000,-116562000,-0.4871201230316606,-22382000,-93744000,-0.3917622279428973,-2.1649884526558894,-2.1649884526558894,43300000,43300000,https://www.sec.gov/Archives/edgar/data/1040829/000095014407001730/0000950144-07-001730-index.htm,https://www.sec.gov/Archives/edgar/data/1040829/000095014407001730/g05688e10vk.htm,1620597250,17:54:10,20210509
57,2006-09-30,RHP,USD,2006-11-08,2006-11-08 16:24:37,Q3,231907000,152573000,79334000,0.3420940290719987,0,49683000,0,0,72201000,224774000,0,18846000,25979000,0.11202335418939488,7133000,0.030758019378457745,11563000,2620000,0.011297632240510204,-3127000,6311000,0.027213495064832022,0.16,0.15,39443750,42073333,https://www.sec.gov/Archives/edgar/data/1040829/000095014406010491/0000950144-06-010491-index.htm,https://www.sec.gov/Archives/edgar/data/1040829/000095014406010491/g04089e10vq.htm,1620597250,17:54:10,20210509
58,2006-06-30,RHP,USD,2006-08-09,2006-08-09 14:40:29,Q2,235116000,151650000,83466000,0.3549992344204563,0,48414000,0,0,69722000,221372000,0,18614000,32358000,0.1376256826417598,13744000,0.0584562513822964,6721000,3178000,0.01351673216624985,8867000,-5161000,-0.02195086680617227,-0.13,-0.13,39700000,39700000,https://www.sec.gov/Archives/edgar/data/1040829/000095014406007634/0000950144-06-007634-index.htm,https://www.sec.gov/Archives/edgar/data/1040829/000095014406007634/g02788e10vq.htm,1620597250,17:54:10,20210509
59,2006-03-31,RHP,USD,2006-05-09,2006-05-09 17:02:13,Q1,242155000,152227000,89928000,0.3713654477504078,0,46928000,0,0,68230000,220457000,0,18617000,40315000,0.16648427659969853,21698000,0.08960376618281679,11003000,15578000,0.06433069728066734,4208000,13159000,0.05434122772604324,0.33,0.32,39875758,41121875,https://www.sec.gov/Archives/edgar/data/1040829/000095014406004688/0000950144-06-004688-index.htm,https://www.sec.gov/Archives/edgar/data/1040829/000095014406002242/g00169e10vk.htm,1620597250,17:54:10,20210509
60,2005-12-31,RHP,USD,2006-03-15,2006-03-14 19:13:46,Q4,221437000,146371000,75066000,0.33899483826099525,0,58084000,0,0,79270000,225641000,0,18604000,14400000,0.06502978273730226,-4204000,-0.018985083793584632,2811000,-19454000,-0.08785343009524153,-6429000,-13065000,-0.059000979962698194,-0.32764267452922147,-0.32764267452922147,39875758,39875758,https://www.sec.gov/Archives/edgar/data/1040829/000095014406002242/0000950144-06-002242-index.htm,https://www.sec.gov/Archives/edgar/data/1040829/000095014406002242/g00169e10vk.htm,1620597250,17:54:10,20210509
61,2005-09-30,RHP,USD,2005-11-08,2005-11-08 16:16:45,Q3,208501000,137637000,70864000,0.3398736696706491,0,49704000,0,0,70609000,208246000,0,18294000,18549000,0.08896360209303553,255000,0.0012230157169509977,3275000,-14282000,-0.06849847242938883,-4769000,-11617000,-0.05571675915223428,-0.29,-0.29,40058621,40058621,https://www.sec.gov/Archives/edgar/data/1040829/000095014405011354/0000950144-05-011354-index.htm,https://www.sec.gov/Archives/edgar/data/1040829/000095014405011354/g98031e10vq.htm,1620597250,17:54:10,20210509
62,2005-06-30,RHP,USD,2005-08-05,2005-08-05 17:15:26,Q2,228762000,140493000,88269000,0.38585516825346866,0,54596000,0,0,74875000,215368000,0,17617000,31011000,0.1355601017651533,13394000,0.05854993399253373,4496000,594000,0.0025965850971752303,1005000,-411000,-0.0017966270621869018,-0.01,-0.01,41100000,41100000,https://www.sec.gov/Archives/edgar/data/1040829/000095014405008300/0000950144-05-008300-index.htm,https://www.sec.gov/Archives/edgar/data/1040829/000095014405008300/g96699e10vq.htm,1620597250,17:54:10,20210509
63,2005-03-31,RHP,USD,2005-05-09,2005-05-09 16:47:42,Q1,219310000,137331000,81979000,0.37380420409466053,0,49782000,0,0,70800000,208131000,0,18286000,29465000,0.13435319866855136,11179000,0.05097350781998085,-7604000,-13931000,-0.06352195522320003,-5074000,-8857000,-0.04038575532351466,-0.22,-0.22,40259091,40259091,https://www.sec.gov/Archives/edgar/data/1040829/000095014405005130/0000950144-05-005130-index.htm,https://www.sec.gov/Archives/edgar/data/1040829/000095014405002490/g93695e10vk.htm,1620597250,17:54:10,20210509
64,2004-12-31,RHP,USD,2005-03-14,2005-03-14 17:22:39,Q4,192575000,125017000,67558000,0.3508139685836687,0,50803000,0,0,71025000,196042000,0,17824000,14357000,0.0745527716474101,-3467000,-0.018003375308321433,2380000,-16650000,-0.08645982084901986,-7725000,-8900000,-0.046215760093470074,-0.22106808124405988,-0.22106808124405988,40259091,40259091,https://www.sec.gov/Archives/edgar/data/1040829/000095014405002490/0000950144-05-002490-index.htm,https://www.sec.gov/Archives/edgar/data/1040829/000095014405002490/g93695e10vk.htm,1620597250,17:54:10,20210509
65,2004-09-30,RHP,USD,2004-11-08,2004-11-08 17:01:08,Q3,195924000,130458000,65466000,0.33413976848165616,0,43902000,0,0,64213000,194671000,0,16004000,17257000,0.08808007186460055,1253000,0.006395336967395521,4891000,-8335000,-0.04254200608399175,-4524000,-3192000,-0.016292031604091383,-0.08,-0.08,39900000,39900000,https://www.sec.gov/Archives/edgar/data/1040829/000095014404010652/0000950144-04-010652-index.htm,https://www.sec.gov/Archives/edgar/data/1040829/000095014404010652/g91409e10vq.htm,1620597250,17:54:10,20210509
66,2004-06-30,RHP,USD,2004-08-06,2004-08-06 16:54:29,Q2,202071000,113139000,88932000,0.4401027361669908,0,68252000,0,0,90239000,203378000,0,19729000,18422000,0.09116597631525553,-1307000,-0.006468023615461892,-26030000,-40183000,-0.19885584769709658,-16888000,-23295000,-0.1152812625265377,-0.59,-0.59,39483051,39483051,https://www.sec.gov/Archives/edgar/data/1040829/000095014404007879/0000950144-04-007879-index.htm,https://www.sec.gov/Archives/edgar/data/1040829/000095014404007879/g90259e10vq.htm,1620597250,17:54:10,20210509
67,2004-03-31,RHP,USD,2004-05-07,2004-05-07 17:28:12,Q1,158883000,96229000,62654000,0.3943404895426194,0,56245000,0,0,72940000,169169000,0,15525000,5239000,0.032973949384138015,-10286000,-0.06473946237168231,-10912000,-30641000,-0.19285260222931339,-11248000,-19393000,-0.1220583699955313,-0.49,-0.49,39577551,39577551,https://www.sec.gov/Archives/edgar/data/1040829/000095014404005083/0000950144-04-005083-index.htm,https://www.sec.gov/Archives/edgar/data/1040829/000095014404002344/g87589e10vk.htm,1620597250,17:54:10,20210509
68,2003-12-31,RHP,USD,2004-03-12,2004-03-11 20:03:10,Q4,130849000,85004000,45845000,0.35036568869460216,0,41688000,0,0,58050000,143054000,0,14280000,2075000,0.01585797369486966,-12205000,-0.09327545491367913,10572000,-21754000,-0.1662527034979251,-8695000,-14814000,-0.11321446858592729,-0.37430309924936994,-0.37430309924936994,39577551,39577551,https://www.sec.gov/Archives/edgar/data/1040829/000095014404002344/0000950144-04-002344-index.htm,https://www.sec.gov/Archives/edgar/data/1040829/000095014404002344/g87589e10vk.htm,1620597250,17:54:10,20210509
69,2003-09-30,RHP,USD,2003-11-14,2003-11-14 16:31:07,Q3,98101000,63527000,34574000,0.35243269691440454,0,27904000,0,0,42471000,105998000,0,13235000,5338000,0.05441330873283657,-7897000,-0.0804986697383309,-25848000,-43479000,-0.44320649126920214,-19072000,10743000,0.1095095870582359,0.32,0.32,33571875,33571875,https://www.sec.gov/Archives/edgar/data/1040829/000095014403012999/0000950144-03-012999-index.htm,https://www.sec.gov/Archives/edgar/data/1040829/000095014403012999/g85829e10vq.htm,1620597250,17:54:10,20210509
70,2003-06-30,RHP,USD,2003-08-14,2003-08-14 14:38:00,Q2,105470000,62710000,42760000,0.40542334313074807,0,29995000,0,0,44299000,107009000,0,13084000,11545000,0.10946240637148004,-1539000,-0.01459182705982744,30196000,17878000,0.1695079169432066,7334000,11353000,0.10764198350241774,0.34,0.33,33391176,34403030,https://www.sec.gov/Archives/edgar/data/1040829/000095014403010034/0000950144-03-010034-index.htm,https://www.sec.gov/Archives/edgar/data/1040829/000095014403010034/g84530e10vq.htm,1620597250,17:54:10,20210509
71,2003-03-31,RHP,USD,2003-05-15 00:00:00,2003-05-15 15:41:10,Q1,114380000,65696000,48684000,0.4256338520720406,0,29153000,0,0,43726000,109422000,0,13342000,18300000,0.15999300577023956,4958000,0.04334673894037419,-6964000,-10859000,-0.09493792621087603,-4236000,-6456000,-0.05644343416681238,-0.19,-0.19,33978947,33978947,https://www.sec.gov/Archives/edgar/data/1040829/000095014403006957/0000950144-03-006957-index.html,https://www.sec.gov/Archives/edgar/data/1040829/000095014403006957/g82811e10vq.txt,1620597250,17:54:10,20210509
72,2002-12-31,RHP,USD,2003-03-31 00:00:00,2003-03-31 10:32:58,Q4,111860000,69420000,42440000,0.3794028249597711,0,29443000,0,0,44033000,113453000,0,13492000,11899000,0.10637403897729304,-1593000,-0.014241015555158233,7964000,-3409000,-0.030475594493116397,9538000,-13967000,-0.12486143393527624,-0.4110486413837368,-0.4110486413837368,33978947,33978947,https://www.sec.gov/Archives/edgar/data/1040829/000095014403004173/0000950144-03-004173-index.html,https://www.sec.gov/Archives/edgar/data/1040829/000095014403004173/g81512e10vk.txt,1620597250,17:54:10,20210509
73,2002-09-30,RHP,USD,2002-11-14 00:00:00,2002-11-14 17:30:17,Q3,102954000,59858000,43096000,0.41859471220156574,0,30044000,0,0,24051000,83909000,0,13020000,32065000,0.3114497736853352,19045000,0.1849855275171436,39383000,27367000,0.26581774384676654,11682000,99284000,0.9643530120247877,2.94,2.94,33770068,33770068,https://www.sec.gov/Archives/edgar/data/1040829/000095014402011928/0000950144-02-011928-index.html,https://www.sec.gov/Archives/edgar/data/1040829/000095014402011928/x79323e10vq.txt,1620597250,17:54:10,20210509
74,2002-06-30,RHP,USD,2002-08-14 00:00:00,2002-08-14 17:59:17,Q2,98289000,61957000,36332000,0.36964461943859434,0,26436000,0,0,28667000,90624000,0,11996000,19661000,0.2000325570511451,7665000,0.07798431157097946,16580000,1479000,0.015047462076122455,-15227000,18109000,0.1842423872457752,0.54,0.54,33535185,33535185,https://www.sec.gov/Archives/edgar/data/1040829/000095014402008883/0000950144-02-008883-index.html,https://www.sec.gov/Archives/edgar/data/1040829/000095014402008883/g77816e10vq.txt,1620597250,17:54:10,20210509
75,2002-03-31,RHP,USD,2002-04-01 00:00:00,2002-04-01 00:00:00,Q1,104505000,70827000,33678000,0.32226209272283624,0,34339000,0,0,50080000,120907000,0,14399000,-2003000,-0.019166547055164823,-16402000,-0.15694942825702118,16946000,-10530000,-0.10076072915171523,-4054000,-5687000,-0.05441844887804411,-0.17,-0.17,33452941,33452941,https://www.sec.gov/Archives/edgar/data/1040829/000095014402003186/0000950144-02-003186-index.html,https://www.sec.gov/Archives/edgar/data/1040829/000095014402003186/g74977e10-k.txt,1620597250,17:54:10,20210509
76,2001-12-31,RHP,USD,2002-04-01 00:00:00,2002-04-01 00:00:00,Q4,87863000,59633000,28230000,0.321295653460501,0,23878000,0,0,48398000,108031000,0,19350000,-818000,-0.009309948442461559,-20168000,-0.22953916893345322,11653000,-2586000,-0.029432184195850357,-583000,-23148000,-0.2634556070245723,-0.6919570987794467,-0.6919570987794467,33452941,33452941,https://www.sec.gov/Archives/edgar/data/1040829/000095014402003186/0000950144-02-003186-index.html,https://www.sec.gov/Archives/edgar/data/1040829/000095014402003186/g74977e10-k.txt,1620597250,17:54:10,20210509
77,2001-09-30,RHP,USD,2001-11-14 00:00:00,2001-11-14 00:00:00,Q3,75130000,50452000,24678000,0.3284706508718222,0,21476000,0,0,31797000,82249000,0,15195000,8076000,0.10749367762544922,-7119000,-0.09475575668840676,-21706000,-36555000,-0.4865566351657128,-12066000,-45161000,-0.6011047517636098,-1.35,-1.35,33452593,33452593,https://www.sec.gov/Archives/edgar/data/1040829/000095014401509119/0000950144-01-509119-index.html,https://www.sec.gov/Archives/edgar/data/1040829/000095014401509119/g72732e10-q.txt,1620597250,17:54:10,20210509
78,2001-06-30,RHP,USD,2001-08-14 00:00:00,2001-08-14 00:00:00,Q2,104243000,68873000,35370000,0.33930335849889204,0,31977000,0,0,55360000,124233000,0,19894000,-96000,-0.0009209251460529724,-19990000,-0.19176347572498872,15549000,-2934000,-0.028145774776243967,-966000,-3148000,-0.030198670414320387,-0.09,-0.09,34977778,34977778,https://www.sec.gov/Archives/edgar/data/1040829/000095014401505817/0000950144-01-505817-index.html,https://www.sec.gov/Archives/edgar/data/1040829/000095014401505817/g71159e10-q.txt,1620597250,17:54:10,20210509
79,2001-03-31,RHP,USD,2001-04-02 00:00:00,2001-04-02 00:00:00,Q1,115297000,80378000,34919000,0.30286130601836997,0,32349000,0,0,45004000,125382000,0,22823000,12738000,0.11047989106394789,-10085000,-0.08746975203170941,36422000,18230000,0.15811339410392292,6015000,24124000,0.20923354467158728,0.72,0.72,33505556,33505556,https://www.sec.gov/Archives/edgar/data/1040829/000095014401004631/0000950144-01-004631-index.html,https://www.sec.gov/Archives/edgar/data/1040829/000095014401004631/g68099e10-k.txt,1620597250,17:54:10,20210509
80,2000-12-31,RHP,USD,2001-04-02 00:00:00,2001-04-02 00:00:00,Q4,154498000,115425000,39073000,0.2529029502000026,0,43119000,0,0,59337000,174762000,0,36998000,16734000,0.1083120817097956,-20264000,-0.1311602739194035,-123847000,-154403000,-0.9993851053088065,-49267000,-105136000,-0.6805007184559023,-3.1378676420113725,-3.1378676420113725,33505556,33505556,https://www.sec.gov/Archives/edgar/data/1040829/000095014401004631/0000950144-01-004631-index.html,https://www.sec.gov/Archives/edgar/data/1040829/000095014401004631/g68099e10-k.txt,1620597250,17:54:10,20210509
81,2000-09-30,RHP,USD,2000-11-14 00:00:00,2000-11-14 00:00:00,Q3,125430000,87417000,38013000,0.3030614685481942,0,43493000,0,0,57715000,145132000,0,14222000,-5480000,-0.04368970740652157,-19702000,-0.15707565973052698,-2123000,-27430000,-0.2186877142629355,-8380000,-19050000,-0.15187754125807224,-0.57,-0.57,33421053,33421053,https://www.sec.gov/Archives/edgar/data/1040829/000095014400013720/0000950144-00-013720-index.html,https://www.sec.gov/Archives/edgar/data/1040829/000095014400013720/g65365e10-q.txt,1620597250,17:54:10,20210509
82,2000-06-30,RHP,USD,2000-08-14 00:00:00,2000-08-14 00:00:00,Q2,128728000,89281000,39447000,0.3064368280405195,0,39818000,0,0,54324000,143605000,0,14506000,-371000,-0.0028820458641476603,-14877000,-0.11556926232055185,-986000,-21746000,-0.16892983655459573,-7503000,-14243000,-0.11064414890311354,-0.43,-0.43,33123256,33123256,https://www.sec.gov/Archives/edgar/data/1040829/000095014400010141/0000950144-00-010141-index.html,https://www.sec.gov/Archives/edgar/data/1040829/000095014400010141/e10-q.txt,1620597250,17:54:10,20210509
83,2000-03-31,RHP,USD,2000-05-12 00:00:00,2000-05-12 00:00:00,Q1,105724000,75763000,29961000,0.2833888237297113,0,34973000,0,0,48482000,124245000,0,13509000,-5012000,-0.04740645454201506,-18521000,-0.17518255079262987,677000,-22964000,-0.21720706745866597,-7923000,-15041000,-0.14226665657750368,-0.45,-0.45,33424444,33424444,https://www.sec.gov/Archives/edgar/data/1040829/000095014400006401/0000950144-00-006401-index.html,https://www.sec.gov/Archives/edgar/data/1040829/0000950144-00-006401.txt,1620597250,17:54:10,20210509
84,1999-12-31,RHP,USD,2000-03-30 00:00:00,2000-03-30 00:00:00,Q4,133600000,86600000,47000000,0.35179640718562877,0,39200000,0,0,54000000,140600000,0,14800000,7800000,0.058383233532934134,-7000000,-0.05239520958083832,446700000,436900000,3.270209580838323,168300000,268600000,2.0104790419161676,8.03603494496423,8.03603494496423,33424444,33424444,https://www.sec.gov/Archives/edgar/data/1040829/000095014400004089/0000950144-00-004089-index.html,https://www.sec.gov/Archives/edgar/data/1040829/0000950144-00-004089.txt,1620597250,17:54:10,20210509
85,1999-09-30,RHP,USD,1999-11-15 00:00:00,1999-11-15 00:00:00,Q3,135700000,81800000,53900000,0.3971997052321297,0,37000000,0,0,50400000,132200000,0,13400000,16900000,0.12453942520265292,3500000,0.025792188651436992,-1000000,1200000,0.008843036109064112,500000,700000,0.005158437730287398,0.02,0.02,35000000,35000000,https://www.sec.gov/Archives/edgar/data/1040829/000095014499013134/0000950144-99-013134-index.html,https://www.sec.gov/Archives/edgar/data/1040829/0000950144-99-013134.txt,1620597250,17:54:10,20210509
86,1999-06-30,RHP,USD,1999-08-16 00:00:00,1999-08-16 00:00:00,Q2,128400000,81800000,46600000,0.3629283489096573,0,30800000,0,0,43200000,125000000,0,12400000,15800000,0.12305295950155763,3400000,0.0264797507788162,1500000,1100000,0.008566978193146417,400000,700000,0.005451713395638629,0.02,0.02,35000000,35000000,https://www.sec.gov/Archives/edgar/data/1040829/000095014499010328/0000950144-99-010328-index.html,https://www.sec.gov/Archives/edgar/data/1040829/0000950144-99-010328.txt,1620597250,17:54:10,20210509
87,1999-03-31,RHP,USD,1999-05-17 00:00:00,1999-05-17 00:00:00,Q1,113100000,74500000,38600000,0.34129089301503096,0,31300000,0,0,43300000,117800000,0,12000000,7300000,0.0645446507515473,-4700000,-0.04155614500442087,130100000,122400000,1.0822281167108754,42600000,79800000,0.7055702917771883,2.43,2.41,32839506,33112033,https://www.sec.gov/Archives/edgar/data/1040829/000095014499006269/0000950144-99-006269-index.html,https://www.sec.gov/Archives/edgar/data/1040829/0000950144-99-006269.txt,1620597250,17:54:10,20210509
88,1998-12-31,RHP,USD,1999-03-31 00:00:00,1999-03-31 00:00:00,Q4,154600000,94100000,60500000,0.3913324708926261,0,31200000,0,0,42400000,136500000,0,11200000,29300000,0.18952134540750323,18100000,0.11707632600258733,12400000,23100000,0.14941785252263906,8400000,14700000,0.09508408796895214,0.4476315813033241,0.4476315813033241,32839506,32839506,https://www.sec.gov/Archives/edgar/data/1040829/000095014499003817/0000950144-99-003817-index.html,https://www.sec.gov/Archives/edgar/data/1040829/0000950144-99-003817.txt,1620597250,17:54:10,20210509
89,1998-09-30,RHP,USD,1998-11-13 00:00:00,1998-11-13 00:00:00,Q3,134900000,81200000,53700000,0.39807264640474427,0,31200000,0,0,42400000,123600000,0,11200000,22500000,0.16679021497405486,11300000,0.083765752409192,8300000,11600000,0.08598962194217939,4500000,7100000,0.05263157894736842,0.22,0.22,32272727,32272727,https://www.sec.gov/Archives/edgar/data/1040829/000095014498012585/0000950144-98-012585-index.html,https://www.sec.gov/Archives/edgar/data/1040829/0000950144-98-012585.txt,1620597250,17:54:10,20210509
90,1998-06-30,RHP,USD,1998-08-14 00:00:00,1998-08-14 00:00:00,Q2,127000000,73400000,53600000,0.4220472440944882,0,29900000,0,0,40500000,113900000,0,10600000,23700000,0.18661417322834645,13100000,0.1031496062992126,6600000,11900000,0.09370078740157481,4600000,7300000,0.05748031496062992,0.22,0.22,33181818,33181818,https://www.sec.gov/Archives/edgar/data/1040829/000095014498009801/0000950144-98-009801-index.html,https://www.sec.gov/Archives/edgar/data/1040829/0000950144-98-009801.txt,1620597250,17:54:10,20210509
91,1998-03-31,RHP,USD,1998-05-15 00:00:00,1998-05-15 00:00:00,Q1,108000000,66400000,41600000,0.3851851851851852,0,31400000,0,0,41200000,107600000,0,9800000,10200000,0.09444444444444444,400000,0.003703703703703704,9700000,3300000,0.030555555555555555,1300000,2000000,0.018518518518518517,0.06,0.06,33333333,33333333,https://www.sec.gov/Archives/edgar/data/1040829/000095014498006429/0000950144-98-006429-index.html,https://www.sec.gov/Archives/edgar/data/1040829/0000950144-98-006429.txt,1620597250,17:54:10,20210509
92,1997-12-31,RHP,USD,1998-03-31 00:00:00,1998-03-31 00:00:00,Q4,145700000,92500000,53200000,0.365133836650652,0,30100000,0,0,40800000,133300000,0,10700000,23100000,0.15854495538778313,12400000,0.0851063829787234,-33200000,-27300000,-0.1873713109128346,-5800000,-21500000,-0.14756348661633492,-0.6450000064500001,-0.6450000064500001,33333333,33333333,https://www.sec.gov/Archives/edgar/data/1040829/000095014498003815/0000950144-98-003815-index.html,https://www.sec.gov/Archives/edgar/data/1040829/0000950144-98-003815.txt,1620597250,17:54:10,20210509
93,1997-09-30,RHP,USD,1997-11-14 00:00:00,1997-11-14 00:00:00,Q3,245500000,159000000,86500000,0.35234215885947046,0,43700000,0,0,58200000,217200000,0,14500000,42800000,0.17433808553971486,28300000,0.11527494908350305,-31900000,-9400000,-0.038289205702647655,-51700000,42300000,0.17230142566191445,1.3,1.3,32538462,32538462,https://www.sec.gov/Archives/edgar/data/1040829/000095014497012249/0000950144-97-012249-index.html,https://www.sec.gov/Archives/edgar/data/1040829/0000950144-97-012249.txt,1620597250,17:54:10,20210509
94,1997-06-30,RHP,USD,1997-06-30,1997-06-30,Q2,217400000,0,0,0.0,0,0,0,0,0,0,0,15700000,233100000,1.0722171113155474,217400000,1.0,0,0,0.0,0,61500000,0.2828886844526219,3.79,3.75,32490000,32490000,,,1620597250,17:54:10,20210509
95,1997-03-31,RHP,USD,1997-03-31,1997-03-31,Q1,217400000,0,0,0.0,0,0,0,0,0,0,0,0,217400000,1.0,217400000,1.0,0,0,0.0,0,61500000,0.2828886844526219,0.51,0.51,32490000,32490000,,,1620597250,17:54:10,20210509
96,1996-12-31,RHP,USD,1996-12-31,1996-12-31,Q4,194100000,0,0,0.0,0,0,0,0,0,0,0,0,-423500000,-2.1818650180319423,-423500000,-2.1818650180319423,0,0,0.0,0,27500000,0.1416795466254508,0.0,0.0,0,0,,,1620597250,17:54:10,20210509
97,1996-09-30,RHP,USD,1996-09-30,1996-09-30,Q3,205000000,0,0,0.0,0,0,0,0,0,0,0,0,205000000,1.0,205000000,1.0,0,0,0.0,0,20400000,0.09951219512195122,0.63,0.63,32380952,32380952,,,1620597250,17:54:10,20210509
98,1996-06-30,RHP,USD,1996-06-30,1996-06-30,Q2,209300000,0,0,0.0,0,0,0,0,0,0,0,0,209300000,1.0,209300000,1.0,0,0,0.0,0,28900000,0.13807931199235546,0.9,0.89,32111111,32471910,,,1620597250,17:54:10,20210509
99,1996-03-31,RHP,USD,1996-03-31,1996-03-31,Q1,138900000,0,0,0.0,0,0,0,0,0,0,0,0,138900000,1.0,138900000,1.0,0,0,0.0,0,54400000,0.39164866810655147,1.69,1.67,32189349,32574850,,,1620597250,17:54:10,20210509
