,date,symbol,reportedCurrency,fillingDate,acceptedDate,period,revenue,costOfRevenue,grossProfit,grossProfitRatio,researchAndDevelopmentExpenses,generalAndAdministrativeExpenses,sellingAndMarketingExpenses,otherExpenses,operatingExpenses,costAndExpenses,interestExpense,depreciationAndAmortization,ebitda,ebitdaratio,operatingIncome,operatingIncomeRatio,totalOtherIncomeExpensesNet,incomeBeforeTax,incomeBeforeTaxRatio,incomeTaxExpense,netIncome,netIncomeRatio,eps,epsdiluted,weightedAverageShsOut,weightedAverageShsOutDil,link,finalLink,timestamp,est_time,est_date
0,2020-12-31,SRT,USD,2021-03-16,2021-03-16 16:06:04,Q4,174469000,143598000.0,30871000.0,0.17694260871558845,0.0,15342000.0,0.0,0.0,15342000.0,158940000.0,555000.0,6922000.0,22451000.0,0.12868188618035295,15529000.0,0.08900721618167125,-14898000.0,-2275000.0,-0.013039565768130729,1952000.0,-7578000.0,-0.04343465028171194,-0.1881564245810056,-0.1881564245810056,40275000,40275000,https://www.sec.gov/Archives/edgar/data/1031029/000143774921006156/0001437749-21-006156-index.htm,https://www.sec.gov/Archives/edgar/data/1031029/000143774921006156/srt20201231_10k.htm,1620598289,18:11:29,20210509
1,2020-09-30,SRT,USD,2020-11-09,2020-11-09 16:06:30,Q3,162687000,139808000.0,22879000.0,0.14063201116253912,0.0,14876000.0,0.0,0.0,14876000.0,154684000.0,3988000.0,6951000.0,14954000.0,0.0919188380141007,8003000.0,0.04919262141412651,-614000.0,3401000.0,0.020905173738528585,1649000.0,367000.0,0.002255865557788883,0.009112352576039727,0.009033623787722149,40275000,40626000,https://www.sec.gov/Archives/edgar/data/1031029/000143774920023214/0001437749-20-023214-index.htm,https://www.sec.gov/Archives/edgar/data/1031029/000143774920023214/srt20200930_10q.htm,1620598289,18:11:29,20210509
2,2020-06-30,SRT,USD,2020-08-10,2020-08-10 16:08:37,Q2,142167000,126354000.0,15813000.0,0.11122834413049441,0.0,14644000.0,0.0,0.0,14644000.0,140998000.0,3190000.0,7235000.0,8404000.0,0.05911357769383894,1169000.0,0.008222723979545182,-1884000.0,-3905000.0,-0.02746769644150893,1283000.0,-5217000.0,-0.03669627972736289,-0.14,-0.14,38614000,38614000,https://www.sec.gov/Archives/edgar/data/1031029/000143774920017332/0001437749-20-017332-index.htm,https://www.sec.gov/Archives/edgar/data/1031029/000143774920017332/srt20200630_10q.htm,1620598289,18:11:29,20210509
3,2020-03-31,SRT,USD,2020-06-10,2020-06-10 16:09:07,Q1,160899000,140841000.0,20058000.0,0.12466205507803031,0.0,17255000.0,0.0,0.0,17255000.0,158096000.0,3506000.0,7093000.0,9896000.0,0.061504422028726094,2803000.0,0.017420866506317627,-22402000.0,-23105000.0,-0.143599400866382,2876000.0,-26557000.0,-0.16505385365974928,-0.69,-0.69,38528000,38528000,https://www.sec.gov/Archives/edgar/data/1031029/000143774920012832/0001437749-20-012832-index.htm,https://www.sec.gov/Archives/edgar/data/1031029/000143774920004942/srt20191203_10k.htm,1620598289,18:11:29,20210509
4,2019-12-31,SRT,USD,2020-03-12,2020-03-12 16:23:33,Q4,171586000,143950000.0,27636000.0,0.16106209131281107,0.0,19425000.0,0.0,0.0,19425000.0,163375000.0,2245000.0,7667000.0,15878000.0,0.09253668714230764,8211000.0,0.04785355448579721,-8147000.0,-4320000.0,-0.025176879232571423,241000.0,-5291000.0,-0.030835849078596156,-0.14,-0.14,38492000,38492000,https://www.sec.gov/Archives/edgar/data/1031029/000143774920004942/0001437749-20-004942-index.htm,https://www.sec.gov/Archives/edgar/data/1031029/000143774920004942/srt20191203_10k.htm,1620598289,18:11:29,20210509
5,2019-09-30,SRT,USD,2019-11-07,2019-11-07 16:07:24,Q3,164630000,136142000.0,28488000.0,0.1730425803316528,0.0,22926000.0,0.0,0.0,22926000.0,159068000.0,3372000.0,7425000.0,12987000.0,0.07888598675818502,5562000.0,0.03378485087772581,-2116000.0,74000.0,0.0004494928020409403,3436000.0,-2787000.0,-0.01692887080119055,-0.07,-0.07,38467000,38467000,https://www.sec.gov/Archives/edgar/data/1031029/000143774919021956/0001437749-19-021956-index.htm,https://www.sec.gov/Archives/edgar/data/1031029/000143774919021956/srt20190930_10q.htm,1620598289,18:11:29,20210509
6,2019-06-30,SRT,USD,2019-08-08,2019-08-08 16:27:14,Q2,160553000,132993000.0,27560000.0,0.17165671149090955,0.0,24936000.0,0.0,0.0,24936000.0,157929000.0,4026000.0,7327000.0,9951000.0,0.061979533238245316,2624000.0,0.016343512734112723,-70000.0,-1472000.0,-0.00916831202157543,730000.0,-3594000.0,-0.022385131389634577,-0.1,-0.1,37779000,37779000,https://www.sec.gov/Archives/edgar/data/1031029/000143774919016052/0001437749-19-016052-index.htm,https://www.sec.gov/Archives/edgar/data/1031029/000143774919016052/srt20190630_10q.htm,1620598289,18:11:29,20210509
7,2019-03-31,SRT,USD,2019-05-09,2019-05-09 16:04:46,Q1,161142000,133928000.0,27214000.0,0.1688821039828226,0.0,24079000.0,0.0,0.0,24079000.0,158007000.0,4465000.0,7304000.0,10439000.0,0.06478137295056534,3135000.0,0.019454890717503816,-1442000.0,-2772000.0,-0.017202219160740218,385000.0,-3346000.0,-0.02076429484553996,-0.09,-0.09,37522000,37522000,https://www.sec.gov/Archives/edgar/data/1031029/000103102919000043/0001031029-19-000043-index.htm,https://www.sec.gov/Archives/edgar/data/1031029/000103102919000014/srt-20181231x10kdoc.htm,1620598289,18:11:29,20210509
8,2018-12-31,SRT,USD,2019-03-14,2019-03-14 17:25:47,Q4,158585000,133504000.0,25081000.0,0.1581549326859413,0.0,21945000.0,0.0,0.0,21945000.0,155449000.0,3979000.0,7819000.0,10955000.0,0.0690796733612889,3136000.0,0.01977488413153829,-4385000.0,-5229000.0,-0.0329728536746855,2383000.0,-9702000.0,-0.06117854778194659,-0.26,-0.26,37105000,37105000,https://www.sec.gov/Archives/edgar/data/1031029/000103102919000014/0001031029-19-000014-index.htm,https://www.sec.gov/Archives/edgar/data/1031029/000103102919000014/srt-20181231x10kdoc.htm,1620598289,18:11:29,20210509
9,2018-09-30,SRT,USD,2018-11-09,2018-11-08 20:03:37,Q3,151509000,128747000.0,22762000.0,0.15023529955316187,0.0,22818000.0,0.0,0.0,22818000.0,151565000.0,4114000.0,10350000.0,10294000.0,0.06794315849223478,-56000.0,-0.0003696150063692586,-5767000.0,-9937000.0,-0.06558686282663076,953000.0,-10901000.0,-0.0719495211505587,-0.32,-0.32,33812000,33812000,https://www.sec.gov/Archives/edgar/data/1031029/000103102918000084/0001031029-18-000084-index.htm,https://www.sec.gov/Archives/edgar/data/1031029/000103102918000084/srt-2018930x10qdoc.htm,1620598289,18:11:29,20210509
10,2018-06-30,SRT,USD,2018-08-08,2018-08-08 17:23:04,Q2,59717000,54491000.0,5226000.0,0.08751276855836697,0.0,6990000.0,0.0,0.0,6990000.0,61481000.0,392000.0,2293000.0,529000.0,0.00885844901786761,-1764000.0,-0.02953932715977025,-1532000.0,-3688000.0,-0.06175795837031331,17000.0,-3705000.0,-0.06204263442570792,-0.23,-0.23,16214000,16214000,https://www.sec.gov/Archives/edgar/data/1031029/000103102918000069/0001031029-18-000069-index.htm,https://www.sec.gov/Archives/edgar/data/1031029/000103102918000069/srt-2018630x10qdoc.htm,1620598289,18:11:29,20210509
11,2018-03-31,SRT,USD,2018-05-08,2018-05-08 16:33:18,Q1,66614000,61156000.0,5458000.0,0.08193472843546401,0.0,8558000.0,0.0,0.0,8558000.0,69714000.0,438000.0,2643000.0,-457000.0,-0.006860419731587955,-3100000.0,-0.04653676404359444,-6340000.0,-9878000.0,-0.14828714684600836,148000.0,-10026000.0,-0.15050890203260575,-0.62,-0.62,16195000,16195000,https://www.sec.gov/Archives/edgar/data/1031029/000103102918000038/0001031029-18-000038-index.htm,https://www.sec.gov/Archives/edgar/data/1031029/000103102918000025/srt-20171231x10kdoc.htm,1620598289,18:11:29,20210509
12,2017-12-31,SRT,USD,2018-03-16,2018-03-16 14:00:43,Q4,71600000,65559000.0,6041000.0,0.08437150837988827,0.0,8469000.0,0.0,0.0,8469000.0,74028000.0,941000.0,2697000.0,269000.0,0.0037569832402234637,-2428000.0,-0.033910614525139667,541000.0,-2823000.0,-0.03942737430167598,-372000.0,-2451000.0,-0.034231843575418995,-0.15,-0.15,16150000,16150000,https://www.sec.gov/Archives/edgar/data/1031029/000103102918000025/0001031029-18-000025-index.htm,https://www.sec.gov/Archives/edgar/data/1031029/000103102918000025/srt-20171231x10kdoc.htm,1620598289,18:11:29,20210509
13,2017-09-30,SRT,USD,2017-11-08,2017-11-08 17:31:05,Q3,69372000,62053000.0,7319000.0,0.10550366141959291,0.0,8062000.0,0.0,0.0,8062000.0,70115000.0,385000.0,2650000.0,1907000.0,0.0274894770224298,-743000.0,-0.01071037306117742,-14000.0,-1142000.0,-0.016461973130369602,30000.0,-1172000.0,-0.01689442426339157,-0.07,-0.07,15977000,15977000,https://www.sec.gov/Archives/edgar/data/1031029/000103102917000036/0001031029-17-000036-index.htm,https://www.sec.gov/Archives/edgar/data/1031029/000103102917000036/srt-2017930x10qdoc.htm,1620598289,18:11:29,20210509
14,2017-06-30,SRT,USD,2017-08-09,2017-08-09 16:36:01,Q2,73979000,64992000.0,8987000.0,0.12148042011922303,0.0,8171000.0,0.0,0.0,8171000.0,73163000.0,-84000.0,2771000.0,3587000.0,0.048486732721447975,816000.0,0.011030157206774896,-412000.0,488000.0,0.006596466564835967,-66000.0,554000.0,0.007488611633030995,0.03480774063835135,0.032121528381747554,15916000,17247000,https://www.sec.gov/Archives/edgar/data/1031029/000103102917000028/0001031029-17-000028-index.htm,https://www.sec.gov/Archives/edgar/data/1031029/000103102917000028/srt-2017630x10qdoc.htm,1620598289,18:11:29,20210509
15,2017-03-31,SRT,USD,2017-05-10,2017-05-10 16:58:39,Q1,77652000,67638000.0,10014000.0,0.12895997527430073,0.0,7882000.0,0.0,0.0,7882000.0,75520000.0,367000.0,2962000.0,5094000.0,0.0656003708854891,2132000.0,0.027455828568485035,0.0,1765000.0,0.022729614176067583,-28000.0,1793000.0,0.023090197290475456,0.11337337970281379,0.10550161812297734,15815000,16995000,https://www.sec.gov/Archives/edgar/data/1031029/000103102917000020/0001031029-17-000020-index.htm,https://www.sec.gov/Archives/edgar/data/1031029/000103102917000008/srt-20161231x10kdoc.htm,1620598289,18:11:29,20210509
16,2016-12-31,SRT,USD,2017-02-22,2017-02-22 16:36:59,Q4,77127000,66452000.0,10675000.0,0.13840808017944428,0.0,8528000.0,0.0,0.0,8528000.0,74980000.0,388000.0,2868000.0,5015000.0,0.06502262502106915,2147000.0,0.02783720357332711,-183000.0,1576000.0,0.020433829916890325,384000.0,1192000.0,0.015455028718866285,0.08,0.07,15769000,16835000,https://www.sec.gov/Archives/edgar/data/1031029/000103102917000008/0001031029-17-000008-index.htm,https://www.sec.gov/Archives/edgar/data/1031029/000103102917000008/srt-20161231x10kdoc.htm,1620598289,18:11:29,20210509
17,2016-09-30,SRT,USD,2016-11-08,2016-11-08 16:51:53,Q3,78305000,67958000.0,10347000.0,0.13213715599259307,0.0,8767000.0,0.0,0.0,8767000.0,76725000.0,374000.0,3078000.0,4658000.0,0.059485345763361216,1580000.0,0.02017751101462231,-187000.0,1019000.0,0.013013217546772237,163000.0,856000.0,0.01093161356235234,0.054401016841436285,0.05267692307692308,15735000,16250000,https://www.sec.gov/Archives/edgar/data/1031029/000103102916000114/0001031029-16-000114-index.htm,https://www.sec.gov/Archives/edgar/data/1031029/000103102916000114/srt-2016930x10qdoc.htm,1620598289,18:11:29,20210509
18,2016-06-30,SRT,USD,2016-08-09,2016-08-09 17:29:07,Q2,73733000,66722000.0,7011000.0,0.095086324983386,0.0,8120000.0,0.0,0.0,8120000.0,74842000.0,371000.0,3074000.0,1965000.0,0.026650210896070958,-1109000.0,-0.015040755157120963,-158000.0,-1638000.0,-0.022215290304205715,46000.0,-1684000.0,-0.022839162925691346,-0.11,-0.11,15719000,15719000,https://www.sec.gov/Archives/edgar/data/1031029/000103102916000103/0001031029-16-000103-index.htm,https://www.sec.gov/Archives/edgar/data/1031029/000103102916000103/srt-2016630x10qdoc.htm,1620598289,18:11:29,20210509
19,2016-03-31,SRT,USD,2016-05-10,2016-05-10 17:19:58,Q1,78035000,69647000.0,8388000.0,0.10749022874351252,0.0,7781000.0,0.0,0.0,7781000.0,77428000.0,439000.0,3230000.0,3837000.0,0.049170244121227655,607000.0,0.007778560902159288,-12000.0,156000.0,0.0019991029666175434,125000.0,31000.0,0.00039725764080220414,0.001975,0.001943,15699000,15956000,https://www.sec.gov/Archives/edgar/data/1031029/000103102916000094/0001031029-16-000094-index.htm,https://www.sec.gov/Archives/edgar/data/1031029/000103102916000079/srt-20151231x10kdoc.htm,1620598289,18:11:29,20210509
20,2015-12-31,SRT,USD,2016-03-14,2016-03-11 17:37:58,Q4,82260000,72546000.0,9714000.0,0.11808898614150255,0.0,8446000.0,0.0,0.0,8446000.0,80992000.0,927000.0,3458000.0,4726000.0,0.057451981522003405,1268000.0,0.015414539265742766,-115000.0,228000.0,0.0027716994894237783,-105000.0,333000.0,0.004048140043763676,0.021339314322332586,0.021029365329965268,15605000,15835000,https://www.sec.gov/Archives/edgar/data/1031029/000103102916000079/0001031029-16-000079-index.htm,https://www.sec.gov/Archives/edgar/data/1031029/000103102916000079/srt-20151231x10kdoc.htm,1620598289,18:11:29,20210509
21,2015-09-30,SRT,USD,2015-11-09,2015-11-06 18:36:15,Q3,72756000,69597000.0,3159000.0,0.04341909945571499,0.0,9335000.0,0.0,0.0,9335000.0,78932000.0,421000.0,3515000.0,-2661000.0,-0.03657430315025565,-6176000.0,-0.08488646984441146,-889000.0,-7486000.0,-0.1028918577162021,219000.0,-7705000.0,-0.10590191874209687,-0.49,-0.49,15569000,15569000,https://www.sec.gov/Archives/edgar/data/1031029/000103102915000064/0001031029-15-000064-index.htm,https://www.sec.gov/Archives/edgar/data/1031029/000103102915000064/srt-2015930x10qdoc.htm,1620598289,18:11:29,20210509
22,2015-06-30,SRT,USD,2015-08-10,2015-08-10 16:08:09,Q2,63464000,58152000.0,5312000.0,0.08370099584016136,0.0,8582000.0,0.0,0.0,8582000.0,66734000.0,100000.0,3252000.0,-18000.0,-0.0002836253624101853,-3270000.0,-0.05152527417118366,-1536000.0,-4906000.0,-0.07730366822135384,163000.0,-5069000.0,-0.07987205344762385,-0.33,-0.33,15523000,15523000,https://www.sec.gov/Archives/edgar/data/1031029/000103102915000050/0001031029-15-000050-index.htm,https://www.sec.gov/Archives/edgar/data/1031029/000103102915000050/srt-2015630x10qdoc.htm,1620598289,18:11:29,20210509
23,2015-03-31,SRT,USD,2015-05-11,2015-05-11 16:13:44,Q1,63653000,57536000.0,6117000.0,0.09609916264747931,0.0,8061000.0,0.0,0.0,8061000.0,65597000.0,238000.0,3036000.0,1092000.0,0.01715551505820621,-1944000.0,-0.030540587246476993,-806000.0,-2988000.0,-0.04694201373069612,187000.0,-3175000.0,-0.049879817133520805,-0.21,-0.21,15417000,15417000,https://www.sec.gov/Archives/edgar/data/1031029/000103102915000028/0001031029-15-000028-index.htm,https://www.sec.gov/Archives/edgar/data/1031029/000103102915000010/srt-20141231x10kdoc.htm,1620598289,18:11:29,20210509
24,2014-12-31,SRT,USD,2015-03-06,2015-03-06 16:04:48,Q4,64179000,56662000.0,7517000.0,0.11712553950669222,0.0,8345000.0,0.0,0.0,8345000.0,65007000.0,837000.0,2750000.0,1922000.0,0.02994749061219402,-828000.0,-0.012901416351142897,139000.0,-1511000.0,-0.023543526698764392,82000.0,-1593000.0,-0.02482120319730753,-0.1,-0.1,15410000,15410000,https://www.sec.gov/Archives/edgar/data/1031029/000103102915000010/0001031029-15-000010-index.htm,https://www.sec.gov/Archives/edgar/data/1031029/000103102915000010/srt-20141231x10kdoc.htm,1620598289,18:11:29,20210509
25,2014-09-30,SRT,USD,2014-11-14,2014-11-13 17:53:13,Q3,61438000,52393000.0,9045000.0,0.14722158924444156,0.0,7503000.0,0.0,0.0,7503000.0,59896000.0,-362000.0,2659000.0,4201000.0,0.06837787688401314,1542000.0,0.02509847325759302,-1262000.0,642000.0,0.01044955890491227,728000.0,-86000.0,-0.0013997851492561608,-0.01,-0.01,15400000,15400000,https://www.sec.gov/Archives/edgar/data/1031029/000103102914000081/0001031029-14-000081-index.htm,https://www.sec.gov/Archives/edgar/data/1031029/000103102914000081/srt-2014930x10qdoc.htm,1620598289,18:11:29,20210509
26,2014-06-30,SRT,USD,2014-08-13,2014-08-12 17:45:50,Q2,61254000,55562000.0,5692000.0,0.09292454370326836,0.0,7301000.0,0.0,0.0,7301000.0,62863000.0,17000.0,2614000.0,1005000.0,0.016407091781761193,-1609000.0,-0.02626767231527737,-2051000.0,-3677000.0,-0.06002873281744866,-396000.0,-3281000.0,-0.05356384889150096,-0.21,-0.21,15391000,15391000,https://www.sec.gov/Archives/edgar/data/1031029/000103102914000073/0001031029-14-000073-index.htm,https://www.sec.gov/Archives/edgar/data/1031029/000103102914000073/srt-2014630x10qdoc.htm,1620598289,18:11:29,20210509
27,2014-03-31,SRT,USD,2014-05-09,2014-05-08 18:59:34,Q1,63209000,54991000.0,8218000.0,0.1300131310414656,0.0,8249000.0,0.0,0.0,8249000.0,63240000.0,128000.0,2356000.0,2325000.0,0.03678273663560569,-31000.0,-0.0004904364884747426,-191000.0,-350000.0,-0.005537186160198706,150000.0,-500000.0,-0.007910265943141008,-0.03,-0.03,15377000,15377000,https://www.sec.gov/Archives/edgar/data/1031029/000103102914000050/0001031029-14-000050-index.htm,https://www.sec.gov/Archives/edgar/data/1031029/000103102914000015/srt-20131231x10kdoc.htm,1620598289,18:11:29,20210509
28,2013-12-31,SRT,USD,2014-03-10,2014-03-07 18:25:49,Q4,63423000,55967000.0,7456000.0,0.11755987575485234,0.0,7227000.0,0.0,0.0,7227000.0,63194000.0,-895000.0,2942000.0,3171000.0,0.04999763492739227,229000.0,0.0036106775144663606,-2084000.0,-872000.0,-0.01374895542626492,143000.0,-1015000.0,-0.01600365797896662,-0.07,-0.07,15365000,15365000,https://www.sec.gov/Archives/edgar/data/1031029/000103102914000015/0001031029-14-000015-index.htm,https://www.sec.gov/Archives/edgar/data/1031029/000103102914000015/srt-20131231x10kdoc.htm,1620598289,18:11:29,20210509
29,2013-09-30,SRT,USD,2013-11-08,2013-11-08 11:13:36,Q3,58448000,51928000.0,6520000.0,0.11155214891869696,0.0,7153000.0,0.0,0.0,7153000.0,59081000.0,1075000.0,3401000.0,2768000.0,0.047358335614563374,-633000.0,-0.010830139611278402,0.0,-1708000.0,-0.029222556802627978,83000.0,-1791000.0,-0.03064262250205311,-0.12,-0.12,15351000,15351000,https://www.sec.gov/Archives/edgar/data/1031029/000103102913000069/0001031029-13-000069-index.htm,https://www.sec.gov/Archives/edgar/data/1031029/000103102913000069/srt-2013930x10qdoc.htm,1620598289,18:11:29,20210509
30,2013-06-30,SRT,USD,2013-08-13,2013-08-13 12:02:00,Q2,55576000,49955000.0,5621000.0,0.10114078019288902,0.0,7198000.0,0.0,0.0,7198000.0,57153000.0,31000.0,3115000.0,1538000.0,0.027673816035698864,-1577000.0,-0.02837555779473154,437000.0,-1171000.0,-0.021070246149417014,101000.0,-1272000.0,-0.022887577371527277,-0.08,-0.08,15335000,15335000,https://www.sec.gov/Archives/edgar/data/1031029/000103102913000057/0001031029-13-000057-index.htm,https://www.sec.gov/Archives/edgar/data/1031029/000103102913000057/srt-2013630x10qdoc.htm,1620598289,18:11:29,20210509
31,2013-03-31,SRT,USD,2013-05-10,2013-05-10 10:15:11,Q1,53810000,49082000.0,4728000.0,0.08786470916186583,0.0,7249000.0,0.0,0.0,7249000.0,56331000.0,-96000.0,3069000.0,548000.0,0.01018398067273741,-2521000.0,-0.046850027875859505,0.0,-2425000.0,-0.04506597286749675,-97000.0,-2328000.0,-0.04326333395279688,-0.15,-0.15,15302000,15302000,https://www.sec.gov/Archives/edgar/data/1031029/000103102913000045/0001031029-13-000045-index.htm,https://www.sec.gov/Archives/edgar/data/1031029/000103102913000019/srt-20121231x10kdoc.htm,1620598289,18:11:29,20210509
32,2012-12-31,SRT,USD,2013-03-08,2013-03-08 15:55:16,Q4,55137000,46849000.0,8288000.0,0.15031648439342002,0.0,7066000.0,0.0,0.0,7066000.0,53915000.0,-47000.0,2949000.0,4171000.0,0.07564793151604186,1222000.0,0.022162975860130222,354000.0,1289000.0,0.023378130837731468,138000.0,1151000.0,0.020875274316702032,0.08,0.07,15273000,15491000,https://www.sec.gov/Archives/edgar/data/1031029/000103102913000019/0001031029-13-000019-index.htm,https://www.sec.gov/Archives/edgar/data/1031029/000103102913000019/srt-20121231x10kdoc.htm,1620598289,18:11:29,20210509
33,2012-09-30,SRT,USD,2012-11-06,2012-11-06 17:12:47,Q3,47675000,41575000.0,6100000.0,0.12794965915049816,0.0,6924000.0,0.0,0.0,6924000.0,48499000.0,0.0,2948000.0,2124000.0,0.04455165180912428,-824000.0,-0.0172836916622968,-533000.0,-1249000.0,-0.026198217094913476,-20000.0,-1229000.0,-0.025778710015731517,-0.08,-0.08,15263000,15263000,https://www.sec.gov/Archives/edgar/data/1031029/000114420412059785/0001144204-12-059785-index.htm,https://www.sec.gov/Archives/edgar/data/1031029/000114420412059785/v326150_10q.htm,1620598289,18:11:29,20210509
34,2012-06-30,SRT,USD,2012-08-07,2012-08-07 07:03:08,Q2,44421000,41150000.0,3271000.0,0.07363634317102272,0.0,7329000.0,0.0,0.0,7329000.0,48479000.0,0.0,3250000.0,-808000.0,-0.018189595011368496,-4058000.0,-0.09135318880709574,-467000.0,-4441000.0,-0.09997523693748453,-163000.0,-4278000.0,-0.09630580131019112,-0.28,-0.28,15239000,15239000,https://www.sec.gov/Archives/edgar/data/1031029/000114420412043191/0001144204-12-043191-index.htm,https://www.sec.gov/Archives/edgar/data/1031029/000114420412043191/v318056_10q.htm,1620598289,18:11:29,20210509
35,2012-03-31,SRT,USD,2012-05-11,2012-05-11 13:07:40,Q1,50859000,45522000.0,5337000.0,0.1049371792603079,0.0,8325000.0,0.0,0.0,8325000.0,53847000.0,0.0,3810000.0,822000.0,0.01616233115082876,-2988000.0,-0.05875066359936294,-3086000.0,-5971000.0,-0.11740301618199335,161000.0,-6132000.0,-0.12056863092078099,-0.4,-0.4,15189000,15189000,https://www.sec.gov/Archives/edgar/data/1031029/000110465912036358/0001104659-12-036358-index.htm,https://www.sec.gov/Archives/edgar/data/1031029/000110465912016956/a11-30574_110k.htm,1620598289,18:11:29,20210509
36,2011-12-31,SRT,USD,2012-03-09,2012-03-09 11:36:37,Q4,51143000,45603000.0,5540000.0,0.10832371976614591,0.0,10953000.0,0.0,0.0,10953000.0,56556000.0,0.0,3802000.0,-1611000.0,-0.03149991201141896,-5413000.0,-0.10584048647908804,-1925000.0,-7324000.0,-0.1432063038930059,137000.0,-7461000.0,-0.14588506736014703,-0.4912107446178155,-0.4912107446178155,15189000,15189000,https://www.sec.gov/Archives/edgar/data/1031029/000110465912016956/0001104659-12-016956-index.htm,https://www.sec.gov/Archives/edgar/data/1031029/000110465912016956/a11-30574_110k.htm,1620598289,18:11:29,20210509
37,2011-09-30,SRT,USD,2011-11-02,2011-11-02 16:14:35,Q3,51701000,47946000.0,3755000.0,0.07262915610916616,0.0,10281000.0,0.0,0.0,10281000.0,58227000.0,0.0,3901000.0,-2625000.0,-0.05077271232664746,-6526000.0,-0.12622579834045763,-291000.0,-6812000.0,-0.13175760623585617,-17000.0,-6795000.0,-0.131428792479836,-0.41,-0.41,15108000,15108000,https://www.sec.gov/Archives/edgar/data/1031029/000110465911060063/0001104659-11-060063-index.htm,https://www.sec.gov/Archives/edgar/data/1031029/000110465911060063/a11-25825_110q.htm,1620598289,18:11:29,20210509
38,2011-06-30,SRT,USD,2011-08-08,2011-08-08 16:33:05,Q2,57139000,50836000.0,6303000.0,0.1103099459213497,0.0,13196000.0,0.0,0.0,13196000.0,64032000.0,0.0,4061000.0,-2832000.0,-0.04956334552582299,-6893000.0,-0.12063564290589615,-3272000.0,-10177000.0,-0.1781095223927615,-525000.0,-9652000.0,-0.16892140219464813,-0.64,-0.64,15072000,15072000,https://www.sec.gov/Archives/edgar/data/1031029/000110465911044879/0001104659-11-044879-index.htm,https://www.sec.gov/Archives/edgar/data/1031029/000110465911044879/a11-14069_110q.htm,1620598289,18:11:29,20210509
39,2011-03-31,SRT,USD,2011-05-03,2011-05-03 15:49:28,Q1,59510000,52123000.0,7387000.0,0.12413039825239455,0.0,9680000.0,0.0,0.0,9680000.0,61803000.0,0.0,3986000.0,1693000.0,0.028449000168038984,-2293000.0,-0.038531339270710806,0.0,-2275000.0,-0.03822886909763065,279000.0,-2554000.0,-0.04291715678037305,-0.17,-0.17,15014000,15014000,https://www.sec.gov/Archives/edgar/data/1031029/000110465911025278/0001104659-11-025278-index.htm,https://www.sec.gov/Archives/edgar/data/1031029/000110465911012427/a11-2331_110k.htm,1620598289,18:11:29,20210509
40,2010-12-31,SRT,USD,2011-03-04,2011-03-04 16:04:27,Q4,64692000,58393000.0,6299000.0,0.09736907190997342,0.0,11796000.0,0.0,0.0,11796000.0,70189000.0,0.0,4325000.0,-1172000.0,-0.018116614109936313,-5497000.0,-0.08497186669139925,-1404000.0,-7088000.0,-0.10956532492425648,-526000.0,-6562000.0,-0.1014344895814011,-0.43705874517117355,-0.43705874517117355,15014000,15014000,https://www.sec.gov/Archives/edgar/data/1031029/000110465911012427/0001104659-11-012427-index.htm,https://www.sec.gov/Archives/edgar/data/1031029/000110465911012427/a11-2331_110k.htm,1620598289,18:11:29,20210509
41,2010-09-30,SRT,USD,2010-10-29,2010-10-29 15:00:08,Q3,65598000,58964000.0,6634000.0,0.10113113204670875,0.0,10327000.0,0.0,0.0,10327000.0,69291000.0,0.0,4250000.0,557000.0,0.008491112533918717,-3693000.0,-0.056297448092929664,-450000.0,-4114000.0,-0.06271532668678922,368000.0,-4482000.0,-0.06832525381871399,-0.3,-0.3,14916000,14916000,https://www.sec.gov/Archives/edgar/data/1031029/000110465910054666/0001104659-10-054666-index.htm,https://www.sec.gov/Archives/edgar/data/1031029/000110465910054666/a10-17579_110q.htm,1620598289,18:11:29,20210509
42,2010-06-30,SRT,USD,2010-07-30,2010-07-30 16:21:56,Q2,67676000,60041000.0,7635000.0,0.11281695135646315,0.0,10268000.0,0.0,0.0,10268000.0,70309000.0,0.0,4344000.0,1711000.0,0.02528222708197884,-2633000.0,-0.03890596370943909,-764000.0,-3186000.0,-0.047077250428512324,2037000.0,-5223000.0,-0.07717654707725043,-0.35,-0.35,14886000,14886000,https://www.sec.gov/Archives/edgar/data/1031029/000110465910040836/0001104659-10-040836-index.htm,https://www.sec.gov/Archives/edgar/data/1031029/000110465910040836/a10-12940_110q.htm,1620598289,18:11:29,20210509
43,2010-03-31,SRT,USD,2010-05-07,2010-05-07 16:10:03,Q1,67410000,60274000.0,7136000.0,0.1058596647381694,0.0,10890000.0,0.0,0.0,10890000.0,71164000.0,0.0,4236000.0,482000.0,0.007150274439994066,-3754000.0,-0.055689066904020174,0.0,-3751000.0,-0.055644563121198636,-635000.0,-3116000.0,-0.04622459575730604,-0.21,-0.21,14846000,14846000,https://www.sec.gov/Archives/edgar/data/1031029/000110465910026883/0001104659-10-026883-index.htm,https://www.sec.gov/Archives/edgar/data/1031029/000110465910009646/a09-36239_110k.htm,1620598289,18:11:29,20210509
44,2009-12-31,SRT,USD,2010-02-25,2010-02-25 15:32:09,Q4,72517000,60742000.0,11775000.0,0.16237571879697174,0.0,11531000.0,0.0,0.0,11531000.0,72273000.0,0.0,4169000.0,4413000.0,0.060854696140215395,244000.0,0.0033647282706124083,0.0,250000.0,0.0034474674903815657,-625000.0,875000.0,0.01206613621633548,0.058938434595177155,0.058938434595177155,14846000,14846000,https://www.sec.gov/Archives/edgar/data/1031029/000110465910009646/0001104659-10-009646-index.htm,https://www.sec.gov/Archives/edgar/data/1031029/000110465910009646/a09-36239_110k.htm,1620598289,18:11:29,20210509
45,2009-09-30,SRT,USD,2009-10-30,2009-10-30 16:55:34,Q3,72462000,58988000.0,13474000.0,0.18594573707598466,0.0,11084000.0,0.0,0.0,11084000.0,70072000.0,0.0,4010000.0,6400000.0,0.08832215506058348,2390000.0,0.03298280478043664,0.0,2352000.0,0.032458391984764426,557000.0,1795000.0,0.02477160442714802,0.1212182603997839,0.11957100985877964,14808000,15012000,https://www.sec.gov/Archives/edgar/data/1031029/000110465909061560/0001104659-09-061560-index.htm,https://www.sec.gov/Archives/edgar/data/1031029/000110465909061560/a09-31226_110q.htm,1620598289,18:11:29,20210509
46,2009-06-30,SRT,USD,2009-07-31,2009-07-31 13:21:58,Q2,73290000,60161000.0,13129000.0,0.17913767226088143,0.0,10889000.0,0.0,0.0,10889000.0,71050000.0,0.0,3787000.0,6027000.0,0.0822349570200573,2240000.0,0.030563514804202482,0.0,2137000.0,0.029158138900259246,810000.0,1327000.0,0.018106153636239596,0.08977134352590989,0.08958952200918174,14782000,14812000,https://www.sec.gov/Archives/edgar/data/1031029/000110465909046236/0001104659-09-046236-index.htm,https://www.sec.gov/Archives/edgar/data/1031029/000110465909046236/a09-18923_110q.htm,1620598289,18:11:29,20210509
47,2009-03-31,SRT,USD,2009-05-08,2009-05-08 15:18:07,Q1,70711000,59988000.0,10723000.0,0.15164542998967628,0.0,9692000.0,0.0,0.0,9692000.0,69680000.0,0.0,4011000.0,5042000.0,0.07130432323118044,1031000.0,0.01458047545643535,-6437000.0,-5481000.0,-0.07751269250894487,-1493000.0,652000.0,0.009220630453536225,0.04,0.04,14753000,14753000,https://www.sec.gov/Archives/edgar/data/1031029/000110465909031009/0001104659-09-031009-index.htm,https://www.sec.gov/Archives/edgar/data/1031029/000110465909013843/a09-6519_110k.htm,1620598289,18:11:29,20210509
48,2008-12-31,SRT,USD,2009-03-03,2009-03-03 15:27:51,Q4,73470000,65368000.0,8102000.0,0.11027630325302845,0.0,10292000.0,0.0,0.0,4338000.0,69706000.0,0.0,4330000.0,8094000.0,0.1101674152715394,3764000.0,0.0512317952905948,-3700000.0,-5502000.0,-0.07488770926908943,-2361000.0,-3141000.0,-0.04275214373213557,-0.21290584965769674,-0.21290584965769674,14753000,14753000,https://www.sec.gov/Archives/edgar/data/1031029/000110465909013843/0001104659-09-013843-index.htm,https://www.sec.gov/Archives/edgar/data/1031029/000110465909013843/a09-6519_110k.htm,1620598289,18:11:29,20210509
49,2008-09-30,SRT,USD,2008-10-31,2008-10-31 15:45:31,Q3,69056000,60761000.0,8295000.0,0.12011990268767377,0.0,10205000.0,0.0,0.0,10551000.0,71312000.0,304000.0,4388000.0,2132000.0,0.030873493975903613,-2256000.0,-0.03266913809082484,-346000.0,-2560000.0,-0.03707136237256719,-1111000.0,-1910000.0,-0.027658711770157555,-0.13,-0.13,14708000,14708000,https://www.sec.gov/Archives/edgar/data/1031029/000136231008006470/0001362310-08-006470-index.htm,https://www.sec.gov/Archives/edgar/data/1031029/000136231008006470/c76567e10vq.htm,1620598289,18:11:29,20210509
50,2008-06-30,SRT,USD,2008-08-11,2008-08-11 13:57:37,Q2,65619000,57205000.0,8414000.0,0.1282250567670949,0.0,10227000.0,0.0,0.0,15727000.0,72932000.0,0.0,4685000.0,-2628000.0,-0.040049375942943354,-7313000.0,-0.11144637985949192,-5500000.0,-7223000.0,-0.11007482588884317,-2704000.0,-4519000.0,-0.06886724881512976,-0.31,-0.31,14706000,14706000,https://www.sec.gov/Archives/edgar/data/1031029/000136231008004420/0001362310-08-004420-index.htm,https://www.sec.gov/Archives/edgar/data/1031029/000136231008004420/c74453e10vq.htm,1620598289,18:11:29,20210509
51,2008-03-31,SRT,USD,2008-05-06,2008-05-06 14:01:22,Q1,64745000,55162000.0,9583000.0,0.14801142945401188,0.0,10090000.0,0.0,0.0,10090000.0,65252000.0,0.0,4400000.0,3893000.0,0.06012819522743069,-507000.0,-0.007830720518958993,-108000.0,-305000.0,-0.004710788477874739,26000.0,-331000.0,-0.0051123638891034055,-0.02,-0.02,16550000,16550000,https://www.sec.gov/Archives/edgar/data/1031029/000136231008002437/0001362310-08-002437-index.htm,https://www.sec.gov/Archives/edgar/data/1031029/000136231008001182/c72571e10vk.htm,1620598289,18:11:29,20210509
52,2007-12-31,SRT,USD,2008-02-29,2008-02-29 13:38:16,Q4,65656000,54202000.0,11454000.0,0.17445473376386011,0.0,10866000.0,0.0,0.0,11141000.0,65343000.0,0.0,4368000.0,4681000.0,0.07129584501035702,313000.0,0.004767271841111247,-255000.0,495000.0,0.007539295723163153,65000.0,430000.0,0.006549287193858901,0.025981873111782478,0.025981873111782478,16550000,16550000,https://www.sec.gov/Archives/edgar/data/1031029/000136231008001182/0001362310-08-001182-index.htm,https://www.sec.gov/Archives/edgar/data/1031029/000136231008001182/c72571e10vk.htm,1620598289,18:11:29,20210509
53,2007-09-30,SRT,USD,2007-11-06,2007-11-06 16:10:46,Q3,63169000,52853000.0,10316000.0,0.16330795168516202,0.0,9693000.0,0.0,0.0,10725000.0,63578000.0,0.0,4295000.0,3886000.0,0.06151751650334816,-409000.0,-0.006474694866152701,-1032000.0,-177000.0,-0.0028020073137140053,-548000.0,371000.0,0.005873133973942915,0.03,0.03,12366667,12366667,https://www.sec.gov/Archives/edgar/data/1031029/000136231007002739/0001362310-07-002739-index.htm,https://www.sec.gov/Archives/edgar/data/1031029/000136231007002739/c71408e10vq.htm,1620598289,18:11:29,20210509
54,2007-06-30,SRT,USD,2007-08-08,2007-08-08 17:28:02,Q2,58832000,50295000.0,8537000.0,0.14510810443296165,0.0,9040000.0,0.0,0.0,9040000.0,59335000.0,0.0,4202000.0,3699000.0,0.06287394615175415,-503000.0,-0.008549768833288007,-3018000.0,-3378000.0,-0.05741773184661409,65000.0,-3443000.0,-0.05852257274952407,-0.23,-0.23,14969565,14969565,https://www.sec.gov/Archives/edgar/data/1031029/000136231007001670/0001362310-07-001670-index.htm,https://www.sec.gov/Archives/edgar/data/1031029/000136231007001670/c70926e10vq.htm,1620598289,18:11:29,20210509
55,2007-03-31,SRT,USD,2007-05-08,2007-05-08 17:13:28,Q1,57647000,48737000.0,8910000.0,0.15456138220549204,0.0,9392000.0,0.0,0.0,9392000.0,58129000.0,0.0,4227000.0,3745000.0,0.06496435200444083,-482000.0,-0.008361233021666348,0.0,-294000.0,-0.005100005204086943,-105000.0,-189000.0,-0.0032785747740558917,-0.01,-0.01,18900000,18900000,https://www.sec.gov/Archives/edgar/data/1031029/000136231007000709/0001362310-07-000709-index.htm,https://www.sec.gov/Archives/edgar/data/1031029/000136231007000275/c70272e10vk.htm,1620598289,18:11:29,20210509
56,2006-12-31,SRT,USD,2007-03-15,2007-03-15 13:47:44,Q4,59117000,50666000.0,8451000.0,0.1429538034744659,0.0,7752000.0,0.0,0.0,7752000.0,58418000.0,0.0,4290000.0,4989000.0,0.08439196846930663,699000.0,0.011824010014039954,889000.0,1422000.0,0.024053994620836645,189000.0,1233000.0,0.020856944702877345,0.06523809523809523,0.06523809523809523,18900000,18900000,https://www.sec.gov/Archives/edgar/data/1031029/000136231007000275/0001362310-07-000275-index.htm,https://www.sec.gov/Archives/edgar/data/1031029/000136231007000275/c70272e10vk.htm,1620598289,18:11:29,20210509
57,2006-09-30,SRT,USD,2006-11-09,2006-11-09 15:36:17,Q3,61865000,52104000.0,9761000.0,0.15777903499555485,0.0,7533000.0,0.0,0.0,7533000.0,59637000.0,0.0,4315000.0,6543000.0,0.1057625474824214,2228000.0,0.036013901236563485,0.0,2565000.0,0.04146124626202215,995000.0,1570000.0,0.025377838842641234,0.11,0.11,14272727,14272727,https://www.sec.gov/Archives/edgar/data/1031029/000136231006000314/0001362310-06-000314-index.htm,https://www.sec.gov/Archives/edgar/data/1031029/000136231006000314/c70070e10vq.htm,1620598289,18:11:29,20210509
58,2006-06-30,SRT,USD,2006-08-09,2006-08-09 15:13:16,Q2,59525000,51321000.0,8204000.0,0.13782444351112977,0.0,7389000.0,0.0,0.0,7389000.0,58710000.0,0.0,4258000.0,5073000.0,0.08522469550608988,815000.0,0.013691726165476691,0.0,1348000.0,0.02264594708105838,523000.0,825000.0,0.01385972280554389,0.06,0.06,13750000,13750000,https://www.sec.gov/Archives/edgar/data/1031029/000103570406000539/0001035704-06-000539-index.htm,https://www.sec.gov/Archives/edgar/data/1031029/000103570406000539/d38647e10vq.htm,1620598289,18:11:29,20210509
59,2006-03-31,SRT,USD,2006-05-10,2006-05-10 15:13:11,Q1,57105000,47333000.0,9772000.0,0.17112336923211627,0.0,7573000.0,0.0,0.0,7573000.0,54906000.0,0.0,3895000.0,6094000.0,0.10671569915068733,2199000.0,0.03850801155765695,0.0,2732000.0,0.047841695123019,596000.0,2136000.0,0.037404780667192015,0.15,0.14,14240000,15257143,https://www.sec.gov/Archives/edgar/data/1031029/000095013406009430/0000950134-06-009430-index.htm,https://www.sec.gov/Archives/edgar/data/1031029/000095013406005320/d34065e10vk.htm,1620598289,18:11:29,20210509
60,2005-12-31,SRT,USD,2006-03-16,2006-03-16 16:25:42,Q4,58165000,45578000.0,12587000.0,0.21640161609215164,0.0,7033000.0,0.0,0.0,7033000.0,52611000.0,0.0,3620000.0,9174000.0,0.15772371701194876,5554000.0,0.09548697670420356,0.0,5935000.0,0.10203730765924525,1593000.0,4397000.0,0.07559528926330267,0.30877808988764044,0.30877808988764044,14240000,14240000,https://www.sec.gov/Archives/edgar/data/1031029/000095013406005320/0000950134-06-005320-index.htm,https://www.sec.gov/Archives/edgar/data/1031029/000095013406005320/d34065e10vk.htm,1620598289,18:11:29,20210509
61,2005-09-30,SRT,USD,2005-11-09,2005-11-09 16:16:13,Q3,53877000,41353000.0,12524000.0,0.23245540768788164,0.0,7190000.0,0.0,0.0,7190000.0,48543000.0,0.0,3284000.0,8618000.0,0.15995693895354232,5334000.0,0.09900328526087199,0.0,6394000.0,0.11867772890101527,2743000.0,3174000.0,0.058911966145108303,0.22,0.22,14427273,14427273,https://www.sec.gov/Archives/edgar/data/1031029/000103570405000648/0001035704-05-000648-index.htm,https://www.sec.gov/Archives/edgar/data/1031029/000103570405000648/d30168e10vq.htm,1620598289,18:11:29,20210509
62,2005-06-30,SRT,USD,2005-08-09,2005-08-09 16:27:25,Q2,53193000,41617000.0,11576000.0,0.2176226195176057,0.0,6717000.0,0.0,0.0,6717000.0,48334000.0,407000.0,3193000.0,8052000.0,0.15137330099825164,4859000.0,0.09134660575639651,0.0,4452000.0,0.08369522305566522,1809000.0,2643000.0,0.04968698888951554,0.18,0.18,14683333,14683333,https://www.sec.gov/Archives/edgar/data/1031029/000095013405015361/0000950134-05-015361-index.htm,https://www.sec.gov/Archives/edgar/data/1031029/000095013405015361/d27848e10vq.htm,1620598289,18:11:29,20210509
63,2005-03-31,SRT,USD,2005-05-10,2005-05-10 17:16:00,Q1,54318000,42592000.0,11726000.0,0.21587687322802754,0.0,7881000.0,0.0,0.0,7881000.0,50473000.0,0.0,3267000.0,7112000.0,0.13093265584152583,3845000.0,0.07078684782208476,0.0,4289000.0,0.07896093376044773,1644000.0,2645000.0,0.048694723664346996,0.18,0.18,14694444,14694444,https://www.sec.gov/Archives/edgar/data/1031029/000103570405000253/0001035704-05-000253-index.htm,https://www.sec.gov/Archives/edgar/data/1031029/000095013405005256/d23409e10vk.htm,1620598289,18:11:29,20210509
64,2004-12-31,SRT,USD,2005-03-16,2005-03-16 16:53:44,Q4,64768000,51796000.0,12972000.0,0.2002840909090909,0.0,6623000.0,0.0,0.0,6623000.0,58419000.0,0.0,3094000.0,9443000.0,0.14579730731225296,6349000.0,0.09802680335968379,2124000.0,7315000.0,0.11294157608695653,2900000.0,4415000.0,0.06816637845849802,0.30045369528782445,0.30045369528782445,14694444,14694444,https://www.sec.gov/Archives/edgar/data/1031029/000095013405005256/0000950134-05-005256-index.htm,https://www.sec.gov/Archives/edgar/data/1031029/000095013405005256/d23409e10vk.htm,1620598289,18:11:29,20210509
65,2004-09-30,SRT,USD,2004-11-09,2004-11-09 17:13:22,Q3,66776000,52466000.0,14310000.0,0.2142985503773811,0.0,7466000.0,0.0,0.0,7466000.0,59932000.0,0.0,3088000.0,9932000.0,0.14873607284054152,6844000.0,0.1024919132622499,0.0,7637000.0,0.11436743740265964,2677000.0,3228000.0,0.048340721217203786,0.2230813141065068,0.2189203618181187,14470060,14745088,https://www.sec.gov/Archives/edgar/data/1031029/000103570404000688/0001035704-04-000688-index.htm,https://www.sec.gov/Archives/edgar/data/1031029/000103570404000688/d19967e10vq.htm,1620598289,18:11:29,20210509
66,2004-06-30,SRT,USD,2004-08-09,2004-08-09 16:23:50,Q2,64204000,47603000.0,16601000.0,0.2585664444582892,0.0,7263000.0,0.0,0.0,7263000.0,54866000.0,0.0,3279000.0,12617000.0,0.1965142358731543,9338000.0,0.14544265154819014,0.0,10472000.0,0.16310510248582644,4011000.0,6461000.0,0.10063235935455735,0.45,0.44,14440457,14782445,https://www.sec.gov/Archives/edgar/data/1031029/000103570404000430/0001035704-04-000430-index.htm,https://www.sec.gov/Archives/edgar/data/1031029/000103570404000430/d17378e10vq.htm,1620598289,18:11:29,20210509
67,2004-03-31,SRT,USD,2004-05-05,2004-05-04 21:41:24,Q1,64695000,46346000.0,18349000.0,0.28362315480330785,0.0,7824000.0,0.0,0.0,7824000.0,54170000.0,0.0,3085000.0,13610000.0,0.2103717443388206,10525000.0,0.16268645181235025,0.0,11137000.0,0.1721462245923178,4265000.0,6872000.0,0.10622150088878585,0.48,0.46,14358046,14830633,https://www.sec.gov/Archives/edgar/data/1031029/000095013404006613/0000950134-04-006613-index.htm,https://www.sec.gov/Archives/edgar/data/1031029/000095013404003096/d13193e10vk.htm,1620598289,18:11:29,20210509
68,2003-12-31,SRT,USD,2004-03-09,2004-03-09 06:02:38,Q4,66131000,46852000.0,19279000.0,0.2915274228425398,0.0,7790000.0,0.0,0.0,7790000.0,54642000.0,0.0,2567000.0,14056000.0,0.21254782174774312,11489000.0,0.17373092800653248,0.0,12687000.0,0.19184648651918162,4720000.0,7967000.0,0.12047300055949554,0.5548805178643389,0.5548805178643389,14358046,14358046,https://www.sec.gov/Archives/edgar/data/1031029/000095013404003096/0000950134-04-003096-index.htm,https://www.sec.gov/Archives/edgar/data/1031029/000095013404003096/d13193e10vk.htm,1620598289,18:11:29,20210509
69,2003-09-30,SRT,USD,2003-11-14,2003-11-13 21:02:42,Q3,60002000,44448000.0,15554000.0,0.25922469251024965,0.0,7146000.0,0.0,0.0,7146000.0,51594000.0,0.0,2729000.0,11137000.0,0.1856104796506783,8408000.0,0.14012866237792074,0.0,9394000.0,0.15656144795173493,3494000.0,5900000.0,0.09833005566481118,0.41,0.4,14248378,14681052,https://www.sec.gov/Archives/edgar/data/1031029/000104746903037313/0001047469-03-037313-index.htm,https://www.sec.gov/Archives/edgar/data/1031029/000104746903037313/a2122194z10-q.htm,1620598289,18:11:29,20210509
70,2003-06-30,SRT,USD,2003-08-14,2003-08-14 14:39:51,Q2,54528000,41760000.0,12768000.0,0.23415492957746478,0.0,7203000.0,0.0,0.0,7203000.0,48963000.0,0.0,2340000.0,7905000.0,0.14497139084507044,5565000.0,0.10205765845070422,0.0,6650000.0,0.1219556924882629,2473000.0,4177000.0,0.07660284624413145,0.2939673494258347,0.28802935651469724,14209061,14501994,https://www.sec.gov/Archives/edgar/data/1031029/000104746903027700/0001047469-03-027700-index.htm,https://www.sec.gov/Archives/edgar/data/1031029/000104746903027700/a2116821z10-q.htm,1620598289,18:11:29,20210509
71,2003-03-31,SRT,USD,2003-05-13,2003-05-13 15:10:59,Q1,50528000,38341000.0,12187000.0,0.24119300189993667,0.0,6350000.0,0.0,0.0,6350000.0,44691000.0,0.0,2409000.0,8246000.0,0.1631966434452185,5837000.0,0.1155201076630779,0.0,6616000.0,0.13093730208993035,2462000.0,4154000.0,0.08221184293856872,0.2924570716809889,0.2868866356478261,14203794,14479587,https://www.sec.gov/Archives/edgar/data/1031029/000110465903009429/0001104659-03-009429-index.htm,https://www.sec.gov/Archives/edgar/data/1031029/000110465903005138/j8807_10k.htm,1620598289,18:11:29,20210509
72,2002-12-31,SRT,USD,2003-03-27,2003-03-27 17:12:03,Q4,66458000,50975000.0,15483000.0,0.23297420927503085,0.0,6429000.0,0.0,0.0,6429000.0,57404000.0,0.0,2338000.0,11392000.0,0.1714165337506395,9054000.0,0.13623641999458305,-5818000.0,3817000.0,0.05743477083270637,1153000.0,2664000.0,0.04008546751331668,0.18755552213725432,0.18755552213725432,14203794,14203794,https://www.sec.gov/Archives/edgar/data/1031029/000110465903005138/0001104659-03-005138-index.htm,https://www.sec.gov/Archives/edgar/data/1031029/000110465903005138/j8807_10k.htm,1620598289,18:11:29,20210509
73,2002-09-30,SRT,USD,2002-11-12,2002-11-12 16:50:11,Q3,52095000,39016000.0,13079000.0,0.25106056243401476,0.0,5834000.0,0.0,0.0,5834000.0,44850000.0,0.0,2281000.0,9526000.0,0.18285823975429505,7245000.0,0.1390728476821192,0.0,7292000.0,0.13997504558978788,2786000.0,4506000.0,0.08649582493521452,0.32,0.31,14168463,14396454,https://www.sec.gov/Archives/edgar/data/1031029/000091205702042051/0000912057-02-042051-index.htm,https://www.sec.gov/Archives/edgar/data/1031029/000091205702042051/a2093268z10-q.htm,1620598289,18:11:29,20210509
74,2002-06-30,SRT,USD,2002-08-14,2002-08-14 13:41:41,Q2,43350000,32226000.0,11124000.0,0.2566089965397924,0.0,5089000.0,0.0,0.0,5089000.0,37315000.0,0.0,2369000.0,8404000.0,0.1938638985005767,6035000.0,0.1392156862745098,0.0,6434000.0,0.14841983852364476,2458000.0,3976000.0,0.09171856978085352,0.2816117513127421,0.27591341148751886,14118729,14410318,https://www.sec.gov/Archives/edgar/data/1031029/000091205702031932/0000912057-02-031932-index.htm,https://www.sec.gov/Archives/edgar/data/1031029/000091205702031932/a2087276z10-q.htm,1620598289,18:11:29,20210509
75,2002-03-31,SRT,USD,2002-05-15,2002-05-15 15:47:00,Q1,45960000,34791000.0,11169000.0,0.24301566579634465,0.0,5217000.0,0.0,0.0,5217000.0,40008000.0,0.0,2232000.0,8184000.0,0.17806788511749347,5952000.0,0.12950391644908615,0.0,6530000.0,0.14208006962576153,2510000.0,4020000.0,0.08746736292428199,0.29,0.28,14086561,14269254,https://www.sec.gov/Archives/edgar/data/1031029/000091205702020752/0000912057-02-020752-index.htm,https://www.sec.gov/Archives/edgar/data/1031029/000091205702020752/a2080221z10-q.htm,1620598289,18:11:29,20210509
76,2001-12-31,SRT,USD,2001-12-31,2001-12-31,Q4,64908000,49260000.0,15648000.0,0.24107968201146238,0.0,7815000.0,0.0,0.0,7815000.0,57075000.0,0.0,2166000.0,9999000.0,0.15404880754298392,7833000.0,0.12067849879829913,-12412000.0,-3782000.0,-0.05826708572132865,-1398000.0,-2384000.0,-0.036728908609108275,-0.16923931966077455,-0.16923931966077455,14086561,14086561,,,1620598289,18:11:29,20210509
77,2001-09-30,SRT,USD,2001-11-14 00:00:00,2001-11-14 00:00:00,Q3,42893000,32715000.0,10178000.0,0.23728813559322035,0.0,6110000.0,0.0,0.0,6110000.0,38825000.0,0.0,1810000.0,5878000.0,0.13703867763970812,4068000.0,0.09484064998950878,0.0,4325000.0,0.10083230363928847,1650000.0,2675000.0,0.062364488378057026,0.19023795532387852,0.18656179034597484,14061337,14338413,https://www.sec.gov/Archives/edgar/data/1031029/000095013401508584/0000950134-01-508584-index.html,https://www.sec.gov/Archives/edgar/data/1031029/000095013401508584/d92100e10-q.txt,1620598289,18:11:29,20210509
78,2001-06-30,SRT,USD,2001-08-14 00:00:00,2001-08-14 00:00:00,Q2,42342000,31965000.0,10377000.0,0.2450758112512399,0.0,6211000.0,0.0,0.0,6211000.0,38176000.0,0.0,1468000.0,5634000.0,0.1330593736715318,4166000.0,0.09838930612630485,0.0,5766000.0,0.13617684568513533,2179000.0,3587000.0,0.08471494024845307,0.26,0.25,14035404,14115537,https://www.sec.gov/Archives/edgar/data/1031029/000095013401505461/0000950134-01-505461-index.html,https://www.sec.gov/Archives/edgar/data/1031029/000095013401505461/d89453e10-q.txt,1620598289,18:11:29,20210509
79,2001-03-31,SRT,USD,2001-05-14 00:00:00,2001-05-14 00:00:00,Q1,32432000,22228000.0,10204000.0,0.3146275283670449,0.0,5802000.0,0.0,0.0,5802000.0,28030000.0,0.0,1454000.0,5856000.0,0.18056240749876665,4402000.0,0.13573014306857425,-3040000.0,1573000.0,0.048501480019733596,580000.0,993000.0,0.03061790823877652,0.07075665801981827,0.07060174586101708,14034015,14064808,https://www.sec.gov/Archives/edgar/data/1031029/000095013401501721/0000950134-01-501721-index.html,https://www.sec.gov/Archives/edgar/data/1031029/000095013401501721/d86943e10-q.txt,1620598289,18:11:29,20210509
80,2000-12-31,SRT,USD,2001-03-29,2001-03-29,Q4,57983000,42451000.0,15532000.0,0.267871617543073,0.0,5625000.0,0.0,0.0,7444000.0,49895000.0,0.0,1819000.0,9907000.0,0.17086042460721246,8088000.0,0.13948916061604263,0.0,9609000.0,0.1657209871858993,3535000.0,6074000.0,0.10475484193642964,0.43280557987147655,0.43280557987147655,14034015,14034015,https://www.sec.gov/Archives/edgar/data/1031029/000103570401000277/0001035704-01-000277-index.htm,https://www.sec.gov/Archives/edgar/data/1031029/000103570401000277/d84611e10-k405.txt,1620598289,18:11:29,20210509
81,2000-09-30,SRT,USD,2000-11-14 00:00:00,2000-11-14 00:00:00,Q3,51510000,38384000.0,13126000.0,0.25482430596000777,0.0,5284000.0,0.0,0.0,6577000.0,44961000.0,0.0,1293000.0,7842000.0,0.1522422830518346,6549000.0,0.127140361094933,0.0,7865000.0,0.15268879829159387,2918000.0,4947000.0,0.09603960396039604,0.3525570649635032,0.3461342119139018,14031771,14292144,https://www.sec.gov/Archives/edgar/data/1031029/000095013400009681/0000950134-00-009681-index.html,https://www.sec.gov/Archives/edgar/data/1031029/000095013400009681/d81411e10-q.txt,1620598289,18:11:29,20210509
82,2000-06-30,SRT,USD,2000-08-14 00:00:00,2000-08-14 00:00:00,Q2,41589000,31224000.0,10365000.0,0.24922455456971795,0.0,4857000.0,0.0,0.0,4857000.0,36081000.0,0.0,1238000.0,6746000.0,0.16220635264132344,5508000.0,0.13243886604631033,0.0,6610000.0,0.15893625718338983,2452000.0,4158000.0,0.09997835966241074,0.3,0.29,13860000,14337931,https://www.sec.gov/Archives/edgar/data/1031029/000095013400007014/0000950134-00-007014-index.html,https://www.sec.gov/Archives/edgar/data/1031029/000095013400007014/e10-q.txt,1620598289,18:11:29,20210509
83,2000-03-31,SRT,USD,2000-05-15 00:00:00,2000-05-15 00:00:00,Q1,49668000,37325000.0,12343000.0,0.2485101071112185,0.0,5185000.0,0.0,0.0,6317000.0,43642000.0,0.0,1132000.0,7158000.0,0.14411693645808166,6026000.0,0.12132560199726182,0.0,6742000.0,0.13574132238060724,2501000.0,4241000.0,0.08538696947732946,0.3,0.3,14136667,14136667,https://www.sec.gov/Archives/edgar/data/1031029/000095013400004546/0000950134-00-004546-index.html,https://www.sec.gov/Archives/edgar/data/1031029/0000950134-00-004546.txt,1620598289,18:11:29,20210509
84,1999-12-31,SRT,USD,1999-12-31,1999-12-31,Q4,66300000,52600000.0,13700000.0,0.2066365007541478,0.0,5100000.0,0.0,0.0,6400000.0,59000000.0,0.0,1300000.0,8600000.0,0.1297134238310709,7300000.0,0.11010558069381599,0.0,8100000.0,0.12217194570135746,3100000.0,5000000.0,0.07541478129713423,0.3536901590735638,0.3536901590735638,14136667,14136667,,,1620598289,18:11:29,20210509
85,1999-09-30,SRT,USD,1999-11-15 00:00:00,1999-11-15 00:00:00,Q3,52300000,41100000.0,11200000.0,0.21414913957934992,0.0,5600000.0,0.0,0.0,7100000.0,48200000.0,0.0,1500000.0,5600000.0,0.10707456978967496,4100000.0,0.07839388145315487,-100000.0,4800000.0,0.09177820267686425,1800000.0,3000000.0,0.05736137667304015,0.22,0.21,13636364,14285714,https://www.sec.gov/Archives/edgar/data/1031029/000095013499010144/0000950134-99-010144-index.html,https://www.sec.gov/Archives/edgar/data/1031029/0000950134-99-010144.txt,1620598289,18:11:29,20210509
86,1999-06-30,SRT,USD,1999-08-16 00:00:00,1999-08-16 00:00:00,Q2,45700000,36200000.0,9500000.0,0.20787746170678337,0.0,5200000.0,0.0,0.0,6200000.0,42400000.0,0.0,1000000.0,4300000.0,0.09409190371991247,3300000.0,0.07221006564551423,700000.0,4000000.0,0.087527352297593,1500000.0,2500000.0,0.05470459518599562,0.18,0.18,13888889,13888889,https://www.sec.gov/Archives/edgar/data/1031029/000095013499007530/0000950134-99-007530-index.html,https://www.sec.gov/Archives/edgar/data/1031029/0000950134-99-007530.txt,1620598289,18:11:29,20210509
87,1999-03-31,SRT,USD,1999-05-17 00:00:00,1999-05-17 00:00:00,Q1,40900000,32300000.0,8600000.0,0.21026894865525672,0.0,4400000.0,0.0,0.0,5300000.0,37600000.0,0.0,900000.0,4200000.0,0.10268948655256724,3300000.0,0.08068459657701711,600000.0,3800000.0,0.09290953545232274,1400000.0,2400000.0,0.05867970660146699,0.18,0.18,13333333,13333333,https://www.sec.gov/Archives/edgar/data/1031029/000095013499004385/0000950134-99-004385-index.html,https://www.sec.gov/Archives/edgar/data/1031029/0000950134-99-004385.txt,1620598289,18:11:29,20210509
88,1998-12-31,SRT,USD,1999-03-31 00:00:00,1999-03-31 00:00:00,Q4,60400000,48600000.0,11800000.0,0.19536423841059603,0.0,5200000.0,0.0,0.0,6100000.0,54700000.0,0.0,900000.0,6600000.0,0.10927152317880795,5700000.0,0.09437086092715231,600000.0,6200000.0,0.10264900662251655,2300000.0,3900000.0,0.06456953642384106,0.2925000073125002,0.2925000073125002,13333333,13333333,https://www.sec.gov/Archives/edgar/data/1031029/000095013499002340/0000950134-99-002340-index.html,https://www.sec.gov/Archives/edgar/data/1031029/0000950134-99-002340.txt,1620598289,18:11:29,20210509
89,1998-09-30,SRT,USD,1998-11-16 00:00:00,1998-11-16 00:00:00,Q3,31600000,25000000.0,6600000.0,0.2088607594936709,0.0,3500000.0,0.0,0.0,4300000.0,29300000.0,0.0,800000.0,3100000.0,0.0981012658227848,2300000.0,0.07278481012658228,400000.0,2800000.0,0.08860759493670886,1000000.0,1800000.0,0.056962025316455694,0.13,0.13,13846154,13846154,https://www.sec.gov/Archives/edgar/data/1031029/000095013498009028/0000950134-98-009028-index.html,https://www.sec.gov/Archives/edgar/data/1031029/0000950134-98-009028.txt,1620598289,18:11:29,20210509
90,1998-06-30,SRT,USD,1998-08-14 00:00:00,1998-08-14 00:00:00,Q2,24700000,19400000.0,5300000.0,0.2145748987854251,0.0,3300000.0,0.0,0.0,3900000.0,23300000.0,0.0,600000.0,2000000.0,0.08097165991902834,1400000.0,0.05668016194331984,700000.0,2100000.0,0.08502024291497975,800000.0,1300000.0,0.05263157894736842,0.1,0.1,13000000,13000000,https://www.sec.gov/Archives/edgar/data/1031029/000095013498006951/0000950134-98-006951-index.html,https://www.sec.gov/Archives/edgar/data/1031029/0000950134-98-006951.txt,1620598289,18:11:29,20210509
91,1998-03-31,SRT,USD,1998-05-14 00:00:00,1998-05-14 00:00:00,Q1,24300000,19200000.0,5100000.0,0.20987654320987653,0.0,2700000.0,0.0,0.0,3300000.0,22500000.0,0.0,600000.0,2400000.0,0.09876543209876543,1800000.0,0.07407407407407407,500000.0,2400000.0,0.09876543209876543,900000.0,1500000.0,0.06172839506172839,0.11,0.11,13636364,13636364,https://www.sec.gov/Archives/edgar/data/1031029/000095013498004361/0000950134-98-004361-index.html,https://www.sec.gov/Archives/edgar/data/1031029/0000950134-98-004361.txt,1620598289,18:11:29,20210509
92,1997-12-31,SRT,USD,1997-12-31,1997-12-31,Q4,36200000,29800000.0,6400000.0,0.17679558011049723,0.0,2400000.0,0.0,0.0,3000000.0,32800000.0,0.0,600000.0,4000000.0,0.11049723756906077,3400000.0,0.09392265193370165,500000.0,3900000.0,0.10773480662983426,1400000.0,2500000.0,0.06906077348066299,0.18333332844444458,0.18333332844444458,13636364,13636364,,,1620598289,18:11:29,20210509
93,1997-09-30,SRT,USD,1997-11-13 00:00:00,1997-11-13 00:00:00,Q3,20200000,16000000.0,4200000.0,0.2079207920792079,0.0,2100000.0,0.0,0.0,2400000.0,18400000.0,0.0,300000.0,2100000.0,0.10396039603960396,1800000.0,0.0891089108910891,500000.0,2400000.0,0.1188118811881188,900000.0,1500000.0,0.07425742574257425,0.11,0.11,13636364,13636364,https://www.sec.gov/Archives/edgar/data/1031029/000103570497000372/0001035704-97-000372-index.html,https://www.sec.gov/Archives/edgar/data/1031029/0001035704-97-000372.txt,1620598289,18:11:29,20210509
94,1997-06-30,SRT,USD,1997-06-30,1997-06-30,Q2,16100000,11600000.0,4500000.0,0.2795031055900621,0.0,0.0,0.0,0.0,2900000.0,14500000.0,100000.0,0.0,2500000.0,0.15527950310559005,1600000.0,0.09937888198757763,0.0,1500000.0,0.09316770186335403,600000.0,900000.0,0.055900621118012424,0.08,0.08,11250000,11250000,,,1620598289,18:11:29,20210509
95,1997-03-31,SRT,USD,1997-03-31,1997-03-31,Q1,16600000,0.0,0.0,0.0,0.0,0.0,0.0,0.0,0.0,0.0,0.0,0.0,16600000.0,1.0,16600000.0,1.0,0.0,0.0,0.0,0.0,1100000.0,0.06626506024096386,0.09,0.09,12222222,12222222,,,1620598289,18:11:29,20210509
