,date,symbol,reportedCurrency,fillingDate,acceptedDate,period,revenue,costOfRevenue,grossProfit,grossProfitRatio,researchAndDevelopmentExpenses,generalAndAdministrativeExpenses,sellingAndMarketingExpenses,otherExpenses,operatingExpenses,costAndExpenses,interestExpense,depreciationAndAmortization,ebitda,ebitdaratio,operatingIncome,operatingIncomeRatio,totalOtherIncomeExpensesNet,incomeBeforeTax,incomeBeforeTaxRatio,incomeTaxExpense,netIncome,netIncomeRatio,eps,epsdiluted,weightedAverageShsOut,weightedAverageShsOutDil,link,finalLink,timestamp,est_time,est_date
0,2019-06-30,ZOL.L,RUB,2019-06-30,2019-06-30,Q2,304719750.0,266360250.0,38359500.0,0.12588452176138895,2497250.0,15446500.0,0.0,3323750.0,16813500.0,343582250.0,38638250.0,2615000.0,-36247500.0,-0.1189535630690167,-38862500.0,-0.1275352188363242,0.0,-781015750.0,-2.563062453286996,-60613750.0,-720402000.0,-2.364146071923464,-5.075,-5.075,141955386,141955386,https://find-and-update.company-information.service.gov.uk/search/companies?q=Zoltav+Resources+Inc,https://find-and-update.company-information.service.gov.uk/search/companies?q=Zoltav+Resources+Inc,1620600173,18:42:53,20210509
1,2019-03-31,ZOL.L,RUB,2019-03-31,2019-03-31,Q1,304719750.0,266360250.0,38359500.0,0.12588452176138895,2497250.0,15446500.0,0.0,3323750.0,16813500.0,343582250.0,38638250.0,2615000.0,-36247500.0,-0.1189535630690167,-38862500.0,-0.1275352188363242,0.0,-781015750.0,-2.563062453286996,-60613750.0,-720402000.0,-2.364146071923464,-5.075,-5.075,141955386,141955386,https://find-and-update.company-information.service.gov.uk/search/companies?q=Zoltav+Resources+Inc,https://find-and-update.company-information.service.gov.uk/search/companies?q=Zoltav+Resources+Inc,1620600173,18:42:53,20210509
2,2019-01-31,ZOL.L,RUB,2019-01-31,2019-01-31,Q1,304719750.0,266360250.0,38359500.0,0.12588452176138895,2497250.0,15446500.0,0.0,3323750.0,16813500.0,343582250.0,38638250.0,2615000.0,-36247500.0,-0.1189535630690167,-38862500.0,-0.1275352188363242,0.0,-781015750.0,-2.563062453286996,-60613750.0,-720402000.0,-2.364146071923464,-5.075,-5.075,141955386,141955386,https://find-and-update.company-information.service.gov.uk/search/companies?q=Zoltav+Resources+Inc,https://find-and-update.company-information.service.gov.uk/search/companies?q=Zoltav+Resources+Inc,1620600173,18:42:53,20210509
3,2018-06-30,ZOL.L,RUB,2018-06-30,2018-06-30,Q2,403702250.0,279706750.0,123995500.0,0.3071459225208678,154750.0,14402500.0,0.0,-321250.0,-6491000.0,325162000.0,44174750.0,1762500.0,80302750.0,0.1989157850866573,78540250.0,0.1945499436775495,0.0,38884500.0,0.09631975050919335,16352250.0,22532250.0,0.055814031256947415,0.15872768645777202,0.1587208626700161,141955386,141961489,https://find-and-update.company-information.service.gov.uk/search/companies?q=Zoltav+Resources+Inc,https://find-and-update.company-information.service.gov.uk/search/companies?q=Zoltav+Resources+Inc,1620600173,18:42:53,20210509
4,2018-03-31,ZOL.L,RUB,2018-03-31,2018-03-31,Q1,403702250.0,279706750.0,123995500.0,0.3071459225208678,154750.0,14402500.0,0.0,-321250.0,-6491000.0,325162000.0,44174750.0,1762500.0,80302750.0,0.1989157850866573,78540250.0,0.1945499436775495,0.0,38884500.0,0.09631975050919335,16352250.0,22532250.0,0.055814031256947415,0.15872768645777202,0.1587208626700161,141955386,141961489,https://find-and-update.company-information.service.gov.uk/search/companies?q=Zoltav+Resources+Inc,https://find-and-update.company-information.service.gov.uk/search/companies?q=Zoltav+Resources+Inc,1620600173,18:42:53,20210509
5,2018-01-31,ZOL.L,RUB,2018-01-31,2018-01-31,Q1,403702250.0,279706750.0,123995500.0,0.3071459225208678,154750.0,14402500.0,0.0,-321250.0,-6491000.0,325162000.0,44174750.0,1762500.0,80302750.0,0.1989157850866573,78540250.0,0.1945499436775495,0.0,38884500.0,0.09631975050919335,16352250.0,22532250.0,0.055814031256947415,0.15872768645777202,0.1587208626700161,141955386,141961489,https://find-and-update.company-information.service.gov.uk/search/companies?q=Zoltav+Resources+Inc,https://find-and-update.company-information.service.gov.uk/search/companies?q=Zoltav+Resources+Inc,1620600173,18:42:53,20210509
6,2017-06-30,ZOL.L,RUB,2017-06-30,2017-06-30,Q2,447631000.0,286703000.0,160928000.0,0.35951040030739606,3317000.0,7649500.0,0.0,2206000.0,-3362000.0,329578000.0,56419250.0,806750.0,118859750.0,0.26553064912841157,118053000.0,0.2637283834229533,0.0,-358236250.0,-0.8002936570523489,-40741750.0,-317494500.0,-0.7092772841916668,-2.2365794560271213,-2.2333935100863838,141955386,142157886,https://find-and-update.company-information.service.gov.uk/search/companies?q=Zoltav+Resources+Inc,https://find-and-update.company-information.service.gov.uk/search/companies?q=Zoltav+Resources+Inc,1620600173,18:42:53,20210509
7,2017-03-31,ZOL.L,RUB,2017-03-31,2017-03-31,Q1,447631000.0,286703000.0,160928000.0,0.35951040030739606,3317000.0,7649500.0,0.0,2206000.0,-3362000.0,329578000.0,56419250.0,806750.0,118859750.0,0.26553064912841157,118053000.0,0.2637283834229533,0.0,-358236250.0,-0.8002936570523489,-40741750.0,-317494500.0,-0.7092772841916668,-2.2365794560271213,-2.2333935100863838,141955386,142157886,https://find-and-update.company-information.service.gov.uk/search/companies?q=Zoltav+Resources+Inc,https://find-and-update.company-information.service.gov.uk/search/companies?q=Zoltav+Resources+Inc,1620600173,18:42:53,20210509
8,2017-01-31,ZOL.L,RUB,2017-01-31,2017-01-31,Q1,447631000.0,286703000.0,160928000.0,0.35951040030739606,3317000.0,7649500.0,0.0,2206000.0,-3362000.0,329578000.0,56419250.0,806750.0,118859750.0,0.26553064912841157,118053000.0,0.2637283834229533,0.0,-358236250.0,-0.8002936570523489,-40741750.0,-317494500.0,-0.7092772841916668,-2.2365794560271213,-2.2333935100863838,141955386,142157886,https://find-and-update.company-information.service.gov.uk/search/companies?q=Zoltav+Resources+Inc,https://find-and-update.company-information.service.gov.uk/search/companies?q=Zoltav+Resources+Inc,1620600173,18:42:53,20210509
9,2016-06-30,ZOL.L,RUB,2016-06-30,2016-06-30,Q2,497357500.0,288821750.0,208535750.0,0.4192874340891612,0.0,17446750.0,0.0,-303500.0,-8519000.0,355139250.0,66996250.0,101743000.0,243961250.0,0.4905148710937304,142218250.0,0.28594773377299026,0.0,49359250.0,0.09924299925104176,25084000.0,24275250.0,0.04880845267237349,0.17,0.1675,141955386,143907886,https://find-and-update.company-information.service.gov.uk/search/companies?q=Zoltav+Resources+Inc,https://find-and-update.company-information.service.gov.uk/search/companies?q=Zoltav+Resources+Inc,1620600173,18:42:53,20210509
10,2016-03-31,ZOL.L,RUB,2016-03-31,2016-03-31,Q1,497357500.0,288821750.0,208535750.0,0.4192874340891612,0.0,17446750.0,0.0,-303500.0,-8519000.0,355139250.0,66996250.0,101743000.0,243961250.0,0.4905148710937304,142218250.0,0.28594773377299026,0.0,49359250.0,0.09924299925104176,25084000.0,24275250.0,0.04880845267237349,0.17,0.1675,141955386,143907886,https://find-and-update.company-information.service.gov.uk/search/companies?q=Zoltav+Resources+Inc,https://find-and-update.company-information.service.gov.uk/search/companies?q=Zoltav+Resources+Inc,1620600173,18:42:53,20210509
11,2016-01-31,ZOL.L,RUB,2016-01-31,2016-01-31,Q1,497357500.0,288821750.0,208535750.0,0.4192874340891612,0.0,17446750.0,0.0,-303500.0,-8519000.0,355139250.0,66996250.0,101743000.0,243961250.0,0.4905148710937304,142218250.0,0.28594773377299026,0.0,49359250.0,0.09924299925104176,25084000.0,24275250.0,0.04880845267237349,0.17,0.1675,141955386,143907886,https://find-and-update.company-information.service.gov.uk/search/companies?q=Zoltav+Resources+Inc,https://find-and-update.company-information.service.gov.uk/search/companies?q=Zoltav+Resources+Inc,1620600173,18:42:53,20210509
12,2015-09-30,ZOL.L,RUB,2015-09-30,2015-09-30,Q3,516862630.955,358357845.8775,158504785.0775,0.3066671405217144,0.0,54941222.8725,0.0,6869948.965,0.0,503581954.2125,101047030.0975,111939756.665,125220433.4075,0.24227023953372664,13280676.7425,0.02569478996375009,0.0,-65337990.5575,-0.12641268036107756,8725202.5625,-74063193.12,-0.143293766436847,-0.5217357030750492,-0.5146036719245232,141955386,143922784,https://find-and-update.company-information.service.gov.uk/search/companies?q=Zoltav+Resources+Inc,https://find-and-update.company-information.service.gov.uk/search/companies?q=Zoltav+Resources+Inc,1620600173,18:42:53,20210509
13,2015-06-30,ZOL.L,RUB,2015-06-30,2015-06-30,Q2,516862630.955,358357845.8775,158504785.0775,0.3066671405217144,0.0,54941222.8725,0.0,6869948.965,0.0,503581954.2125,101047030.0975,111939756.665,125220433.4075,0.24227023953372664,13280676.7425,0.02569478996375009,0.0,-65337990.5575,-0.12641268036107756,8725202.5625,-74063193.12,-0.143293766436847,-0.5217357030750492,-0.5146036719245232,141955386,143922784,https://find-and-update.company-information.service.gov.uk/search/companies?q=Zoltav+Resources+Inc,https://find-and-update.company-information.service.gov.uk/search/companies?q=Zoltav+Resources+Inc,1620600173,18:42:53,20210509
14,2015-03-31,ZOL.L,RUB,2015-03-31,2015-03-31,Q1,516862630.955,358357845.8775,158504785.0775,0.3066671405217144,0.0,54941222.8725,0.0,6869948.965,0.0,503581954.2125,101047030.0975,111939756.665,125220433.4075,0.24227023953372664,13280676.7425,0.02569478996375009,0.0,-65337990.5575,-0.12641268036107756,8725202.5625,-74063193.12,-0.143293766436847,-0.5217357030750492,-0.5146036719245232,141955386,143922784,https://find-and-update.company-information.service.gov.uk/search/companies?q=Zoltav+Resources+Inc,https://find-and-update.company-information.service.gov.uk/search/companies?q=Zoltav+Resources+Inc,1620600173,18:42:53,20210509
15,2015-01-31,ZOL.L,RUB,2015-01-31,2015-01-31,Q1,516862630.955,358357845.8775,158504785.0775,0.3066671405217144,0.0,54941222.8725,0.0,6869948.965,0.0,503581954.2125,101047030.0975,111939756.665,125220433.4075,0.24227023953372664,13280676.7425,0.02569478996375009,0.0,-65337990.5575,-0.12641268036107756,8725202.5625,-74063193.12,-0.143293766436847,-0.5217357030750492,-0.5146036719245232,141955386,143922784,https://find-and-update.company-information.service.gov.uk/search/companies?q=Zoltav+Resources+Inc,https://find-and-update.company-information.service.gov.uk/search/companies?q=Zoltav+Resources+Inc,1620600173,18:42:53,20210509
16,2014-09-30,ZOL.L,RUB,2014-09-30,2014-09-30,Q3,278182338.98,187868270.59,90314068.39,0.32465780797282445,0.0,101167320.8,0.0,1917732.18,0.0,340341875.51,52779324.78,60172321.3,-1987215.2300000042,-0.007143570786292352,-62159536.53,-0.22344889599360573,0.0,334991680.66,1.2042162054151264,33337967.39,301653713.27,1.0843740633429912,2.8722865369393684,2.8045103452617934,105022152,107560207,https://find-and-update.company-information.service.gov.uk/search/companies?q=Zoltav+Resources+Inc,https://find-and-update.company-information.service.gov.uk/search/companies?q=Zoltav+Resources+Inc,1620600173,18:42:53,20210509
17,2014-06-30,ZOL.L,RUB,2014-06-30,2014-06-30,Q2,278182338.98,187868270.59,90314068.39,0.32465780797282445,0.0,101167320.8,0.0,1917732.18,0.0,340341875.51,52779324.78,60172321.3,-1987215.2300000042,-0.007143570786292352,-62159536.53,-0.22344889599360573,0.0,334991680.66,1.2042162054151264,33337967.39,301653713.27,1.0843740633429912,2.8722865369393684,2.8045103452617934,105022152,107560207,https://find-and-update.company-information.service.gov.uk/search/companies?q=Zoltav+Resources+Inc,https://find-and-update.company-information.service.gov.uk/search/companies?q=Zoltav+Resources+Inc,1620600173,18:42:53,20210509
18,2014-03-31,ZOL.L,RUB,2014-03-31,2014-03-31,Q1,278182338.98,187868270.59,90314068.39,0.32465780797282445,0.0,101167320.8,0.0,1917732.18,0.0,340341875.51,52779324.78,60172321.3,-1987215.2300000042,-0.007143570786292352,-62159536.53,-0.22344889599360573,0.0,334991680.66,1.2042162054151264,33337967.39,301653713.27,1.0843740633429912,2.8722865369393684,2.8045103452617934,105022152,107560207,https://find-and-update.company-information.service.gov.uk/search/companies?q=Zoltav+Resources+Inc,https://find-and-update.company-information.service.gov.uk/search/companies?q=Zoltav+Resources+Inc,1620600173,18:42:53,20210509
19,2014-01-31,ZOL.L,RUB,2014-01-31,2014-01-31,Q1,278182338.98,187868270.59,90314068.39,0.32465780797282445,0.0,101167320.8,0.0,1917732.18,0.0,340341875.51,52779324.78,60172321.3,-1987215.2300000042,-0.007143570786292352,-62159536.53,-0.22344889599360573,0.0,334991680.66,1.2042162054151264,33337967.39,301653713.27,1.0843740633429912,2.8722865369393684,2.8045103452617934,105022152,107560207,https://find-and-update.company-information.service.gov.uk/search/companies?q=Zoltav+Resources+Inc,https://find-and-update.company-information.service.gov.uk/search/companies?q=Zoltav+Resources+Inc,1620600173,18:42:53,20210509
20,2013-09-30,ZOL.L,RUB,2013-09-30,2013-09-30,Q3,0.0,0.0,0.0,0.0,0.0,15389674.56,0.0,246629.4,11813548.26,36418941.4,41104.9,0.0,-36098323.18,0.0,-36418941.4,0.0,0.0,-35892798.68,0.0,-345281.16,-35547517.52,0.0,-0.6218820521735474,-0.5919043168057168,57161189,60056189,https://find-and-update.company-information.service.gov.uk/search/companies?q=Zoltav+Resources+Inc,https://find-and-update.company-information.service.gov.uk/search/companies?q=Zoltav+Resources+Inc,1620600173,18:42:53,20210509
21,2013-06-30,ZOL.L,RUB,2013-06-30,2013-06-30,Q2,0.0,0.0,0.0,0.0,0.0,15389674.56,0.0,246629.4,11813548.26,36418941.4,41104.9,0.0,-36098323.18,0.0,-36418941.4,0.0,0.0,-35892798.68,0.0,-345281.16,-35547517.52,0.0,-0.6218820521735474,-0.5919043168057168,57161189,60056189,https://find-and-update.company-information.service.gov.uk/search/companies?q=Zoltav+Resources+Inc,https://find-and-update.company-information.service.gov.uk/search/companies?q=Zoltav+Resources+Inc,1620600173,18:42:53,20210509
22,2013-03-31,ZOL.L,RUB,2013-03-31,2013-03-31,Q1,0.0,0.0,0.0,0.0,0.0,15389674.56,0.0,246629.4,11813548.26,36418941.4,41104.9,0.0,-36098323.18,0.0,-36418941.4,0.0,0.0,-35892798.68,0.0,-345281.16,-35547517.52,0.0,-0.6218820521735474,-0.5919043168057168,57161189,60056189,https://find-and-update.company-information.service.gov.uk/search/companies?q=Zoltav+Resources+Inc,https://find-and-update.company-information.service.gov.uk/search/companies?q=Zoltav+Resources+Inc,1620600173,18:42:53,20210509
23,2013-01-31,ZOL.L,RUB,2013-01-31,2013-01-31,Q1,0.0,0.0,0.0,0.0,0.0,15389674.56,0.0,246629.4,11813548.26,36418941.4,41104.9,0.0,-36098323.18,0.0,-36418941.4,0.0,0.0,-35892798.68,0.0,-345281.16,-35547517.52,0.0,-0.6218820521735474,-0.5919043168057168,57161189,60056189,https://find-and-update.company-information.service.gov.uk/search/companies?q=Zoltav+Resources+Inc,https://find-and-update.company-information.service.gov.uk/search/companies?q=Zoltav+Resources+Inc,1620600173,18:42:53,20210509
24,2012-09-30,ZOL.L,RUB,2012-09-30,2012-09-30,Q3,0.0,0.0,0.0,0.0,0.0,26291007.885,0.0,0.0,0.0,26291007.885,7594.1675,0.0,-26291007.885,0.0,-26291007.885,0.0,0.0,-26792222.94,0.0,0.0,-26792222.94,0.0,-1.4279881178221103,-1.3282078846170149,18762217,20171709,https://find-and-update.company-information.service.gov.uk/search/companies?q=Zoltav+Resources+Inc,https://find-and-update.company-information.service.gov.uk/search/companies?q=Zoltav+Resources+Inc,1620600173,18:42:53,20210509
25,2012-06-30,ZOL.L,RUB,2012-06-30,2012-06-30,Q2,0.0,0.0,0.0,0.0,0.0,26291007.885,0.0,0.0,0.0,26291007.885,7594.1675,0.0,-26291007.885,0.0,-26291007.885,0.0,0.0,-26792222.94,0.0,0.0,-26792222.94,0.0,-1.4279881178221103,-1.3282078846170149,18762217,20171709,https://find-and-update.company-information.service.gov.uk/search/companies?q=Zoltav+Resources+Inc,https://find-and-update.company-information.service.gov.uk/search/companies?q=Zoltav+Resources+Inc,1620600173,18:42:53,20210509
26,2012-03-31,ZOL.L,RUB,2012-03-31,2012-03-31,Q1,0.0,0.0,0.0,0.0,0.0,26291007.885,0.0,0.0,0.0,26291007.885,7594.1675,0.0,-26291007.885,0.0,-26291007.885,0.0,0.0,-26792222.94,0.0,0.0,-26792222.94,0.0,-1.4279881178221103,-1.3282078846170149,18762217,20171709,https://find-and-update.company-information.service.gov.uk/search/companies?q=Zoltav+Resources+Inc,https://find-and-update.company-information.service.gov.uk/search/companies?q=Zoltav+Resources+Inc,1620600173,18:42:53,20210509
27,2012-01-31,ZOL.L,RUB,2012-01-31,2012-01-31,Q1,0.0,0.0,0.0,0.0,0.0,26291007.885,0.0,0.0,0.0,26291007.885,7594.1675,0.0,-26291007.885,0.0,-26291007.885,0.0,0.0,-26792222.94,0.0,0.0,-26792222.94,0.0,-1.4279881178221103,-1.3282078846170149,18762217,20171709,https://find-and-update.company-information.service.gov.uk/search/companies?q=Zoltav+Resources+Inc,https://find-and-update.company-information.service.gov.uk/search/companies?q=Zoltav+Resources+Inc,1620600173,18:42:53,20210509
28,2011-09-30,ZOL.L,RUB,2011-09-30,2011-09-30,Q3,0.0,0.0,0.0,0.0,0.0,0.0,0.0,0.0,16455234.976054,17959074.4262825,0.0,323139.055421,-17635935.3708615,0.0,-17959074.4262825,0.0,0.0,-18717208.364001,0.0,0.0,-18717208.364001,0.0,-1.013963491003307,-0.9857933140394323,18459450,18986950,https://find-and-update.company-information.service.gov.uk/search/companies?q=Zoltav+Resources+Inc,https://find-and-update.company-information.service.gov.uk/search/companies?q=Zoltav+Resources+Inc,1620600173,18:42:53,20210509
29,2011-06-30,ZOL.L,RUB,2011-06-30,2011-06-30,Q2,0.0,0.0,0.0,0.0,0.0,0.0,0.0,0.0,16455234.976054,17959074.4262825,0.0,323139.055421,-17635935.3708615,0.0,-17959074.4262825,0.0,0.0,-18717208.364001,0.0,0.0,-18717208.364001,0.0,-1.013963491003307,-0.9857933140394323,18459450,18986950,https://find-and-update.company-information.service.gov.uk/search/companies?q=Zoltav+Resources+Inc,https://find-and-update.company-information.service.gov.uk/search/companies?q=Zoltav+Resources+Inc,1620600173,18:42:53,20210509
30,2011-03-31,ZOL.L,RUB,2011-03-31,2011-03-31,Q1,0.0,0.0,0.0,0.0,0.0,0.0,0.0,0.0,16455234.976054,17959074.4262825,0.0,323139.055421,-17635935.3708615,0.0,-17959074.4262825,0.0,0.0,-18717208.364001,0.0,0.0,-18717208.364001,0.0,-1.013963491003307,-0.9857933140394323,18459450,18986950,https://find-and-update.company-information.service.gov.uk/search/companies?q=Zoltav+Resources+Inc,https://find-and-update.company-information.service.gov.uk/search/companies?q=Zoltav+Resources+Inc,1620600173,18:42:53,20210509
31,2011-01-31,ZOL.L,RUB,2011-01-31,2011-01-31,Q1,0.0,0.0,0.0,0.0,0.0,0.0,0.0,0.0,16455234.976054,17959074.4262825,0.0,323139.055421,-17635935.3708615,0.0,-17959074.4262825,0.0,0.0,-18717208.364001,0.0,0.0,-18717208.364001,0.0,-1.013963491003307,-0.9857933140394323,18459450,18986950,https://find-and-update.company-information.service.gov.uk/search/companies?q=Zoltav+Resources+Inc,https://find-and-update.company-information.service.gov.uk/search/companies?q=Zoltav+Resources+Inc,1620600173,18:42:53,20210509
32,2010-09-30,ZOL.L,RUB,2010-09-30,2010-09-30,Q3,0.0,0.0,0.0,0.0,0.0,0.0,0.0,0.0,6657459.10992,6980752.98756,179607.7098,167633.86248,-6813119.125080001,0.0,-6980752.98756,0.0,0.0,-7196282.23932,0.0,0.0,13195179.74664,0.0,0.458856,0.305904,12973800,13501300,https://find-and-update.company-information.service.gov.uk/search/companies?q=Zoltav+Resources+Inc,https://find-and-update.company-information.service.gov.uk/search/companies?q=Zoltav+Resources+Inc,1620600173,18:42:53,20210509
33,2010-06-30,ZOL.L,RUB,2010-06-30,2010-06-30,Q2,0.0,0.0,0.0,0.0,0.0,0.0,0.0,0.0,6657459.10992,6980752.98756,179607.7098,167633.86248,-6813119.125080001,0.0,-6980752.98756,0.0,0.0,-7196282.23932,0.0,0.0,13195179.74664,0.0,0.458856,0.305904,12973800,13501300,https://find-and-update.company-information.service.gov.uk/search/companies?q=Zoltav+Resources+Inc,https://find-and-update.company-information.service.gov.uk/search/companies?q=Zoltav+Resources+Inc,1620600173,18:42:53,20210509
34,2010-03-31,ZOL.L,RUB,2010-03-31,2010-03-31,Q1,0.0,0.0,0.0,0.0,0.0,0.0,0.0,0.0,6657459.10992,6980752.98756,179607.7098,167633.86248,-6813119.125080001,0.0,-6980752.98756,0.0,0.0,-7196282.23932,0.0,0.0,13195179.74664,0.0,0.458856,0.305904,12973800,13501300,https://find-and-update.company-information.service.gov.uk/search/companies?q=Zoltav+Resources+Inc,https://find-and-update.company-information.service.gov.uk/search/companies?q=Zoltav+Resources+Inc,1620600173,18:42:53,20210509
35,2010-01-31,ZOL.L,RUB,2010-01-31,2010-01-31,Q1,0.0,0.0,0.0,0.0,0.0,0.0,0.0,0.0,6657459.10992,6980752.98756,179607.7098,167633.86248,-6813119.125080001,0.0,-6980752.98756,0.0,0.0,-7196282.23932,0.0,0.0,13195179.74664,0.0,0.458856,0.305904,12973800,13501300,https://find-and-update.company-information.service.gov.uk/search/companies?q=Zoltav+Resources+Inc,https://find-and-update.company-information.service.gov.uk/search/companies?q=Zoltav+Resources+Inc,1620600173,18:42:53,20210509
36,2009-09-30,ZOL.L,RUB,2009-09-30,2009-09-30,Q3,0.0,0.0,0.0,0.0,0.0,0.0,0.0,0.0,12668194.8354,12680375.7919725,0.0,12180.9565725,-12668194.8354,0.0,-12680375.7919725,0.0,0.0,-12546385.269675,0.0,0.0,-87288734.798535,0.0,-6.7801725,-6.7801725,12173750,12173750,https://find-and-update.company-information.service.gov.uk/search/companies?q=Zoltav+Resources+Inc,https://find-and-update.company-information.service.gov.uk/search/companies?q=Zoltav+Resources+Inc,1620600173,18:42:53,20210509
37,2009-06-30,ZOL.L,RUB,2009-06-30,2009-06-30,Q2,0.0,0.0,0.0,0.0,0.0,0.0,0.0,0.0,12668194.8354,12680375.7919725,0.0,12180.9565725,-12668194.8354,0.0,-12680375.7919725,0.0,0.0,-12546385.269675,0.0,0.0,-87288734.798535,0.0,-6.7801725,-6.7801725,12173750,12173750,https://find-and-update.company-information.service.gov.uk/search/companies?q=Zoltav+Resources+Inc,https://find-and-update.company-information.service.gov.uk/search/companies?q=Zoltav+Resources+Inc,1620600173,18:42:53,20210509
38,2009-03-31,ZOL.L,RUB,2009-03-31,2009-03-31,Q1,0.0,0.0,0.0,0.0,0.0,0.0,0.0,0.0,12668194.8354,12680375.7919725,0.0,12180.9565725,-12668194.8354,0.0,-12680375.7919725,0.0,0.0,-12546385.269675,0.0,0.0,-87288734.798535,0.0,-6.7801725,-6.7801725,12173750,12173750,https://find-and-update.company-information.service.gov.uk/search/companies?q=Zoltav+Resources+Inc,https://find-and-update.company-information.service.gov.uk/search/companies?q=Zoltav+Resources+Inc,1620600173,18:42:53,20210509
39,2009-01-31,ZOL.L,RUB,2009-01-31,2009-01-31,Q1,0.0,0.0,0.0,0.0,0.0,0.0,0.0,0.0,12668194.8354,12680375.7919725,0.0,12180.9565725,-12668194.8354,0.0,-12680375.7919725,0.0,0.0,-12546385.269675,0.0,0.0,-87288734.798535,0.0,-6.7801725,-6.7801725,12173750,12173750,https://find-and-update.company-information.service.gov.uk/search/companies?q=Zoltav+Resources+Inc,https://find-and-update.company-information.service.gov.uk/search/companies?q=Zoltav+Resources+Inc,1620600173,18:42:53,20210509
40,2008-09-30,ZOL.L,RUB,2008-09-30,2008-09-30,Q3,168820619.410608,48032870.211326,120787749.199282,0.7154798366513528,0.0,0.0,344707.747648,0.0,224501692.772874,284631650.503222,1486552.161732,8294530.17778,-107516500.914834,-0.6368683001531393,-115811031.092614,-0.6860005104645227,0.0,-239291809.570396,-1.4174323634507402,-926402.071804,-417268728.527904,-2.4716692189892804,-34.27693275,-34.27693275,12171600,12171600,https://find-and-update.company-information.service.gov.uk/search/companies?q=Zoltav+Resources+Inc,https://find-and-update.company-information.service.gov.uk/search/companies?q=Zoltav+Resources+Inc,1620600173,18:42:53,20210509
41,2008-06-30,ZOL.L,RUB,2008-06-30,2008-06-30,Q2,168820619.410608,48032870.211326,120787749.199282,0.7154798366513528,0.0,0.0,344707.747648,0.0,224501692.772874,284631650.503222,1486552.161732,8294530.17778,-107516500.914834,-0.6368683001531393,-115811031.092614,-0.6860005104645227,0.0,-239291809.570396,-1.4174323634507402,-926402.071804,-417268728.527904,-2.4716692189892804,-34.27693275,-34.27693275,12171600,12171600,https://find-and-update.company-information.service.gov.uk/search/companies?q=Zoltav+Resources+Inc,https://find-and-update.company-information.service.gov.uk/search/companies?q=Zoltav+Resources+Inc,1620600173,18:42:53,20210509
42,2008-03-31,ZOL.L,RUB,2008-03-31,2008-03-31,Q1,168820619.410608,48032870.211326,120787749.199282,0.7154798366513528,0.0,0.0,344707.747648,0.0,224501692.772874,284631650.503222,1486552.161732,8294530.17778,-107516500.914834,-0.6368683001531393,-115811031.092614,-0.6860005104645227,0.0,-239291809.570396,-1.4174323634507402,-926402.071804,-417268728.527904,-2.4716692189892804,-34.27693275,-34.27693275,12171600,12171600,https://find-and-update.company-information.service.gov.uk/search/companies?q=Zoltav+Resources+Inc,https://find-and-update.company-information.service.gov.uk/search/companies?q=Zoltav+Resources+Inc,1620600173,18:42:53,20210509
43,2008-01-31,ZOL.L,RUB,2008-01-31,2008-01-31,Q1,168820619.410608,48032870.211326,120787749.199282,0.7154798366513528,0.0,0.0,344707.747648,0.0,224501692.772874,284631650.503222,1486552.161732,8294530.17778,-107516500.914834,-0.6368683001531393,-115811031.092614,-0.6860005104645227,0.0,-239291809.570396,-1.4174323634507402,-926402.071804,-417268728.527904,-2.4716692189892804,-34.27693275,-34.27693275,12171600,12171600,https://find-and-update.company-information.service.gov.uk/search/companies?q=Zoltav+Resources+Inc,https://find-and-update.company-information.service.gov.uk/search/companies?q=Zoltav+Resources+Inc,1620600173,18:42:53,20210509
44,2007-09-30,ZOL.L,RUB,2007-09-30,2007-09-30,Q3,241344243.191121,16018095.84637575,225326147.34474525,0.933629675045984,0.0,0.0,1344089.64376825,0.0,165249039.59759924,191169006.85632274,221959.7576865,3008787.826417,53184024.161215246,0.2203658287349274,50175236.33479825,0.2078990394441038,0.0,53689599.1648345,0.22246065808297566,14982283.64383875,-208284570.39348176,-0.8630185979971388,-17.197327,-17.197327,12161800,12161800,https://find-and-update.company-information.service.gov.uk/search/companies?q=Zoltav+Resources+Inc,https://find-and-update.company-information.service.gov.uk/search/companies?q=Zoltav+Resources+Inc,1620600173,18:42:53,20210509
45,2007-06-30,ZOL.L,RUB,2007-06-30,2007-06-30,Q2,241344243.191121,16018095.84637575,225326147.34474525,0.933629675045984,0.0,0.0,1344089.64376825,0.0,165249039.59759924,191169006.85632274,221959.7576865,3008787.826417,53184024.161215246,0.2203658287349274,50175236.33479825,0.2078990394441038,0.0,53689599.1648345,0.22246065808297566,14982283.64383875,-208284570.39348176,-0.8630185979971388,-17.197327,-17.197327,12161800,12161800,https://find-and-update.company-information.service.gov.uk/search/companies?q=Zoltav+Resources+Inc,https://find-and-update.company-information.service.gov.uk/search/companies?q=Zoltav+Resources+Inc,1620600173,18:42:53,20210509
46,2007-03-31,ZOL.L,RUB,2007-03-31,2007-03-31,Q1,241344243.191121,16018095.84637575,225326147.34474525,0.933629675045984,0.0,0.0,1344089.64376825,0.0,165249039.59759924,191169006.85632274,221959.7576865,3008787.826417,53184024.161215246,0.2203658287349274,50175236.33479825,0.2078990394441038,0.0,53689599.1648345,0.22246065808297566,14982283.64383875,-208284570.39348176,-0.8630185979971388,-17.197327,-17.197327,12161800,12161800,https://find-and-update.company-information.service.gov.uk/search/companies?q=Zoltav+Resources+Inc,https://find-and-update.company-information.service.gov.uk/search/companies?q=Zoltav+Resources+Inc,1620600173,18:42:53,20210509
47,2007-01-31,ZOL.L,RUB,2007-01-31,2007-01-31,Q1,241344243.191121,16018095.84637575,225326147.34474525,0.933629675045984,0.0,0.0,1344089.64376825,0.0,165249039.59759924,191169006.85632274,221959.7576865,3008787.826417,53184024.161215246,0.2203658287349274,50175236.33479825,0.2078990394441038,0.0,53689599.1648345,0.22246065808297566,14982283.64383875,-208284570.39348176,-0.8630185979971388,-17.197327,-17.197327,12161800,12161800,https://find-and-update.company-information.service.gov.uk/search/companies?q=Zoltav+Resources+Inc,https://find-and-update.company-information.service.gov.uk/search/companies?q=Zoltav+Resources+Inc,1620600173,18:42:53,20210509
48,2006-09-30,ZOL.L,RUB,2006-09-30,2006-09-30,Q3,58559668.4601945,0.0,0.0,0.0,0.0,0.0,90429.6667155,0.0,423301269.8952555,430005983.756019,1059318.952953,1963615.620108,-369482699.6757165,-6.309508052062652,-371446315.2958245,-6.343039929406575,0.0,-361266518.5284225,-6.169203617913082,1162667.143485,-376419946.965177,-6.42797264504743,-31.0576235,-31.0576235,12129200,12129200,https://find-and-update.company-information.service.gov.uk/search/companies?q=Zoltav+Resources+Inc,https://find-and-update.company-information.service.gov.uk/search/companies?q=Zoltav+Resources+Inc,1620600173,18:42:53,20210509
49,2006-06-30,ZOL.L,RUB,2006-06-30,2006-06-30,Q2,58559668.4601945,0.0,0.0,0.0,0.0,0.0,90429.6667155,0.0,423301269.8952555,430005983.756019,1059318.952953,1963615.620108,-369482699.6757165,-6.309508052062652,-371446315.2958245,-6.343039929406575,0.0,-361266518.5284225,-6.169203617913082,1162667.143485,-376419946.965177,-6.42797264504743,-31.0576235,-31.0576235,12129200,12129200,https://find-and-update.company-information.service.gov.uk/search/companies?q=Zoltav+Resources+Inc,https://find-and-update.company-information.service.gov.uk/search/companies?q=Zoltav+Resources+Inc,1620600173,18:42:53,20210509
50,2006-03-31,ZOL.L,RUB,2006-03-31,2006-03-31,Q1,58559668.4601945,0.0,0.0,0.0,0.0,0.0,90429.6667155,0.0,423301269.8952555,430005983.756019,1059318.952953,1963615.620108,-369482699.6757165,-6.309508052062652,-371446315.2958245,-6.343039929406575,0.0,-361266518.5284225,-6.169203617913082,1162667.143485,-376419946.965177,-6.42797264504743,-31.0576235,-31.0576235,12129200,12129200,https://find-and-update.company-information.service.gov.uk/search/companies?q=Zoltav+Resources+Inc,https://find-and-update.company-information.service.gov.uk/search/companies?q=Zoltav+Resources+Inc,1620600173,18:42:53,20210509
51,2006-01-31,ZOL.L,RUB,2006-01-31,2006-01-31,Q1,58559668.4601945,0.0,0.0,0.0,0.0,0.0,90429.6667155,0.0,423301269.8952555,430005983.756019,1059318.952953,1963615.620108,-369482699.6757165,-6.309508052062652,-371446315.2958245,-6.343039929406575,0.0,-361266518.5284225,-6.169203617913082,1162667.143485,-376419946.965177,-6.42797264504743,-31.0576235,-31.0576235,12129200,12129200,https://find-and-update.company-information.service.gov.uk/search/companies?q=Zoltav+Resources+Inc,https://find-and-update.company-information.service.gov.uk/search/companies?q=Zoltav+Resources+Inc,1620600173,18:42:53,20210509
52,2005-09-30,ZOL.L,RUB,2005-09-30,2005-09-30,Q3,52949957.369526,0.0,0.0,0.0,0.0,0.0,1087674.194332,0.0,-852847807.7625265,-846272322.8604285,0.0,2311307.6629555,901533587.89291,17.026143790849673,899222280.2299545,16.98249299719888,0.0,901521227.9588835,17.02591036414566,1075314.2603055,801319242.806048,15.133520074696547,67.536697,64.80649,11846800,12366100,https://find-and-update.company-information.service.gov.uk/search/companies?q=Zoltav+Resources+Inc,https://find-and-update.company-information.service.gov.uk/search/companies?q=Zoltav+Resources+Inc,1620600173,18:42:53,20210509
53,2005-06-30,ZOL.L,RUB,2005-06-30,2005-06-30,Q2,52949957.369526,0.0,0.0,0.0,0.0,0.0,1087674.194332,0.0,-852847807.7625265,-846272322.8604285,0.0,2311307.6629555,901533587.89291,17.026143790849673,899222280.2299545,16.98249299719888,0.0,901521227.9588835,17.02591036414566,1075314.2603055,801319242.806048,15.133520074696547,67.536697,64.80649,11846800,12366100,https://find-and-update.company-information.service.gov.uk/search/companies?q=Zoltav+Resources+Inc,https://find-and-update.company-information.service.gov.uk/search/companies?q=Zoltav+Resources+Inc,1620600173,18:42:53,20210509
54,2005-03-31,ZOL.L,RUB,2005-03-31,2005-03-31,Q1,52949957.369526,0.0,0.0,0.0,0.0,0.0,1087674.194332,0.0,-852847807.7625265,-846272322.8604285,0.0,2311307.6629555,901533587.89291,17.026143790849673,899222280.2299545,16.98249299719888,0.0,901521227.9588835,17.02591036414566,1075314.2603055,801319242.806048,15.133520074696547,67.536697,64.80649,11846800,12366100,https://find-and-update.company-information.service.gov.uk/search/companies?q=Zoltav+Resources+Inc,https://find-and-update.company-information.service.gov.uk/search/companies?q=Zoltav+Resources+Inc,1620600173,18:42:53,20210509
55,2005-01-31,ZOL.L,RUB,2005-01-31,2005-01-31,Q1,52949957.369526,0.0,0.0,0.0,0.0,0.0,1087674.194332,0.0,-852847807.7625265,-846272322.8604285,0.0,2311307.6629555,901533587.89291,17.026143790849673,899222280.2299545,16.98249299719888,0.0,901521227.9588835,17.02591036414566,1075314.2603055,801319242.806048,15.133520074696547,67.536697,64.80649,11846800,12366100,https://find-and-update.company-information.service.gov.uk/search/companies?q=Zoltav+Resources+Inc,https://find-and-update.company-information.service.gov.uk/search/companies?q=Zoltav+Resources+Inc,1620600173,18:42:53,20210509
