,date,symbol,reportedCurrency,fillingDate,acceptedDate,period,revenue,costOfRevenue,grossProfit,grossProfitRatio,researchAndDevelopmentExpenses,generalAndAdministrativeExpenses,sellingAndMarketingExpenses,otherExpenses,operatingExpenses,costAndExpenses,interestExpense,depreciationAndAmortization,ebitda,ebitdaratio,operatingIncome,operatingIncomeRatio,totalOtherIncomeExpensesNet,incomeBeforeTax,incomeBeforeTaxRatio,incomeTaxExpense,netIncome,netIncomeRatio,eps,epsdiluted,weightedAverageShsOut,weightedAverageShsOutDil,link,finalLink,timestamp,est_time,est_date
0,2020-12-31,ABTX,USD,2021-03-10,2021-03-10 17:20:19,Q4,56921000,0.0,56921000.0,1.0,0.0,24145000.0,347000.0,5162.0,-149000000.0,0.0,8145000.0,1019000.0,1074951.153,0.018884966058221042,55951.153,0.34792080251576746,0.0,19804000.0,0.34792080251576746,3863000.0,15941000.0,0.2800548128107377,0.78,0.77,20396000,20575000,https://www.sec.gov/Archives/edgar/data/1642081/000156459021012114/0001564590-21-012114-index.htm,https://www.sec.gov/Archives/edgar/data/1642081/000156459021012114/abtx-10k_20201231.htm,1620586081,14:48:01,20210509
1,2020-09-30,ABTX,USD,2020-11-06,2020-11-06 16:22:55,Q3,53759000,0.0,53759000.0,1.0,0.0,23389000.0,327000.0,0.0,43000000.0,0.0,8902000.0,946000.0,965847.0,0.017966238211276252,19847.0,0.0003691846946557786,0.0,19847000.0,0.3691846946557786,3677000.0,16170000.0,0.3007868449933965,0.7911345956260091,0.787551139684395,20439000,20532000,https://www.sec.gov/Archives/edgar/data/1642081/000156459020051988/0001564590-20-051988-index.htm,https://www.sec.gov/Archives/edgar/data/1642081/000156459020051988/abtx-10q_20200930.htm,1620586081,14:48:01,20210509
2,2020-06-30,ABTX,USD,2020-07-31,2020-07-31 15:17:10,Q2,52409000,0.0,0.0,0.0,0.0,22267000.0,370000.0,0.0,50000000.0,0.0,9605000.0,885000.0,0.0,0.0,0.0,0.2282241599725238,0.0,11961000.0,0.2282241599725238,2054000.0,9907000.0,0.18903241809612853,0.49,0.48,20414000,20514000,https://www.sec.gov/Archives/edgar/data/1642081/000156459020035156/0001564590-20-035156-index.htm,https://www.sec.gov/Archives/edgar/data/1642081/000156459020035156/abtx-10q_20200630.htm,1620586081,14:48:01,20210509
3,2020-03-31,ABTX,USD,2020-05-01 00:00:00,2020-05-01 17:11:41,Q1,47750000,0.0,0.0,0.0,0.0,22656000.0,521000.0,0.0,56000000.0,0.0,12427000.0,866000.0,0.0,0.0,0.0,0.09128795811518324,0.0,4359000.0,0.09128795811518324,843000.0,3516000.0,0.07363350785340314,0.17226005585223653,0.16993716771387143,20411000,20690000,https://www.sec.gov/Archives/edgar/data/1642081/000156459020020549/0001564590-20-020549-index.html,https://www.sec.gov/Archives/edgar/data/1642081/000156459020020549/abtx-10q_20200331.htm,1620586081,14:48:01,20210509
4,2019-12-31,ABTX,USD,2020-03-09 00:00:00,2020-03-09 16:42:40,Q4,47926000,0.0,0.0,0.0,0.0,21049000.0,597000.0,0.0,44000000.0,0.0,13621000.0,861000.0,0.0,0.0,0.0,0.3664399282226766,0.0,17562000.0,0.3664399282226766,3576000.0,13986000.0,0.29182489671577017,0.68,0.67,20652000,20930000,https://www.sec.gov/Archives/edgar/data/1642081/000156459020009383/0001564590-20-009383-index.html,https://www.sec.gov/Archives/edgar/data/1642081/000156459020009383/abtx-10k_20191231.htm,1620586081,14:48:01,20210509
5,2019-09-30,ABTX,USD,2019-11-01 00:00:00,2019-11-01 16:06:59,Q3,47726000,0.0,0.0,0.0,0.0,22693000.0,449000.0,0.0,46000000.0,0.0,13828000.0,822000.0,0.0,0.0,0.0,0.31680844822528603,0.0,15120000.0,0.31680844822528603,3073000.0,12047000.0,0.2524200645350543,0.5741861684381107,0.5667576213774934,20981000,21256000,https://www.sec.gov/Archives/edgar/data/1642081/000156459019039415/0001564590-19-039415-index.html,https://www.sec.gov/Archives/edgar/data/1642081/000156459019039415/abtx-10q_20190930.htm,1620586081,14:48:01,20210509
6,2019-06-30,ABTX,USD,2019-08-01,2019-08-01 15:34:14,Q2,49416000,0.0,0.0,0.0,0.0,22420000.0,617000.0,0.0,45000000.0,0.0,13375000.0,756000.0,0.0,0.0,0.0,0.3628177108628784,0.0,17929000.0,0.3628177108628784,3681000.0,14248000.0,0.2883276671523393,0.67,0.66,21257000,21546000,https://www.sec.gov/Archives/edgar/data/1642081/000156459019027901/abtx-10q_20190630.htm,https://www.sec.gov/Archives/edgar/data/1642081/000156459019027901/abtx-10q_20190630.htm,1620586081,14:48:01,20210509
7,2019-03-31,ABTX,USD,2019-05-06 00:00:00,2019-05-06 13:43:46,Q1,47892000,0.0,0.0,0.0,0.0,22439000.0,704000.0,0.0,45000000.0,0.0,12546000.0,753000.0,0.0,0.0,0.0,0.32938695397978784,0.0,15775000.0,0.32938695397978784,3097000.0,12678000.0,0.26472062139814584,0.5833525054065246,0.5752268602540835,21733000,22040000,https://www.sec.gov/Archives/edgar/data/1642081/000156459019015904/0001564590-19-015904-index.html,https://www.sec.gov/Archives/edgar/data/1642081/000156459019015904/abtx-10q_20190331.htm,1620586081,14:48:01,20210509
8,2018-12-31,ABTX,USD,2019-03-11 00:00:00,2019-03-11 15:05:27,Q4,48172000,0.0,0.0,0.0,0.0,20844000.0,704000.0,0.0,42000000.0,0.0,10465000.0,802000.0,0.0,0.0,0.0,0.3355061031304492,0.0,16162000.0,0.3355061031304492,2999000.0,13163000.0,0.2732500207589471,0.6,0.59,21908000,22210000,https://www.sec.gov/Archives/edgar/data/1642081/000156459019007155/0001564590-19-007155-index.html,https://www.sec.gov/Archives/edgar/data/1642081/000156459019007155/abtx-10k_20181231.htm,1620586081,14:48:01,20210509
9,2018-09-30,ABTX,USD,2018-11-01 00:00:00,2018-11-01 16:18:42,Q3,29964000,0.0,0.0,0.0,0.0,14958000.0,351000.0,0.0,26000000.0,0.0,7300000.0,490000.0,0.0,0.0,0.0,0.3604325190228274,0.0,10800000.0,0.3604325190228274,1921000.0,8879000.0,0.2963222533707115,0.66,0.65,13371000,13637000,https://www.sec.gov/Archives/edgar/data/1642081/000156459018026241/0001564590-18-026241-index.html,https://www.sec.gov/Archives/edgar/data/1642081/000156459018026241/abtx-10q_20180930.htm,1620586081,14:48:01,20210509
10,2018-06-30,ABTX,USD,2018-08-03 00:00:00,2018-08-03 10:26:12,Q2,29621000,0.0,0.0,0.0,0.0,14902000.0,342000.0,0.0,27000000.0,0.0,6377000.0,433000.0,0.0,0.0,0.0,0.3082272711927349,0.0,9130000.0,0.3082272711927349,1574000.0,7556000.0,0.255089294757098,0.57,0.55,13327000,13634000,https://www.sec.gov/Archives/edgar/data/1642081/000164208118000085/0001642081-18-000085-index.html,https://www.sec.gov/Archives/edgar/data/1642081/000164208118000085/a6301810q.htm,1620586081,14:48:01,20210509
11,2018-03-31,ABTX,USD,2018-05-08 00:00:00,2018-05-08 16:36:02,Q1,28535000,0.0,0.0,0.0,0.0,14629000.0,330000.0,0.0,25000000.0,0.0,5502000.0,407000.0,0.0,0.0,0.0,0.3211845102505695,0.0,9165000.0,0.3211845102505695,1454000.0,7711000.0,0.2702295426669003,0.58,0.57,13262000,13542000,https://www.sec.gov/Archives/edgar/data/1642081/000164208118000075/0001642081-18-000075-index.html,https://www.sec.gov/Archives/edgar/data/1642081/000164208118000075/a3311810q.htm,1620586081,14:48:01,20210509
12,2017-12-31,ABTX,USD,2018-03-09 00:00:00,2018-03-09 12:54:16,Q4,29019000,0.0,0.0,0.0,0.0,14823000.0,436000.0,0.0,26000000.0,0.0,4602000.0,412000.0,0.0,0.0,0.0,0.26923739618870396,0.0,7813000.0,0.26923739618870396,4609000.0,3204000.0,0.11041042075881319,0.24296655797376204,0.23740367516301125,13187000,13496000,https://www.sec.gov/Archives/edgar/data/1642081/000164208118000031/0001642081-18-000031-index.html,https://www.sec.gov/Archives/edgar/data/1642081/000164208118000031/a201710-kdoc.htm,1620586081,14:48:01,20210509
13,2017-09-30,ABTX,USD,2017-11-02 00:00:00,2017-11-02 15:29:16,Q3,28457000,0.0,0.0,0.0,0.0,13196000.0,302000.0,0.0,28000000.0,0.0,3904000.0,427000.0,0.0,0.0,0.0,0.13610008082369893,0.0,3873000.0,0.13610008082369893,887000.0,2986000.0,0.10493024563376323,0.23,0.22,13165000,13483000,https://www.sec.gov/Archives/edgar/data/1642081/000164208117000151/0001642081-17-000151-index.html,https://www.sec.gov/Archives/edgar/data/1642081/000164208117000151/a9301710qdoc.htm,1620586081,14:48:01,20210509
14,2017-06-30,ABTX,USD,2017-08-03 00:00:00,2017-08-03 17:04:27,Q2,26584000,0.0,0.0,0.0,0.0,11936000.0,288000.0,0.0,23000000.0,0.0,3880000.0,398000.0,0.0,0.0,0.0,0.26767980740294917,0.0,7116000.0,0.26767980740294917,1721000.0,5395000.0,0.20294161901895877,0.41,0.4,13125000,13471000,https://www.sec.gov/Archives/edgar/data/1642081/000164208117000115/0001642081-17-000115-index.html,https://www.sec.gov/Archives/edgar/data/1642081/000164208117000115/a6301710qdoc.htm,1620586081,14:48:01,20210509
15,2017-03-31,ABTX,USD,2017-05-05 00:00:00,2017-05-05 16:39:43,Q1,25469000,0.0,0.0,0.0,0.0,12093000.0,263000.0,0.0,21000000.0,0.0,3384000.0,400000.0,0.0,0.0,0.0,0.2974989202559975,0.0,7577000.0,0.2974989202559975,1530000.0,6047000.0,0.23742589029800934,0.46,0.45,13021000,13377000,https://www.sec.gov/Archives/edgar/data/1642081/000164208117000074/0001642081-17-000074-index.html,https://www.sec.gov/Archives/edgar/data/1642081/000164208117000074/a2017033110qdoc.htm,1620586081,14:48:01,20210509
16,2016-12-31,ABTX,USD,2017-03-10 00:00:00,2017-03-10 16:44:13,Q4,24900000,0.0,0.0,0.0,0.0,12052000.0,319000.0,0.0,20000000.0,0.0,3059000.0,391000.0,0.0,0.0,0.0,0.31377510040160644,0.0,7813000.0,0.31377510040160644,2042000.0,5771000.0,0.23176706827309237,0.45,0.44,12913000,13180000,https://www.sec.gov/Archives/edgar/data/1642081/000164208117000032/0001642081-17-000032-index.html,https://www.sec.gov/Archives/edgar/data/1642081/000164208117000032/a201610-kdoc.htm,1620586081,14:48:01,20210509
17,2016-09-30,ABTX,USD,2016-11-10 00:00:00,2016-11-10 13:48:49,Q3,24683000,0.0,0.0,0.0,0.0,11096000.0,228000.0,0.0,20000000.0,0.0,2910000.0,404000.0,0.0,0.0,0.0,0.306850869019163,0.0,7574000.0,0.306850869019163,2103000.0,5471000.0,0.2216505287039663,0.4247011333643844,0.4173787000305157,12882000,13108000,https://www.sec.gov/Archives/edgar/data/1642081/000164208116000015/0001642081-16-000015-index.html,https://www.sec.gov/Archives/edgar/data/1642081/000164208116000015/a2016093010qdoc.htm,1620586081,14:48:01,20210509
18,2016-06-30,ABTX,USD,2016-08-12,2016-08-12 15:26:24,Q2,23161000,0.0,0.0,0.0,0.0,10428000.0,197000.0,0.0,18000000.0,0.0,2578000.0,415000.0,0.0,0.0,0.0,0.3278355856828289,0.0,7593000.0,0.3278355856828289,2339000.0,5254000.0,0.22684685462631146,0.41,0.4,12857000,13039000,https://www.sec.gov/Archives/edgar/data/1642081/000117184316011739/f10q_081216p.htm,https://www.sec.gov/Archives/edgar/data/1642081/000117184316011739/f10q_081216p.htm,1620586081,14:48:01,20210509
19,2016-03-31,ABTX,USD,2016-05-10 00:00:00,2016-05-10 16:59:35,Q1,24388000,0.0,0.0,0.0,0.0,10551000.0,201000.0,0.0,17000000.0,0.0,2367000.0,417000.0,0.0,0.0,0.0,0.38646055437100213,0.0,9425000.0,0.38646055437100213,3070000.0,6355000.0,0.2605789732655404,0.49493769470404986,0.4900902290429552,12840000,12967000,https://www.sec.gov/Archives/edgar/data/1642081/000117184316009903/0001171843-16-009903-index.html,https://www.sec.gov/Archives/edgar/data/1642081/000117184316009903/f10q_051016p.htm,1620586081,14:48:01,20210509
20,2015-12-31,ABTX,USD,2016-03-22 00:00:00,2016-03-22 16:28:03,Q4,22233000,0.0,0.0,0.0,0.0,10309000.0,271000.0,0.0,18000000.0,0.0,2237000.0,424000.0,0.0,0.0,0.0,0.2778752305132011,0.0,6178000.0,0.2778752305132011,1966000.0,4212000.0,0.18944811766293349,0.3280373831775701,0.3280373831775701,12840000,12840000,https://www.sec.gov/Archives/edgar/data/1642081/000117184316008729/0001171843-16-008729-index.html,https://www.sec.gov/Archives/edgar/data/1642081/000117184316008729/f10k_032116p.htm,1620586081,14:48:01,20210509
21,2015-09-30,ABTX,USD,2015-09-30,2015-09-30,Q3,21608000,0.0,0.0,0.0,0.0,10433000.0,188000.0,0.0,18000000.0,0.0,2238000.0,414000.0,0.0,0.0,0.0,0.28586634579785264,0.0,6177000.0,0.28586634579785264,1957000.0,4220000.0,0.19529803776379118,0.325766,0.325766,12423025,12423025,,,1620586081,14:48:01,20210509
22,2015-06-30,ABTX,USD,2015-06-30,2015-06-30,Q4,20681000,0.0,0.0,0.0,0.0,9986000.0,184000.0,0.0,17000000.0,0.0,2116000.0,409000.0,0.0,0.0,0.0,0.2823364440791064,0.0,5839000.0,0.2823364440791064,1956000.0,3883000.0,0.18775687829408635,0.291636,0.291636,12423025,12423025,,,1620586081,14:48:01,20210509
23,2015-03-31,ABTX,USD,2015-03-31,2015-03-31,Q4,19636000,0.0,0.0,0.0,0.0,10276000.0,138000.0,0.0,16000000.0,0.0,2049000.0,367000.0,0.0,0.0,0.0,0.2733245060093705,0.0,5367000.0,0.2733245060093705,1896000.0,3471000.0,0.17676716235485843,0.269258,0.261062,12423025,12813025,,,1620586081,14:48:01,20210509
24,2014-12-31,ABTX,USD,2014-12-31,2014-12-31,Q4,13270000,0.0,0.0,0.0,0.0,6546000.0,207000.0,0.0,0.0,0.0,1463000.0,295000.0,0.0,0.0,0.0,0.25116804822908817,0.0,3333000.0,0.25116804822908817,1033000.0,2300000.0,0.1733232856066315,0.18514009269078988,0.18514009269078988,12423025,12423025,,,1620586081,14:48:01,20210509
25,2014-09-30,ABTX,USD,2014-09-30,2014-09-30,Q3,12749000,0.0,0.0,0.0,0.0,5759000.0,116000.0,0.0,11000000.0,0.0,1409000.0,286000.0,0.0,0.0,0.0,0.25468664208957564,0.0,3247000.0,0.25468664208957564,1226000.0,2021000.0,0.15852223703819907,0.162682,0.15773,12423025,12813025,,,1620586081,14:48:01,20210509
