,date,symbol,reportedCurrency,fillingDate,acceptedDate,period,revenue,costOfRevenue,grossProfit,grossProfitRatio,researchAndDevelopmentExpenses,generalAndAdministrativeExpenses,sellingAndMarketingExpenses,otherExpenses,operatingExpenses,costAndExpenses,interestExpense,depreciationAndAmortization,ebitda,ebitdaratio,operatingIncome,operatingIncomeRatio,totalOtherIncomeExpensesNet,incomeBeforeTax,incomeBeforeTaxRatio,incomeTaxExpense,netIncome,netIncomeRatio,eps,epsdiluted,weightedAverageShsOut,weightedAverageShsOutDil,link,finalLink,timestamp,est_time,est_date
0,2020-12-31,ASPS,USD,2021-03-11,2021-03-11 07:05:16,Q4,59966000,60540000,-574000.0,-0.009572090851482506,0.0,9543000.0,515000.0,-46000.0,14005000.0,74545000,4465000.0,571000.0,-14008000.0,-0.23359903945569155,-14579000.0,-0.2431211019577761,15340000.0,-3695000.0,-0.06161825034186039,3314000.0,-7208000.0,-0.12020144748690925,-0.4609579842680821,-0.4609579842680821,15637000,15637000,https://www.sec.gov/Archives/edgar/data/1462418/000146241821000008/0001462418-21-000008-index.htm,https://www.sec.gov/Archives/edgar/data/1462418/000146241821000008/asps-20201231.htm,1620588816,15:33:36,20210509
1,2020-09-30,ASPS,USD,2020-10-29,2020-10-29 06:50:38,Q3,88795000,81647000,7148000.0,0.08050002815473845,0.0,6222000.0,422000.0,-386000.0,11735000.0,93382000,4103000.0,796000.0,-3791000.0,-0.042693845374176476,-4587000.0,-0.05165831409426207,-2475000.0,-11140000.0,-0.1254575144996903,1757000.0,-13237000.0,-0.14907370910524242,-0.85,-0.85,15637000,15637000,https://www.sec.gov/Archives/edgar/data/1462418/000146241820000069/0001462418-20-000069-index.htm,https://www.sec.gov/Archives/edgar/data/1462418/000146241820000069/asps-20200930.htm,1620588816,15:33:36,20210509
2,2020-06-30,ASPS,USD,2020-08-06,2020-08-06 07:21:45,Q2,95342000,91935000,3407000.0,0.035734513645612635,0.0,11059000.0,951000.0,-327000.0,15394000.0,107329000,4446000.0,544000.0,-11443000.0,-0.1200205575716893,-11987000.0,-0.12572633257116486,-17320000.0,-33747000.0,-0.35395733255018774,1117000.0,-35061000.0,-0.3677392964275975,-2.25,-2.25,15601000,15601000,https://www.sec.gov/Archives/edgar/data/1462418/000146241820000056/0001462418-20-000056-index.htm,https://www.sec.gov/Archives/edgar/data/1462418/000146241820000056/asps-06302020x10q.htm,1620588816,15:33:36,20210509
3,2020-03-31,ASPS,USD,2020-04-30 00:00:00,2020-04-30 06:54:44,Q1,121444000,106593000,14851000.0,0.12228681532228847,0.0,9766000.0,1437000.0,1020000.0,16081000.0,122674000,4716000.0,669000.0,-561000.0,-0.004619413062810843,-1230000.0,-0.010128124897071902,-3252000.0,-9124000.0,-0.07512927769177563,2421000.0,-11650000.0,-0.09592898784625012,-0.75,-0.75,15497000,15497000,https://www.sec.gov/Archives/edgar/data/1462418/000146241820000035/0001462418-20-000035-index.html,https://www.sec.gov/Archives/edgar/data/1462418/000146241820000035/asps-03312020x10q.htm,1620588816,15:33:36,20210509
4,2019-12-31,ASPS,USD,2020-03-05 00:00:00,2020-03-05 16:09:13,Q4,140688000,118494000,22194000.0,0.15775332650972365,0.0,17818000.0,1810000.0,34000.0,23912000.0,142406000,4737000.0,752000.0,-966000.0,-0.006866257250085295,-1718000.0,-0.01221141817354714,-2010000.0,-8459000.0,-0.06012595246218583,297626000.0,-306106000.0,-2.1757790287728875,-19.66,-19.66,15568000,15568000,https://www.sec.gov/Archives/edgar/data/1462418/000146241820000016/0001462418-20-000016-index.html,https://www.sec.gov/Archives/edgar/data/1462418/000146241820000016/asps12312019-10knew.htm,1620588816,15:33:36,20210509
5,2019-09-30,ASPS,USD,2019-10-24 00:00:00,2019-10-24 07:03:52,Q3,141493000,121301000,20192000.0,0.14270670633882948,0.0,14354000.0,3481000.0,337000.0,16789000.0,138090000,3357000.0,-4344000.0,-941000.0,-0.006650505678726156,3403000.0,0.024050659749952293,12840000.0,12955000.0,0.09155929975334469,5379000.0,7165000.0,0.05063854748998184,0.45,0.44,15897000,16151000,https://www.sec.gov/Archives/edgar/data/1462418/000146241819000054/0001462418-19-000054-index.html,https://www.sec.gov/Archives/edgar/data/1462418/000146241819000054/asps-09302019x10q.htm,1620588816,15:33:36,20210509
6,2019-06-30,ASPS,USD,2019-07-25 00:00:00,2019-07-25 06:53:49,Q2,196535000,167879000,28656000.0,0.1458060905182283,0.0,10013000.0,2989000.0,412000.0,20613000.0,188492000,6550000.0,4067000.0,12110000.0,0.061617523596306,8043000.0,0.04092400844633271,10300000.0,11909000.0,0.0605948049965655,16513000.0,-5844000.0,-0.029735161676037347,-0.36,-0.36,16214000,16214000,https://www.sec.gov/Archives/edgar/data/1462418/000146241819000037/0001462418-19-000037-index.html,https://www.sec.gov/Archives/edgar/data/1462418/000146241819000037/asps-06302019x10q.htm,1620588816,15:33:36,20210509
7,2019-03-31,ASPS,USD,2019-04-25 00:00:00,2019-04-25 06:52:57,Q1,169935000,135457000,34478000.0,0.2028893400417807,0.0,13995000.0,2932000.0,223000.0,29887000.0,165344000,6749000.0,4313000.0,8904000.0,0.05239650454585577,4591000.0,0.027016212081089827,-1959000.0,-3966000.0,-0.02333833524582929,-1222000.0,-3184000.0,-0.018736575749551298,-0.2,-0.2,16292000,16292000,https://www.sec.gov/Archives/edgar/data/1462418/000146241819000024/0001462418-19-000024-index.html,https://www.sec.gov/Archives/edgar/data/1462418/000146241819000024/asps-03312019x10q.htm,1620588816,15:33:36,20210509
8,2018-12-31,ASPS,USD,2019-02-26 00:00:00,2019-02-26 07:06:48,Q4,217633000,177471000,40162000.0,0.18454002839642886,0.0,18537000.0,2855000.0,280000.0,30007000.0,207478000,6639000.0,1514000.0,11669000.0,0.05361778774358668,10155000.0,0.04666112216437764,-16630000.0,-12829000.0,-0.05894786176728713,-1961000.0,-11485000.0,-0.05277232772603419,-0.69,-0.69,16745000,16745000,https://www.sec.gov/Archives/edgar/data/1462418/000146241819000009/0001462418-19-000009-index.html,https://www.sec.gov/Archives/edgar/data/1462418/000146241819000009/asps-12312018x10k.htm,1620588816,15:33:36,20210509
9,2018-09-30,ASPS,USD,2018-10-25 00:00:00,2018-10-25 08:04:27,Q3,204575000,159571000,45004000.0,0.2199877795429549,0.0,22397000.0,4267000.0,-70000.0,34338000.0,193909000,6725000.0,1054000.0,11720000.0,0.057289502627398264,10666000.0,0.05213735793718685,11964000.0,16129000.0,0.07884150067212514,6608000.0,8667000.0,0.0423658804839301,0.51,0.49,17033000,17575000,https://www.sec.gov/Archives/edgar/data/1462418/000146241818000055/0001462418-18-000055-index.html,https://www.sec.gov/Archives/edgar/data/1462418/000146241818000055/asps-9302018x10q.htm,1620588816,15:33:36,20210509
10,2018-06-30,ASPS,USD,2018-07-26 00:00:00,2018-07-26 07:08:44,Q2,218556000,175403000,43153000.0,0.19744596350592067,0.0,17255000.0,3978000.0,473000.0,30727000.0,206130000,7027000.0,1950000.0,14376000.0,0.06577719211552188,12426000.0,0.0568549936858288,-2428000.0,3071000.0,0.014051318655173044,816000.0,1568000.0,0.007174362634748074,0.0914712402286781,0.08932945935167777,17142000,17553000,https://www.sec.gov/Archives/edgar/data/1462418/000146241818000033/0001462418-18-000033-index.html,https://www.sec.gov/Archives/edgar/data/1462418/000146241818000033/asps-6302018x10q.htm,1620588816,15:33:36,20210509
11,2018-03-31,ASPS,USD,2018-04-26 00:00:00,2018-04-26 07:09:33,Q1,197438000,160763000,36675000.0,0.18575451534152493,0.0,16533000.0,3607000.0,1141000.0,29555000.0,190318000,5863000.0,2268000.0,9388000.0,0.04754910402252859,7120000.0,0.0360619536259484,-6360000.0,-4972000.0,-0.025182588964637,-1365000.0,-4132000.0,-0.020928088817755448,-0.24,-0.24,17378000,17378000,https://www.sec.gov/Archives/edgar/data/1462418/000146241818000021/0001462418-18-000021-index.html,https://www.sec.gov/Archives/edgar/data/1462418/000146241818000021/asps-3312018x10q.htm,1620588816,15:33:36,20210509
12,2017-12-31,ASPS,USD,2018-02-22 00:00:00,2018-02-22 07:16:41,Q4,216066000,176663000,39403000.0,0.18236557348217675,0.0,16260000.0,4213000.0,-412000.0,30807000.0,207470000,5391000.0,2110000.0,10706000.0,0.049549674636453676,8596000.0,0.03978414003128674,-194000.0,3112000.0,0.014403006488758065,-283871000.0,286350000.0,1.3252894948765654,16.47773046380481,16.47773046380481,17378000,17378000,https://www.sec.gov/Archives/edgar/data/1462418/000146241818000011/0001462418-18-000011-index.html,https://www.sec.gov/Archives/edgar/data/1462418/000146241818000011/asps-12312017x10k.htm,1620588816,15:33:36,20210509
13,2017-09-30,ASPS,USD,2017-10-26 00:00:00,2017-10-26 06:58:06,Q3,234979000,189966000,45013000.0,0.19156179913949758,0.0,16672000.0,3992000.0,988000.0,31554000.0,221520000,5599000.0,2286000.0,15745000.0,0.0670059877691198,13459000.0,0.05727745883674711,2470000.0,10357000.0,0.044076279156860826,2591000.0,6961000.0,0.029623923840002724,0.39,0.38,18023000,18429000,https://www.sec.gov/Archives/edgar/data/1462418/000146241817000039/0001462418-17-000039-index.html,https://www.sec.gov/Archives/edgar/data/1462418/000146241817000039/asps-9302017x10q.htm,1620588816,15:33:36,20210509
14,2017-06-30,ASPS,USD,2017-08-09 00:00:00,2017-08-09 06:57:59,Q2,250685000,200934000,49751000.0,0.19846021899994015,0.0,21478000.0,3697000.0,822000.0,36929000.0,237863000,5465000.0,2361000.0,15183000.0,0.060566049025669665,12822000.0,0.051147854877635276,4759000.0,12160000.0,0.048507090571833174,2438000.0,9035000.0,0.03604124698326585,0.49,0.48,18335000,18836000,https://www.sec.gov/Archives/edgar/data/1462418/000146241817000026/0001462418-17-000026-index.html,https://www.sec.gov/Archives/edgar/data/1462418/000146241817000026/asps-6302017x10q.htm,1620588816,15:33:36,20210509
15,2017-03-31,ASPS,USD,2017-04-27 00:00:00,2017-04-27 07:41:40,Q1,240483000,190459000,50024000.0,0.20801470374205244,0.0,19359000.0,4269000.0,617000.0,35195000.0,225654000,5798000.0,2421000.0,17250000.0,0.07173064208280835,14829000.0,0.06166340240266464,617000.0,9746000.0,0.04052677320226378,2586000.0,6545000.0,0.027216061010549603,0.35,0.34,18662000,19304000,https://www.sec.gov/Archives/edgar/data/1462418/000146241817000014/0001462418-17-000014-index.html,https://www.sec.gov/Archives/edgar/data/1462418/000146241817000014/asps-3312017x10q.htm,1620588816,15:33:36,20210509
16,2016-12-31,ASPS,USD,2017-02-16 00:00:00,2017-02-16 08:29:29,Q4,238627000,185926000,52701000.0,0.2208509514849535,0.0,19289000.0,6409000.0,959000.0,39329000.0,225255000,5931000.0,2487000.0,15859000.0,0.06645936964383746,13372000.0,0.056037246413859286,-27041000.0,-19537000.0,-0.08187254585608501,127000.0,-20384000.0,-0.08542201846396258,-1.0922730682670667,-1.0922730682670667,18662000,18662000,https://www.sec.gov/Archives/edgar/data/1462418/000146241817000006/0001462418-17-000006-index.html,https://www.sec.gov/Archives/edgar/data/1462418/000146241817000006/asps-12312016x10k.htm,1620588816,15:33:36,20210509
17,2016-09-30,ASPS,USD,2016-10-27 00:00:00,2016-10-27 08:22:34,Q3,252745000,188147000,64598000.0,0.2555856693505312,0.0,16444000.0,9275000.0,-120000.0,39741000.0,227888000,5952000.0,2557000.0,27414000.0,0.10846505371026133,24857000.0,0.09834813745079032,-120000.0,18796000.0,0.07436744544897031,7324000.0,10589000.0,0.04189598211636234,0.57,0.54,18715000,19568000,https://www.sec.gov/Archives/edgar/data/1462418/000146241816000015/0001462418-16-000015-index.html,https://www.sec.gov/Archives/edgar/data/1462418/000146241816000015/asps-9302016x10q.htm,1620588816,15:33:36,20210509
18,2016-06-30,ASPS,USD,2016-07-21 00:00:00,2016-07-21 08:21:50,Q2,255799000,188695000,67104000.0,0.2623309708012932,0.0,19104000.0,5671000.0,-2726000.0,39883000.0,228578000,5988000.0,2352000.0,29573000.0,0.11561030340228069,27221000.0,0.10641558411096212,2738000.0,23977000.0,0.09373375189113327,3291000.0,19994000.0,0.07816293261506105,1.08,1.02,18437000,19604000,https://www.sec.gov/Archives/edgar/data/1462418/000162828016017683/0001628280-16-017683-index.html,https://www.sec.gov/Archives/edgar/data/1462418/000162828016017683/asps-6302016x10q.htm,1620588816,15:33:36,20210509
19,2016-03-31,ASPS,USD,2016-04-28 00:00:00,2016-04-28 06:53:26,Q1,250132000,182854000,67278000.0,0.268969983848528,0.0,18317000.0,6492000.0,-38000.0,39625000.0,222479000,6541000.0,2605000.0,30258000.0,0.12096812882797883,27653000.0,0.11055362768458254,-38000.0,21085000.0,0.08429549198023444,2193000.0,18494000.0,0.07393696128444181,0.98,0.92,18855000,20040000,https://www.sec.gov/Archives/edgar/data/1462418/000162828016014872/0001628280-16-014872-index.html,https://www.sec.gov/Archives/edgar/data/1462418/000162828016014872/asps-3312016x10q.htm,1620588816,15:33:36,20210509
20,2015-12-31,ASPS,USD,2016-03-15 00:00:00,2016-03-15 16:39:34,Q4,269887000,187084000,82803000.0,0.3068061818464765,0.0,26300000.0,8901000.0,686000.0,50966000.0,238050000,6812000.0,2625000.0,34462000.0,0.1276904778666627,31837000.0,0.11796418501076376,-69249000.0,-44192000.0,-0.1637426033858615,159000.0,-45096000.0,-0.16709215338271202,-2.35,-2.35,19196000,19196000,https://www.sec.gov/Archives/edgar/data/1462418/000162828016012704/0001628280-16-012704-index.html,https://www.sec.gov/Archives/edgar/data/1462418/000162828016012704/asps-12312015x10k.htm,1620588816,15:33:36,20210509
21,2015-09-30,ASPS,USD,2015-10-22 00:00:00,2015-10-22 07:05:02,Q3,272776000,187756000,85020000.0,0.3116843124028507,0.0,17599000.0,7325000.0,-258000.0,37432000.0,225188000,7041000.0,2390000.0,49978000.0,0.1832199313722615,47588000.0,0.1744581634747925,614000.0,41200000.0,0.15103968091034403,3303000.0,37046000.0,0.13581106842244187,1.94,1.82,19091000,20411000,https://www.sec.gov/Archives/edgar/data/1462418/000162828015007772/0001628280-15-007772-index.html,https://www.sec.gov/Archives/edgar/data/1462418/000162828015007772/asps-9302015x10q.htm,1620588816,15:33:36,20210509
22,2015-06-30,ASPS,USD,2015-07-23 00:00:00,2015-07-23 07:00:05,Q2,268321000,181795000,86526000.0,0.32247196454992344,0.0,20680000.0,5920000.0,-324000.0,37930000.0,219725000,7195000.0,2344000.0,50940000.0,0.1898472352145378,48596000.0,0.18111142996634627,9812000.0,51244000.0,0.1909802065436548,4398000.0,45950000.0,0.17125010714778194,2.35,2.22,19571000,20669000,https://www.sec.gov/Archives/edgar/data/1462418/000162828015005394/0001628280-15-005394-index.html,https://www.sec.gov/Archives/edgar/data/1462418/000162828015005394/asps-6302015x10q.htm,1620588816,15:33:36,20210509
23,2015-03-31,ASPS,USD,2015-04-23 00:00:00,2015-04-23 07:55:34,Q1,240482000,185589000,54893000.0,0.22826240633394598,0.0,22977000.0,5353000.0,-28000.0,39643000.0,225232000,7160000.0,2422000.0,17672000.0,0.07348574945318152,15250000.0,0.06341430959489691,-3313000.0,4808000.0,0.019993180362771434,400000.0,3698000.0,0.015377450287339592,0.18332341860003967,0.17613717551798047,20172000,20995000,https://www.sec.gov/Archives/edgar/data/1462418/000162828015002875/0001628280-15-002875-index.html,https://www.sec.gov/Archives/edgar/data/1462418/000162828015002875/asps-3312015x10q.htm,1620588816,15:33:36,20210509
24,2014-12-31,ASPS,USD,2015-03-02,2015-03-02 16:02:58,Q4,255887000,199880000,56007000.0,0.21887395608217688,0.0,32896000.0,5325000.0,-1000.0,48751000.0,248631000,7323000.0,2140000.0,9396000.0,0.03671933314314522,7256000.0,0.028356266633318614,-1000.0,-28000.0,-0.00010942330012857237,878000.0,-1535000.0,-0.005998741632048521,-0.07609557802895102,-0.07609557802895102,20172000,20172000,https://www.sec.gov/Archives/edgar/data/1462418/000162828015001367/asps-12312014x10k.htm,https://www.sec.gov/Archives/edgar/data/1462418/000162828015001367/asps-12312014x10k.htm,1620588816,15:33:36,20210509
25,2014-09-30,ASPS,USD,2014-10-23 00:00:00,2014-10-23 06:21:26,Q3,287688000,200494000,87194000.0,0.3030852868385195,0.0,17128000.0,6021000.0,94000.0,34978000.0,235472000,6480000.0,2112000.0,54328000.0,0.18884346931397902,52216000.0,0.18150218292038597,94000.0,45867000.0,0.159433135897222,2752000.0,42287000.0,0.14698909930202164,1.96,1.79,21626000,23640000,https://www.sec.gov/Archives/edgar/data/1462418/000144530514004406/0001445305-14-004406-index.html,https://www.sec.gov/Archives/edgar/data/1462418/000144530514004406/asps-9302014x10q.htm,1620588816,15:33:36,20210509
26,2014-06-30,ASPS,USD,2014-07-29 00:00:00,2014-07-29 15:28:56,Q2,296072000,195110000,100962000.0,0.3410048907022616,0.0,18846000.0,7667000.0,-57000.0,38361000.0,233471000,4784000.0,1741000.0,64342000.0,0.21731876030154826,62601000.0,0.2114384338944581,394000.0,58225000.0,0.1966582452916858,3493000.0,54101000.0,0.1827292010051609,2.45,2.24,22089000,24166000,https://www.sec.gov/Archives/edgar/data/1462418/000110465914054411/0001104659-14-054411-index.html,https://www.sec.gov/Archives/edgar/data/1462418/000110465914054411/a14-13959_110q.htm,1620588816,15:33:36,20210509
27,2014-03-31,ASPS,USD,2014-04-24 00:00:00,2014-04-24 06:24:59,Q1,239269000,156794000,82475000.0,0.3446957190442556,0.0,23524000.0,0.0,35000.0,34545000.0,191339000,4776000.0,1555000.0,49485000.0,0.20681743142655337,47930000.0,0.20031847000656164,35000.0,43201000.0,0.18055410437624597,3055000.0,39631000.0,0.16563365918694023,1.76,1.61,22509000,24662000,https://www.sec.gov/Archives/edgar/data/1462418/000110465914029690/0001104659-14-029690-index.html,https://www.sec.gov/Archives/edgar/data/1462418/000110465914029690/a14-9175_110q.htm,1620588816,15:33:36,20210509
28,2013-12-31,ASPS,USD,2014-02-13,2014-02-13 07:18:58,Q4,222585000,153281000,69304000.0,0.31135970528112855,0.0,14276000.0,0.0,10000.0,24787000.0,178068000,5989000.0,1192000.0,45709000.0,0.20535525754206257,44517000.0,0.2,10000.0,38556000.0,0.1732192196239639,2313000.0,35516000.0,0.159561515825415,1.5778577457905727,1.5778577457905727,22509000,22509000,https://www.sec.gov/Archives/edgar/data/1462418/000110465914009378/a13-24850_110k.htm,https://www.sec.gov/Archives/edgar/data/1462418/000110465914009378/a13-24850_110k.htm,1620588816,15:33:36,20210509
29,2013-09-30,ASPS,USD,2013-10-24 00:00:00,2013-10-24 06:22:59,Q3,210835000,141063000,69772000.0,0.3309317712903455,0.0,14707000.0,0.0,-213000.0,24717000.0,165780000,6188000.0,1390000.0,46445000.0,0.22029074868973367,45055000.0,0.21369791543149858,-267000.0,38614000.0,0.18314795930466954,1659000.0,36008000.0,0.17078758270685607,1.56,1.42,23025000,25333000,https://www.sec.gov/Archives/edgar/data/1462418/000110465913077453/0001104659-13-077453-index.html,https://www.sec.gov/Archives/edgar/data/1462418/000110465913077453/a13-19552_110q.htm,1620588816,15:33:36,20210509
30,2013-06-30,ASPS,USD,2013-07-25 00:00:00,2013-07-25 09:57:34,Q2,186110000,123581000,62529000.0,0.33597872226102843,0.0,13124000.0,0.0,12000.0,23219000.0,146800000,4902000.0,1058000.0,40368000.0,0.21690398151630755,39310000.0,0.21121917145774005,66000.0,34485000.0,0.18529364354414057,2417000.0,30931000.0,0.16619741013379186,1.34,1.25,23161000,24823000,https://www.sec.gov/Archives/edgar/data/1462418/000110465913056515/0001104659-13-056515-index.html,https://www.sec.gov/Archives/edgar/data/1462418/000110465913056515/a13-13644_110q.htm,1620588816,15:33:36,20210509
31,2013-03-31,ASPS,USD,2013-04-25 00:00:00,2013-04-25 09:49:16,Q1,148827000,102419000,46408000.0,0.3118251392556458,0.0,11030000.0,0.0,25000.0,13223000.0,115642000,3212000.0,993000.0,34178000.0,0.2296491899991265,33185000.0,0.2229770135795252,-151000.0,30678000.0,0.20613195186357314,2151000.0,27518000.0,0.1848992454326164,1.18,1.1,23374000,25058000,https://www.sec.gov/Archives/edgar/data/1462418/000110465913032758/0001104659-13-032758-index.html,https://www.sec.gov/Archives/edgar/data/1462418/000110465913032758/a13-8096_110q.htm,1620588816,15:33:36,20210509
32,2012-12-31,ASPS,USD,2013-02-13 00:00:00,2013-02-13 10:02:03,Q4,141101000,108582000,32519000.0,0.23046612001332378,0.0,0.0,0.0,0.0,-939000.0,107643000,1171000.0,4935000.0,38393000.0,0.27209587458628925,33458000.0,0.23712092756252615,-835000.0,31599000.0,0.22394596778194342,245000.0,30293000.0,0.21469018646217958,1.2960126636433644,1.2960126636433644,23374000,23374000,https://www.sec.gov/Archives/edgar/data/1462418/000110465913009969/0001104659-13-009969-index.html,https://www.sec.gov/Archives/edgar/data/1462418/000110465913009969/a13-2839_110k.htm,1620588816,15:33:36,20210509
33,2012-09-30,ASPS,USD,2012-10-25 00:00:00,2012-10-25 09:16:35,Q3,143988000,94287000,49701000.0,0.3451745978831569,0.0,0.0,0.0,0.0,18452000.0,112739000,10000.0,5039000.0,36288000.0,0.25202100175014586,31249000.0,0.21702502986359976,-306000.0,30982000.0,0.21517070867016697,2898000.0,27024000.0,0.1876823068589049,1.16,1.08,23338000,25016000,https://www.sec.gov/Archives/edgar/data/1462418/000110465912071043/0001104659-12-071043-index.html,https://www.sec.gov/Archives/edgar/data/1462418/000110465912071043/a12-18589_110q.htm,1620588816,15:33:36,20210509
34,2012-06-30,ASPS,USD,2012-07-26 00:00:00,2012-07-26 09:01:16,Q2,144205000,92738000,51467000.0,0.3569016330917791,0.0,0.0,0.0,0.0,19018000.0,111756000,14000.0,4213000.0,36662000.0,0.2542352900384869,32449000.0,0.225019936895392,-317000.0,32128000.0,0.22279393918380083,2776000.0,28081000.0,0.1947297250442079,1.2,1.13,23316000,24846000,https://www.sec.gov/Archives/edgar/data/1462418/000110465912051223/0001104659-12-051223-index.html,https://www.sec.gov/Archives/edgar/data/1462418/000110465912051223/a12-14599_110q.htm,1620588816,15:33:36,20210509
35,2012-03-31,ASPS,USD,2012-04-26,2012-04-26 09:56:10,Q1,139066000,91760000,47306000.0,0.34016941596076683,0.0,0.0,0.0,0.0,17015000.0,108775000,15000.0,3619000.0,33910000.0,0.24384105388808192,30291000.0,0.2178174392015302,-352000.0,29940000.0,0.2152934577826356,2819000.0,25229000.0,0.1814174564595228,1.08,1.02,23381000,24844000,https://www.sec.gov/Archives/edgar/data/1462418/000119312512064465/d288172d10k.htm,https://www.sec.gov/Archives/edgar/data/1462418/000119312512064465/d288172d10k.htm,1620588816,15:33:36,20210509
36,2011-12-31,ASPS,USD,2012-02-16 00:00:00,2012-02-16 09:01:11,Q4,131956000,84464000,47492000.0,0.35990784807056897,0.0,0.0,0.0,0.0,16644000.0,101108000,18000.0,3516000.0,34364000.0,0.26042014004668224,30848000.0,0.23377489466185697,-78000.0,30757000.0,0.23308527084785838,2566000.0,25731000.0,0.19499681712085848,1.1005089602668834,1.1005089602668834,23381000,23381000,https://www.sec.gov/Archives/edgar/data/1462418/000119312512064465/0001193125-12-064465-index.html,https://www.sec.gov/Archives/edgar/data/1462418/000119312512064465/d288172d10k.htm,1620588816,15:33:36,20210509
37,2011-09-30,ASPS,USD,2011-10-27 00:00:00,2011-10-27 09:31:12,Q3,109793000,73339000,36454000.0,0.3320248103248841,0.0,0.0,0.0,0.0,15329000.0,88668000,20000.0,3399000.0,24524000.0,0.2233657883471624,21125000.0,0.19240753053473356,-305000.0,20805000.0,0.18949295492426657,1843000.0,17171000.0,0.15639430564790105,0.71,0.67,24341000,25489000,https://www.sec.gov/Archives/edgar/data/1462418/000095012311092272/0000950123-11-092272-index.html,https://www.sec.gov/Archives/edgar/data/1462418/000095012311092272/c23625e10vq.htm,1620588816,15:33:36,20210509
38,2011-06-30,ASPS,USD,2011-07-28 00:00:00,2011-07-28 09:00:49,Q2,93268000,63097000,30171000.0,0.3234871552944204,0.0,0.0,0.0,0.0,13904000.0,77001000,24000.0,3516000.0,19783000.0,0.21210919071921774,16267000.0,0.17441137367585882,277000.0,16537000.0,0.17730625723720891,1847000.0,13385000.0,0.1435111721061886,0.54,0.52,24625000,25773000,https://www.sec.gov/Archives/edgar/data/1462418/000095012311069252/0000950123-11-069252-index.html,https://www.sec.gov/Archives/edgar/data/1462418/000095012311069252/c19705e10vq.htm,1620588816,15:33:36,20210509
39,2011-03-31,ASPS,USD,2011-04-28 00:00:00,2011-04-28 15:33:40,Q1,88670000,54949000,33721000.0,0.38029773316792603,0.0,14981000.0,0.0,0.0,16254000.0,71203000,23000.0,3211000.0,20678000.0,0.23320175933235593,17467000.0,0.19698883500620276,362000.0,17811000.0,0.20086838840645088,1687000.0,14825000.0,0.1671929626705763,0.6,0.57,24845000,25928000,https://www.sec.gov/Archives/edgar/data/1462418/000095012311040888/0000950123-11-040888-index.html,https://www.sec.gov/Archives/edgar/data/1462418/000095012311040888/c16145e10vq.htm,1620588816,15:33:36,20210509
40,2010-12-31,ASPS,USD,2011-02-18,2011-02-18 14:52:41,Q4,91477000,57310000,34167000.0,0.37350372224712225,0.0,0.0,0.0,0.0,17184000.0,74494000,0.0,2945000.0,19928000.0,0.21784710910939362,16983000.0,0.1856532243077495,73000.0,17121000.0,0.18716180023393858,-2432000.0,16786000.0,0.1834996775145665,0.6756288991748843,0.6756288991748843,24845000,24845000,https://www.sec.gov/Archives/edgar/data/1462418/000095012311015633/c12905e10vk.htm,https://www.sec.gov/Archives/edgar/data/1462418/000095012311015633/c12905e10vk.htm,1620588816,15:33:36,20210509
41,2010-09-30,ASPS,USD,2010-10-28 00:00:00,2010-10-28 16:13:51,Q3,77580000,48647000,28933000.0,0.372944057746842,0.0,0.0,0.0,0.0,14996000.0,63643000,0.0,3254000.0,17191000.0,0.22159061613817993,13937000.0,0.17964681618973963,724000.0,14635000.0,0.18864398040732147,2751000.0,9832000.0,0.12673369425109565,0.39,0.37,25318000,26544000,https://www.sec.gov/Archives/edgar/data/1462418/000095012310097437/0000950123-10-097437-index.html,https://www.sec.gov/Archives/edgar/data/1462418/000095012310097437/g25018e10vq.htm,1620588816,15:33:36,20210509
42,2010-06-30,ASPS,USD,2010-07-30 00:00:00,2010-07-30 12:12:00,Q2,71348000,44064000,27284000.0,0.3824073554970006,0.0,9485000.0,0.0,0.0,12787000.0,56851000,0.0,3138000.0,17635000.0,0.2471688064136346,14497000.0,0.20318719515613612,60000.0,14537000.0,0.20374782754947582,-3107000.0,16347000.0,0.22911644334809667,0.65,0.62,25226000,26247000,https://www.sec.gov/Archives/edgar/data/1462418/000095012310070330/0000950123-10-070330-index.html,https://www.sec.gov/Archives/edgar/data/1462418/000095012310070330/g24189e10vq.htm,1620588816,15:33:36,20210509
43,2010-03-31,ASPS,USD,2010-05-14 00:00:00,2010-05-14 14:02:20,Q1,60974000,38390000,22584000.0,0.3703873782267852,0.0,0.0,0.0,0.0,13033000.0,51423000,28000.0,2712000.0,12263000.0,0.20111850952865157,9551000.0,0.1566405353101322,-53000.0,9479000.0,0.1554597041361892,2385000.0,6307000.0,0.10343753075081182,0.26,0.25,24690000,25663000,https://www.sec.gov/Archives/edgar/data/1462418/000095012310049536/0000950123-10-049536-index.html,https://www.sec.gov/Archives/edgar/data/1462418/000095012310049536/g23459e10vq.htm,1620588816,15:33:36,20210509
44,2009-12-31,ASPS,USD,2010-03-17 00:00:00,2010-03-16 19:09:51,Q4,56326000,34992000,21334000.0,0.3787593651244541,0.0,0.0,0.0,0.0,12257000.0,47249000,55000.0,1912000.0,10989000.0,0.19509640308205803,9077000.0,0.16115115577175726,-78000.0,8956000.0,0.1590029471292121,3083000.0,5873000.0,0.10426801122039556,0.23786958282705548,0.23786958282705548,24690000,24690000,https://www.sec.gov/Archives/edgar/data/1462418/000095012310025337/0000950123-10-025337-index.html,https://www.sec.gov/Archives/edgar/data/1462418/000095012310025337/g22255e10vk.htm,1620588816,15:33:36,20210509
45,2009-09-30,ASPS,USD,2009-11-12 00:00:00,2009-11-12 12:38:38,Q3,54064000,33453000,20611000.0,0.3812333530630364,0.0,0.0,0.0,0.0,11065000.0,44518000,195000.0,2061000.0,11607000.0,0.21468999704054453,9546000.0,0.17656851139390353,2737000.0,12092000.0,0.22366084640426162,3448000.0,8644000.0,0.15988458123705238,0.3594178794178794,0.3556762539604164,24050000,24303000,https://www.sec.gov/Archives/edgar/data/1462418/000095012309061603/0000950123-09-061603-index.html,https://www.sec.gov/Archives/edgar/data/1462418/000095012309061603/g21206e10vq.htm,1620588816,15:33:36,20210509
46,2009-06-30,ASPS,USD,2009-08-04 00:00:00,2009-08-04 12:55:46,Q2,49803000,30349000,19454000.0,0.39061903901371403,0.0,0.0,0.0,0.0,8673000.0,39022000,796000.0,2059000.0,12840000.0,0.2578157942292633,10781000.0,0.21647290323876073,24000.0,10009000.0,0.20097182900628477,2994000.0,7015000.0,0.14085496857619018,0.291684,0.291684,24050000,24050000,https://www.sec.gov/Archives/edgar/data/1462418/000095012309029398/0000950123-09-029398-index.html,https://www.sec.gov/Archives/edgar/data/1462418/000095012309029398/g20008e10vq.htm,1620588816,15:33:36,20210509
47,2009-03-31,ASPS,USD,2009-06-30,2009-06-30,Q2,42619000,28003000,14616000.0,0.34294563457612803,0.0,0.0,0.0,0.0,7478000.0,35481000,614000.0,2072000.0,9210000.0,0.21610080011262583,7138000.0,0.16748398601562683,-5000.0,6519000.0,0.15295994744128205,2080000.0,4439000.0,0.10415542363734484,0.184574,0.184574,24050000,24050000,https://www.sec.gov/Archives/edgar/data/1462418/000095012309018803/0000950123-09-018803-index.htm,https://www.sec.gov/Archives/edgar/data/1462418/000095012309018803/g19638e10vq.htm,1620588816,15:33:36,20210509
48,2008-12-31,ASPS,USD,2008-12-31,2008-12-31,Q4,38940000,26412000,12528000.0,0.3217257318952234,0.0,0.0,0.0,0.0,6803000.0,33215000,662000.0,2419000.0,8144000.0,0.20914227015921932,5725000.0,0.1470210580380072,-23000.0,5042000.0,0.12948125321006676,2699000.0,2343000.0,0.06016949152542373,0.09742203742203742,0.09742203742203742,24050000,24050000,,,1620588816,15:33:36,20210509
49,2008-09-30,ASPS,USD,2008-09-30,2008-09-30,Q2,38007000,28927000,9080000.0,0.23890335990738548,0.0,0.0,0.0,0.0,7142000.0,36069000,608000.0,2911000.0,4849000.0,0.12758176125450574,1938000.0,0.050990606993448574,-19000.0,1311000.0,0.03449364590733286,368000.0,943000.0,0.02481121898597627,0.04,0.04,24050000,24050000,,,1620588816,15:33:36,20210509
50,2008-06-30,ASPS,USD,2008-06-30,2008-06-30,Q2,40868000,30033000,10835000.0,0.265121855730645,0.0,0.0,0.0,0.0,6754000.0,36787000,654000.0,2631000.0,6712000.0,0.16423607712635804,4081000.0,0.09985807967113634,-4000.0,3424000.0,0.08378193207399433,961000.0,2463000.0,0.060267201722619165,0.102412,0.102412,24050000,24050000,,,1620588816,15:33:36,20210509
51,2008-03-31,ASPS,USD,2008-03-31,2008-03-31,Q2,42548000,29676000,12872000.0,0.3025289085268403,0.0,0.0,0.0,0.0,7389000.0,37065000,683000.0,2429000.0,7912000.0,0.18595468647174956,5483000.0,0.12886622167904485,11000.0,4824000.0,0.11337783209551565,1354000.0,3470000.0,0.08155494970386387,0.144283,0.144283,24050000,24050000,,,1620588816,15:33:36,20210509
