,date,symbol,reportedCurrency,fillingDate,acceptedDate,period,revenue,costOfRevenue,grossProfit,grossProfitRatio,researchAndDevelopmentExpenses,generalAndAdministrativeExpenses,sellingAndMarketingExpenses,otherExpenses,operatingExpenses,costAndExpenses,interestExpense,depreciationAndAmortization,ebitda,ebitdaratio,operatingIncome,operatingIncomeRatio,totalOtherIncomeExpensesNet,incomeBeforeTax,incomeBeforeTaxRatio,incomeTaxExpense,netIncome,netIncomeRatio,eps,epsdiluted,weightedAverageShsOut,weightedAverageShsOutDil,link,finalLink,timestamp,est_time,est_date
0,2020-12-31,E.TO,CAD,2020-12-31,2020-12-31,Q4,3883145.0,2096080.0,1787065.0,0.46021073125005635,0.0,312688.0,0.0,0.0,2444857.0,4540937.0,76263.0,2108068.0,1450276.0,0.37347974386740646,-657792.0,-0.1693967132311567,-1194278.0,-2061728.0,-0.530942831133012,-512955.0,-2137763.0,-0.5505236090849042,-0.0425719613119361,-0.0425719613119361,50215281.0,50215281.0,https://www.sedar.com/ModifyCompanyDocumentSearchForm.do?lang=EN&company_search=ENTERPRISE GROUP INC&document_selection=0&industry_group=A&FromDate=13&FromMonth=05&FromYear=2000&ToDate=13&ToMonth=11&ToYear=2020&Variable=Issuer,https://www.sedar.com/ModifyCompanyDocumentSearchForm.do?lang=EN&company_search=ENTERPRISE GROUP INC&document_selection=0&industry_group=A&FromDate=13&FromMonth=05&FromYear=2000&ToDate=13&ToMonth=11&ToYear=2020&Variable=Issuer,1620591379,16:16:19,20210509
1,2020-09-30,E.TO,CAD,2020-09-30,2020-09-30,Q3,2505840.0,2153619.0,352221.0,0.14056005171918398,0.0,340796.0,0.0,0.0,1656088.0,3809707.0,230697.0,1291809.0,-12058.0,-0.004811959263161255,-1303867.0,-0.5203313060690228,-136675.0,-1671239.0,-0.6669376336877055,-115562.0,-1555677.0,-0.6208205631644479,-0.03,-0.03,50215281.0,50215281.0,https://www.sedar.com/ModifyCompanyDocumentSearchForm.do?lang=EN&company_search=ENTERPRISE GROUP INC&document_selection=0&industry_group=A&FromDate=13&FromMonth=05&FromYear=2000&ToDate=13&ToMonth=11&ToYear=2020&Variable=Issuer,https://www.sedar.com/ModifyCompanyDocumentSearchForm.do?lang=EN&company_search=ENTERPRISE GROUP INC&document_selection=0&industry_group=A&FromDate=13&FromMonth=05&FromYear=2000&ToDate=13&ToMonth=11&ToYear=2020&Variable=Issuer,1620591379,16:16:19,20210509
2,2020-06-30,E.TO,CAD,2020-06-30,2020-06-30,Q2,2144570.0,1938516.0,206054.0,0.09608173200221956,0.0,233821.0,0.0,0.0,1602954.0,3541470.0,286639.0,1345650.0,-51250.0,-0.023897564546738973,-1396900.0,-0.6513660081041888,-16534.0,-1700073.0,-0.7927337414959642,144890.0,-1844963.0,-0.8602950708067352,-0.04,-0.04,50266874.0,50266874.0,https://www.sedar.com/ModifyCompanyDocumentSearchForm.do?lang=EN&company_search=ENTERPRISE GROUP INC&document_selection=0&industry_group=A&FromDate=13&FromMonth=05&FromYear=2000&ToDate=13&ToMonth=11&ToYear=2020&Variable=Issuer,https://www.sedar.com/ModifyCompanyDocumentSearchForm.do?lang=EN&company_search=ENTERPRISE GROUP INC&document_selection=0&industry_group=A&FromDate=13&FromMonth=05&FromYear=2000&ToDate=13&ToMonth=11&ToYear=2020&Variable=Issuer,1620591379,16:16:19,20210509
3,2020-03-31,E.TO,CAD,2020-03-31,2020-03-31,Q1,6986550.0,4137254.0,2849296.0,0.40782589403926117,0.0,542852.0,0.0,0.0,1844556.0,5981810.0,271314.0,1278400.0,2283140.0,0.32679076225032383,1004740.0,0.1438106075244577,-27568.0,705858.0,0.10103098095626596,201164.0,504694.0,0.07223794290458095,0.01,0.01,54235304.0,54235304.0,https://www.sedar.com/ModifyCompanyDocumentSearchForm.do?lang=EN&company_search=ENTERPRISE GROUP INC&document_selection=0&industry_group=A&FromDate=13&FromMonth=05&FromYear=2000&ToDate=13&ToMonth=11&ToYear=2020&Variable=Issuer,https://www.sedar.com/ModifyCompanyDocumentSearchForm.do?lang=EN&company_search=ENTERPRISE GROUP INC&document_selection=0&industry_group=A&FromDate=13&FromMonth=05&FromYear=2000&ToDate=13&ToMonth=11&ToYear=2020&Variable=Issuer,1620591379,16:16:19,20210509
4,2019-12-31,E.TO,CAD,2019-12-31,2019-12-31,Q4,5349256.0,3792599.0,1556657.0,0.2910043938820651,0.0,524209.0,0.0,0.0,1847852.0,5640451.0,227036.0,1300339.0,1009144.0,0.18865128159878683,-291195.0,-0.05443654220325219,-730130.0,-1278210.0,-0.23895098682882254,-81136.0,-1197074.0,-0.22378327004727386,-0.023838839017947543,-0.023838839017947543,50215281.0,50215281.0,https://www.sedar.com/ModifyCompanyDocumentSearchForm.do?lang=EN&company_search=ENTERPRISE GROUP INC&document_selection=0&industry_group=A&FromDate=13&FromMonth=05&FromYear=2000&ToDate=13&ToMonth=11&ToYear=2020&Variable=Issuer,https://www.sedar.com/ModifyCompanyDocumentSearchForm.do?lang=EN&company_search=ENTERPRISE GROUP INC&document_selection=0&industry_group=A&FromDate=13&FromMonth=05&FromYear=2000&ToDate=13&ToMonth=11&ToYear=2020&Variable=Issuer,1620591379,16:16:19,20210509
5,2019-09-30,E.TO,CAD,2019-09-30,2019-09-30,Q3,3830847.0,3478804.0,352043.0,0.09189690948241995,0.0,884426.0,0.0,0.0,2398235.0,5877039.0,178441.0,1491543.0,-554649.0,-0.14478495225729454,-2046192.0,-0.5341356624266121,-45477.0,-2297554.0,-0.5997509167032774,0.0,-2297554.0,-0.5997509167032774,-0.04,-0.04,54730643.0,54730643.0,https://www.sedar.com/ModifyCompanyDocumentSearchForm.do?lang=EN&company_search=ENTERPRISE GROUP INC&document_selection=0&industry_group=A&FromDate=13&FromMonth=05&FromYear=2000&ToDate=13&ToMonth=11&ToYear=2020&Variable=Issuer,https://www.sedar.com/ModifyCompanyDocumentSearchForm.do?lang=EN&company_search=ENTERPRISE GROUP INC&document_selection=0&industry_group=A&FromDate=13&FromMonth=05&FromYear=2000&ToDate=13&ToMonth=11&ToYear=2020&Variable=Issuer,1620591379,16:16:19,20210509
6,2019-06-30,E.TO,CAD,2019-06-30,2019-06-30,Q2,3192272.0,3127478.0,64794.0,0.020297142599377496,0.0,646932.0,0.0,0.0,2147791.0,5275269.0,219266.0,1481227.0,-601770.0,-0.18850837272011908,-2082997.0,-0.6525123798974524,68203.0,-2234060.0,-0.6998338487447185,0.0,-2234060.0,-0.6998338487447185,-0.04,-0.04,55075125.0,55075125.0,https://www.sedar.com/ModifyCompanyDocumentSearchForm.do?lang=EN&company_search=ENTERPRISE GROUP INC&document_selection=0&industry_group=A&FromDate=13&FromMonth=05&FromYear=2000&ToDate=13&ToMonth=11&ToYear=2020&Variable=Issuer,https://www.sedar.com/ModifyCompanyDocumentSearchForm.do?lang=EN&company_search=ENTERPRISE GROUP INC&document_selection=0&industry_group=A&FromDate=13&FromMonth=05&FromYear=2000&ToDate=13&ToMonth=11&ToYear=2020&Variable=Issuer,1620591379,16:16:19,20210509
7,2019-03-31,E.TO,CAD,2019-03-31,2019-03-31,Q1,7149422.0,4077944.0,3071478.0,0.4296120721367406,0.0,509673.0,0.0,0.0,2018064.0,6096008.0,184167.0,1489915.0,2543329.0,0.35573910730126157,1053414.0,0.14734254041795267,-187628.0,692986.0,0.09692895453646462,0.0,692986.0,0.09692895453646462,0.01,0.01,55245420.0,55245420.0,https://www.sedar.com/ModifyCompanyDocumentSearchForm.do?lang=EN&company_search=ENTERPRISE GROUP INC&document_selection=0&industry_group=A&FromDate=13&FromMonth=05&FromYear=2000&ToDate=13&ToMonth=11&ToYear=2020&Variable=Issuer,https://www.sedar.com/ModifyCompanyDocumentSearchForm.do?lang=EN&company_search=ENTERPRISE GROUP INC&document_selection=0&industry_group=A&FromDate=13&FromMonth=05&FromYear=2000&ToDate=13&ToMonth=11&ToYear=2020&Variable=Issuer,1620591379,16:16:19,20210509
8,2018-12-31,E.TO,CAD,2018-12-31,2018-12-31,Q4,5581767.0,4099931.0,1481836.0,0.2654779391543932,0.0,731569.0,0.0,-6019.0,2252678.0,6352609.0,-222843.0,1427761.0,656919.0,0.11769015080708313,-770842.0,-0.13809999593318747,-4422794.0,-4970793.0,-0.8905411135935986,-329628.0,-4567789.0,-0.8183410378828067,-0.09096412305250268,-0.09096412305250268,50215281.0,50215281.0,https://www.sedar.com/ModifyCompanyDocumentSearchForm.do?lang=EN&company_search=ENTERPRISE GROUP INC&document_selection=0&industry_group=A&FromDate=13&FromMonth=05&FromYear=2000&ToDate=13&ToMonth=11&ToYear=2020&Variable=Issuer,https://www.sedar.com/ModifyCompanyDocumentSearchForm.do?lang=EN&company_search=ENTERPRISE GROUP INC&document_selection=0&industry_group=A&FromDate=13&FromMonth=05&FromYear=2000&ToDate=13&ToMonth=11&ToYear=2020&Variable=Issuer,1620591379,16:16:19,20210509
9,2018-09-30,E.TO,CAD,2018-09-30,2018-09-30,Q3,4846989.0,4253916.0,593073.0,0.1223590563131049,0.0,550871.0,0.0,-14744.0,1948327.0,6202243.0,184035.0,1304108.0,-51146.0,-0.010552118026263315,-1355254.0,-0.2796074016260404,17586.0,-1521703.0,-0.3139481026261871,-444466.0,-1100220.0,-0.22699040579625826,-0.02,-0.02,55167591.0,55167591.0,https://www.sedar.com/ModifyCompanyDocumentSearchForm.do?lang=EN&company_search=ENTERPRISE GROUP INC&document_selection=0&industry_group=A&FromDate=13&FromMonth=05&FromYear=2000&ToDate=13&ToMonth=11&ToYear=2020&Variable=Issuer,https://www.sedar.com/ModifyCompanyDocumentSearchForm.do?lang=EN&company_search=ENTERPRISE GROUP INC&document_selection=0&industry_group=A&FromDate=13&FromMonth=05&FromYear=2000&ToDate=13&ToMonth=11&ToYear=2020&Variable=Issuer,1620591379,16:16:19,20210509
10,2018-06-30,E.TO,CAD,2018-06-30,2018-06-30,Q2,3240620.0,4552734.0,-1312114.0,-0.40489597669581745,0.0,871647.0,0.0,-9414.0,2254317.0,6807051.0,211950.0,1289322.0,-2277109.0,-0.702676956878622,-3566431.0,-1.1005397115366813,-141993.0,-3920374.0,-1.209760477933235,-1058823.0,-3334737.0,-1.0290428991983016,-0.06,-0.06,55289847.0,55289847.0,https://www.sedar.com/ModifyCompanyDocumentSearchForm.do?lang=EN&company_search=ENTERPRISE GROUP INC&document_selection=0&industry_group=A&FromDate=13&FromMonth=05&FromYear=2000&ToDate=13&ToMonth=11&ToYear=2020&Variable=Issuer,https://www.sedar.com/ModifyCompanyDocumentSearchForm.do?lang=EN&company_search=ENTERPRISE GROUP INC&document_selection=0&industry_group=A&FromDate=13&FromMonth=05&FromYear=2000&ToDate=13&ToMonth=11&ToYear=2020&Variable=Issuer,1620591379,16:16:19,20210509
11,2018-03-31,E.TO,CAD,2018-03-31,2018-03-31,Q1,6810906.0,4684746.0,2126160.0,0.31216992276798416,0.0,638147.0,0.0,631.0,1988253.0,6672999.0,264114.0,1256758.0,1394665.0,0.20476938016763116,137907.0,0.020247967010556304,416823.0,290616.0,0.04266921317075878,76834.0,3190242.0,0.4684020011434602,0.05754476692863423,0.05667680660405616,55439307.0,56288316.0,https://www.sedar.com/ModifyCompanyDocumentSearchForm.do?lang=EN&company_search=ENTERPRISE GROUP INC&document_selection=0&industry_group=A&FromDate=13&FromMonth=05&FromYear=2000&ToDate=13&ToMonth=11&ToYear=2020&Variable=Issuer,https://www.sedar.com/ModifyCompanyDocumentSearchForm.do?lang=EN&company_search=ENTERPRISE GROUP INC&document_selection=0&industry_group=A&FromDate=13&FromMonth=05&FromYear=2000&ToDate=13&ToMonth=11&ToYear=2020&Variable=Issuer,1620591379,16:16:19,20210509
12,2017-12-31,E.TO,CAD,2017-12-31,2017-12-31,Q4,10687760.0,7817058.0,2870702.0,0.2685971616129105,0.0,530174.0,0.0,0.0,2021234.0,9838292.0,430216.0,1410386.0,2259854.0,0.21144318360442224,849468.0,0.07948045240536838,181146.0,666329.0,0.06234505640096709,278010.0,372957.0,0.03489571247857362,0.007427161465052839,0.007427161465052839,50215281.0,50215281.0,https://www.sedar.com/ModifyCompanyDocumentSearchForm.do?lang=EN&company_search=ENTERPRISE GROUP INC&document_selection=0&industry_group=A&FromDate=13&FromMonth=05&FromYear=2000&ToDate=13&ToMonth=11&ToYear=2020&Variable=Issuer,https://www.sedar.com/ModifyCompanyDocumentSearchForm.do?lang=EN&company_search=ENTERPRISE GROUP INC&document_selection=0&industry_group=A&FromDate=13&FromMonth=05&FromYear=2000&ToDate=13&ToMonth=11&ToYear=2020&Variable=Issuer,1620591379,16:16:19,20210509
13,2017-09-30,E.TO,CAD,2017-09-30,2017-09-30,Q3,11039666.0,7855616.0,3184050.0,0.28841905180827027,0.0,496980.0,0.0,0.0,1950811.0,9806427.0,407334.0,1377788.0,2611027.0,0.23651322422254442,1233239.0,0.11170981078594226,-412862.0,413043.0,0.03741444713997688,58543.0,328933.0,0.02979555722066229,0.01,0.01,55652374.0,55652374.0,https://www.sedar.com/ModifyCompanyDocumentSearchForm.do?lang=EN&company_search=ENTERPRISE GROUP INC&document_selection=0&industry_group=A&FromDate=13&FromMonth=05&FromYear=2000&ToDate=13&ToMonth=11&ToYear=2020&Variable=Issuer,https://www.sedar.com/ModifyCompanyDocumentSearchForm.do?lang=EN&company_search=ENTERPRISE GROUP INC&document_selection=0&industry_group=A&FromDate=13&FromMonth=05&FromYear=2000&ToDate=13&ToMonth=11&ToYear=2020&Variable=Issuer,1620591379,16:16:19,20210509
14,2017-06-30,E.TO,CAD,2017-06-30,2017-06-30,Q2,7071643.0,6228343.0,843300.0,0.11925092938090907,0.0,684482.0,0.0,0.0,2242661.0,8471004.0,485909.0,1484428.0,85067.0,0.0120293120000543,-1399361.0,-0.19788343387809593,-203254.0,-2088524.0,-0.29533787268390105,-501570.0,-1587305.0,-0.22446056736744205,-0.03,-0.03,55652374.0,55652374.0,https://www.sedar.com/ModifyCompanyDocumentSearchForm.do?lang=EN&company_search=ENTERPRISE GROUP INC&document_selection=0&industry_group=A&FromDate=13&FromMonth=05&FromYear=2000&ToDate=13&ToMonth=11&ToYear=2020&Variable=Issuer,https://www.sedar.com/ModifyCompanyDocumentSearchForm.do?lang=EN&company_search=ENTERPRISE GROUP INC&document_selection=0&industry_group=A&FromDate=13&FromMonth=05&FromYear=2000&ToDate=13&ToMonth=11&ToYear=2020&Variable=Issuer,1620591379,16:16:19,20210509
15,2017-03-31,E.TO,CAD,2017-03-31,2017-03-31,Q1,8878049.0,6137858.0,2740191.0,0.30864787973123375,0.0,847881.0,0.0,0.0,2315768.0,8453626.0,337739.0,1394136.0,1818559.0,0.20483768449577153,424423.0,0.047805886180623695,-135439.0,-48755.0,-0.005491634479602444,-16001.0,-32754.0,-0.0036893240846046244,-0.000589,-0.000589,55652374.0,55652374.0,https://www.sedar.com/ModifyCompanyDocumentSearchForm.do?lang=EN&company_search=ENTERPRISE GROUP INC&document_selection=0&industry_group=A&FromDate=13&FromMonth=05&FromYear=2000&ToDate=13&ToMonth=11&ToYear=2020&Variable=Issuer,https://www.sedar.com/ModifyCompanyDocumentSearchForm.do?lang=EN&company_search=ENTERPRISE GROUP INC&document_selection=0&industry_group=A&FromDate=13&FromMonth=05&FromYear=2000&ToDate=13&ToMonth=11&ToYear=2020&Variable=Issuer,1620591379,16:16:19,20210509
16,2016-12-31,E.TO,CAD,2016-12-31,2016-12-31,Q4,8326646.0,5911169.0,2415477.0,0.29009003144843676,0.0,559975.0,0.0,0.0,2113355.0,8024524.0,564501.0,1479629.0,1781751.0,0.21398183614386873,302122.0,0.03628375698930878,-8049318.0,-8311697.0,-0.9982046792910375,-263772.0,-9920464.0,-1.191411764112465,-0.19755866745025286,-0.19755866745025286,50215281.0,50215281.0,https://www.sedar.com/ModifyCompanyDocumentSearchForm.do?lang=EN&company_search=ENTERPRISE GROUP INC&document_selection=0&industry_group=A&FromDate=13&FromMonth=05&FromYear=2000&ToDate=13&ToMonth=11&ToYear=2020&Variable=Issuer,https://www.sedar.com/ModifyCompanyDocumentSearchForm.do?lang=EN&company_search=ENTERPRISE GROUP INC&document_selection=0&industry_group=A&FromDate=13&FromMonth=05&FromYear=2000&ToDate=13&ToMonth=11&ToYear=2020&Variable=Issuer,1620591379,16:16:19,20210509
17,2016-09-30,E.TO,CAD,2016-09-30,2016-09-30,Q3,6551285.0,5092524.0,1458761.0,0.22266791934712046,0.0,1588642.0,0.0,0.0,3220137.0,8312661.0,649715.0,1557744.0,-203632.0,-0.03108275704689996,-1761376.0,-0.26885962066983804,9556.0,-2401535.0,-0.3665746490955591,-804416.0,581816.0,0.08880944730690239,0.01,0.01,55652443.0,55652443.0,https://www.sedar.com/ModifyCompanyDocumentSearchForm.do?lang=EN&company_search=ENTERPRISE GROUP INC&document_selection=0&industry_group=A&FromDate=13&FromMonth=05&FromYear=2000&ToDate=13&ToMonth=11&ToYear=2020&Variable=Issuer,https://www.sedar.com/ModifyCompanyDocumentSearchForm.do?lang=EN&company_search=ENTERPRISE GROUP INC&document_selection=0&industry_group=A&FromDate=13&FromMonth=05&FromYear=2000&ToDate=13&ToMonth=11&ToYear=2020&Variable=Issuer,1620591379,16:16:19,20210509
18,2016-06-30,E.TO,CAD,2016-06-30,2016-06-30,Q2,8405193.0,8282455.0,122738.0,0.01460263910656186,0.0,770740.0,0.0,0.0,3001900.0,11284355.0,733221.0,2121034.0,-758128.0,-0.0901975719058444,-2879162.0,-0.3425456143600748,92210.0,-3520173.0,-0.4188093003932212,-1120408.0,-2399765.0,-0.28550980328470743,-0.04,-0.04,55652374.0,55652374.0,https://www.sedar.com/ModifyCompanyDocumentSearchForm.do?lang=EN&company_search=ENTERPRISE GROUP INC&document_selection=0&industry_group=A&FromDate=13&FromMonth=05&FromYear=2000&ToDate=13&ToMonth=11&ToYear=2020&Variable=Issuer,https://www.sedar.com/ModifyCompanyDocumentSearchForm.do?lang=EN&company_search=ENTERPRISE GROUP INC&document_selection=0&industry_group=A&FromDate=13&FromMonth=05&FromYear=2000&ToDate=13&ToMonth=11&ToYear=2020&Variable=Issuer,1620591379,16:16:19,20210509
19,2016-03-31,E.TO,CAD,2016-03-31,2016-03-31,Q1,11436212.0,8601159.0,2835053.0,0.24790140301701297,0.0,1446557.0,0.0,0.0,3668518.0,12269677.0,470948.0,2112148.0,1278683.0,0.1118100119165332,-833465.0,-0.07287946393438667,-840752.0,-2145165.0,-0.1875765332087233,-718543.0,-1426622.0,-0.1247460260442881,-0.03,-0.03,55652374.0,55652374.0,https://www.sedar.com/ModifyCompanyDocumentSearchForm.do?lang=EN&company_search=ENTERPRISE GROUP INC&document_selection=0&industry_group=A&FromDate=13&FromMonth=05&FromYear=2000&ToDate=13&ToMonth=11&ToYear=2020&Variable=Issuer,https://www.sedar.com/ModifyCompanyDocumentSearchForm.do?lang=EN&company_search=ENTERPRISE GROUP INC&document_selection=0&industry_group=A&FromDate=13&FromMonth=05&FromYear=2000&ToDate=13&ToMonth=11&ToYear=2020&Variable=Issuer,1620591379,16:16:19,20210509
20,2015-12-31,E.TO,CAD,2015-12-31,2015-12-31,Q4,13301900.0,12247561.0,1054339.0,0.07926228583886512,0.0,1895186.0,0.0,0.0,4408540.0,16656101.0,765292.0,2330079.0,-1024122.0,-0.07699065547027116,-3354201.0,-0.2521595411181861,-17111958.0,-21231451.0,-1.5961216818649968,-2823160.0,-18408291.0,-1.3838843323134289,-0.3665874338132251,-0.3665874338132251,50215281.0,50215281.0,https://www.sedar.com/ModifyCompanyDocumentSearchForm.do?lang=EN&company_search=ENTERPRISE GROUP INC&document_selection=0&industry_group=A&FromDate=13&FromMonth=05&FromYear=2000&ToDate=13&ToMonth=11&ToYear=2020&Variable=Issuer,https://www.sedar.com/ModifyCompanyDocumentSearchForm.do?lang=EN&company_search=ENTERPRISE GROUP INC&document_selection=0&industry_group=A&FromDate=13&FromMonth=05&FromYear=2000&ToDate=13&ToMonth=11&ToYear=2020&Variable=Issuer,1620591379,16:16:19,20210509
21,2015-09-30,E.TO,CAD,2015-09-30,2015-09-30,Q3,14686109.0,11289330.0,3396779.0,0.23129196439982844,0.0,1197798.0,0.0,0.0,3375150.0,14664480.0,757774.0,2011475.0,2033104.0,0.13843721301537393,21629.0,0.001472752244995594,-44215.0,-780360.0,-0.05313592592837218,-177596.0,-602764.0,-0.04104313811098637,-0.01,-0.01,49468943.0,49468943.0,https://www.sedar.com/ModifyCompanyDocumentSearchForm.do?lang=EN&company_search=ENTERPRISE GROUP INC&document_selection=0&industry_group=A&FromDate=13&FromMonth=05&FromYear=2000&ToDate=13&ToMonth=11&ToYear=2020&Variable=Issuer,https://www.sedar.com/ModifyCompanyDocumentSearchForm.do?lang=EN&company_search=ENTERPRISE GROUP INC&document_selection=0&industry_group=A&FromDate=13&FromMonth=05&FromYear=2000&ToDate=13&ToMonth=11&ToYear=2020&Variable=Issuer,1620591379,16:16:19,20210509
22,2015-06-30,E.TO,CAD,2015-06-30,2015-06-30,Q2,12439554.0,10467323.0,1972231.0,0.15854515362849825,0.0,1311655.0,0.0,0.0,3621502.0,14088825.0,790683.0,2120059.0,470788.0,0.03784605139380399,-1649271.0,-0.13258280803314973,-24513.0,-2464467.0,-0.19811538259329875,-675796.0,-1788671.0,-0.14378899757981678,-0.04,-0.04,48802276.0,48802276.0,https://www.sedar.com/ModifyCompanyDocumentSearchForm.do?lang=EN&company_search=ENTERPRISE GROUP INC&document_selection=0&industry_group=A&FromDate=13&FromMonth=05&FromYear=2000&ToDate=13&ToMonth=11&ToYear=2020&Variable=Issuer,https://www.sedar.com/ModifyCompanyDocumentSearchForm.do?lang=EN&company_search=ENTERPRISE GROUP INC&document_selection=0&industry_group=A&FromDate=13&FromMonth=05&FromYear=2000&ToDate=13&ToMonth=11&ToYear=2020&Variable=Issuer,1620591379,16:16:19,20210509
23,2015-03-31,E.TO,CAD,2015-03-31,2015-03-31,Q1,20195634.0,14577077.0,5618557.0,0.27820651730963236,0.0,1658916.0,0.0,0.0,3972222.0,18549299.0,903577.0,2122905.0,3769240.0,0.18663637893219892,1646335.0,0.08151935215304457,-53075.0,689683.0,0.034150103928403536,194700.0,494983.0,0.024509406340003984,0.010146,0.010143,48787968.0,48800089.0,https://www.sedar.com/ModifyCompanyDocumentSearchForm.do?lang=EN&company_search=ENTERPRISE GROUP INC&document_selection=0&industry_group=A&FromDate=13&FromMonth=05&FromYear=2000&ToDate=13&ToMonth=11&ToYear=2020&Variable=Issuer,https://www.sedar.com/ModifyCompanyDocumentSearchForm.do?lang=EN&company_search=ENTERPRISE GROUP INC&document_selection=0&industry_group=A&FromDate=13&FromMonth=05&FromYear=2000&ToDate=13&ToMonth=11&ToYear=2020&Variable=Issuer,1620591379,16:16:19,20210509
24,2014-12-31,E.TO,CAD,2014-12-31,2014-12-31,Q4,25667320.0,16064675.0,9602645.0,0.37411950293213314,0.0,3686715.0,0.0,0.0,6056770.0,22121445.0,1191016.0,2183740.0,5729615.0,0.22322607112857906,3545875.0,0.13814745754523652,120888.0,2475747.0,0.09645522010089094,2939209.0,-463462.0,-0.01805650141892492,-0.009229501274721533,-0.009229501274721533,50215281.0,50215281.0,https://www.sedar.com/ModifyCompanyDocumentSearchForm.do?lang=EN&company_search=ENTERPRISE GROUP INC&document_selection=0&industry_group=A&FromDate=13&FromMonth=05&FromYear=2000&ToDate=13&ToMonth=11&ToYear=2020&Variable=Issuer,https://www.sedar.com/ModifyCompanyDocumentSearchForm.do?lang=EN&company_search=ENTERPRISE GROUP INC&document_selection=0&industry_group=A&FromDate=13&FromMonth=05&FromYear=2000&ToDate=13&ToMonth=11&ToYear=2020&Variable=Issuer,1620591379,16:16:19,20210509
25,2014-09-30,E.TO,CAD,2014-09-30,2014-09-30,Q3,18785208.0,11850910.0,6934298.0,0.3691360777053946,0.0,3171102.0,0.0,0.0,4865059.0,16715969.0,659823.0,1568955.0,3638194.0,0.19367334128001137,2069239.0,0.11015257323741105,480921.0,1890337.0,0.10062901619188885,352250.0,1538087.0,0.08187756025911451,0.031713901039297304,0.031128337811843324,48498827.0,49411151.0,https://www.sedar.com/ModifyCompanyDocumentSearchForm.do?lang=EN&company_search=ENTERPRISE GROUP INC&document_selection=0&industry_group=A&FromDate=13&FromMonth=05&FromYear=2000&ToDate=13&ToMonth=11&ToYear=2020&Variable=Issuer,https://www.sedar.com/ModifyCompanyDocumentSearchForm.do?lang=EN&company_search=ENTERPRISE GROUP INC&document_selection=0&industry_group=A&FromDate=13&FromMonth=05&FromYear=2000&ToDate=13&ToMonth=11&ToYear=2020&Variable=Issuer,1620591379,16:16:19,20210509
26,2014-06-30,E.TO,CAD,2014-06-30,2014-06-30,Q2,14069617.0,8543550.0,5526067.0,0.3927659864515146,0.0,3557999.0,0.0,0.0,5205177.0,13748727.0,631987.0,1474607.0,1795497.0,0.12761520089708198,320890.0,0.022807301719726985,350962.0,39865.0,0.0028334104617062424,-290094.0,329959.0,0.023451882165662363,0.006823526073782153,0.006693908036306832,48356084.0,49292431.0,https://www.sedar.com/ModifyCompanyDocumentSearchForm.do?lang=EN&company_search=ENTERPRISE GROUP INC&document_selection=0&industry_group=A&FromDate=13&FromMonth=05&FromYear=2000&ToDate=13&ToMonth=11&ToYear=2020&Variable=Issuer,https://www.sedar.com/ModifyCompanyDocumentSearchForm.do?lang=EN&company_search=ENTERPRISE GROUP INC&document_selection=0&industry_group=A&FromDate=13&FromMonth=05&FromYear=2000&ToDate=13&ToMonth=11&ToYear=2020&Variable=Issuer,1620591379,16:16:19,20210509
27,2014-03-31,E.TO,CAD,2014-03-31,2014-03-31,Q1,21107305.0,10577870.0,10529435.0,0.4988526484077432,0.0,3400856.0,0.0,0.0,4838126.0,15415996.0,570943.0,1312268.0,7003577.0,0.3318082057373028,5691309.0,0.26963693375350384,-461871.0,4658495.0,0.22070534348179457,331682.0,4326813.0,0.2049912577659725,0.11377653281126221,0.11108769904351078,38029046.0,38949524.0,https://www.sedar.com/ModifyCompanyDocumentSearchForm.do?lang=EN&company_search=ENTERPRISE GROUP INC&document_selection=0&industry_group=A&FromDate=13&FromMonth=05&FromYear=2000&ToDate=13&ToMonth=11&ToYear=2020&Variable=Issuer,https://www.sedar.com/ModifyCompanyDocumentSearchForm.do?lang=EN&company_search=ENTERPRISE GROUP INC&document_selection=0&industry_group=A&FromDate=13&FromMonth=05&FromYear=2000&ToDate=13&ToMonth=11&ToYear=2020&Variable=Issuer,1620591379,16:16:19,20210509
28,2013-12-31,E.TO,CAD,2013-12-31,2013-12-31,Q4,11111993.0,6995922.0,4116071.0,0.3704169900035034,0.0,1748131.0,0.0,0.0,2581407.0,9577329.0,649390.0,694599.0,2229263.0,0.20061774696942303,1534664.0,0.13810879830467856,-370272.0,515002.0,0.046346501478177676,304672.0,210330.0,0.018928197668951017,0.00418856562806051,0.00418856562806051,50215281.0,50215281.0,https://www.sedar.com/ModifyCompanyDocumentSearchForm.do?lang=EN&company_search=ENTERPRISE GROUP INC&document_selection=0&industry_group=A&FromDate=13&FromMonth=05&FromYear=2000&ToDate=13&ToMonth=11&ToYear=2020&Variable=Issuer,https://www.sedar.com/ModifyCompanyDocumentSearchForm.do?lang=EN&company_search=ENTERPRISE GROUP INC&document_selection=0&industry_group=A&FromDate=13&FromMonth=05&FromYear=2000&ToDate=13&ToMonth=11&ToYear=2020&Variable=Issuer,1620591379,16:16:19,20210509
29,2013-09-30,E.TO,CAD,2013-09-30,2013-09-30,Q3,10002040.0,5679616.0,4322424.0,0.4321542405349309,0.0,1967130.0,0.0,0.0,2681124.0,8360740.0,275202.0,644143.0,2285443.0,0.22849768647195973,1641300.0,0.16409652430904095,1515926.0,2882024.0,0.28814361870178484,-1066113.0,3948137.0,0.3947331744324158,0.14364754597889967,0.13826495549059523,27484890.0,28554864.0,https://www.sedar.com/ModifyCompanyDocumentSearchForm.do?lang=EN&company_search=ENTERPRISE GROUP INC&document_selection=0&industry_group=A&FromDate=13&FromMonth=05&FromYear=2000&ToDate=13&ToMonth=11&ToYear=2020&Variable=Issuer,https://www.sedar.com/ModifyCompanyDocumentSearchForm.do?lang=EN&company_search=ENTERPRISE GROUP INC&document_selection=0&industry_group=A&FromDate=13&FromMonth=05&FromYear=2000&ToDate=13&ToMonth=11&ToYear=2020&Variable=Issuer,1620591379,16:16:19,20210509
30,2013-06-30,E.TO,CAD,2013-06-30,2013-06-30,Q2,4825639.0,3156981.0,1668658.0,0.3457900601350412,0.0,2374076.0,0.0,0.0,2971658.0,6128639.0,217851.0,542081.0,-760919.0,-0.15768253696557077,-1303000.0,-0.2700160538324562,-22073.0,-1542924.0,-0.3197346506856398,0.0,-1542924.0,-0.3197346506856398,-0.06,-0.06,22721237.0,22721237.0,https://www.sedar.com/ModifyCompanyDocumentSearchForm.do?lang=EN&company_search=ENTERPRISE GROUP INC&document_selection=0&industry_group=A&FromDate=13&FromMonth=05&FromYear=2000&ToDate=13&ToMonth=11&ToYear=2020&Variable=Issuer,https://www.sedar.com/ModifyCompanyDocumentSearchForm.do?lang=EN&company_search=ENTERPRISE GROUP INC&document_selection=0&industry_group=A&FromDate=13&FromMonth=05&FromYear=2000&ToDate=13&ToMonth=11&ToYear=2020&Variable=Issuer,1620591379,16:16:19,20210509
31,2013-03-31,E.TO,CAD,2013-03-31,2013-03-31,Q1,8904381.0,3702411.0,5201970.0,0.5842034387342591,0.0,1303760.0,0.0,0.0,1841512.0,5543923.0,183568.0,476262.0,3836720.0,0.43088003534439956,3360458.0,0.37739377953391706,-10008.0,3166882.0,0.3556543683384617,0.0,3166882.0,0.3556543683384617,0.15957249706100043,0.15354690319944614,19846039.0,20624851.0,https://www.sedar.com/ModifyCompanyDocumentSearchForm.do?lang=EN&company_search=ENTERPRISE GROUP INC&document_selection=0&industry_group=A&FromDate=13&FromMonth=05&FromYear=2000&ToDate=13&ToMonth=11&ToYear=2020&Variable=Issuer,https://www.sedar.com/ModifyCompanyDocumentSearchForm.do?lang=EN&company_search=ENTERPRISE GROUP INC&document_selection=0&industry_group=A&FromDate=13&FromMonth=05&FromYear=2000&ToDate=13&ToMonth=11&ToYear=2020&Variable=Issuer,1620591379,16:16:19,20210509
32,2012-12-31,E.TO,CAD,2012-12-31,2012-12-31,Q4,6647630.0,3251774.0,3395856.0,0.5108370953257025,0.0,1122945.0,0.0,0.0,1611118.0,4862892.0,104739.0,432286.0,2217024.0,0.33350592617218466,1784738.0,0.26847733703590604,-196915.0,1483084.0,0.2230996610822203,-349666.0,1832750.0,0.2756997606665834,0.03649785410938953,0.03649785410938953,50215281.0,50215281.0,https://www.sedar.com/ModifyCompanyDocumentSearchForm.do?lang=EN&company_search=ENTERPRISE GROUP INC&document_selection=0&industry_group=A&FromDate=13&FromMonth=05&FromYear=2000&ToDate=13&ToMonth=11&ToYear=2020&Variable=Issuer,https://www.sedar.com/ModifyCompanyDocumentSearchForm.do?lang=EN&company_search=ENTERPRISE GROUP INC&document_selection=0&industry_group=A&FromDate=13&FromMonth=05&FromYear=2000&ToDate=13&ToMonth=11&ToYear=2020&Variable=Issuer,1620591379,16:16:19,20210509
33,2012-09-30,E.TO,CAD,2012-09-30,2012-09-30,Q3,4333529.0,2761877.0,1571652.0,0.36267254701653084,0.0,711348.0,0.0,0.0,1077397.0,3839274.0,135426.0,329674.0,823929.0,0.19012887648842317,494255.0,0.11405369619079507,-288478.0,70351.0,0.016234113121199836,0.0,70351.0,0.016234113121199836,0.0038293575441816392,0.0036098482238182865,18371489.0,19488631.0,https://www.sedar.com/ModifyCompanyDocumentSearchForm.do?lang=EN&company_search=ENTERPRISE GROUP INC&document_selection=0&industry_group=A&FromDate=13&FromMonth=05&FromYear=2000&ToDate=13&ToMonth=11&ToYear=2020&Variable=Issuer,https://www.sedar.com/ModifyCompanyDocumentSearchForm.do?lang=EN&company_search=ENTERPRISE GROUP INC&document_selection=0&industry_group=A&FromDate=13&FromMonth=05&FromYear=2000&ToDate=13&ToMonth=11&ToYear=2020&Variable=Issuer,1620591379,16:16:19,20210509
34,2012-06-30,E.TO,CAD,2012-06-30,2012-06-30,Q2,3891514.0,2422958.0,1468556.0,0.37737394751759856,0.0,796378.0,0.0,0.0,1102308.0,3525266.0,0.0,269555.0,635803.0,0.1633819125409802,366248.0,0.09411452714804572,30281.0,416776.0,0.10709867676179502,0.0,416776.0,0.10709867676179502,0.022830101995848166,0.02255674907786943,18255547.0,18476776.0,https://www.sedar.com/ModifyCompanyDocumentSearchForm.do?lang=EN&company_search=ENTERPRISE GROUP INC&document_selection=0&industry_group=A&FromDate=13&FromMonth=05&FromYear=2000&ToDate=13&ToMonth=11&ToYear=2020&Variable=Issuer,https://www.sedar.com/ModifyCompanyDocumentSearchForm.do?lang=EN&company_search=ENTERPRISE GROUP INC&document_selection=0&industry_group=A&FromDate=13&FromMonth=05&FromYear=2000&ToDate=13&ToMonth=11&ToYear=2020&Variable=Issuer,1620591379,16:16:19,20210509
35,2012-03-31,E.TO,CAD,2012-03-31,2012-03-31,Q1,3631355.0,2405223.0,1226132.0,0.33765137255927885,0.0,697771.0,0.0,0.0,1002030.0,3407253.0,67733.0,267884.0,491986.0,0.13548276056733644,224102.0,0.061713052015019185,12338.0,168707.0,0.046458415660270064,0.0,168707.0,0.046458415660270064,0.009241410295730937,0.009119542785530118,18255547.0,18499502.0,https://www.sedar.com/ModifyCompanyDocumentSearchForm.do?lang=EN&company_search=ENTERPRISE GROUP INC&document_selection=0&industry_group=A&FromDate=13&FromMonth=05&FromYear=2000&ToDate=13&ToMonth=11&ToYear=2020&Variable=Issuer,https://www.sedar.com/ModifyCompanyDocumentSearchForm.do?lang=EN&company_search=ENTERPRISE GROUP INC&document_selection=0&industry_group=A&FromDate=13&FromMonth=05&FromYear=2000&ToDate=13&ToMonth=11&ToYear=2020&Variable=Issuer,1620591379,16:16:19,20210509
36,2011-12-31,E.TO,CAD,2011-12-31,2011-12-31,Q4,6225300.0,4509435.0,1715865.0,0.27562768059370635,0.0,743611.0,0.0,0.0,1336435.0,5845870.0,77482.0,296693.0,676123.0,0.10860890238221452,379430.0,0.060949673108123305,0.0,886406.0,0.14238767609593111,0.0,886406.0,0.14238767609593111,0.017652116693322895,0.017652116693322895,50215281.0,50215281.0,https://www.sedar.com/ModifyCompanyDocumentSearchForm.do?lang=EN&company_search=ENTERPRISE GROUP INC&document_selection=0&industry_group=A&FromDate=13&FromMonth=05&FromYear=2000&ToDate=13&ToMonth=11&ToYear=2020&Variable=Issuer,https://www.sedar.com/ModifyCompanyDocumentSearchForm.do?lang=EN&company_search=ENTERPRISE GROUP INC&document_selection=0&industry_group=A&FromDate=13&FromMonth=05&FromYear=2000&ToDate=13&ToMonth=11&ToYear=2020&Variable=Issuer,1620591379,16:16:19,20210509
37,2011-09-30,E.TO,CAD,2011-09-30,2011-09-30,Q3,4811670.0,3066104.0,1745566.0,0.36277758034112895,0.0,791151.0,0.0,0.0,828698.0,3894802.0,173385.0,302122.0,1218990.0,0.2533403163558598,916868.0,0.190550889815802,0.0,743483.0,0.1545166231266899,0.0,743483.0,0.1545166231266899,0.03,0.03,17946888.0,17946888.0,https://www.sedar.com/ModifyCompanyDocumentSearchForm.do?lang=EN&company_search=ENTERPRISE GROUP INC&document_selection=0&industry_group=A&FromDate=13&FromMonth=05&FromYear=2000&ToDate=13&ToMonth=11&ToYear=2020&Variable=Issuer,https://www.sedar.com/ModifyCompanyDocumentSearchForm.do?lang=EN&company_search=ENTERPRISE GROUP INC&document_selection=0&industry_group=A&FromDate=13&FromMonth=05&FromYear=2000&ToDate=13&ToMonth=11&ToYear=2020&Variable=Issuer,1620591379,16:16:19,20210509
38,2011-06-30,E.TO,CAD,2011-06-30,2011-06-30,Q2,2615763.0,2366894.0,248869.0,0.09514202930464266,0.0,765363.0,0.0,0.0,1086797.0,3453691.0,285758.0,321434.0,-516494.0,-0.19745443298953308,-837928.0,-0.32033788993880563,-41239.0,-1164925.0,-0.44534806861324977,0.0,-1164925.0,-0.44534806861324977,-0.06,-0.06,16227217.0,16227217.0,https://www.sedar.com/ModifyCompanyDocumentSearchForm.do?lang=EN&company_search=ENTERPRISE GROUP INC&document_selection=0&industry_group=A&FromDate=13&FromMonth=05&FromYear=2000&ToDate=13&ToMonth=11&ToYear=2020&Variable=Issuer,https://www.sedar.com/ModifyCompanyDocumentSearchForm.do?lang=EN&company_search=ENTERPRISE GROUP INC&document_selection=0&industry_group=A&FromDate=13&FromMonth=05&FromYear=2000&ToDate=13&ToMonth=11&ToYear=2020&Variable=Issuer,1620591379,16:16:19,20210509
39,2011-03-31,E.TO,CAD,2011-03-31,2011-03-31,Q1,4230976.0,3231014.0,999962.0,0.2363431038133991,0.0,765410.0,0.0,0.0,1076618.0,4307632.0,309436.0,339003.0,262347.0,0.06200626049403258,-76656.0,-0.018117805442526735,0.0,-386092.0,-0.09125364927619538,0.0,-386092.0,-0.09125364927619538,-0.03,-0.03,16227217.0,16227217.0,https://www.sedar.com/ModifyCompanyDocumentSearchForm.do?lang=EN&company_search=ENTERPRISE GROUP INC&document_selection=0&industry_group=A&FromDate=13&FromMonth=05&FromYear=2000&ToDate=13&ToMonth=11&ToYear=2020&Variable=Issuer,https://www.sedar.com/ModifyCompanyDocumentSearchForm.do?lang=EN&company_search=ENTERPRISE GROUP INC&document_selection=0&industry_group=A&FromDate=13&FromMonth=05&FromYear=2000&ToDate=13&ToMonth=11&ToYear=2020&Variable=Issuer,1620591379,16:16:19,20210509
40,2010-12-31,E.TO,CAD,2010-12-31,2010-12-31,Q4,4005521.0,3161586.0,843935.0,0.21069294106809078,0.0,541102.0,0.0,0.0,948266.0,4109852.0,545226.0,391498.0,287167.0,0.07169279601829574,-104331.0,-0.026046798905810256,0.0,-801377.0,-0.20006810599669805,3011700.0,-3813077.0,-0.9519553136782956,-0.07593459449126651,-0.07593459449126651,50215281.0,50215281.0,https://www.sedar.com/ModifyCompanyDocumentSearchForm.do?lang=EN&company_search=ENTERPRISE GROUP INC&document_selection=0&industry_group=A&FromDate=13&FromMonth=05&FromYear=2000&ToDate=13&ToMonth=11&ToYear=2020&Variable=Issuer,https://www.sedar.com/ModifyCompanyDocumentSearchForm.do?lang=EN&company_search=ENTERPRISE GROUP INC&document_selection=0&industry_group=A&FromDate=13&FromMonth=05&FromYear=2000&ToDate=13&ToMonth=11&ToYear=2020&Variable=Issuer,1620591379,16:16:19,20210509
41,2010-09-30,E.TO,CAD,2010-09-30,2010-09-30,Q3,3426404.0,2970859.0,455545.0,0.13295133907151638,0.0,772349.0,0.0,0.0,1201033.0,4171892.0,50524.0,425940.0,-319548.0,-0.09326045615169723,-745488.0,-0.2175715414761365,0.0,-795177.0,-0.23207333402599342,-220000.0,-575177.0,-0.1678660776721017,-0.036,-0.036,16227217.0,16227217.0,https://www.sedar.com/ModifyCompanyDocumentSearchForm.do?lang=EN&company_search=ENTERPRISE GROUP INC&document_selection=0&industry_group=A&FromDate=13&FromMonth=05&FromYear=2000&ToDate=13&ToMonth=11&ToYear=2020&Variable=Issuer,https://www.sedar.com/ModifyCompanyDocumentSearchForm.do?lang=EN&company_search=ENTERPRISE GROUP INC&document_selection=0&industry_group=A&FromDate=13&FromMonth=05&FromYear=2000&ToDate=13&ToMonth=11&ToYear=2020&Variable=Issuer,1620591379,16:16:19,20210509
42,2010-06-30,E.TO,CAD,2010-06-30,2010-06-30,Q2,2921784.0,2876088.0,45696.0,0.015639759817974223,0.0,823597.0,0.0,0.0,1220461.0,4096549.0,19446.0,410715.0,-764050.0,-0.261501192422164,-1174765.0,-0.402071131883808,0.0,-1188683.0,-0.4068346599201036,-327000.0,-861683.0,-0.2949167358025097,-0.054,-0.054,16227217.0,16227217.0,https://www.sedar.com/ModifyCompanyDocumentSearchForm.do?lang=EN&company_search=ENTERPRISE GROUP INC&document_selection=0&industry_group=A&FromDate=13&FromMonth=05&FromYear=2000&ToDate=13&ToMonth=11&ToYear=2020&Variable=Issuer,https://www.sedar.com/ModifyCompanyDocumentSearchForm.do?lang=EN&company_search=ENTERPRISE GROUP INC&document_selection=0&industry_group=A&FromDate=13&FromMonth=05&FromYear=2000&ToDate=13&ToMonth=11&ToYear=2020&Variable=Issuer,1620591379,16:16:19,20210509
43,2010-03-31,E.TO,CAD,2010-03-31,2010-03-31,Q1,5269777.0,4824595.0,445182.0,0.08447833750839931,0.0,754201.0,0.0,0.0,1170385.0,5994980.0,30347.0,419182.0,-306021.0,-0.058070958220812756,-725203.0,-0.13761550061795783,0.0,-755550.0,-0.14337418831954368,-208000.0,-547550.0,-0.10390382742950982,-0.033,-0.033,16223883.0,16223883.0,https://www.sedar.com/ModifyCompanyDocumentSearchForm.do?lang=EN&company_search=ENTERPRISE GROUP INC&document_selection=0&industry_group=A&FromDate=13&FromMonth=05&FromYear=2000&ToDate=13&ToMonth=11&ToYear=2020&Variable=Issuer,https://www.sedar.com/ModifyCompanyDocumentSearchForm.do?lang=EN&company_search=ENTERPRISE GROUP INC&document_selection=0&industry_group=A&FromDate=13&FromMonth=05&FromYear=2000&ToDate=13&ToMonth=11&ToYear=2020&Variable=Issuer,1620591379,16:16:19,20210509
44,2009-12-31,E.TO,CAD,2009-12-31,2009-12-31,Q4,7191690.0,7563731.0,-372041.0,-0.051732068540217946,0.0,825454.0,0.0,0.0,397465.0,7961196.0,86353.0,436636.0,-332870.0,-0.046285365470424895,-769506.0,-0.10699932839151854,0.0,-2606967.0,-0.36249713210663975,-389400.0,-2217567.0,-0.30835130546505757,-0.044161198659826276,-0.044161198659826276,50215281.0,50215281.0,https://www.sedar.com/ModifyCompanyDocumentSearchForm.do?lang=EN&company_search=ENTERPRISE GROUP INC&document_selection=0&industry_group=A&FromDate=13&FromMonth=05&FromYear=2000&ToDate=13&ToMonth=11&ToYear=2020&Variable=Issuer,https://www.sedar.com/ModifyCompanyDocumentSearchForm.do?lang=EN&company_search=ENTERPRISE GROUP INC&document_selection=0&industry_group=A&FromDate=13&FromMonth=05&FromYear=2000&ToDate=13&ToMonth=11&ToYear=2020&Variable=Issuer,1620591379,16:16:19,20210509
45,2009-09-30,E.TO,CAD,2009-09-30,2009-09-30,Q3,6584799.0,5969887.0,614912.0,0.09338356417561113,0.0,848567.0,0.0,0.0,2044751.0,8014638.0,30610.0,457819.0,-972020.0,-0.14761574347220013,-1429839.0,-0.21714239113449021,0.0,-1476482.0,-0.22422582678681613,-395000.0,-1081482.0,-0.16423918178823682,-0.078,-0.078,14060552.0,14060552.0,https://www.sedar.com/ModifyCompanyDocumentSearchForm.do?lang=EN&company_search=ENTERPRISE GROUP INC&document_selection=0&industry_group=A&FromDate=13&FromMonth=05&FromYear=2000&ToDate=13&ToMonth=11&ToYear=2020&Variable=Issuer,https://www.sedar.com/ModifyCompanyDocumentSearchForm.do?lang=EN&company_search=ENTERPRISE GROUP INC&document_selection=0&industry_group=A&FromDate=13&FromMonth=05&FromYear=2000&ToDate=13&ToMonth=11&ToYear=2020&Variable=Issuer,1620591379,16:16:19,20210509
46,2009-06-30,E.TO,CAD,2009-06-30,2009-06-30,Q2,4951870.0,4725015.0,226855.0,0.04581198617895866,0.0,1217138.0,0.0,0.0,1840338.0,6565353.0,39188.0,478958.0,-1134525.0,-0.22911041687281775,-1613483.0,-0.32583306912338167,0.0,-1652671.0,-0.3337468471506724,-47866.0,-1174003.0,-0.2370827586346168,-0.084,-0.084,14061578.0,14061578.0,https://www.sedar.com/ModifyCompanyDocumentSearchForm.do?lang=EN&company_search=ENTERPRISE GROUP INC&document_selection=0&industry_group=A&FromDate=13&FromMonth=05&FromYear=2000&ToDate=13&ToMonth=11&ToYear=2020&Variable=Issuer,https://www.sedar.com/ModifyCompanyDocumentSearchForm.do?lang=EN&company_search=ENTERPRISE GROUP INC&document_selection=0&industry_group=A&FromDate=13&FromMonth=05&FromYear=2000&ToDate=13&ToMonth=11&ToYear=2020&Variable=Issuer,1620591379,16:16:19,20210509
47,2009-03-31,E.TO,CAD,2009-03-31,2009-03-31,Q1,8971083.0,7305593.0,1665490.0,0.18565094091761272,0.0,1256083.0,0.0,0.0,1728478.0,9034071.0,51159.0,472395.0,409407.0,0.04563629608599096,-62988.0,-0.007021225865372107,22570.0,-77178.0,-0.008602974691015567,-22400.0,-54778.0,-0.006106063225588259,-0.003,-0.003,14074256.0,14074256.0,https://www.sedar.com/ModifyCompanyDocumentSearchForm.do?lang=EN&company_search=ENTERPRISE GROUP INC&document_selection=0&industry_group=A&FromDate=13&FromMonth=05&FromYear=2000&ToDate=13&ToMonth=11&ToYear=2020&Variable=Issuer,https://www.sedar.com/ModifyCompanyDocumentSearchForm.do?lang=EN&company_search=ENTERPRISE GROUP INC&document_selection=0&industry_group=A&FromDate=13&FromMonth=05&FromYear=2000&ToDate=13&ToMonth=11&ToYear=2020&Variable=Issuer,1620591379,16:16:19,20210509
48,2008-12-31,E.TO,CAD,2008-12-31,2008-12-31,Q4,11666296.0,9275858.0,2390438.0,0.20490119571798968,0.0,1478061.0,0.0,0.0,17020720.0,26296578.0,0.0,749028.0,-13881254.0,-1.1898595749670675,-14630282.0,-1.2540640148338427,-15360120.0,-15323421.0,-1.3134778167809218,-1726354.0,-13597067.0,-1.165499915311595,-0.2707754836620351,-0.2707754836620351,50215281.0,50215281.0,https://www.sedar.com/ModifyCompanyDocumentSearchForm.do?lang=EN&company_search=ENTERPRISE GROUP INC&document_selection=0&industry_group=A&FromDate=13&FromMonth=05&FromYear=2000&ToDate=13&ToMonth=11&ToYear=2020&Variable=Issuer,https://www.sedar.com/ModifyCompanyDocumentSearchForm.do?lang=EN&company_search=ENTERPRISE GROUP INC&document_selection=0&industry_group=A&FromDate=13&FromMonth=05&FromYear=2000&ToDate=13&ToMonth=11&ToYear=2020&Variable=Issuer,1620591379,16:16:19,20210509
49,2008-09-30,E.TO,CAD,2008-09-30,2008-09-30,Q3,8683083.0,5797361.0,2885722.0,0.3323384102167398,0.0,1372923.0,0.0,0.0,2062032.0,7859393.0,0.0,595350.0,1419040.0,0.1634258246754062,823690.0,0.09486146798320366,2391.0,834184.0,0.09607002489783871,246000.0,588184.0,0.06773907378289486,0.04255240030787304,0.04239841421868994,13822581.0,13872783.0,https://www.sedar.com/ModifyCompanyDocumentSearchForm.do?lang=EN&company_search=ENTERPRISE GROUP INC&document_selection=0&industry_group=A&FromDate=13&FromMonth=05&FromYear=2000&ToDate=13&ToMonth=11&ToYear=2020&Variable=Issuer,https://www.sedar.com/ModifyCompanyDocumentSearchForm.do?lang=EN&company_search=ENTERPRISE GROUP INC&document_selection=0&industry_group=A&FromDate=13&FromMonth=05&FromYear=2000&ToDate=13&ToMonth=11&ToYear=2020&Variable=Issuer,1620591379,16:16:19,20210509
50,2008-06-30,E.TO,CAD,2008-06-30,2008-06-30,Q2,6751591.0,6329118.0,422473.0,0.06257384370587614,0.0,1288612.0,0.0,0.0,2006319.0,8335437.0,0.0,614392.0,-969454.0,-0.14358897036268933,-1583846.0,-0.23458855845977636,-59079.0,-1584519.0,-0.2346882386684857,-468010.0,-1116509.0,-0.16536976247524474,-0.08081049559559207,-0.08053847598194654,13816386.0,13863051.0,https://www.sedar.com/ModifyCompanyDocumentSearchForm.do?lang=EN&company_search=ENTERPRISE GROUP INC&document_selection=0&industry_group=A&FromDate=13&FromMonth=05&FromYear=2000&ToDate=13&ToMonth=11&ToYear=2020&Variable=Issuer,https://www.sedar.com/ModifyCompanyDocumentSearchForm.do?lang=EN&company_search=ENTERPRISE GROUP INC&document_selection=0&industry_group=A&FromDate=13&FromMonth=05&FromYear=2000&ToDate=13&ToMonth=11&ToYear=2020&Variable=Issuer,1620591379,16:16:19,20210509
51,2008-03-31,E.TO,CAD,2008-03-31,2008-03-31,Q1,12660713.0,8288965.0,4371748.0,0.34530030022795716,0.0,1076054.0,0.0,0.0,1895468.0,10184433.0,0.0,560095.0,3036375.0,0.23982654057476857,2476280.0,0.19558772084952877,9518.0,2486280.0,0.19637756578164278,630129.0,1856151.0,0.1466071460588357,0.13434417654515443,0.13386520711611669,13816386.0,13865821.0,https://www.sedar.com/ModifyCompanyDocumentSearchForm.do?lang=EN&company_search=ENTERPRISE GROUP INC&document_selection=0&industry_group=A&FromDate=13&FromMonth=05&FromYear=2000&ToDate=13&ToMonth=11&ToYear=2020&Variable=Issuer,https://www.sedar.com/ModifyCompanyDocumentSearchForm.do?lang=EN&company_search=ENTERPRISE GROUP INC&document_selection=0&industry_group=A&FromDate=13&FromMonth=05&FromYear=2000&ToDate=13&ToMonth=11&ToYear=2020&Variable=Issuer,1620591379,16:16:19,20210509
52,2007-09-30,E.TO,CAD,2007-09-30,2007-09-30,Q3,8406102.0,5644195.0,2761907.0,0.3285597771713929,0.0,2145374.0,0.0,0.0,2145374.0,7789569.0,0.0,613824.0,1230357.0,0.1463647478938514,616533.0,0.07334350689534816,-15843.0,600690.0,0.07145880456839568,-277050.0,877740.0,0.10441700564661242,0.017479539744087065,0.017479539744087065,50215281.0,50215281.0,https://www.sedar.com/ModifyCompanyDocumentSearchForm.do?lang=EN&company_search=ENTERPRISE GROUP INC&document_selection=0&industry_group=A&FromDate=13&FromMonth=05&FromYear=2000&ToDate=13&ToMonth=11&ToYear=2020&Variable=Issuer,https://www.sedar.com/ModifyCompanyDocumentSearchForm.do?lang=EN&company_search=ENTERPRISE GROUP INC&document_selection=0&industry_group=A&FromDate=13&FromMonth=05&FromYear=2000&ToDate=13&ToMonth=11&ToYear=2020&Variable=Issuer,1620591379,16:16:19,20210509
53,2007-06-30,E.TO,CAD,2007-06-30,2007-06-30,Q2,4762047.0,4056273.0,705774.0,0.148208113023664,0.0,2232551.0,0.0,0.0,2232551.0,6288824.0,0.0,562281.0,-964496.0,-0.20253811018664872,-1526777.0,-0.320613593271969,41568.0,-1485209.0,-0.31188457400777436,-487149.0,-998060.0,-0.2095863396560345,-0.07386566404866374,-0.07287002514010757,13511826.0,13696441.0,https://www.sedar.com/ModifyCompanyDocumentSearchForm.do?lang=EN&company_search=ENTERPRISE GROUP INC&document_selection=0&industry_group=A&FromDate=13&FromMonth=05&FromYear=2000&ToDate=13&ToMonth=11&ToYear=2020&Variable=Issuer,https://www.sedar.com/ModifyCompanyDocumentSearchForm.do?lang=EN&company_search=ENTERPRISE GROUP INC&document_selection=0&industry_group=A&FromDate=13&FromMonth=05&FromYear=2000&ToDate=13&ToMonth=11&ToYear=2020&Variable=Issuer,1620591379,16:16:19,20210509
54,2007-03-31,E.TO,CAD,2007-03-31,2007-03-31,Q1,18843200.0,14137978.0,4705222.0,0.24970397809289294,0.0,1597262.0,0.0,0.0,1597262.0,15735240.0,0.0,436643.0,3544603.0,0.18811045894540204,3107960.0,0.16493801477456058,43294.0,3151254.0,0.16723560754012057,1033611.0,2117643.0,0.11238234482465823,0.24,0.219,8815677.0,9623390.0,https://www.sedar.com/ModifyCompanyDocumentSearchForm.do?lang=EN&company_search=ENTERPRISE GROUP INC&document_selection=0&industry_group=A&FromDate=13&FromMonth=05&FromYear=2000&ToDate=13&ToMonth=11&ToYear=2020&Variable=Issuer,https://www.sedar.com/ModifyCompanyDocumentSearchForm.do?lang=EN&company_search=ENTERPRISE GROUP INC&document_selection=0&industry_group=A&FromDate=13&FromMonth=05&FromYear=2000&ToDate=13&ToMonth=11&ToYear=2020&Variable=Issuer,1620591379,16:16:19,20210509
55,2006-12-31,E.TO,CAD,2006-12-31,2006-12-31,Q4,4736735.0,4086177.0,650558.0,0.13734312770294307,0.0,968957.0,0.0,0.0,1483370.0,5569547.0,0.0,351282.0,-481530.0,-0.10165863194795571,-832812.0,-0.17581984214865304,43770.0,-789042.0,-0.16657929987639164,-205000.0,-584042.0,-0.1233005435178451,-0.06816296171979591,-0.06688701145357699,8568319.0,8731770.0,https://www.sedar.com/ModifyCompanyDocumentSearchForm.do?lang=EN&company_search=ENTERPRISE GROUP INC&document_selection=0&industry_group=A&FromDate=13&FromMonth=05&FromYear=2000&ToDate=13&ToMonth=11&ToYear=2020&Variable=Issuer,https://www.sedar.com/ModifyCompanyDocumentSearchForm.do?lang=EN&company_search=ENTERPRISE GROUP INC&document_selection=0&industry_group=A&FromDate=13&FromMonth=05&FromYear=2000&ToDate=13&ToMonth=11&ToYear=2020&Variable=Issuer,1620591379,16:16:19,20210509
56,2006-09-30,E.TO,CAD,2006-09-30,2006-09-30,Q3,7000785.0,5706495.0,1294290.0,0.18487783869951727,0.0,566814.0,0.0,0.0,566814.0,6273309.0,0.0,-224886.0,502590.0,0.07179052063447171,727476.0,0.10391348970151204,293452.0,1020928.0,0.14583050329355923,-52004.0,1072932.0,0.15325881311881454,0.021366643353046257,0.021366643353046257,50215281.0,50215281.0,https://www.sedar.com/ModifyCompanyDocumentSearchForm.do?lang=EN&company_search=ENTERPRISE GROUP INC&document_selection=0&industry_group=A&FromDate=13&FromMonth=05&FromYear=2000&ToDate=13&ToMonth=11&ToYear=2020&Variable=Issuer,https://www.sedar.com/ModifyCompanyDocumentSearchForm.do?lang=EN&company_search=ENTERPRISE GROUP INC&document_selection=0&industry_group=A&FromDate=13&FromMonth=05&FromYear=2000&ToDate=13&ToMonth=11&ToYear=2020&Variable=Issuer,1620591379,16:16:19,20210509
57,2006-06-30,E.TO,CAD,2006-06-30,2006-06-30,Q2,6077844.0,6661120.0,-583276.0,-0.095967583241689,0.0,1242326.0,0.0,0.0,1242326.0,7903446.0,0.0,625652.0,-1199950.0,-0.197430207158986,-1825602.0,-0.300369999624867,4325.0,-1821277.0,-0.2996583986031889,-547906.0,-1273371.0,-0.20951031319658747,-0.16888998000967684,-0.1134815679599321,7539648.0,11220950.0,https://www.sedar.com/ModifyCompanyDocumentSearchForm.do?lang=EN&company_search=ENTERPRISE GROUP INC&document_selection=0&industry_group=A&FromDate=13&FromMonth=05&FromYear=2000&ToDate=13&ToMonth=11&ToYear=2020&Variable=Issuer,https://www.sedar.com/ModifyCompanyDocumentSearchForm.do?lang=EN&company_search=ENTERPRISE GROUP INC&document_selection=0&industry_group=A&FromDate=13&FromMonth=05&FromYear=2000&ToDate=13&ToMonth=11&ToYear=2020&Variable=Issuer,1620591379,16:16:19,20210509
58,2006-03-31,E.TO,CAD,2006-03-31,2006-03-31,Q1,14323496.0,10093126.0,4230370.0,0.2953447957118849,0.0,884106.0,0.0,0.0,884106.0,10977232.0,0.0,238494.0,3584758.0,0.25027116285018686,3346264.0,0.23362061887684404,8175.0,3354439.0,0.23419135942789385,1066587.0,2287852.0,0.15972720626305198,0.39,0.39,5849187.0,5849187.0,https://www.sedar.com/ModifyCompanyDocumentSearchForm.do?lang=EN&company_search=ENTERPRISE GROUP INC&document_selection=0&industry_group=A&FromDate=13&FromMonth=05&FromYear=2000&ToDate=13&ToMonth=11&ToYear=2020&Variable=Issuer,https://www.sedar.com/ModifyCompanyDocumentSearchForm.do?lang=EN&company_search=ENTERPRISE GROUP INC&document_selection=0&industry_group=A&FromDate=13&FromMonth=05&FromYear=2000&ToDate=13&ToMonth=11&ToYear=2020&Variable=Issuer,1620591379,16:16:19,20210509
59,2005-12-31,E.TO,CAD,2005-12-31,2005-12-31,Q4,4880208.0,3630429.0,1249779.0,0.25609133872982465,0.0,395887.0,0.0,0.0,2103671.0,5734100.0,0.0,185634.0,-668258.0,-0.13693227829633492,-853892.0,-0.1749704110972319,0.0,853892.0,0.1749704110972319,290323.0,563569.0,0.11548052869877677,0.132,0.132,4288303.0,4288303.0,https://www.sedar.com/ModifyCompanyDocumentSearchForm.do?lang=EN&company_search=ENTERPRISE GROUP INC&document_selection=0&industry_group=A&FromDate=13&FromMonth=05&FromYear=2000&ToDate=13&ToMonth=11&ToYear=2020&Variable=Issuer,https://www.sedar.com/ModifyCompanyDocumentSearchForm.do?lang=EN&company_search=ENTERPRISE GROUP INC&document_selection=0&industry_group=A&FromDate=13&FromMonth=05&FromYear=2000&ToDate=13&ToMonth=11&ToYear=2020&Variable=Issuer,1620591379,16:16:19,20210509
60,2005-06-30,E.TO,CAD,2005-06-30,2005-06-30,Q2,0.0,0.0,0.0,0.0,0.0,54329.0,0.0,0.0,54329.0,54329.0,0.0,0.0,-54329.0,0.0,-54329.0,0.0,0.0,0.0,0.0,0.0,-48036.0,0.0,-0.012,-0.012,2999997.0,2999997.0,https://www.sedar.com/ModifyCompanyDocumentSearchForm.do?lang=EN&company_search=ENTERPRISE GROUP INC&document_selection=0&industry_group=A&FromDate=13&FromMonth=05&FromYear=2000&ToDate=13&ToMonth=11&ToYear=2020&Variable=Issuer,https://www.sedar.com/ModifyCompanyDocumentSearchForm.do?lang=EN&company_search=ENTERPRISE GROUP INC&document_selection=0&industry_group=A&FromDate=13&FromMonth=05&FromYear=2000&ToDate=13&ToMonth=11&ToYear=2020&Variable=Issuer,1620591379,16:16:19,20210509
61,2005-03-31,E.TO,CAD,2005-03-31,2005-03-31,Q1,0.0,0.0,0.0,0.0,0.0,16796.0,0.0,0.0,16796.0,16796.0,0.0,0.0,-16796.0,0.0,-16796.0,0.0,0.0,0.0,0.0,0.0,-8715.0,0.0,-0.003,-0.003,2999997.0,2999997.0,https://www.sedar.com/ModifyCompanyDocumentSearchForm.do?lang=EN&company_search=ENTERPRISE GROUP INC&document_selection=0&industry_group=A&FromDate=13&FromMonth=05&FromYear=2000&ToDate=13&ToMonth=11&ToYear=2020&Variable=Issuer,https://www.sedar.com/ModifyCompanyDocumentSearchForm.do?lang=EN&company_search=ENTERPRISE GROUP INC&document_selection=0&industry_group=A&FromDate=13&FromMonth=05&FromYear=2000&ToDate=13&ToMonth=11&ToYear=2020&Variable=Issuer,1620591379,16:16:19,20210509
62,2004-12-31,E.TO,CAD,2004-12-31,2004-12-31,Q4,0.0,0.0,0.0,0.0,0.0,28622.0,0.0,0.0,28558.0,28558.0,0.0,0.0,-28558.0,0.0,-28558.0,0.0,0.0,0.0,0.0,0.0,-20451.0,0.0,-0.0004072664653614106,-0.0004072664653614106,50215281.0,50215281.0,https://www.sedar.com/ModifyCompanyDocumentSearchForm.do?lang=EN&company_search=ENTERPRISE GROUP INC&document_selection=0&industry_group=A&FromDate=13&FromMonth=05&FromYear=2000&ToDate=13&ToMonth=11&ToYear=2020&Variable=Issuer,https://www.sedar.com/ModifyCompanyDocumentSearchForm.do?lang=EN&company_search=ENTERPRISE GROUP INC&document_selection=0&industry_group=A&FromDate=13&FromMonth=05&FromYear=2000&ToDate=13&ToMonth=11&ToYear=2020&Variable=Issuer,1620591379,16:16:19,20210509
63,2004-09-30,E.TO,CAD,2004-09-30,2004-09-30,Q3,0.0,0.0,0.0,0.0,0.0,9115.0,0.0,0.0,9125.0,9125.0,0.0,0.0,-9125.0,0.0,-9125.0,0.0,-97950.0,0.0,0.0,0.0,-102569.0,0.0,-0.066,-0.066,1543476.0,1543476.0,https://www.sedar.com/ModifyCompanyDocumentSearchForm.do?lang=EN&company_search=ENTERPRISE GROUP INC&document_selection=0&industry_group=A&FromDate=13&FromMonth=05&FromYear=2000&ToDate=13&ToMonth=11&ToYear=2020&Variable=Issuer,https://www.sedar.com/ModifyCompanyDocumentSearchForm.do?lang=EN&company_search=ENTERPRISE GROUP INC&document_selection=0&industry_group=A&FromDate=13&FromMonth=05&FromYear=2000&ToDate=13&ToMonth=11&ToYear=2020&Variable=Issuer,1620591379,16:16:19,20210509
64,2004-06-30,E.TO,CAD,2004-06-30,2004-06-30,Q2,0.0,0.0,0.0,0.0,0.0,2926.0,0.0,0.0,2926.0,2926.0,0.0,0.0,-2926.0,0.0,-2926.0,0.0,0.0,0.0,0.0,0.0,-2980.0,0.0,-0.03,-0.03,999999.0,999999.0,https://www.sedar.com/ModifyCompanyDocumentSearchForm.do?lang=EN&company_search=ENTERPRISE GROUP INC&document_selection=0&industry_group=A&FromDate=13&FromMonth=05&FromYear=2000&ToDate=13&ToMonth=11&ToYear=2020&Variable=Issuer,https://www.sedar.com/ModifyCompanyDocumentSearchForm.do?lang=EN&company_search=ENTERPRISE GROUP INC&document_selection=0&industry_group=A&FromDate=13&FromMonth=05&FromYear=2000&ToDate=13&ToMonth=11&ToYear=2020&Variable=Issuer,1620591379,16:16:19,20210509
