,date,symbol,reportedCurrency,fillingDate,acceptedDate,period,revenue,costOfRevenue,grossProfit,grossProfitRatio,researchAndDevelopmentExpenses,generalAndAdministrativeExpenses,sellingAndMarketingExpenses,otherExpenses,operatingExpenses,costAndExpenses,interestExpense,depreciationAndAmortization,ebitda,ebitdaratio,operatingIncome,operatingIncomeRatio,totalOtherIncomeExpensesNet,incomeBeforeTax,incomeBeforeTaxRatio,incomeTaxExpense,netIncome,netIncomeRatio,eps,epsdiluted,weightedAverageShsOut,weightedAverageShsOutDil,link,finalLink,timestamp,est_time,est_date
0,2019-06-30,ALUVI.PA,EUR,2019-06-30,2019-06-30,Q2,1542584.25,976875.75,565708.5,0.36672778164304476,0.0,0.0,0.0,0.0,4974.0,1562926.0,1751.5,52400.5,32058.75,0.020782495348309178,-20341.75,-0.01318680000784398,0.0,-22524.25,-0.014601633589867134,-46435.25,23911.0,0.015500612041125144,0.009284938215611247,0.009284938215611247,2575246.0,2575246.0,https://www.infogreffe.com/recherche-entreprise-dirigeants/resultats-entreprise-dirigeants.html?ga_cat=globale&ga_q=A.L.U.V.I#phrase=A.L.U.V.I,https://www.infogreffe.com/recherche-entreprise-dirigeants/resultats-entreprise-dirigeants.html?ga_cat=globale&ga_q=A.L.U.V.I#phrase=A.L.U.V.I,1620587077,15:04:37,20210509
1,2019-03-31,ALUVI.PA,EUR,2019-03-31,2019-03-31,Q1,1542584.25,976875.75,565708.5,0.36672778164304476,0.0,0.0,0.0,0.0,4974.0,1562926.0,1751.5,52400.5,32058.75,0.020782495348309178,-20341.75,-0.01318680000784398,0.0,-22524.25,-0.014601633589867134,-46435.25,23911.0,0.015500612041125144,0.009284938215611247,0.009284938215611247,2575246.0,2575246.0,https://www.infogreffe.com/recherche-entreprise-dirigeants/resultats-entreprise-dirigeants.html?ga_cat=globale&ga_q=A.L.U.V.I#phrase=A.L.U.V.I,https://www.infogreffe.com/recherche-entreprise-dirigeants/resultats-entreprise-dirigeants.html?ga_cat=globale&ga_q=A.L.U.V.I#phrase=A.L.U.V.I,1620587077,15:04:37,20210509
2,2019-01-31,ALUVI.PA,EUR,2019-01-31,2019-01-31,Q1,1542584.25,976875.75,565708.5,0.36672778164304476,0.0,0.0,0.0,0.0,4974.0,1562926.0,1751.5,52400.5,32058.75,0.020782495348309178,-20341.75,-0.01318680000784398,0.0,-22524.25,-0.014601633589867134,-46435.25,23911.0,0.015500612041125144,0.009284938215611247,0.009284938215611247,2575246.0,2575246.0,https://www.infogreffe.com/recherche-entreprise-dirigeants/resultats-entreprise-dirigeants.html?ga_cat=globale&ga_q=A.L.U.V.I#phrase=A.L.U.V.I,https://www.infogreffe.com/recherche-entreprise-dirigeants/resultats-entreprise-dirigeants.html?ga_cat=globale&ga_q=A.L.U.V.I#phrase=A.L.U.V.I,1620587077,15:04:37,20210509
3,2018-06-30,ALUVI.PA,EUR,2018-06-30,2018-06-30,Q2,1287675.25,919246.0,368429.25,0.28611969516382335,0.0,0.0,0.0,0.0,13225.75,1402793.0,1610.0,51647.5,-63470.25,-0.04929057229297527,-115117.75,-0.08939967588877708,0.0,-138474.0,-0.10753798366474777,-48172.0,-90302.0,-0.07012793015940937,-0.0350655,-0.0350655,2575246.0,2575246.0,https://www.infogreffe.com/recherche-entreprise-dirigeants/resultats-entreprise-dirigeants.html?ga_cat=globale&ga_q=A.L.U.V.I#phrase=A.L.U.V.I,https://www.infogreffe.com/recherche-entreprise-dirigeants/resultats-entreprise-dirigeants.html?ga_cat=globale&ga_q=A.L.U.V.I#phrase=A.L.U.V.I,1620587077,15:04:37,20210509
4,2018-03-31,ALUVI.PA,EUR,2018-03-31,2018-03-31,Q1,1287675.25,919246.0,368429.25,0.28611969516382335,0.0,0.0,0.0,0.0,13225.75,1402793.0,1610.0,51647.5,-63470.25,-0.04929057229297527,-115117.75,-0.08939967588877708,0.0,-138474.0,-0.10753798366474777,-48172.0,-90302.0,-0.07012793015940937,-0.0350655,-0.0350655,2575246.0,2575246.0,https://www.infogreffe.com/recherche-entreprise-dirigeants/resultats-entreprise-dirigeants.html?ga_cat=globale&ga_q=A.L.U.V.I#phrase=A.L.U.V.I,https://www.infogreffe.com/recherche-entreprise-dirigeants/resultats-entreprise-dirigeants.html?ga_cat=globale&ga_q=A.L.U.V.I#phrase=A.L.U.V.I,1620587077,15:04:37,20210509
5,2018-01-31,ALUVI.PA,EUR,2018-01-31,2018-01-31,Q1,1287675.25,919246.0,368429.25,0.28611969516382335,0.0,0.0,0.0,0.0,13225.75,1402793.0,1610.0,51647.5,-63470.25,-0.04929057229297527,-115117.75,-0.08939967588877708,0.0,-138474.0,-0.10753798366474777,-48172.0,-90302.0,-0.07012793015940937,-0.0350655,-0.0350655,2575246.0,2575246.0,https://www.infogreffe.com/recherche-entreprise-dirigeants/resultats-entreprise-dirigeants.html?ga_cat=globale&ga_q=A.L.U.V.I#phrase=A.L.U.V.I,https://www.infogreffe.com/recherche-entreprise-dirigeants/resultats-entreprise-dirigeants.html?ga_cat=globale&ga_q=A.L.U.V.I#phrase=A.L.U.V.I,1620587077,15:04:37,20210509
6,2017-06-30,ALUVI.PA,EUR,2017-06-30,2017-06-30,Q2,1189001.5,788496.5,400505.0,0.33684145898890794,0.0,0.0,0.0,0.0,6540.25,1250527.0,1377.25,36029.75,-25495.75,-0.021442992292272128,-61525.5,-0.051745519244508945,0.0,-65876.75,-0.05540510251669153,-19277.5,-46599.25,-0.03919191859724315,-0.018095,-0.018095,2575246.0,2575246.0,https://www.infogreffe.com/recherche-entreprise-dirigeants/resultats-entreprise-dirigeants.html?ga_cat=globale&ga_q=A.L.U.V.I#phrase=A.L.U.V.I,https://www.infogreffe.com/recherche-entreprise-dirigeants/resultats-entreprise-dirigeants.html?ga_cat=globale&ga_q=A.L.U.V.I#phrase=A.L.U.V.I,1620587077,15:04:37,20210509
7,2017-03-31,ALUVI.PA,EUR,2017-03-31,2017-03-31,Q1,1189001.5,788496.5,400505.0,0.33684145898890794,0.0,0.0,0.0,0.0,6540.25,1250527.0,1377.25,36029.75,-25495.75,-0.021442992292272128,-61525.5,-0.051745519244508945,0.0,-65876.75,-0.05540510251669153,-19277.5,-46599.25,-0.03919191859724315,-0.018095,-0.018095,2575246.0,2575246.0,https://www.infogreffe.com/recherche-entreprise-dirigeants/resultats-entreprise-dirigeants.html?ga_cat=globale&ga_q=A.L.U.V.I#phrase=A.L.U.V.I,https://www.infogreffe.com/recherche-entreprise-dirigeants/resultats-entreprise-dirigeants.html?ga_cat=globale&ga_q=A.L.U.V.I#phrase=A.L.U.V.I,1620587077,15:04:37,20210509
8,2017-01-31,ALUVI.PA,EUR,2017-01-31,2017-01-31,Q1,1189001.5,788496.5,400505.0,0.33684145898890794,0.0,0.0,0.0,0.0,6540.25,1250527.0,1377.25,36029.75,-25495.75,-0.021442992292272128,-61525.5,-0.051745519244508945,0.0,-65876.75,-0.05540510251669153,-19277.5,-46599.25,-0.03919191859724315,-0.018095,-0.018095,2575246.0,2575246.0,https://www.infogreffe.com/recherche-entreprise-dirigeants/resultats-entreprise-dirigeants.html?ga_cat=globale&ga_q=A.L.U.V.I#phrase=A.L.U.V.I,https://www.infogreffe.com/recherche-entreprise-dirigeants/resultats-entreprise-dirigeants.html?ga_cat=globale&ga_q=A.L.U.V.I#phrase=A.L.U.V.I,1620587077,15:04:37,20210509
9,2016-06-30,ALUVI.PA,EUR,2016-06-30,2016-06-30,Q2,1104750.25,791651.25,313099.0,0.2834115674560834,0.0,0.0,0.0,5559.75,15716.25,1194136.25,1424.5,28813.25,-60572.75,-0.05482936075370881,-89386.0,-0.08091059495121182,0.0,-84760.75,-0.07672390207651006,-24811.25,-59949.75,-0.05426543239071455,-0.02599175,-0.02599175,2306496.0,2306496.0,https://www.infogreffe.com/recherche-entreprise-dirigeants/resultats-entreprise-dirigeants.html?ga_cat=globale&ga_q=A.L.U.V.I#phrase=A.L.U.V.I,https://www.infogreffe.com/recherche-entreprise-dirigeants/resultats-entreprise-dirigeants.html?ga_cat=globale&ga_q=A.L.U.V.I#phrase=A.L.U.V.I,1620587077,15:04:37,20210509
10,2016-03-31,ALUVI.PA,EUR,2016-03-31,2016-03-31,Q1,1104750.25,791651.25,313099.0,0.2834115674560834,0.0,0.0,0.0,5559.75,15716.25,1194136.25,1424.5,28813.25,-60572.75,-0.05482936075370881,-89386.0,-0.08091059495121182,0.0,-84760.75,-0.07672390207651006,-24811.25,-59949.75,-0.05426543239071455,-0.02599175,-0.02599175,2306496.0,2306496.0,https://www.infogreffe.com/recherche-entreprise-dirigeants/resultats-entreprise-dirigeants.html?ga_cat=globale&ga_q=A.L.U.V.I#phrase=A.L.U.V.I,https://www.infogreffe.com/recherche-entreprise-dirigeants/resultats-entreprise-dirigeants.html?ga_cat=globale&ga_q=A.L.U.V.I#phrase=A.L.U.V.I,1620587077,15:04:37,20210509
11,2016-01-31,ALUVI.PA,EUR,2016-01-31,2016-01-31,Q1,1104750.25,791651.25,313099.0,0.2834115674560834,0.0,0.0,0.0,5559.75,15716.25,1194136.25,1424.5,28813.25,-60572.75,-0.05482936075370881,-89386.0,-0.08091059495121182,0.0,-84760.75,-0.07672390207651006,-24811.25,-59949.75,-0.05426543239071455,-0.02599175,-0.02599175,2306496.0,2306496.0,https://www.infogreffe.com/recherche-entreprise-dirigeants/resultats-entreprise-dirigeants.html?ga_cat=globale&ga_q=A.L.U.V.I#phrase=A.L.U.V.I,https://www.infogreffe.com/recherche-entreprise-dirigeants/resultats-entreprise-dirigeants.html?ga_cat=globale&ga_q=A.L.U.V.I#phrase=A.L.U.V.I,1620587077,15:04:37,20210509
12,2015-09-30,ALUVI.PA,EUR,2015-09-30,2015-09-30,Q3,1063937.5,760728.0,303209.5,0.2849880749574106,0.0,0.0,0.0,6323.25,11192.25,1112689.0,1874.25,21199.25,-27552.25,-0.025896492980085766,-48751.5,-0.04582177054573224,0.0,-42897.25,-0.04031933266756741,-18330.0,-24567.25,-0.02309087704869882,-0.01065125,-0.01065125,2306496.0,2306496.0,https://www.infogreffe.com/recherche-entreprise-dirigeants/resultats-entreprise-dirigeants.html?ga_cat=globale&ga_q=A.L.U.V.I#phrase=A.L.U.V.I,https://www.infogreffe.com/recherche-entreprise-dirigeants/resultats-entreprise-dirigeants.html?ga_cat=globale&ga_q=A.L.U.V.I#phrase=A.L.U.V.I,1620587077,15:04:37,20210509
13,2015-06-30,ALUVI.PA,EUR,2015-06-30,2015-06-30,Q2,1063937.5,760728.0,303209.5,0.2849880749574106,0.0,0.0,0.0,6323.25,11192.25,1112689.0,1874.25,21199.25,-27552.25,-0.025896492980085766,-48751.5,-0.04582177054573224,0.0,-42897.25,-0.04031933266756741,-18330.0,-24567.25,-0.02309087704869882,-0.01065125,-0.01065125,2306496.0,2306496.0,https://www.infogreffe.com/recherche-entreprise-dirigeants/resultats-entreprise-dirigeants.html?ga_cat=globale&ga_q=A.L.U.V.I#phrase=A.L.U.V.I,https://www.infogreffe.com/recherche-entreprise-dirigeants/resultats-entreprise-dirigeants.html?ga_cat=globale&ga_q=A.L.U.V.I#phrase=A.L.U.V.I,1620587077,15:04:37,20210509
14,2015-03-31,ALUVI.PA,EUR,2015-03-31,2015-03-31,Q1,1063937.5,760728.0,303209.5,0.2849880749574106,0.0,0.0,0.0,6323.25,11192.25,1112689.0,1874.25,21199.25,-27552.25,-0.025896492980085766,-48751.5,-0.04582177054573224,0.0,-42897.25,-0.04031933266756741,-18330.0,-24567.25,-0.02309087704869882,-0.01065125,-0.01065125,2306496.0,2306496.0,https://www.infogreffe.com/recherche-entreprise-dirigeants/resultats-entreprise-dirigeants.html?ga_cat=globale&ga_q=A.L.U.V.I#phrase=A.L.U.V.I,https://www.infogreffe.com/recherche-entreprise-dirigeants/resultats-entreprise-dirigeants.html?ga_cat=globale&ga_q=A.L.U.V.I#phrase=A.L.U.V.I,1620587077,15:04:37,20210509
15,2015-01-31,ALUVI.PA,EUR,2015-01-31,2015-01-31,Q1,1063937.5,760728.0,303209.5,0.2849880749574106,0.0,0.0,0.0,6323.25,11192.25,1112689.0,1874.25,21199.25,-27552.25,-0.025896492980085766,-48751.5,-0.04582177054573224,0.0,-42897.25,-0.04031933266756741,-18330.0,-24567.25,-0.02309087704869882,-0.01065125,-0.01065125,2306496.0,2306496.0,https://www.infogreffe.com/recherche-entreprise-dirigeants/resultats-entreprise-dirigeants.html?ga_cat=globale&ga_q=A.L.U.V.I#phrase=A.L.U.V.I,https://www.infogreffe.com/recherche-entreprise-dirigeants/resultats-entreprise-dirigeants.html?ga_cat=globale&ga_q=A.L.U.V.I#phrase=A.L.U.V.I,1620587077,15:04:37,20210509
16,2014-09-30,ALUVI.PA,EUR,2014-09-30,2014-09-30,Q3,836919.25,533802.75,303116.5,0.36218129765804763,0.0,0.0,0.0,3814.5,16155.5,828401.25,1940.25,11542.25,20060.25,0.023969158314855347,8518.0,0.010177803892072025,0.0,11958.25,0.014288415519179419,-21822.75,33781.25,0.04036381048709299,0.01464625,0.01464625,2306496.0,2306496.0,https://www.infogreffe.com/recherche-entreprise-dirigeants/resultats-entreprise-dirigeants.html?ga_cat=globale&ga_q=A.L.U.V.I#phrase=A.L.U.V.I,https://www.infogreffe.com/recherche-entreprise-dirigeants/resultats-entreprise-dirigeants.html?ga_cat=globale&ga_q=A.L.U.V.I#phrase=A.L.U.V.I,1620587077,15:04:37,20210509
17,2014-06-30,ALUVI.PA,EUR,2014-06-30,2014-06-30,Q2,836919.25,533802.75,303116.5,0.36218129765804763,0.0,0.0,0.0,3814.5,16155.5,828401.25,1940.25,11542.25,20060.25,0.023969158314855347,8518.0,0.010177803892072025,0.0,11958.25,0.014288415519179419,-21822.75,33781.25,0.04036381048709299,0.01464625,0.01464625,2306496.0,2306496.0,https://www.infogreffe.com/recherche-entreprise-dirigeants/resultats-entreprise-dirigeants.html?ga_cat=globale&ga_q=A.L.U.V.I#phrase=A.L.U.V.I,https://www.infogreffe.com/recherche-entreprise-dirigeants/resultats-entreprise-dirigeants.html?ga_cat=globale&ga_q=A.L.U.V.I#phrase=A.L.U.V.I,1620587077,15:04:37,20210509
18,2014-03-31,ALUVI.PA,EUR,2014-03-31,2014-03-31,Q1,836919.25,533802.75,303116.5,0.36218129765804763,0.0,0.0,0.0,3814.5,16155.5,828401.25,1940.25,11542.25,20060.25,0.023969158314855347,8518.0,0.010177803892072025,0.0,11958.25,0.014288415519179419,-21822.75,33781.25,0.04036381048709299,0.01464625,0.01464625,2306496.0,2306496.0,https://www.infogreffe.com/recherche-entreprise-dirigeants/resultats-entreprise-dirigeants.html?ga_cat=globale&ga_q=A.L.U.V.I#phrase=A.L.U.V.I,https://www.infogreffe.com/recherche-entreprise-dirigeants/resultats-entreprise-dirigeants.html?ga_cat=globale&ga_q=A.L.U.V.I#phrase=A.L.U.V.I,1620587077,15:04:37,20210509
19,2014-01-31,ALUVI.PA,EUR,2014-01-31,2014-01-31,Q1,836919.25,533802.75,303116.5,0.36218129765804763,0.0,0.0,0.0,3814.5,16155.5,828401.25,1940.25,11542.25,20060.25,0.023969158314855347,8518.0,0.010177803892072025,0.0,11958.25,0.014288415519179419,-21822.75,33781.25,0.04036381048709299,0.01464625,0.01464625,2306496.0,2306496.0,https://www.infogreffe.com/recherche-entreprise-dirigeants/resultats-entreprise-dirigeants.html?ga_cat=globale&ga_q=A.L.U.V.I#phrase=A.L.U.V.I,https://www.infogreffe.com/recherche-entreprise-dirigeants/resultats-entreprise-dirigeants.html?ga_cat=globale&ga_q=A.L.U.V.I#phrase=A.L.U.V.I,1620587077,15:04:37,20210509
