,date,symbol,reportedCurrency,fillingDate,acceptedDate,period,revenue,costOfRevenue,grossProfit,grossProfitRatio,researchAndDevelopmentExpenses,generalAndAdministrativeExpenses,sellingAndMarketingExpenses,otherExpenses,operatingExpenses,costAndExpenses,interestExpense,depreciationAndAmortization,ebitda,ebitdaratio,operatingIncome,operatingIncomeRatio,totalOtherIncomeExpensesNet,incomeBeforeTax,incomeBeforeTaxRatio,incomeTaxExpense,netIncome,netIncomeRatio,eps,epsdiluted,weightedAverageShsOut,weightedAverageShsOutDil,link,finalLink,timestamp,est_time,est_date
0,2016-12-31,VOW.OL,NOK,2016-12-31,2016-12-31,Q4,38500000,29000000,9500000.0,0.24675324675324675,0.0,8900000.0,0.0,0.0,15100000.0,44100000,300000.0,300000.0,-5300000.0,-0.13766233766233765,-5600000.0,-0.14545454545454545,0.0,-7100000.0,-0.18441558441558442,-1200000.0,-6000000.0,-0.15584415584415584,-0.06282359057237788,-0.06282359057237788,95505525.0,95505525.0,https://www.oslobors.no/ob_eng/,https://www.oslobors.no/ob_eng/,1620599603,18:33:23,20210509
1,2016-09-30,VOW.OL,NOK,2016-09-30,2016-09-30,Q3,48300000,36100000,12300000.0,0.2546583850931677,0.0,0.0,0.0,100000.0,11000000.0,47100000,300000.0,300000.0,1600000.0,0.033126293995859216,1300000.0,0.026915113871635612,0.0,1900000.0,0.039337474120082816,700000.0,1200000.0,0.024844720496894408,0.01,0.01,95505525.0,95505525.0,https://www.oslobors.no/ob_eng/,https://www.oslobors.no/ob_eng/,1620599603,18:33:23,20210509
2,2016-06-30,VOW.OL,NOK,2016-06-30,2016-06-30,Q2,45000000,31500000,13500000.0,0.3,0.0,0.0,0.0,-100000.0,13700000.0,45200000,300000.0,200000.0,0.0,0.0,-200000.0,-0.0044444444444444444,0.0,200000.0,0.0044444444444444444,200000.0,0.0,0.0,0.0,0.0,95505525.0,95505525.0,https://www.oslobors.no/ob_eng/,https://www.oslobors.no/ob_eng/,1620599603,18:33:23,20210509
3,2016-03-31,VOW.OL,NOK,2016-03-31,2016-03-31,Q1,39800000,27000000,12800000.0,0.32160804020100503,0.0,0.0,0.0,0.0,13200000.0,40200000,300000.0,300000.0,-100000.0,-0.002512562814070352,-400000.0,-0.010050251256281407,0.0,0.0,0.0,0.0,0.0,0.0,0.0,0.0,95505525.0,95505525.0,https://www.oslobors.no/ob_eng/,https://www.oslobors.no/ob_eng/,1620599603,18:33:23,20210509
4,2015-12-31,VOW.OL,NOK,2015-12-31,2015-12-31,Q4,54385000,36970000,17415000.0,0.3202169715914315,0.0,11744000.0,0.0,-1000.0,15216000.0,52186000,4000.0,-156000.0,2043000.0,0.037565505194447,2199000.0,0.04043394318286292,0.0,2253000.0,0.04142686402500689,1274000.0,979000.0,0.018001287119610188,0.010250715861726324,0.010250715861726324,95505525.0,95505525.0,https://www.oslobors.no/ob_eng/,https://www.oslobors.no/ob_eng/,1620599603,18:33:23,20210509
5,2015-09-30,VOW.OL,NOK,2015-09-30,2015-09-30,Q3,50001000,31327000,18675000.0,0.37349253014939704,0.0,0.0,0.0,2000.0,13935000.0,45262000,153000.0,561000.0,5301000.0,0.10601787964240715,4740000.0,0.09479810403791925,0.0,-2793000.0,-0.05585888282234355,-597000.0,-2197000.0,-0.04393912121757565,-0.02,-0.02,95505525.0,95505525.0,https://www.oslobors.no/ob_eng/,https://www.oslobors.no/ob_eng/,1620599603,18:33:23,20210509
6,2015-06-30,VOW.OL,NOK,2015-06-30,2015-06-30,Q2,50270000,34633000,15637000.0,0.31106027451760493,0.0,0.0,0.0,1000.0,12774000.0,47407000,402000.0,464000.0,3327000.0,0.06618261388502089,2863000.0,0.05695245673363835,0.0,1483000.0,0.029500696240302368,120000.0,1363000.0,0.027113586632186194,0.01,0.01,95505525.0,95505525.0,https://www.oslobors.no/ob_eng/,https://www.oslobors.no/ob_eng/,1620599603,18:33:23,20210509
7,2015-03-31,VOW.OL,NOK,2015-03-31,2015-03-31,Q1,45637000,33441000,12196000.0,0.26723930144400376,0.0,0.0,0.0,1000.0,12594000.0,46035000,146000.0,305000.0,-93000.0,-0.0020378201897583103,-398000.0,-0.00872099393036352,0.0,6077000.0,0.13315949777592742,1772000.0,4305000.0,0.09433135394526371,0.045076,0.045076,95505525.0,95505525.0,https://www.oslobors.no/ob_eng/,https://www.oslobors.no/ob_eng/,1620599603,18:33:23,20210509
8,2014-12-31,VOW.OL,NOK,2014-12-31,2014-12-31,Q4,43188000,30374000,12814000.0,0.2967027878114291,0.0,0.0,0.0,7005000.0,12628000.0,43002000,719000.0,560000.0,746000.0,0.01727331666203575,186000.0,0.004306751875520978,0.0,-14129000.0,-0.3271510604797629,-3731000.0,-10398000.0,-0.24076132258960822,-0.10887328246193087,-0.10887328246193087,95505525.0,95505525.0,https://www.oslobors.no/ob_eng/,https://www.oslobors.no/ob_eng/,1620599603,18:33:23,20210509
9,2014-09-30,VOW.OL,NOK,2014-09-30,2014-09-30,Q3,35736000,24923000,10813000.0,0.3025800313409447,0.0,0.0,0.0,0.0,10295000.0,35218000,519000.0,190000.0,708000.0,0.019811954331766288,518000.0,0.014495186926348779,0.0,2969000.0,0.08308148645623462,1067000.0,1902000.0,0.05322364002686367,0.02,0.02,95505525.0,95505525.0,https://www.oslobors.no/ob_eng/,https://www.oslobors.no/ob_eng/,1620599603,18:33:23,20210509
10,2014-06-30,VOW.OL,NOK,2014-06-30,2014-06-30,Q2,31822000,21606000,10217000.0,0.3210671862233675,0.0,0.0,0.0,0.0,9931000.0,31537000,2058000.0,242000.0,528000.0,0.016592294638929042,286000.0,0.008987492929419898,0.0,-3873000.0,-0.12170825215259883,-905000.0,-2968000.0,-0.09326880774307084,-0.03,-0.03,95505525.0,95505525.0,https://www.oslobors.no/ob_eng/,https://www.oslobors.no/ob_eng/,1620599603,18:33:23,20210509
11,2014-03-31,VOW.OL,NOK,2014-03-31,2014-03-31,Q1,34885000,22407000,12478000.0,0.357689551383116,0.0,0.0,0.0,1000.0,10237000.0,32644000,768000.0,186000.0,2427000.0,0.06957144904686828,2241000.0,0.06423964454636663,0.0,2417000.0,0.06928479289092733,231000.0,2186000.0,0.06266303568869142,0.89,0.89,70000000.0,70000000.0,https://www.oslobors.no/ob_eng/,https://www.oslobors.no/ob_eng/,1620599603,18:33:23,20210509
12,2013-12-31,VOW.OL,NOK,2013-12-31,2013-12-31,Q4,49572000,30682000,18890000.0,0.38106188977648675,0.0,0.0,0.0,0.0,9602000.0,40284000,4631000.0,230000.0,9518000.0,0.19200355039134995,9288000.0,0.18736383442265794,0.0,5732000.0,0.11562979101105463,1629000.0,4103000.0,0.0827684983458404,0.058614,0.058614,70000000.0,70000000.0,https://www.oslobors.no/ob_eng/,https://www.oslobors.no/ob_eng/,1620599603,18:33:23,20210509
13,2013-09-30,VOW.OL,NOK,2013-09-30,2013-09-30,Q3,45824000,32351000,13473000.0,0.29401623603351956,0.0,0.0,0.0,0.0,8126000.0,40477000,3092000.0,308000.0,5655000.0,0.12340694832402235,5347000.0,0.11668557960893855,0.0,2533000.0,0.05527671089385475,720000.0,1813000.0,0.03956442039106145,0.706364,0.706364,2566667.0,2566667.0,https://www.oslobors.no/ob_eng/,https://www.oslobors.no/ob_eng/,1620599603,18:33:23,20210509
14,2013-06-30,VOW.OL,NOK,2013-06-30,2013-06-30,Q2,35852000,25418000,10434000.0,0.29102978913310273,0.0,0.0,0.0,0.0,6900000.0,32318000,5847000.0,296000.0,3830000.0,0.10682807095838447,3534000.0,0.09857190672765816,0.0,-862000.0,-0.024043289077317863,-245000.0,-617000.0,-0.017209639629588307,-0.24039,-0.24039,2566667.0,2566667.0,https://www.oslobors.no/ob_eng/,https://www.oslobors.no/ob_eng/,1620599603,18:33:23,20210509
15,2013-03-31,VOW.OL,NOK,2013-03-31,2013-03-31,Q1,38725000,28527000,10198000.0,0.26334409296320205,0.0,0.0,0.0,0.0,8479000.0,37006000,1079000.0,258000.0,1977000.0,0.05105229180116204,1719000.0,0.04438992898644287,0.0,-215000.0,-0.005551969012265978,-61000.0,-154000.0,-0.003976759199483538,-0.06,-0.06,2566667.0,2566667.0,https://www.oslobors.no/ob_eng/,https://www.oslobors.no/ob_eng/,1620599603,18:33:23,20210509
16,2012-12-31,VOW.OL,NOK,2012-12-31,2012-12-31,Q4,42055000,28215000,13840000.0,0.329092854595173,0.0,0.0,0.0,0.0,10503000.0,38718000,-453000.0,274000.0,3611000.0,0.08586374985138509,3337000.0,0.079348472238735,0.0,4169000.0,0.09913208893116157,1167000.0,3002000.0,0.07138271311377957,1.16961,1.16961,2566667.0,2566667.0,https://www.oslobors.no/ob_eng/,https://www.oslobors.no/ob_eng/,1620599603,18:33:23,20210509
