,date,symbol,reportedCurrency,fillingDate,acceptedDate,period,revenue,costOfRevenue,grossProfit,grossProfitRatio,researchAndDevelopmentExpenses,generalAndAdministrativeExpenses,sellingAndMarketingExpenses,otherExpenses,operatingExpenses,costAndExpenses,interestExpense,depreciationAndAmortization,ebitda,ebitdaratio,operatingIncome,operatingIncomeRatio,totalOtherIncomeExpensesNet,incomeBeforeTax,incomeBeforeTaxRatio,incomeTaxExpense,netIncome,netIncomeRatio,eps,epsdiluted,weightedAverageShsOut,weightedAverageShsOutDil,link,finalLink,timestamp,est_time,est_date
0,2020-12-31,EVI,USD,2021-02-09,2021-02-09 17:06:20,Q2,57165000.0,42785000.0,14380000.0,0.2515525233971836,0.0,13868000.0,0.0,0.0,13868000.0,56653000.0,150000.0,1172000.0,1684000.0,0.029458584798390624,512000.0,0.00895652934487886,0.0,362000.0,0.006332546138371381,-99000.0,461000.0,0.008064375054666317,0.03803630363036303,0.03666295530459679,12120000.0,12574000.0,https://www.sec.gov/Archives/edgar/data/65312/000089109221001205/0000891092-21-001205-index.htm,https://www.sec.gov/Archives/edgar/data/65312/000089109221001205/evi10q1220.htm,1620591850,16:24:10,20210509
1,2020-09-30,EVI,USD,2020-11-09,2020-11-09 16:49:05,Q1,57878000.0,44545000.0,13333000.0,0.2303638688275338,0.0,12437000.0,0.0,0.0,12437000.0,56982000.0,169000.0,985000.0,1881000.0,0.03249939527972632,896000.0,0.015480839006185425,0.0,727000.0,0.012560903970420539,209000.0,518000.0,0.008949860050450948,0.04340175953079179,0.042185845752911476,11935000.0,12279000.0,https://www.sec.gov/Archives/edgar/data/65312/000117494720001121/0001174947-20-001121-index.htm,https://www.sec.gov/Archives/edgar/data/65312/000117494720001121/evi10q0920.htm,1620591850,16:24:10,20210509
2,2020-06-30,EVI,USD,2020-09-14,2020-09-14 17:15:03,Q4,54423000.0,40955000.0,13468000.0,0.24746890101611452,0.0,13125000.0,0.0,0.0,13125000.0,54080000.0,234000.0,1004000.0,1347000.0,0.024750565018466456,343000.0,0.006302482406335557,0.0,109000.0,0.0020028296859783547,165000.0,-56000.0,-0.0010289767194017235,-0.01,-0.01,11921000.0,11921000.0,https://www.sec.gov/Archives/edgar/data/65312/000117494720000945/0001174947-20-000945-index.htm,https://www.sec.gov/Archives/edgar/data/65312/000117494720000945/evi10k0620.htm,1620591850,16:24:10,20210509
3,2020-03-31,EVI,USD,2020-05-11 00:00:00,2020-05-11 16:48:38,Q3,59041000.0,45211000.0,13830000.0,0.23424399993225048,0.0,13479000.0,0.0,0.0,13479000.0,58690000.0,343000.0,962000.0,1313000.0,0.022238783218441423,351000.0,0.005945021256415033,0.0,8000.0,0.0001354990599752714,20000.0,-12000.0,-0.00020324858996290714,-0.001011,-0.001011,11872000.0,11872000.0,https://www.sec.gov/Archives/edgar/data/65312/000117494720000660/0001174947-20-000660-index.htm,https://www.sec.gov/Archives/edgar/data/65312/000117494720000660/form10q-24144_evi.htm,1620591850,16:24:10,20210509
4,2019-12-31,EVI,USD,2020-02-10 00:00:00,2020-02-10 16:42:15,Q2,66657000.0,52582000.0,14075000.0,0.21115561756454687,0.0,13270000.0,0.0,0.0,13270000.0,65852000.0,433000.0,919000.0,1724000.0,0.025863750243785347,805000.0,0.012076751128913692,0.0,372000.0,0.005580809217336514,109000.0,263000.0,0.003945572107955654,0.02229380350936679,0.021559144192146898,11797000.0,12199000.0,https://www.sec.gov/Archives/edgar/data/65312/000117494720000132/0001174947-20-000132-index.html,https://www.sec.gov/Archives/edgar/data/65312/000117494720000132/form10q-23344_evi.htm,1620591850,16:24:10,20210509
5,2019-09-30,EVI,USD,2019-11-12 00:00:00,2019-11-12 16:26:47,Q1,55681000.0,41847000.0,13834000.0,0.24845099764731238,0.0,12553000.0,0.0,0.0,12553000.0,54400000.0,422000.0,811000.0,2092000.0,0.0375711643109858,1281000.0,0.023006052333830213,0.0,859000.0,0.015427165460390439,279000.0,580000.0,0.01041647958908784,0.05,0.04,11777000.0,12216000.0,https://www.sec.gov/Archives/edgar/data/65312/000117494719001175/0001174947-19-001175-index.html,https://www.sec.gov/Archives/edgar/data/65312/000117494719001175/form10q-22986_evi.htm,1620591850,16:24:10,20210509
6,2019-06-30,EVI,USD,2019-09-13,2019-09-13 16:42:40,Q4,64882000.0,49005000.0,15877000.0,0.24470577355815173,0.0,13513000.0,0.0,0.0,13513000.0,62518000.0,447000.0,849000.0,3213000.0,0.04952066829012669,2364000.0,0.03643537498844055,0.0,1917000.0,0.029545944946210042,701000.0,1216000.0,0.018741715730094633,0.1,0.09,11741000.0,12209000.0,https://www.sec.gov/Archives/edgar/data/65312/000117494719001060/form10k-22743_evi.htm,https://www.sec.gov/Archives/edgar/data/65312/000117494719001060/form10k-22743_evi.htm,1620591850,16:24:10,20210509
7,2019-03-31,EVI,USD,2019-05-10 00:00:00,2019-05-10 16:44:37,Q3,59290000.0,45867000.0,13423000.0,0.22639568223983808,0.0,12316000.0,0.0,0.0,12316000.0,58183000.0,403000.0,639000.0,1746000.0,0.029448473604317762,1107000.0,0.01867093945016023,0.0,704000.0,0.011873840445269016,238000.0,466000.0,0.00785967279473773,0.039706,0.039706,11736268.0,11736268.0,https://www.sec.gov/Archives/edgar/data/65312/000117494719000666/0001174947-19-000666-index.html,https://www.sec.gov/Archives/edgar/data/65312/000117494719000666/form10q-22169_evi.htm,1620591850,16:24:10,20210509
8,2018-12-31,EVI,USD,2019-02-11 00:00:00,2019-02-11 16:47:34,Q2,60841000.0,47164000.0,13677000.0,0.22479906641902664,0.0,11575000.0,0.0,0.0,11575000.0,58739000.0,374000.0,722000.0,2824000.0,0.04641606811196397,2102000.0,0.03454907052809783,0.0,1728000.0,0.0284019000345162,463000.0,1265000.0,0.020791900198879044,0.102144,0.102144,11493612.0,11493612.0,https://www.sec.gov/Archives/edgar/data/65312/000117494719000173/0001174947-19-000173-index.html,https://www.sec.gov/Archives/edgar/data/65312/000117494719000173/form10q-21360_evi.htm,1620591850,16:24:10,20210509
9,2018-09-30,EVI,USD,2018-11-09 00:00:00,2018-11-09 16:04:51,Q1,43375000.0,33653000.0,9722000.0,0.22413832853025936,0.0,8290000.0,0.0,0.0,8290000.0,41943000.0,165000.0,533000.0,1965000.0,0.04530259365994236,1432000.0,0.03301440922190202,0.0,1267000.0,0.029210374639769453,471000.0,796000.0,0.01835158501440922,0.064938,0.064938,11364661.0,11364661.0,https://www.sec.gov/Archives/edgar/data/65312/000117494718001351/0001174947-18-001351-index.html,https://www.sec.gov/Archives/edgar/data/65312/000117494718001351/form10q-21026_evi.htm,1620591850,16:24:10,20210509
10,2018-06-30,EVI,USD,2018-09-13 00:00:00,2018-09-13 16:17:51,Q4,44012000.0,32897000.0,11115000.0,0.25254476051985825,0.0,9259000.0,0.0,0.0,9259000.0,42156000.0,176000.0,556000.0,2412000.0,0.05480323548123239,1856000.0,0.04217031718622194,0.0,1680000.0,0.03817140779787331,923000.0,757000.0,0.01719985458511315,0.06660999391006912,0.06660999391006912,11364661.0,11364661.0,https://www.sec.gov/Archives/edgar/data/65312/000117494718001160/0001174947-18-001160-index.html,https://www.sec.gov/Archives/edgar/data/65312/000117494718001160/form10k-20808_evi.htm,1620591850,16:24:10,20210509
11,2018-03-31,EVI,USD,2018-05-15 00:00:00,2018-05-15 10:33:05,Q3,43673000.0,32500000.0,11173000.0,0.2558331234401117,0.0,9286000.0,0.0,0.0,9286000.0,41786000.0,193000.0,476000.0,2363000.0,0.0541066562864928,1887000.0,0.043207473725184894,0.0,1694000.0,0.03878826735053695,558000.0,1136000.0,0.026011494516062557,0.093992,0.093992,11171180.0,11171180.0,https://www.sec.gov/Archives/edgar/data/65312/000117494718000819/0001174947-18-000819-index.html,https://www.sec.gov/Archives/edgar/data/65312/000117494718000819/form10q-20269_evi.htm,1620591850,16:24:10,20210509
12,2017-12-31,EVI,USD,2018-02-14 00:00:00,2018-02-14 14:41:48,Q2,36135000.0,27904000.0,8231000.0,0.22778469627784698,0.0,6023000.0,0.0,0.0,6023000.0,33927000.0,117000.0,328000.0,2536000.0,0.07018126470181264,2208000.0,0.06110419261104193,0.0,2091000.0,0.057866334578663345,581000.0,1510000.0,0.0417877404178774,0.129172,0.129172,10822820.0,10822820.0,https://www.sec.gov/Archives/edgar/data/65312/000117494718000209/0001174947-18-000209-index.html,https://www.sec.gov/Archives/edgar/data/65312/000117494718000209/form10q-19409_evi.htm,1620591850,16:24:10,20210509
13,2017-09-30,EVI,USD,2017-11-14 00:00:00,2017-11-14 12:15:42,Q1,26273000.0,20124000.0,6149000.0,0.23404255319148937,0.0,5166000.0,0.0,0.0,5166000.0,25290000.0,66000.0,219000.0,1202000.0,0.045750390134358464,983000.0,0.03741483652418833,0.0,917000.0,0.03490275187454801,354000.0,563000.0,0.021428843299204508,0.049581,0.049581,10467713.0,10467713.0,https://www.sec.gov/Archives/edgar/data/65312/000117494717001561/0001174947-17-001561-index.html,https://www.sec.gov/Archives/edgar/data/65312/000117494717001561/form10q-19023_evi.htm,1620591850,16:24:10,20210509
14,2017-06-30,EVI,USD,2017-09-28 00:00:00,2017-09-28 15:48:45,Q4,26455000.0,20784000.0,5671000.0,0.21436401436401437,0.0,4661000.0,0.0,0.0,4661000.0,25445000.0,48000.0,167000.0,1177000.0,0.04449064449064449,1010000.0,0.03817803817803818,0.0,962000.0,0.03636363636363636,365000.0,597000.0,0.022566622566622566,0.05703251512531916,0.05703251512531916,10467713.0,10467713.0,https://www.sec.gov/Archives/edgar/data/65312/000117494717001325/0001174947-17-001325-index.html,https://www.sec.gov/Archives/edgar/data/65312/000117494717001325/form10k-18760_evi.htm,1620591850,16:24:10,20210509
15,2017-03-31,EVI,USD,2017-05-15 00:00:00,2017-05-15 09:12:30,Q3,24653000.0,19073000.0,5580000.0,0.22634162170932542,0.0,4081000.0,0.0,0.0,4081000.0,23154000.0,62000.0,251000.0,1750000.0,0.0709852756256845,1499000.0,0.06080395895022918,0.0,1437000.0,0.058289052042347786,547000.0,890000.0,0.036101083032490974,0.078843,0.078843,10819019.0,10819019.0,https://www.sec.gov/Archives/edgar/data/65312/000117494717000871/0001174947-17-000871-index.html,https://www.sec.gov/Archives/edgar/data/65312/000117494717000871/form10q-17889_evi.htm,1620591850,16:24:10,20210509
16,2016-12-31,EVI,USD,2017-02-13 00:00:00,2017-02-13 09:24:13,Q2,33398000.0,26330000.0,7068000.0,0.2116294388885562,0.0,4792000.0,0.0,0.0,4792000.0,31122000.0,50000.0,144786.0,2420786.0,0.07248296305167974,2276000.0,0.06814779328103479,0.0,2226000.0,0.06665069764656566,897000.0,1329000.0,0.039792801964189474,0.118511,0.118511,10783807.0,10783807.0,https://www.sec.gov/Archives/edgar/data/65312/000117494717000172/0001174947-17-000172-index.html,https://www.sec.gov/Archives/edgar/data/65312/000117494717000172/form10q-17065_evi.htm,1620591850,16:24:10,20210509
17,2016-09-30,EVI,USD,2016-11-14 00:00:00,2016-11-14 09:10:19,Q1,9471992.0,7451671.0,2020321.0,0.21329420464037555,0.0,1454762.0,0.0,0.0,1454762.0,8906433.0,0.0,13214.0,578773.0,0.06110362001994934,565559.0,0.059708559720067333,0.0,565749.0,0.059728618858630796,213805.0,351944.0,0.03715628138199441,0.050037,0.050037,7033732.0,7033732.0,https://www.sec.gov/Archives/edgar/data/65312/000117494716003386/0001174947-16-003386-index.html,https://www.sec.gov/Archives/edgar/data/65312/000117494716003386/form10q-16663_evi.htm,1620591850,16:24:10,20210509
18,2016-06-30,EVI,USD,2016-09-20,2016-09-20 16:49:42,Q4,8392987.0,6347248.0,2045739.0,0.2437438542440254,0.0,1355188.0,0.0,0.0,1355188.0,7702436.0,0.0,14073.0,704624.0,0.08395390103666311,690551.0,0.08227714400129536,0.0,690955.0,0.08232527942674045,260873.0,430082.0,0.05124301991650887,0.061145633640860925,0.061145633640860925,7033732.0,7033732.0,https://www.sec.gov/Archives/edgar/data/65312/000117494716003153/form10k-16337_evi.htm,https://www.sec.gov/Archives/edgar/data/65312/000117494716003153/form10k-16337_evi.htm,1620591850,16:24:10,20210509
19,2016-03-31,EVI,USD,2016-05-12 00:00:00,2016-05-12 13:17:10,Q3,12759553.0,9919149.0,2840404.0,0.22260999268548043,0.0,1599631.0,0.0,0.0,1599631.0,11518780.0,0.0,14165.0,1254938.0,0.09835281847255935,1240773.0,0.09724266986468884,0.0,1241318.0,0.09728538295973221,467565.0,773753.0,0.060641074181830665,0.110006,0.110006,7033732.0,7033732.0,https://www.sec.gov/Archives/edgar/data/65312/000117494716002670/0001174947-16-002670-index.html,https://www.sec.gov/Archives/edgar/data/65312/000117494716002670/form10q-15834_evi.htm,1620591850,16:24:10,20210509
20,2015-12-31,EVI,USD,2016-02-12 00:00:00,2016-02-12 15:41:15,Q2,8625901.0,6734405.0,1891496.0,0.21928097714082273,0.0,1283693.0,0.0,0.0,1283693.0,8018098.0,0.0,19954.0,627757.0,0.07277581785369436,607803.0,0.07046255225975814,0.0,608484.0,0.07054150053426303,229311.0,379173.0,0.043957494990958045,0.053908,0.053908,7033732.0,7033732.0,https://www.sec.gov/Archives/edgar/data/65312/000117494716002076/0001174947-16-002076-index.html,https://www.sec.gov/Archives/edgar/data/65312/000117494716002076/form10q-15159_evi.htm,1620591850,16:24:10,20210509
21,2015-09-30,EVI,USD,2015-11-13 00:00:00,2015-11-13 10:03:26,Q1,6237200.0,4803118.0,1434082.0,0.2299240043609312,0.0,1182288.0,0.0,0.0,1182288.0,5985406.0,0.0,13212.0,265006.0,0.04248797537356506,251794.0,0.04036971718078625,0.0,252423.0,0.04047056371448727,95391.0,157032.0,0.025176681844417365,0.022326,0.022326,7033732.0,7033732.0,https://www.sec.gov/Archives/edgar/data/65312/000117494715001656/0001174947-15-001656-index.html,https://www.sec.gov/Archives/edgar/data/65312/000117494715001656/form10q-14789_envi.htm,1620591850,16:24:10,20210509
22,2015-06-30,EVI,USD,2015-09-23 00:00:00,2015-09-23 09:34:51,Q4,7756263.0,5858380.0,1897883.0,0.24469038762610293,0.0,1430828.0,0.0,0.0,1430828.0,7289208.0,0.0,14140.0,481195.0,0.062039541464749194,467055.0,0.060216498589591404,0.0,467935.0,0.06032995528903545,176452.0,291483.0,0.03758033991369297,0.04144073160592414,0.04144073160592414,7033732.0,7033732.0,https://www.sec.gov/Archives/edgar/data/65312/000117494715001454/0001174947-15-001454-index.html,https://www.sec.gov/Archives/edgar/data/65312/000117494715001454/form10k-14267_envi.htm,1620591850,16:24:10,20210509
23,2015-03-31,EVI,USD,2015-05-15 00:00:00,2015-05-15 09:37:36,Q3,6989468.0,5113066.0,1876402.0,0.26846134784507203,0.0,1184791.0,0.0,0.0,1184791.0,6297857.0,0.0,15088.0,706699.0,0.10110912590199998,691611.0,0.09895044944765467,0.0,692862.0,0.09912943302694854,260901.0,431961.0,0.06180169935680369,0.061413,0.061413,7033732.0,7033732.0,https://www.sec.gov/Archives/edgar/data/65312/000117494715000869/0001174947-15-000869-index.html,https://www.sec.gov/Archives/edgar/data/65312/000117494715000869/form10q-13697_envi.htm,1620591850,16:24:10,20210509
24,2014-12-31,EVI,USD,2015-02-13,2015-02-13 13:14:02,Q2,6925145.0,4838294.0,2086851.0,0.3013440151794656,0.0,1310071.0,0.0,0.0,1310071.0,6148365.0,0.0,15140.0,791920.0,0.11435428427852413,776780.0,0.11216804846685521,0.0,777895.0,0.1123290559259048,293483.0,484412.0,0.06994972668442322,0.06887,0.06887,7033732.0,7033732.0,https://www.sec.gov/Archives/edgar/data/65312/000117494715000226/form10q-12997_envi.htm,https://www.sec.gov/Archives/edgar/data/65312/000117494715000226/form10q-12997_envi.htm,1620591850,16:24:10,20210509
25,2014-09-30,EVI,USD,2014-11-14 00:00:00,2014-11-14 11:06:11,Q1,9083694.0,6997138.0,2086556.0,0.22970346645318523,0.0,1343557.0,0.0,0.0,1343557.0,8340695.0,0.0,14438.0,757437.0,0.08338424874285726,742999.0,0.08179480726673531,0.0,744056.0,0.08191116961887972,280095.0,463961.0,0.05107624717433238,0.065962,0.065962,7033732.0,7033732.0,https://www.sec.gov/Archives/edgar/data/65312/000117494714000474/0001174947-14-000474-index.html,https://www.sec.gov/Archives/edgar/data/65312/000117494714000474/form10q-140792_evi.htm,1620591850,16:24:10,20210509
26,2014-06-30,EVI,USD,2014-09-22 00:00:00,2014-09-22 13:10:08,Q4,8955282.0,6972226.0,1983056.0,0.22143981618892628,0.0,1336883.0,0.0,0.0,1336883.0,8309109.0,0.0,16962.0,663135.0,0.07404959441813222,646173.0,0.07215551671069655,0.0,647317.0,0.07228326254829273,244767.0,402550.0,0.04495112493386585,0.057231353142257906,0.057231353142257906,7033732.0,7033732.0,https://www.sec.gov/Archives/edgar/data/65312/000091431714001227/0000914317-14-001227-index.html,https://www.sec.gov/Archives/edgar/data/65312/000091431714001227/form10k-140085_envi.htm,1620591850,16:24:10,20210509
27,2014-03-31,EVI,USD,2014-05-12 00:00:00,2014-05-12 09:31:28,Q3,6549493.0,4912869.0,1636624.0,0.24988560183208075,0.0,1132287.0,0.0,0.0,1132287.0,6045156.0,0.0,14499.0,518836.0,0.07921773486894329,504337.0,0.07700397572758685,0.0,505918.0,0.07724536845829136,191241.0,314677.0,0.04804600905749498,0.044738,0.044738,7033732.0,7033732.0,https://www.sec.gov/Archives/edgar/data/65312/000091431714000596/0000914317-14-000596-index.html,https://www.sec.gov/Archives/edgar/data/65312/000091431714000596/form10q-138420_envi.htm,1620591850,16:24:10,20210509
28,2013-12-31,EVI,USD,2014-02-14,2014-02-14 14:04:11,Q2,9835413.0,7755760.0,2079653.0,0.21144541667950292,0.0,1314659.0,0.0,0.0,1314659.0,9070419.0,0.0,14239.0,779233.0,0.0792272780004256,764994.0,0.07777955028426362,0.0,767084.0,0.07799204771573903,289778.0,477306.0,0.04852932967837751,0.06786,0.06786,7033732.0,7033732.0,https://www.sec.gov/Archives/edgar/data/65312/000091431714000203/form10q-134100_envi.htm,https://www.sec.gov/Archives/edgar/data/65312/000091431714000203/form10q-134100_envi.htm,1620591850,16:24:10,20210509
29,2013-09-30,EVI,USD,2013-11-12 00:00:00,2013-11-12 08:58:45,Q1,8493230.0,6397809.0,2095421.0,0.24671662017865995,0.0,1412216.0,0.0,0.0,1412216.0,7810025.0,0.0,14170.0,697375.0,0.08210951546113787,683205.0,0.08044112781591926,0.0,684406.0,0.08058253455987886,258635.0,425771.0,0.05013063345747142,0.060261,0.060261,7065500.0,7065500.0,https://www.sec.gov/Archives/edgar/data/65312/000091431713001412/0000914317-13-001412-index.html,https://www.sec.gov/Archives/edgar/data/65312/000091431713001412/form10q-132442_envi.htm,1620591850,16:24:10,20210509
30,2013-06-30,EVI,USD,2013-09-23 00:00:00,2013-09-23 09:24:10,Q4,16687067.0,12979651.0,3707416.0,0.22217301578521859,0.0,1976016.0,0.0,0.0,1976016.0,14955667.0,0.0,14188.0,1745588.0,0.10460723864775039,1731400.0,0.10375699935764625,0.0,1735397.0,0.1039965261720349,655040.0,1080357.0,0.06474217428383311,0.1529059514542495,0.1529059514542495,7065500.0,7065500.0,https://www.sec.gov/Archives/edgar/data/65312/000091431713001214/0000914317-13-001214-index.html,https://www.sec.gov/Archives/edgar/data/65312/000091431713001214/form10k-132410_envirostar.htm,1620591850,16:24:10,20210509
31,2013-03-31,EVI,USD,2013-05-13 00:00:00,2013-05-13 10:10:39,Q3,6580694.0,4969931.0,1610763.0,0.2447709922388125,0.0,1210462.0,0.0,0.0,1210462.0,6180393.0,0.0,14188.0,414489.0,0.06298560607741371,400301.0,0.06082960247049931,0.0,402178.0,0.06111483074581495,152291.0,249887.0,0.03797274269248806,0.035527,0.035527,7033732.0,7033732.0,https://www.sec.gov/Archives/edgar/data/65312/000091431713000631/0000914317-13-000631-index.html,https://www.sec.gov/Archives/edgar/data/65312/000091431713000631/form10q-130888_envi.htm,1620591850,16:24:10,20210509
32,2012-12-31,EVI,USD,2013-02-11 00:00:00,2013-02-11 10:00:29,Q2,6445709.0,4929170.0,1516539.0,0.2352788498518937,0.0,1319574.0,0.0,0.0,1319574.0,6248744.0,0.0,14718.0,211683.0,0.032840917888164047,196965.0,0.030557538356137393,0.0,202016.0,0.03134116045263601,76861.0,125155.0,0.019416793404728634,0.017714,0.017714,7065500.0,7065500.0,https://www.sec.gov/Archives/edgar/data/65312/000091431713000180/0000914317-13-000180-index.html,https://www.sec.gov/Archives/edgar/data/65312/000091431713000180/form10q-127586_envi.htm,1620591850,16:24:10,20210509
33,2012-09-30,EVI,USD,2012-11-13 00:00:00,2012-11-13 14:37:35,Q1,6513114.0,5115426.0,1397688.0,0.21459596745888374,0.0,1155264.0,0.0,0.0,1155264.0,6270690.0,0.0,14771.0,257195.0,0.039488791383046576,242424.0,0.03722090539179876,0.0,247023.0,0.03792701924148725,95184.0,151839.0,0.023312811659676153,0.02,0.02,7033732.0,7033732.0,https://www.sec.gov/Archives/edgar/data/65312/000091431712001505/0000914317-12-001505-index.html,https://www.sec.gov/Archives/edgar/data/65312/000091431712001505/form10q-125920_envi.htm,1620591850,16:24:10,20210509
34,2012-06-30,EVI,USD,2012-09-24 00:00:00,2012-09-24 15:27:31,Q4,6047480.0,4528646.0,1518834.0,0.2511515540357306,0.0,1220605.0,0.0,0.0,1220605.0,5749251.0,0.0,12557.0,310786.0,0.051390992611798636,298229.0,0.049314590540191945,0.0,305315.0,0.05048631826810506,116204.0,189111.0,0.03127104182237891,0.02688629592370025,0.02688629592370025,7033732.0,7033732.0,https://www.sec.gov/Archives/edgar/data/65312/000091431712001335/0000914317-12-001335-index.html,https://www.sec.gov/Archives/edgar/data/65312/000091431712001335/form10k-125354_envi.htm,1620591850,16:24:10,20210509
35,2012-03-31,EVI,USD,2012-05-14,2012-05-14 13:06:18,Q3,5119488.0,3862445.0,1257043.0,0.2455407650140014,0.0,1142810.0,0.0,0.0,1142810.0,5005255.0,0.0,12491.0,126724.0,0.024753256575657565,114233.0,0.022313364148914893,0.0,119320.0,0.02330701820182018,45636.0,73684.0,0.014392845534553455,0.01,0.01,7033732.0,7033732.0,https://www.sec.gov/Archives/edgar/data/65312/000091431712000658/form10q-123136_envi.htm,https://www.sec.gov/Archives/edgar/data/65312/000091431712000658/form10q-123136_envi.htm,1620591850,16:24:10,20210509
36,2011-12-31,EVI,USD,2012-02-13 00:00:00,2012-02-13 14:46:48,Q2,4982250.0,3748613.0,1233637.0,0.2476064027296904,0.0,1209766.0,0.0,0.0,1209766.0,4958379.0,0.0,12331.0,36202.0,0.0072661949922223894,23871.0,0.004791208791208791,0.0,27278.0,0.005475036379145968,11882.0,15396.0,0.003090170103868734,0.01,0.01,7033732.0,7033732.0,https://www.sec.gov/Archives/edgar/data/65312/000091431712000158/0000914317-12-000158-index.html,https://www.sec.gov/Archives/edgar/data/65312/000091431712000158/form10q-119622_envi.htm,1620591850,16:24:10,20210509
37,2011-09-30,EVI,USD,2011-11-14 00:00:00,2011-11-14 12:38:18,Q1,6307871.0,4787981.0,1519890.0,0.24095134475641622,0.0,1147485.0,0.0,0.0,1147485.0,5935466.0,0.0,12545.0,384950.0,0.061026929688321144,372405.0,0.05903814456573383,0.0,376282.0,0.0596527734952094,142784.0,233498.0,0.037016926947301236,0.03,0.03,7033732.0,7033732.0,https://www.sec.gov/Archives/edgar/data/65312/000091431711001492/0000914317-11-001492-index.html,https://www.sec.gov/Archives/edgar/data/65312/000091431711001492/form10q-118714_envi.htm,1620591850,16:24:10,20210509
38,2011-06-30,EVI,USD,2011-09-27 00:00:00,2011-09-27 14:40:38,Q4,6442898.0,4791461.0,1651437.0,0.25631897323223185,0.0,1175171.0,0.0,0.0,1175171.0,5966632.0,0.0,12680.0,488946.0,0.0758891418116506,476266.0,0.07392108333858459,0.0,481322.0,0.07470582337327085,183456.0,297866.0,0.04623168021595251,0.04234821571251222,0.04234821571251222,7033732.0,7033732.0,https://www.sec.gov/Archives/edgar/data/65312/000091068011000376/0000910680-11-000376-index.html,https://www.sec.gov/Archives/edgar/data/65312/000091068011000376/f10k06302011.htm,1620591850,16:24:10,20210509
39,2011-03-31,EVI,USD,2011-05-13 00:00:00,2011-05-13 13:20:05,Q3,4764570.0,3599500.0,1165070.0,0.2445278377692006,0.0,1022099.0,0.0,0.0,1022099.0,4621599.0,0.0,12829.0,155800.0,0.03269969797904113,142971.0,0.03000711501772458,0.0,147477.0,0.03095284569226604,55636.0,91841.0,0.019275821322805625,0.01,0.01,7033732.0,7033732.0,https://www.sec.gov/Archives/edgar/data/65312/000091068011000224/0000910680-11-000224-index.html,https://www.sec.gov/Archives/edgar/data/65312/000091068011000224/f10q-03312011.htm,1620591850,16:24:10,20210509
40,2010-12-31,EVI,USD,2011-02-14,2011-02-14 13:34:50,Q2,5264209.0,4054065.0,1210144.0,0.2298814503755455,0.0,1082547.0,0.0,0.0,1082547.0,5136612.0,0.0,15615.0,143212.0,0.027204846920021602,127597.0,0.024238589311328634,0.0,133366.0,0.02533448045090915,51252.0,82114.0,0.015598544814615074,0.01,0.01,7033732.0,7033732.0,https://www.sec.gov/Archives/edgar/data/65312/000091068011000064/f10q12312010.htm,https://www.sec.gov/Archives/edgar/data/65312/000091068011000064/f10q12312010.htm,1620591850,16:24:10,20210509
41,2010-09-30,EVI,USD,2010-11-12 00:00:00,2010-11-12 14:19:44,Q1,4854050.0,3570866.0,1283184.0,0.26435327200997105,0.0,1076541.0,0.0,0.0,1076541.0,4647407.0,0.0,14748.0,221391.0,0.04560954254694533,206643.0,0.042571254931449,0.0,212940.0,0.04386852216190604,80988.0,131952.0,0.027183897982097423,0.02,0.02,7033732.0,7033732.0,https://www.sec.gov/Archives/edgar/data/65312/000091068010000357/0000910680-10-000357-index.html,https://www.sec.gov/Archives/edgar/data/65312/000091068010000357/f10q09302010.htm,1620591850,16:24:10,20210509
42,2010-06-30,EVI,USD,2010-09-24 00:00:00,2010-09-24 16:11:20,Q4,5780630.0,4360990.0,1419640.0,0.2455856887571078,0.0,1106863.0,0.0,0.0,1106863.0,5467853.0,0.0,13565.0,326342.0,0.056454400298929355,312777.0,0.05410777026033495,0.0,317271.0,0.0548851941743374,119577.0,197694.0,0.034199386572051835,0.028106558509764092,0.028106558509764092,7033732.0,7033732.0,https://www.sec.gov/Archives/edgar/data/65312/000091068010000283/0000910680-10-000283-index.html,https://www.sec.gov/Archives/edgar/data/65312/000091068010000283/f10k06302010.htm,1620591850,16:24:10,20210509
43,2010-03-31,EVI,USD,2010-05-14 00:00:00,2010-05-14 15:16:13,Q3,4094643.0,2920269.0,1174374.0,0.28680742130632636,0.0,1069733.0,0.0,0.0,1069733.0,3990002.0,0.0,15535.0,120176.0,0.029349567227228358,104641.0,0.02555558567621158,0.0,106740.0,0.026068206678824014,40561.0,66179.0,0.016162336985177952,0.01,0.01,7033732.0,7033732.0,https://www.sec.gov/Archives/edgar/data/65312/000091068010000165/0000910680-10-000165-index.html,https://www.sec.gov/Archives/edgar/data/65312/000091068010000165/f10q03312010.htm,1620591850,16:24:10,20210509
44,2009-12-31,EVI,USD,2010-02-12 00:00:00,2010-02-12 14:15:34,Q2,6121661.0,4610239.0,1511422.0,0.24689736984782398,0.0,1157924.0,0.0,0.0,1157924.0,5768163.0,0.0,25478.0,378976.0,0.0619073810196285,353498.0,0.05774543869711178,0.0,356614.0,0.05825445087534249,135443.0,221171.0,0.03612924662113763,0.03,0.03,7033732.0,7033732.0,https://www.sec.gov/Archives/edgar/data/65312/000091068010000052/0000910680-10-000052-index.html,https://www.sec.gov/Archives/edgar/data/65312/000091068010000052/f10q12312009.htm,1620591850,16:24:10,20210509
45,2009-09-30,EVI,USD,2009-11-16 00:00:00,2009-11-16 15:32:15,Q1,3628272.0,2777666.0,850606.0,0.2344383221544581,0.0,967544.0,0.0,0.0,967544.0,3745210.0,0.0,20476.0,-96462.0,-0.026586209633676857,-116938.0,-0.03222966745602314,0.0,-113433.0,-0.03126364285808782,-42535.0,-70898.0,-0.019540431367879807,-0.01,-0.01,7033732.0,7033732.0,https://www.sec.gov/Archives/edgar/data/65312/000091068009000535/0000910680-09-000535-index.html,https://www.sec.gov/Archives/edgar/data/65312/000091068009000535/f10q09302009.htm,1620591850,16:24:10,20210509
46,2009-06-30,EVI,USD,2009-09-25 00:00:00,2009-09-25 17:14:15,Q4,5028123.0,3955104.0,1073019.0,0.21340349072606218,0.0,1062208.0,0.0,0.0,1062208.0,5017312.0,0.0,30718.0,41529.0,0.008259344490976057,10811.0,0.002150106510918687,0.0,15779.0,0.0031381491661997924,6985.0,8794.0,0.0017489627839255325,0.00125026088568629,0.00125026088568629,7033732.0,7033732.0,https://www.sec.gov/Archives/edgar/data/65312/000091068009000455/0000910680-09-000455-index.html,https://www.sec.gov/Archives/edgar/data/65312/000091068009000455/f10k06302009.htm,1620591850,16:24:10,20210509
47,2009-03-31,EVI,USD,2009-05-15 00:00:00,2009-05-15 12:42:43,Q3,5162829.0,3980982.0,1181847.0,0.22891461251186124,0.0,1057705.0,0.0,0.0,1057705.0,5038687.0,0.0,32490.0,156632.0,0.03033840555245971,124142.0,0.02404534413206403,0.0,135728.0,0.02628946261826607,52350.0,83378.0,0.01614967297967839,0.01,0.01,7033791.0,7033791.0,https://www.sec.gov/Archives/edgar/data/65312/000091068009000264/0000910680-09-000264-index.html,https://www.sec.gov/Archives/edgar/data/65312/000091068009000264/f10q-03312009.htm,1620591850,16:24:10,20210509
48,2008-12-31,EVI,USD,2009-02-17 00:00:00,2009-02-13 18:11:36,Q2,6213648.0,4635856.0,1577792.0,0.2539236210355012,0.0,1238524.0,0.0,0.0,1238524.0,5874380.0,0.0,32381.0,371649.0,0.05981172412727596,339268.0,0.05460045371092794,0.0,371053.0,0.05971580623813901,145363.0,225690.0,0.03632165838811597,0.03,0.03,7033875.0,7033875.0,https://www.sec.gov/Archives/edgar/data/65312/000091068009000081/0000910680-09-000081-index.html,https://www.sec.gov/Archives/edgar/data/65312/000091068009000081/f10q123108.htm,1620591850,16:24:10,20210509
49,2008-09-30,EVI,USD,2008-11-14 00:00:00,2008-11-14 13:10:52,Q1,6750817.0,5265620.0,1485197.0,0.22000255672757832,0.0,1181489.0,0.0,0.0,1181489.0,6447109.0,0.0,32630.0,336338.0,0.049821821566189695,303708.0,0.04498833252330792,0.0,329986.0,0.04888089841570287,120985.0,209001.0,0.03095936388143835,0.03,0.03,7033875.0,7033875.0,https://www.sec.gov/Archives/edgar/data/65312/000091068008000770/0000910680-08-000770-index.html,https://www.sec.gov/Archives/edgar/data/65312/000091068008000770/f10q09302008.htm,1620591850,16:24:10,20210509
50,2008-06-30,EVI,USD,2008-09-24,2008-09-24 17:01:30,Q4,7629431.0,5902540.0,1726891.0,0.22634597521099542,0.0,1385601.0,0.0,0.0,1385601.0,7288141.0,0.0,33110.0,374400.0,0.049073122228905405,341290.0,0.04473334905316006,0.0,374150.0,0.04904035438553674,140526.0,233624.0,0.030621418556639413,0.033214124504629385,0.033214124504629385,7033875.0,7033875.0,https://www.sec.gov/Archives/edgar/data/65312/000091068008000648/f10ksb063008.htm,https://www.sec.gov/Archives/edgar/data/65312/000091068008000648/f10ksb063008.htm,1620591850,16:24:10,20210509
51,2008-03-31,EVI,USD,2008-05-12,2008-05-12 17:24:51,Q3,4694188.0,3458501.0,1235687.0,0.26323764621272094,0.0,1149047.0,0.0,0.0,1149047.0,4607548.0,0.0,32682.0,119322.0,0.02541909271635478,86640.0,0.018456866235438376,0.0,119367.0,0.02542867903884548,43449.0,75918.0,0.016172765129986274,0.010792534360527626,0.010789689037858992,7034307.0,7036162.0,https://www.sec.gov/Archives/edgar/data/65312/000091068008000369/f10qsb03312008.htm,https://www.sec.gov/Archives/edgar/data/65312/000091068008000369/f10qsb03312008.htm,1620591850,16:24:10,20210509
52,2007-12-31,EVI,USD,2008-02-12,2008-02-12 16:05:08,Q2,5644880.0,4199947.0,1444933.0,0.2559723147347685,0.0,1209321.0,0.0,0.0,1209321.0,5409268.0,0.0,32012.0,267624.0,0.047410042374682895,235612.0,0.04173906265500772,0.0,284502.0,0.05040000850328085,105236.0,179266.0,0.031757273848159746,0.025484528895312643,0.025473570740506383,7034307.0,7037333.0,https://www.sec.gov/Archives/edgar/data/65312/000091068008000108/f10qsb123107.htm,https://www.sec.gov/Archives/edgar/data/65312/000091068008000108/f10qsb123107.htm,1620591850,16:24:10,20210509
53,2007-09-30,EVI,USD,2007-11-13,2007-11-13 17:26:54,Q1,4736644.0,3462795.0,1273849.0,0.2689349252339842,2640.0,1143516.0,0.0,0.0,1146156.0,4608951.0,0.0,34565.0,162258.0,0.03425589932450064,127693.0,0.02695853857710227,0.0,176572.0,0.03727787015448068,63528.0,113044.0,0.023865842567015804,0.0160703819153756,0.016062896576027146,7034307.0,7037585.0,https://www.sec.gov/Archives/edgar/data/65312/000091068007001034/f10qsb093007.htm,https://www.sec.gov/Archives/edgar/data/65312/000091068007001034/f10qsb093007.htm,1620591850,16:24:10,20210509
54,2007-06-30,EVI,USD,2007-09-27,2007-09-27 17:19:23,Q4,5311583.0,3883886.0,1427697.0,0.2687893609118035,9140.0,1112628.0,0.0,0.0,1121768.0,5005654.0,0.0,30773.0,336702.0,0.0633901418842556,305929.0,0.057596577140938965,0.0,354621.0,0.06676371243751628,126717.0,227904.0,0.042906982720593845,0.032398927143782605,0.032398927143782605,7034307.0,7034307.0,https://www.sec.gov/Archives/edgar/data/65312/000091068007000891/f10ksb063007_a.htm,https://www.sec.gov/Archives/edgar/data/65312/000091068007000891/f10ksb063007_a.htm,1620591850,16:24:10,20210509
55,2007-03-31,EVI,USD,2007-05-14,2007-05-14 17:00:39,Q3,5181944.0,3771022.0,1410922.0,0.2722765819159759,8695.0,1073952.0,0.0,0.0,1082647.0,4853669.0,0.0,29764.0,358039.0,0.06909356797371798,328275.0,0.06334977761241727,0.0,361797.0,0.06981877843527448,138669.0,223128.0,0.043058743977163784,0.03171975255727071,0.03170243742822203,7034355.0,7038197.0,https://www.sec.gov/Archives/edgar/data/65312/000091068007000406/f10qsb03312007.htm,https://www.sec.gov/Archives/edgar/data/65312/000091068007000406/f10qsb03312007.htm,1620591850,16:24:10,20210509
56,2006-12-31,EVI,USD,2007-02-13,2007-02-13 16:57:00,Q2,6342802.0,4797786.0,1545016.0,0.24358572126325242,13550.0,1180844.0,0.0,0.0,1194394.0,5992180.0,0.0,29733.0,380355.0,0.059966399707889355,350622.0,0.055278723819535906,0.0,393049.0,0.06196772341309093,149870.0,243179.0,0.03833936484222588,0.03456972471195332,0.03454967598357157,7034450.0,7038532.0,https://www.sec.gov/Archives/edgar/data/65312/000091068007000093/f10qsb12312006.htm,https://www.sec.gov/Archives/edgar/data/65312/000091068007000093/f10qsb12312006.htm,1620591850,16:24:10,20210509
57,2006-09-30,EVI,USD,2006-11-14,2006-11-14 14:38:08,Q1,5912198.0,4499939.0,1412259.0,0.23887207431144897,10525.0,1138629.0,0.0,0.0,1149154.0,5649093.0,0.0,30209.0,293314.0,0.04961166726824778,263105.0,0.04450206166978846,0.0,301257.0,0.05095516083865933,114478.0,186779.0,0.03159214221174595,0.03,0.026541,7034450.0,7037493.0,https://www.sec.gov/Archives/edgar/data/65312/000091068006001084/f10qsb09302006.htm,https://www.sec.gov/Archives/edgar/data/65312/000091068006001084/f10qsb09302006.htm,1620591850,16:24:10,20210509
58,2006-06-30,EVI,USD,2006-09-28,2006-09-28 14:40:23,Q4,6025151.0,4478263.0,1546888.0,0.25673846182444227,5625.0,1325649.0,0.0,0.0,1331274.0,5809537.0,0.0,40665.0,256279.0,0.042534867590870336,215614.0,0.035785659147795634,0.0,242996.0,0.040330275539982315,49828.0,193168.0,0.03206027533583806,0.02746028474152208,0.02746028474152208,7034450.0,7034450.0,https://www.sec.gov/Archives/edgar/data/65312/000091068006000960/f10ksb-06302006.htm,https://www.sec.gov/Archives/edgar/data/65312/000091068006000960/f10ksb-06302006.htm,1620591850,16:24:10,20210509
59,2006-03-31,EVI,USD,2006-03-31,2006-03-31,Q3,5697793.0,4283842.0,1413951.0,0.24815766385335514,13205.0,1057409.0,0.0,0.0,1070614.0,5354456.0,0.0,31413.0,374750.0,0.06577108013576485,343337.0,0.06025789283675276,0.0,370333.0,0.06499586769824738,140727.0,229606.0,0.04029735723989973,0.032686687213945576,0.03265041800970472,7024450.0,7032253.0,,,1620591850,16:24:10,20210509
60,2005-12-31,EVI,USD,2005-12-31,2005-12-31,Q2,5176896.0,3620321.0,1556575.0,0.3006772784309362,6350.0,1125814.0,0.0,0.0,1132164.0,4752485.0,0.0,39994.0,464405.0,0.08970722996946433,424411.0,0.08198175122699007,0.0,441202.0,0.08522520058351568,167657.0,273545.0,0.0528395780019533,0.04,0.038891,7024450.0,7033611.0,,,1620591850,16:24:10,20210509
61,2005-09-30,EVI,USD,2005-09-30,2005-09-30,Q1,3434300.0,2315206.0,1119094.0,0.32585796232128816,2625.0,947097.0,0.0,0.0,949722.0,3264928.0,0.0,30381.0,199753.0,0.05816410913432141,169372.0,0.04931776490114434,302897.0,173646.0,0.05056226887575343,65985.0,107661.0,0.03134874646944064,0.02,0.015313,7024450.0,7030686.0,,,1620591850,16:24:10,20210509
62,2005-06-30,EVI,USD,2005-06-30,2005-06-30,Q4,4595649.0,3321437.0,1274212.0,0.2772648650930478,10575.0,1019015.0,0.0,0.0,1029590.0,4351027.0,0.0,31381.0,276003.0,0.060057458696258136,244622.0,0.05322904338429676,0.0,246563.0,0.05365139939973658,72948.0,173615.0,0.03777812448252684,0.024715814049498536,0.024715814049498536,7024450.0,7024450.0,,,1620591850,16:24:10,20210509
63,2005-03-31,EVI,USD,2005-03-31,2005-03-31,Q3,4418565.0,3127459.0,1291106.0,0.2922002957973912,18925.0,1009418.0,0.0,0.0,1028343.0,4155802.0,0.0,29755.0,292518.0,0.06620203618142995,262763.0,0.05946794943607257,163589.0,265077.0,0.05999164887242804,106031.0,159046.0,0.03599494405989275,0.02264177266547559,0.02258625275625249,7024450.0,7041717.0,,,1620591850,16:24:10,20210509
64,2004-12-31,EVI,USD,2004-12-31,2004-12-31,Q2,5142223.0,3632595.0,1509628.0,0.29357497720343906,7775.0,1069425.0,0.0,0.0,1077200.0,4709795.0,0.0,29042.0,461470.0,0.08974134338398004,432428.0,0.08409359142923206,296893.0,435106.0,0.08461437786731536,174043.0,261063.0,0.05076851003933513,0.04,0.037095,7024450.0,7037722.0,,,1620591850,16:24:10,20210509
65,2004-09-30,EVI,USD,2004-09-30,2004-09-30,Q1,4232571.0,3075936.0,1156635.0,0.2732700762727902,7550.0,965280.0,0.0,0.0,972830.0,4048766.0,0.0,29064.0,212869.0,0.05029307246115895,183805.0,0.04342632409474052,187398.0,187563.0,0.04431420051784128,75025.0,112538.0,0.02658856756330845,0.02,0.016005,7019232.0,7031385.0,,,1620591850,16:24:10,20210509
66,2004-06-30,EVI,USD,2004-06-30,2004-06-30,Q4,3669390.0,2528878.0,1140512.0,0.31081787436058855,8250.0,897632.0,0.0,0.0,905882.0,3434760.0,0.0,28135.0,262765.0,0.07160999512180499,234630.0,0.06394250815530647,0.0,239004.0,0.06513453189767236,71565.0,167439.0,0.04563129021444981,0.0238543191049961,0.0238543191049961,7019232.0,7019232.0,,,1620591850,16:24:10,20210509
67,2004-03-31,EVI,USD,2004-03-31,2004-03-31,Q3,3561703.0,2459083.0,1102620.0,0.30957662668672825,14059.0,946247.0,0.0,0.0,960306.0,3419389.0,0.0,28891.0,171205.0,0.0480682976654707,142314.0,0.03995672856495895,170539.0,149211.0,0.041893161782439466,59680.0,89531.0,0.025137132433557766,0.012763794738005117,0.012737924644912798,7014450.0,7028696.0,,,1620591850,16:24:10,20210509
68,2003-12-31,EVI,USD,2003-12-31,2003-12-31,Q2,4141311.0,2901937.0,1239374.0,0.2992709313548294,9325.0,906840.0,0.0,0.0,916165.0,3818102.0,0.0,28865.0,352074.0,0.0850151075347879,323209.0,0.07804509248399842,147563.0,326813.0,0.07891534830395495,130725.0,196088.0,0.047349257276258654,0.03,0.027716,7011515.0,7074872.0,,,1620591850,16:24:10,20210509
69,2003-09-30,EVI,USD,2003-09-30,2003-09-30,Q1,3299861.0,2247725.0,1052136.0,0.3188425209425488,9550.0,912922.0,0.0,0.0,922472.0,3170197.0,0.0,29055.0,158719.0,0.04809869264190219,129664.0,0.039293776313608364,184580.0,138599.0,0.042001466122360914,55440.0,83159.0,0.025200758456189517,0.01,0.01,6996450.0,6996450.0,,,1620591850,16:24:10,20210509
70,2003-06-30,EVI,USD,2003-06-30,2003-06-30,Q4,3842653.0,2430985.0,1411668.0,0.3673680657608168,10000.0,970826.0,0.0,0.0,980826.0,3411811.0,0.0,22422.0,453264.0,0.1179560059157046,430842.0,0.11212097475364026,453631.0,437254.0,0.11378961358207468,156901.0,298036.0,0.07755995662371803,0.04259817478864281,0.04259817478864281,6996450.0,6996450.0,,,1620591850,16:24:10,20210509
71,2003-03-31,EVI,USD,2003-03-31,2003-03-31,Q3,3193157.0,2179540.0,1013617.0,0.3174341255378298,13565.0,871743.0,0.0,0.0,885308.0,3064848.0,0.0,28267.0,156576.0,0.049034857979109704,128309.0,0.040182490243981114,95023.0,129379.0,0.04051758181636543,51752.0,77627.0,0.024310423821941735,0.01,0.01,6996450.0,6996450.0,,,1620591850,16:24:10,20210509
72,2002-12-31,EVI,USD,2002-12-31,2002-12-31,Q2,3469965.0,2511583.0,958382.0,0.27619356391202793,8175.0,946507.0,0.0,0.0,954682.0,3466265.0,0.0,28531.0,32231.0,0.009288566311187577,3700.0,0.001066293175867768,134281.0,7944.0,0.002289360267322581,3178.0,44742.0,0.012894078182344778,0.01,0.01,6996450.0,6996450.0,,,1620591850,16:24:10,20210509
73,2002-09-30,EVI,USD,2002-09-30,2002-09-30,Q1,3807075.0,2554866.0,1252209.0,0.32891629400524025,12269.0,926731.0,0.0,0.0,939000.0,3493866.0,0.0,35721.0,348930.0,0.09165304072023797,313209.0,0.0822702468430488,216770.0,305646.0,0.08028368235456354,122258.0,183388.0,0.04817031448027685,0.03,0.026212,6996450.0,6996450.0,,,1620591850,16:24:10,20210509
74,2002-06-30,EVI,USD,2002-10-01,2002-10-01,Q4,1418586.0,1420931.0,-2345.0,-0.001653054520487302,-10323.0,620355.0,0.0,0.0,-348314.0,1072617.0,0.0,-12791.0,333178.0,0.23486626824175622,345969.0,0.24388299334689614,0.0,337385.0,0.2378318973964215,120011.0,-542614.0,-0.3825034224220456,-0.07755561749172794,-0.07755561749172794,6996450.0,6996450.0,https://www.sec.gov/Archives/edgar/data/65312/000091068002000841/0000910680-02-000841-index.htm,https://www.sec.gov/Archives/edgar/data/65312/000091068002000841/f857294_5.txt,1620591850,16:24:10,20210509
75,2002-03-31,EVI,USD,2002-03-31,2002-03-31,Q3,3782462.0,2593245.0,1189217.0,0.31440289419959805,7400.0,961866.0,0.0,0.0,969266.0,3562511.0,0.0,43110.0,263061.0,0.06954755923522828,219951.0,0.05815022067637428,0.0,213629.0,0.056478822523530973,85451.0,128178.0,0.03388745214096004,0.02,0.02,6996450.0,6996450.0,,,1620591850,16:24:10,20210509
76,2001-12-31,EVI,USD,2001-12-31,2001-12-31,Q2,4086664.0,2662132.0,1424532.0,0.3485806516023828,13136.0,1091467.0,0.0,0.0,1104603.0,3766735.0,0.0,42979.0,362908.0,0.08880299432495552,319929.0,0.07828610328620117,287190.0,307209.0,0.07517354008061343,122883.0,184326.0,0.04510427086738719,0.03,0.03,7000303.0,7000303.0,,,1620591850,16:24:10,20210509
77,2001-09-30,EVI,USD,2001-11-14,2001-11-14,Q1,4042443.0,2991322.0,1051121.0,0.26002122973657266,21286.0,1097519.0,0.0,0.0,1118805.0,4110127.0,0.0,39804.0,-27880.0,-0.0068968195717292735,-67684.0,-0.0167433405987419,219329.0,-83166.0,-0.020573202887461863,-33266.0,-49900.0,-0.01234402068254271,-0.01,-0.01,7001250.0,7001250.0,https://www.sec.gov/Archives/edgar/data/65312/000091068001500661/0000910680-01-500661-index.htm,https://www.sec.gov/Archives/edgar/data/65312/000091068001500661/d10q093001.txt,1620591850,16:24:10,20210509
78,2001-06-30,EVI,USD,2001-06-30,2001-06-30,Q4,3746755.0,3666934.0,79821.0,0.021304035091699352,84634.0,1256945.0,0.0,0.0,-4955612.0,-1288678.0,0.0,104734.0,5140167.0,1.3718983493716563,5035433.0,1.3439450938211865,112147.0,-510161.0,-0.13616075777572859,-207453.0,-302708.0,-0.08079204538327166,-0.043236279235850744,-0.043236279235850744,7001250.0,7001250.0,,,1620591850,16:24:10,20210509
79,2001-03-31,EVI,USD,2001-03-31,2001-03-31,Q3,4733415.0,3451341.0,1282074.0,0.27085603100509886,33554.0,1079910.0,0.0,0.0,1113464.0,4564805.0,0.0,40664.0,209274.0,0.04421205408779919,168610.0,0.03562121639450587,119574.0,137952.0,0.029144285890842024,55181.0,82771.0,0.017486529281713098,0.011822317443313694,0.011740765553347639,7001250.0,7049881.0,,,1620591850,16:24:10,20210509
80,2000-12-31,EVI,USD,2000-12-31,2000-12-31,Q2,4557183.0,3162964.0,1394219.0,0.30593877840762596,32850.0,1205317.0,0.0,0.0,1238167.0,4401131.0,0.0,39090.0,195142.0,0.042820751328177954,156052.0,0.03424308394023238,0.0,125199.0,0.02747289279364028,50080.0,75119.0,0.016483647902662674,0.01072936975540082,0.010495565801939945,7001250.0,7157213.0,,,1620591850,16:24:10,20210509
81,2000-09-30,EVI,USD,2000-09-30,2000-09-30,Q1,4915351.0,3253127.0,1662224.0,0.33816994961295743,26672.0,1165522.0,0.0,0.0,1192194.0,4445321.0,0.0,38701.0,508731.0,0.10349840733652592,470030.0,0.09562491061167351,0.0,445482.0,0.09063076065168083,178200.0,267282.0,0.05437699159225862,0.03817632565613283,0.036851965625679044,7001250.0,7252856.0,,,1620591850,16:24:10,20210509
82,2000-06-30,EVI,USD,2000-06-30,2000-06-30,Q4,4721560.0,3475898.0,1245662.0,0.2638242445293505,32682.0,1155821.0,0.0,0.0,1229307.0,4705205.0,0.0,40804.0,57159.0,0.012105956505900592,16355.0,0.0034638975253941493,494553.0,486017.0,0.10293568227450249,146627.0,339390.0,0.07188090376909327,0.048475629351901445,0.048475629351901445,7001250.0,7001250.0,,,1620591850,16:24:10,20210509
83,2000-03-31,EVI,USD,2000-03-31,2000-03-31,Q3,5085375.0,3535857.0,1549518.0,0.30470083327188263,69716.0,1127686.0,0.0,0.0,1233053.0,4768910.0,0.0,-1771.0,314694.0,0.0618821620824423,316465.0,0.06223041565272964,182589.0,464820.0,0.09140328884300568,185928.0,278892.0,0.054841973305803406,0.04008028934516356,0.03752938417075781,6958333.0,7431297.0,,,1620591850,16:24:10,20210509
84,1999-12-31,EVI,USD,1999-12-31,1999-12-31,Q2,4300000.0,2700000.0,1600000.0,0.37209302325581395,100000.0,1100000.0,0.0,0.0,1300000.0,4000000.0,0.0,0.0,400000.0,0.09302325581395349,300000.0,0.06976744186046512,0.0,300000.0,0.06976744186046512,100000.0,200000.0,0.046511627906976744,0.028825367707199987,0.027342728385949172,6938333.0,7314559.0,,,1620591850,16:24:10,20210509
85,1999-09-30,EVI,USD,1999-09-30,1999-09-30,Q1,4600000.0,3300000.0,1300000.0,0.2826086956521739,100000.0,1000000.0,0.0,0.0,1100000.0,4400000.0,0.0,0.0,200000.0,0.043478260869565216,200000.0,0.043478260869565216,0.0,300000.0,0.06521739130434782,100000.0,200000.0,0.043478260869565216,0.03,0.03,6666667.0,6666667.0,,,1620591850,16:24:10,20210509
86,1999-06-30,EVI,USD,1999-06-30,1999-06-30,Q4,4640000.0,3200000.0,1430000.0,0.3081896551724138,70000.0,1100000.0,0.0,0.0,1170000.0,4370000.0,-30000.0,20000.000000000004,280000.0,0.0603448275862069,260000.0,0.05603448275862069,-260000.0,-30000.0,-0.00646551724137931,20000.0,-50000.0,-0.010775862068965518,-0.00724,-0.00724,6910000.0,6910000.0,,,1620591850,16:24:10,20210509
87,1999-03-31,EVI,USD,1999-03-31,1999-03-31,Q3,4950000.0,3560000.0,1390000.0,0.2808080808080808,60000.0,920000.0,0.0,0.0,989999.9999999998,4550000.0,-30000.0,9999.999999999998,410000.0,0.08282828282828283,400000.0,0.08080808080808081,0.0,370000.0,0.07474747474747474,150000.0,220000.0,0.044444444444444446,0.02985,0.02985,7370000.0,7370000.0,,,1620591850,16:24:10,20210509
88,1998-12-31,EVI,USD,1998-12-31,1998-12-31,Q2,5300000.0,3800000.0,1500000.0,0.2830188679245283,0.0,1000000.0,0.0,0.0,1000000.0,4800000.0,0.0,0.0,500000.0,0.09433962264150944,500000.0,0.09433962264150944,0.0,400000.0,0.07547169811320754,100000.0,300000.0,0.05660377358490566,0.146053,0.146053,6666667.0,6666667.0,,,1620591850,16:24:10,20210509
89,1998-09-30,EVI,USD,1998-09-30,1998-09-30,Q1,1000000.0,600000.0,400000.0,0.4,100000.0,300000.0,0.0,0.0,400000.0,1000000.0,0.0,0.0,0.0,0.0,0.0,0.0,0.0,0.0,0.0,0.0,0.0,0.0,0.0,0.0,2054046.0,2054046.0,,,1620591850,16:24:10,20210509
90,1998-06-30,EVI,USD,1998-09-28,1998-09-28,Q4,1039077.0,870561.0,168516.0,0.16217854884671684,28755.0,0.0,0.0,0.0,278367.0,1148928.0,0.0,174012.0,64161.0,0.061748070643465304,-109851.0,-0.10571978785017858,0.0,0.0,0.0,0.0,0.0,0.0,0.0,0.0,0.0,0.0,https://www.sec.gov/Archives/edgar/data/65312/0000910680-98-000352-index.html,https://www.sec.gov/Archives/edgar/data/65312/,1620591850,16:24:10,20210509
91,1998-03-31,EVI,USD,1998-05-14,1998-05-14,Q3,800000.0,500000.0,300000.0,0.375,100000.0,0.0,0.0,0.0,400000.0,900000.0,0.0,0.0,-100000.0,-0.125,-100000.0,-0.125,0.0,0.0,0.0,0.0,-100000.0,-0.125,-0.048684,-0.048684,6666667.0,6666667.0,https://www.sec.gov/Archives/edgar/data/65312/0000065312-98-000005-index.html,https://www.sec.gov/Archives/edgar/data/65312/,1620591850,16:24:10,20210509
92,1997-12-31,EVI,USD,1997-12-31,1997-12-31,Q2,1000000.0,600000.0,400000.0,0.4,100000.0,0.0,0.0,0.0,400000.0,1000000.0,0.0,0.0,0.0,0.0,0.0,0.0,0.0,0.0,0.0,0.0,0.0,0.0,0.0,0.0,0.0,0.0,,,1620591850,16:24:10,20210509
93,1997-09-30,EVI,USD,1997-11-12,1997-11-12,Q1,1000000.0,600000.0,400000.0,0.4,100000.0,0.0,0.0,0.0,400000.0,1000000.0,0.0,0.0,0.0,0.0,0.0,0.0,0.0,0.0,0.0,0.0,0.0,0.0,0.0,0.0,2054046.0,2054046.0,https://www.sec.gov/Archives/edgar/data/65312/0000065312-97-000006-index.html,https://www.sec.gov/Archives/edgar/data/65312/,1620591850,16:24:10,20210509
94,1997-06-30,EVI,USD,1997-06-30,1997-06-30,Q4,1082818.0,613529.0,469289.0,0.4333960093016555,38061.0,0.0,0.0,0.0,350422.0,963951.0,0.0,0.0,118867.0,0.10977560402579196,118867.0,0.10977560402579196,0.0,0.0,0.0,0.0,0.0,0.0,0.0,0.0,0.0,0.0,,,1620591850,16:24:10,20210509
95,1997-03-31,EVI,USD,1997-03-31,1997-03-31,Q3,1100000.0,600000.0,500000.0,0.45454545454545453,100000.0,0.0,0.0,0.0,400000.0,1000000.0,0.0,0.0,100000.0,0.09090909090909091,100000.0,0.09090909090909091,0.0,0.0,0.0,0.0,0.0,0.0,0.0,0.0,0.0,0.0,,,1620591850,16:24:10,20210509
96,1996-12-31,EVI,USD,1996-12-31,1996-12-31,Q2,700000.0,500000.0,200000.0,0.2857142857142857,100000.0,0.0,0.0,0.0,400000.0,900000.0,0.0,0.0,-200000.0,-0.2857142857142857,-200000.0,-0.2857142857142857,0.0,-200000.0,-0.2857142857142857,-100000.0,-100000.0,-0.14285714285714285,-0.049899,-0.049899,6666667.0,6666667.0,,,1620591850,16:24:10,20210509
97,1996-09-30,EVI,USD,1996-09-30,1996-09-30,Q1,1000000.0,600000.0,400000.0,0.4,100000.0,0.0,0.0,0.0,300000.0,900000.0,0.0,0.0,100000.0,0.1,100000.0,0.1,0.0,0.0,0.0,0.0,0.0,0.0,0.0,0.0,2004046.0,2004046.0,,,1620591850,16:24:10,20210509
98,1996-06-30,EVI,USD,1996-06-30,1996-06-30,Q4,1228556.0,838168.0,390388.0,0.3177616649139315,0.0,0.0,0.0,0.0,232912.0,1071080.0,0.0,172158.0,329634.0,0.2683101136618925,157476.0,0.12817974923406014,0.0,0.0,0.0,0.0,24472.0,0.01991931991704082,0.0,0.0,0.0,0.0,,,1620591850,16:24:10,20210509
99,1996-03-31,EVI,USD,1996-03-31,1996-03-31,Q3,1100000.0,700000.0,400000.0,0.36363636363636365,0.0,0.0,0.0,0.0,300000.0,1000000.0,0.0,0.0,100000.0,0.09090909090909091,100000.0,0.09090909090909091,0.0,0.0,0.0,0.0,0.0,0.0,0.0,0.0,0.0,0.0,,,1620591850,16:24:10,20210509
100,1995-12-31,EVI,USD,1995-12-31,1995-12-31,Q2,1000000.0,600000.0,400000.0,0.4,0.0,0.0,0.0,0.0,300000.0,900000.0,0.0,0.0,100000.0,0.1,100000.0,0.1,0.0,0.0,0.0,0.0,0.0,0.0,0.0,0.0,0.0,0.0,,,1620591850,16:24:10,20210509
101,1995-09-30,EVI,USD,1995-09-30,1995-09-30,Q1,900000.0,600000.0,300000.0,0.3333333333333333,0.0,0.0,0.0,0.0,400000.0,1000000.0,0.0,0.0,-100000.0,-0.1111111111111111,-100000.0,-0.1111111111111111,0.0,0.0,0.0,0.0,0.0,0.0,0.0,0.0,0.0,0.0,,,1620591850,16:24:10,20210509
102,1995-06-30,EVI,USD,1995-06-30,1995-06-30,Q4,1000000.0,0.0,0.0,0.0,0.0,0.0,0.0,0.0,0.0,0.0,0.0,0.0,-3100000.0,-3.1,-3100000.0,-3.1,0.0,0.0,0.0,0.0,0.0,0.0,0.0,0.0,0.0,0.0,,,1620591850,16:24:10,20210509
103,1995-03-31,EVI,USD,1995-03-31,1995-03-31,Q3,1100000.0,0.0,0.0,0.0,0.0,0.0,0.0,0.0,0.0,0.0,0.0,0.0,1100000.0,1.0,1100000.0,1.0,0.0,0.0,0.0,0.0,0.0,0.0,0.0,0.0,0.0,0.0,,,1620591850,16:24:10,20210509
104,1994-12-31,EVI,USD,1994-12-31,1994-12-31,Q2,1000000.0,600000.0,400000.0,0.4,0.0,0.0,0.0,0.0,400000.0,1000000.0,0.0,0.0,0.0,0.0,0.0,0.0,0.0,0.0,0.0,0.0,0.0,0.0,0.0,0.0,0.0,0.0,,,1620591850,16:24:10,20210509
105,1994-09-30,EVI,USD,1994-09-30,1994-09-30,Q1,1100000.0,700000.0,400000.0,0.36363636363636365,0.0,0.0,0.0,0.0,300000.0,1000000.0,0.0,0.0,100000.0,0.09090909090909091,100000.0,0.09090909090909091,0.0,0.0,0.0,0.0,100000.0,0.09090909090909091,0.015,0.015,6666667.0,6666667.0,,,1620591850,16:24:10,20210509
106,1994-06-30,EVI,USD,1994-06-30,1994-06-30,Q4,1000000.0,600000.0,400000.0,0.4,0.0,0.0,0.0,0.0,500000.0,1100000.0,0.0,0.0,-100000.0,-0.1,-100000.0,-0.1,0.0,0.0,0.0,0.0,0.0,0.0,0.0,0.0,6666667.0,6666667.0,,,1620591850,16:24:10,20210509
107,1994-03-31,EVI,USD,1994-03-31,1994-03-31,Q3,1100000.0,700000.0,400000.0,0.36363636363636365,0.0,0.0,0.0,0.0,400000.0,1100000.0,0.0,0.0,0.0,0.0,0.0,0.0,0.0,0.0,0.0,0.0,0.0,0.0,0.0,0.0,6666667.0,6666667.0,,,1620591850,16:24:10,20210509
108,1993-12-31,EVI,USD,1993-12-31,1993-12-31,Q2,900000.0,600000.0,300000.0,0.3333333333333333,0.0,0.0,0.0,0.0,300000.0,900000.0,0.0,0.0,0.0,0.0,0.0,0.0,0.0,0.0,0.0,0.0,0.0,0.0,0.0,0.0,6666667.0,6666667.0,,,1620591850,16:24:10,20210509
109,1993-09-30,EVI,USD,1993-09-30,1993-09-30,Q1,1100000.0,600000.0,500000.0,0.45454545454545453,0.0,0.0,0.0,0.0,400000.0,1000000.0,0.0,0.0,100000.0,0.09090909090909091,100000.0,0.09090909090909091,0.0,0.0,0.0,0.0,0.0,0.0,0.0,0.0,6666667.0,6666667.0,,,1620591850,16:24:10,20210509
110,1993-06-30,EVI,USD,1993-06-30,1993-06-30,Q4,1200000.0,700000.0,500000.0,0.4166666666666667,0.0,0.0,0.0,0.0,200000.0,900000.0,0.0,0.0,300000.0,0.25,300000.0,0.25,0.0,500000.0,0.4166666666666667,200000.0,300000.0,0.25,0.04499999775000011,0.04499999775000011,6666667.0,6666667.0,,,1620591850,16:24:10,20210509
111,1993-03-31,EVI,USD,1993-03-31,1993-03-31,Q3,1100000.0,600000.0,500000.0,0.45454545454545453,0.0,0.0,0.0,0.0,400000.0,1000000.0,0.0,0.0,100000.0,0.09090909090909091,100000.0,0.09090909090909091,0.0,0.0,0.0,0.0,0.0,0.0,0.0,0.0,6666667.0,6666667.0,,,1620591850,16:24:10,20210509
112,1992-12-31,EVI,USD,1992-12-31,1992-12-31,Q2,1100000.0,700000.0,400000.0,0.36363636363636365,0.0,0.0,0.0,0.0,400000.0,1100000.0,0.0,0.0,0.0,0.0,0.0,0.0,0.0,0.0,0.0,0.0,0.0,0.0,0.0,0.0,6666667.0,6666667.0,,,1620591850,16:24:10,20210509
113,1992-09-30,EVI,USD,1992-09-30,1992-09-30,Q1,1200000.0,700000.0,500000.0,0.4166666666666667,0.0,0.0,0.0,0.0,500000.0,1200000.0,0.0,0.0,100000.0,0.08333333333333333,0.0,0.0,-100000.0,0.0,0.0,0.0,100000.0,0.08333333333333333,0.015,0.015,6666667.0,6666667.0,,,1620591850,16:24:10,20210509
114,1992-06-30,EVI,USD,1992-06-30,1992-06-30,Q4,1200000.0,600000.0,600000.0,0.5,0.0,0.0,0.0,0.0,500000.0,1100000.0,0.0,100000.0,200000.0,0.16666666666666666,100000.0,0.08333333333333333,0.0,0.0,0.0,0.0,0.0,0.0,0.0,0.0,6666667.0,6666667.0,,,1620591850,16:24:10,20210509
115,1992-03-31,EVI,USD,1992-03-31,1992-03-31,Q3,1200000.0,700000.0,500000.0,0.4166666666666667,0.0,0.0,0.0,0.0,400000.0,1100000.0,0.0,0.0,100000.0,0.08333333333333333,100000.0,0.08333333333333333,0.0,0.0,0.0,0.0,0.0,0.0,0.0,0.0,6666667.0,6666667.0,,,1620591850,16:24:10,20210509
116,1991-12-31,EVI,USD,1991-12-31,1991-12-31,Q2,1100000.0,700000.0,400000.0,0.36363636363636365,0.0,0.0,0.0,0.0,400000.0,1100000.0,0.0,0.0,0.0,0.0,0.0,0.0,0.0,0.0,0.0,0.0,0.0,0.0,0.0,0.0,6666667.0,6666667.0,,,1620591850,16:24:10,20210509
117,1991-09-30,EVI,USD,1991-09-30,1991-09-30,Q1,1000000.0,600000.0,400000.0,0.4,0.0,0.0,0.0,0.0,400000.0,1000000.0,0.0,0.0,0.0,0.0,0.0,0.0,0.0,0.0,0.0,0.0,0.0,0.0,0.0,0.0,6666667.0,6666667.0,,,1620591850,16:24:10,20210509
118,1991-06-30,EVI,USD,1991-06-30,1991-06-30,Q4,900000.0,700000.0,200000.0,0.2222222222222222,0.0,0.0,0.0,0.0,700000.0,1400000.0,0.0,0.0,-500000.0,-0.5555555555555556,-500000.0,-0.5555555555555556,0.0,0.0,0.0,0.0,-200000.0,-0.2222222222222222,-0.029999998500000076,-0.029999998500000076,6666667.0,6666667.0,,,1620591850,16:24:10,20210509
119,1991-03-31,EVI,USD,1991-03-31,1991-03-31,Q3,1200000.0,800000.0,400000.0,0.3333333333333333,0.0,0.0,0.0,0.0,400000.0,1200000.0,0.0,0.0,-300000.0,-0.25,0.0,0.25,300000.0,300000.0,0.25,100000.0,200000.0,0.16666666666666666,0.03,0.03,6666667.0,6666667.0,,,1620591850,16:24:10,20210509
120,1990-12-31,EVI,USD,1990-12-31,1990-12-31,Q2,1300000.0,0.0,0.0,0.0,0.0,0.0,0.0,0.0,0.0,0.0,0.0,0.0,1300000.0,1.0,1300000.0,1.0,0.0,0.0,0.0,0.0,0.0,0.0,0.0,0.0,6666667.0,6666667.0,,,1620591850,16:24:10,20210509
121,1990-09-30,EVI,USD,1990-09-30,1990-09-30,Q1,1200000.0,0.0,0.0,0.0,0.0,0.0,0.0,0.0,0.0,0.0,0.0,0.0,1200000.0,1.0,1200000.0,1.0,0.0,0.0,0.0,0.0,-200000.0,-0.16666666666666666,-0.03,-0.03,6666667.0,6666667.0,,,1620591850,16:24:10,20210509
122,1990-06-30,EVI,USD,1990-06-30,1990-06-30,Q4,1100000.0,0.0,0.0,0.0,0.0,0.0,0.0,0.0,0.0,0.0,0.0,0.0,-4000000.0,-3.6363636363636362,-4000000.0,-3.6363636363636362,0.0,0.0,0.0,0.0,-200000.0,-0.18181818181818182,-0.029999998500000076,-0.029999998500000076,6666667.0,6666667.0,,,1620591850,16:24:10,20210509
123,1990-03-31,EVI,USD,1990-03-31,1990-03-31,Q3,1400000.0,0.0,0.0,0.0,0.0,0.0,0.0,0.0,0.0,0.0,0.0,0.0,1400000.0,1.0,1400000.0,1.0,0.0,0.0,0.0,0.0,0.0,0.0,0.0,0.0,6666667.0,6666667.0,,,1620591850,16:24:10,20210509
124,1989-12-31,EVI,USD,1989-12-31,1989-12-31,Q2,1300000.0,0.0,0.0,0.0,0.0,0.0,0.0,0.0,0.0,0.0,0.0,0.0,1300000.0,1.0,1300000.0,1.0,0.0,0.0,0.0,0.0,0.0,0.0,0.0,0.0,6666667.0,6666667.0,,,1620591850,16:24:10,20210509
125,1989-09-30,EVI,USD,1989-09-30,1989-09-30,Q1,1200000.0,0.0,0.0,0.0,0.0,0.0,0.0,0.0,0.0,0.0,0.0,0.0,1200000.0,1.0,1200000.0,1.0,0.0,0.0,0.0,0.0,0.0,0.0,0.0,0.0,6666667.0,6666667.0,,,1620591850,16:24:10,20210509
126,1989-06-30,EVI,USD,1989-06-30,1989-06-30,Q4,1100000.0,0.0,0.0,0.0,0.0,0.0,0.0,0.0,0.0,0.0,0.0,0.0,-4000000.0,-3.6363636363636362,-4000000.0,-3.6363636363636362,0.0,0.0,0.0,0.0,0.0,0.0,0.0,0.0,6666667.0,6666667.0,,,1620591850,16:24:10,20210509
127,1989-03-31,EVI,USD,1989-03-31,1989-03-31,Q3,1300000.0,0.0,0.0,0.0,0.0,0.0,0.0,0.0,0.0,0.0,0.0,0.0,1300000.0,1.0,1300000.0,1.0,0.0,0.0,0.0,0.0,0.0,0.0,0.0,0.0,6666667.0,6666667.0,,,1620591850,16:24:10,20210509
128,1988-12-31,EVI,USD,1988-12-31,1988-12-31,Q2,1600000.0,0.0,0.0,0.0,0.0,0.0,0.0,0.0,0.0,0.0,0.0,0.0,1600000.0,1.0,1600000.0,1.0,0.0,0.0,0.0,0.0,100000.0,0.0625,0.015,0.015,6666667.0,6666667.0,,,1620591850,16:24:10,20210509
129,1988-09-30,EVI,USD,1988-09-30,1988-09-30,Q1,1300000.0,0.0,0.0,0.0,0.0,0.0,0.0,0.0,0.0,0.0,0.0,0.0,1300000.0,1.0,1300000.0,1.0,0.0,0.0,0.0,0.0,0.0,0.0,0.0,0.0,6666667.0,6666667.0,,,1620591850,16:24:10,20210509
130,1988-06-30,EVI,USD,1988-06-30,1988-06-30,Q4,1600000.0,0.0,0.0,0.0,0.0,0.0,0.0,0.0,0.0,0.0,0.0,0.0,-4400000.0,-2.75,-4400000.0,-2.75,0.0,0.0,0.0,0.0,0.0,0.0,0.0,0.0,6666667.0,6666667.0,,,1620591850,16:24:10,20210509
131,1988-03-31,EVI,USD,1988-03-31,1988-03-31,Q3,1300000.0,0.0,0.0,0.0,0.0,0.0,0.0,0.0,0.0,0.0,0.0,0.0,1300000.0,1.0,1300000.0,1.0,0.0,0.0,0.0,0.0,-100000.0,-0.07692307692307693,-0.015,-0.015,6666667.0,6666667.0,,,1620591850,16:24:10,20210509
132,1987-12-31,EVI,USD,1987-12-31,1987-12-31,Q2,1700000.0,0.0,0.0,0.0,0.0,0.0,0.0,0.0,0.0,0.0,0.0,0.0,1700000.0,1.0,1700000.0,1.0,0.0,0.0,0.0,0.0,100000.0,0.058823529411764705,0.015,0.015,6666667.0,6666667.0,,,1620591850,16:24:10,20210509
133,1987-09-30,EVI,USD,1987-09-30,1987-09-30,Q1,1700000.0,0.0,0.0,0.0,0.0,0.0,0.0,0.0,0.0,0.0,0.0,0.0,1700000.0,1.0,1700000.0,1.0,0.0,0.0,0.0,0.0,100000.0,0.058823529411764705,0.015,0.015,6666667.0,6666667.0,,,1620591850,16:24:10,20210509
134,1987-06-30,EVI,USD,1987-06-30,1987-06-30,Q4,1700000.0,0.0,0.0,0.0,0.0,0.0,0.0,0.0,0.0,0.0,0.0,0.0,-4200000.0,-2.4705882352941178,-4200000.0,-2.4705882352941178,0.0,0.0,0.0,0.0,0.0,0.0,0.0,0.0,6666667.0,6666667.0,,,1620591850,16:24:10,20210509
135,1987-03-31,EVI,USD,1987-03-31,1987-03-31,Q3,1900000.0,0.0,0.0,0.0,0.0,0.0,0.0,0.0,0.0,0.0,0.0,0.0,1900000.0,1.0,1900000.0,1.0,0.0,0.0,0.0,0.0,0.0,0.0,0.0,0.0,6666667.0,6666667.0,,,1620591850,16:24:10,20210509
136,1986-12-31,EVI,USD,1986-12-31,1986-12-31,Q2,1200000.0,0.0,0.0,0.0,0.0,0.0,0.0,0.0,0.0,0.0,0.0,0.0,1200000.0,1.0,1200000.0,1.0,0.0,0.0,0.0,0.0,0.0,0.0,0.0,0.0,6666667.0,6666667.0,,,1620591850,16:24:10,20210509
137,1986-09-30,EVI,USD,1986-09-30,1986-09-30,Q1,1100000.0,0.0,0.0,0.0,0.0,0.0,0.0,0.0,0.0,0.0,0.0,0.0,1100000.0,1.0,1100000.0,1.0,0.0,0.0,0.0,0.0,0.0,0.0,0.0,0.0,6666667.0,6666667.0,,,1620591850,16:24:10,20210509
138,1986-06-30,EVI,USD,1986-06-30,1986-06-30,Q4,1400000.0,0.0,0.0,0.0,0.0,0.0,0.0,0.0,0.0,0.0,0.0,0.0,-3300000.0,-2.357142857142857,-3300000.0,-2.357142857142857,0.0,0.0,0.0,0.0,100000.0,0.07142857142857142,0.014999999250000038,0.014999999250000038,6666667.0,6666667.0,,,1620591850,16:24:10,20210509
139,1986-03-31,EVI,USD,1986-03-31,1986-03-31,Q3,1300000.0,0.0,0.0,0.0,0.0,0.0,0.0,0.0,0.0,0.0,0.0,0.0,1300000.0,1.0,1300000.0,1.0,0.0,0.0,0.0,0.0,0.0,0.0,0.0,0.0,6666667.0,6666667.0,,,1620591850,16:24:10,20210509
140,1985-12-31,EVI,USD,1985-12-31,1985-12-31,Q2,1400000.0,0.0,0.0,0.0,0.0,0.0,0.0,0.0,0.0,0.0,0.0,0.0,1400000.0,1.0,1400000.0,1.0,0.0,0.0,0.0,0.0,100000.0,0.07142857142857142,0.015,0.015,6666667.0,6666667.0,,,1620591850,16:24:10,20210509
141,1985-09-30,EVI,USD,1985-09-30,1985-09-30,Q1,1400000.0,0.0,0.0,0.0,0.0,0.0,0.0,0.0,0.0,0.0,0.0,0.0,1400000.0,1.0,1400000.0,1.0,0.0,0.0,0.0,0.0,100000.0,0.07142857142857142,0.015,0.015,6666667.0,6666667.0,,,1620591850,16:24:10,20210509
