,date,symbol,reportedCurrency,fillingDate,acceptedDate,period,revenue,costOfRevenue,grossProfit,grossProfitRatio,researchAndDevelopmentExpenses,generalAndAdministrativeExpenses,sellingAndMarketingExpenses,otherExpenses,operatingExpenses,costAndExpenses,interestExpense,depreciationAndAmortization,ebitda,ebitdaratio,operatingIncome,operatingIncomeRatio,totalOtherIncomeExpensesNet,incomeBeforeTax,incomeBeforeTaxRatio,incomeTaxExpense,netIncome,netIncomeRatio,eps,epsdiluted,weightedAverageShsOut,weightedAverageShsOutDil,link,finalLink,timestamp,est_time,est_date
0,2020-12-31,VTOL,USD,2021-02-03,2021-02-02 19:01:40,Q3,309897000,255702000.0,54195000,0.17488068616346722,0.0,37931000.0,0.0,5635000.0,37931000.0,293633000.0,13203000.0,22650000.0,38914000.0,0.12557075415379948,16264000.0,0.05248195368138446,-47233000.0,-43813000.0,-0.14137923245465428,13447000.0,-57121000.0,-0.18432253297063217,-1.97,-1.97,28944908.0,28944908.0,https://www.sec.gov/Archives/edgar/data/1525221/000152522121000008/0001525221-21-000008-index.htm,https://www.sec.gov/Archives/edgar/data/1525221/000152522121000008/vtol-20201231.htm,1620599670,18:34:30,20210509
1,2020-09-30,VTOL,USD,2020-11-05,2020-11-04 17:40:08,Q2,304640000,259409000.0,45231000,0.14847360819327732,0.0,39268000.0,0.0,10592000.0,39268000.0,298677000.0,13445000.0,24182000.0,30145000.0,0.09895286239495799,5963000.0,0.01957392331932773,-12366000.0,-19414000.0,-0.06372767857142857,8578000.0,-27861000.0,-0.09145548844537815,-0.95,-0.95,29357959.0,29357959.0,https://www.sec.gov/Archives/edgar/data/1525221/000152522120000079/0001525221-20-000079-index.htm,https://www.sec.gov/Archives/edgar/data/1525221/000152522120000079/fy2021q210-q09302020.htm,1620599670,18:34:30,20210509
2,2020-06-30,VTOL,USD,2020-08-07,2020-08-06 20:20:07,Q2,270193000,199084000.0,71109000,0.2631785427453709,0.0,52943000.0,0.0,8648000.0,52943000.0,284072000.0,12504000.0,11985999.999999998,-1893000.0000000019,-0.0070061030448605325,-13879000.0,-0.0513669858212463,78819000.0,68114000.0,0.25209387363847324,-3290000.0,71477000.0,0.2645405321381383,1.83328,1.83328,38988530.0,38988530.0,https://www.sec.gov/Archives/edgar/data/1525221/000152522120000066/0001525221-20-000066-index.htm,https://www.sec.gov/Archives/edgar/data/1525221/000152522120000066/fy2021q110-q06302020.htm,1620599670,18:34:30,20210509
3,2020-03-31,VTOL,USD,2020-05-05,2020-05-05,Q1,57056000,38506000.0,18550000,0.32511918115535615,0.0,12745000.0,0.0,0.0,22286000.0,60792000.0,3439000.0,9507000.0,5771000.0,0.10114624228827818,-3736000.0,-0.06547952888390353,10000.0,-8120000.0,-0.1423163208076276,-831000.0,-7229000.0,-0.12670008412787437,-1.04756,-1.04756,6900820.0,6900820.0,https://www.sec.gov/Archives/edgar/data/1525221/000152522120000051/0001525221-20-000051-index.htm,https://www.sec.gov/ix?doc=/Archives/edgar/data/1525221/000152522120000051/q1202010-q.htm,1620599670,18:34:30,20210509
4,2019-12-31,VTOL,USD,2020-03-06,2020-03-06,Q4,60377000,39508000.0,20869000,0.34564486476638456,0.0,11366000.0,0.0,0.0,20159000.0,59667000.0,3517000.0,9337000.0,10047000.0,0.16640442552627657,710000.0,0.01175944482170363,-3000.0,-1863000.0,-0.030856120708216705,-1052000.0,-680000.0,-0.0112625668714908,-0.0988,-0.0988,6882690.0,6882690.0,https://www.sec.gov/Archives/edgar/data/1525221/000152522120000006/0001525221-20-000006-index.htm,https://www.sec.gov/Archives/edgar/data/1525221/000152522120000006/a201910-k.htm,1620599670,18:34:30,20210509
5,2019-09-30,VTOL,USD,2019-11-05,2019-11-05,Q3,58909000,39522000.0,19387000,0.32910081651360573,0.0,9142000.0,0.0,0.0,37820000.0,57222000.0,3464000.0,9312000.000000002,10999000.000000002,0.18671170788843813,1687000.0,0.028637389872515236,-5000.0,-1544000.0,-0.02620991699061264,515000.0,-1910000.0,-0.032422889541496205,-0.27782,-0.27782,6875070.0,6875070.0,https://www.sec.gov/Archives/edgar/data/1525221/000152522119000095/0001525221-19-000095-index.htm,https://www.sec.gov/Archives/edgar/data/1525221/000152522119000095/q3201910-q.htm,1620599670,18:34:30,20210509
6,2019-06-30,VTOL,USD,2019-07-30,2019-07-30,Q2,55480000,38820000.0,16660000,0.30028839221341025,0.0,8895000.0,0.0,0.0,34770000.0,57316000.0,3432000.0,9520000.0,7684000.0,0.13850036049026676,-1836000.0,-0.0330930064888248,-9000.0,-4642000.0,-0.08366979091564528,1394000.0,4940000.0,0.08904109589041095,0.69098,0.69098,7149300.0,7149300.0,https://www.sec.gov/Archives/edgar/data/1525221/000152522119000082/0001525221-19-000082-index.htm,https://www.sec.gov/Archives/edgar/data/1525221/000152522119000082/q2201910-q.htm,1620599670,18:34:30,20210509
7,2019-03-31,VTOL,USD,2019-05-07,2019-05-07,Q1,51293000,36696000.0,14597000,0.2845807420115805,0.0,8875000.0,0.0,0.0,18449000.000000004,55145000.00000001,3461000.0,9450000.0,5598000.0,0.10913769910124188,-3852000.0,-0.07509796658413428,-11000.0,-6698000.0,-0.13058312050377244,-1588000.0,-5943000.0,-0.11586376308658101,-0.83247,-0.83247,7138960.0,7138960.0,https://www.sec.gov/Archives/edgar/data/1525221/000152522119000058/0001525221-19-000058-index.htm,https://www.sec.gov/Archives/edgar/data/1525221/000152522119000058/q1201910-q.htm,1620599670,18:34:30,20210509
8,2018-12-31,VTOL,USD,2019-03-08,2019-03-08,Q4,52016000,37018000.0,14998000,0.2883343586588742,0.0,9412000.0,0.0,0.0,9412000.0,55960000.0,3485000.0,9822000.0,4193000.0,0.08060981236542603,-5629000.0,-0.1082167025530606,-2557000.0,-8186000.0,-0.15737465395262995,-1560000.0,-5794000.0,-0.11138880344509382,-0.27372086046802774,-0.2735536335561642,21167550.0,21180490.0,https://www.sec.gov/Archives/edgar/data/1525221/000152522119000011/0001525221-19-000011-index.htm,https://www.sec.gov/Archives/edgar/data/1525221/000152522119000011/a201810-k.htm,1620599670,18:34:30,20210509
9,2018-09-30,VTOL,USD,2018-11-06,2018-11-06,Q3,54610000,36513000.0,18097000,0.33138619300494415,0.0,8837000.0,0.0,0.0,8837000.0,54891000.0,3549000.0,9840000.0,51411000.0,0.9414209851675517,41571000.0,0.7612342061893426,-2896000.0,38675000.0,0.708203625709577,7800000.0,31289000.0,0.5729536714887383,1.4801403193269456,1.4789332017927759,21139212.0,21156466.0,https://www.sec.gov/Archives/edgar/data/1525221/000152522118000096/0001525221-18-000096-index.htm,https://www.sec.gov/Archives/edgar/data/1525221/000152522118000096/q3201810-q.htm,1620599670,18:34:30,20210509
10,2018-06-30,VTOL,USD,2018-08-07,2018-08-07,Q2,57728000,40332000.0,17396000,0.3013442350332594,0.0,14806000.0,0.0,0.0,14806000.0,65254000.0,3521000.0,10413000.0,890000.0,0.015417128603104213,-9523000.0,-0.1649632760532151,-4236000.0,-13759000.0,-0.23834187915742794,-2562000.0,-10379000.0,-0.17979143569844788,-0.48958,-0.48958,21199688.0,21199688.0,https://www.sec.gov/Archives/edgar/data/1525221/000152522118000088/0001525221-18-000088-index.htm,https://www.sec.gov/Archives/edgar/data/1525221/000152522118000088/q2201810-q.htm,1620599670,18:34:30,20210509
11,2018-03-31,VTOL,USD,2018-05-01,2018-05-01,Q1,57322000,37660000.0,19662000,0.34300966470116184,0.0,12071000.0,0.0,0.0,12071000.0,60085000.0,4576000.0,11119000.0,12770000.0,0.22277659537350405,1651000.0,0.028802205087052092,-4189000.0,-2538000.0,-0.044276194131398064,-738000.0,-1194000.0,-0.02082969889396741,-0.05685,-0.05685,21003777.0,21003777.0,https://www.sec.gov/Archives/edgar/data/1525221/000152522118000073/0001525221-18-000073-index.htm,https://www.sec.gov/Archives/edgar/data/1525221/000152522118000073/q1201810-q.htm,1620599670,18:34:30,20210509
12,2017-12-31,VTOL,USD,2018-03-09,2018-03-09,Q4,57531000,44367000.0,13164000,0.22881576888981592,0.0,10881000.0,0.0,0.0,10881000.0,65349000.0,5143000.0,10411000.0,2052000.0,0.035667726964593,-8359000.0,-0.1452955797743825,-5137000.0,-13496000.0,-0.2345865707183953,-74599000.0,61694000.0,1.072360987989084,2.9717,2.9717,20760530.0,20760530.0,https://www.sec.gov/Archives/edgar/data/1525221/000152522118000014/0001525221-18-000014-index.htm,https://www.sec.gov/Archives/edgar/data/1525221/000152522118000014/a201710-k.htm,1620599670,18:34:30,20210509
13,2017-09-30,VTOL,USD,2017-11-09,2017-11-09,Q3,61385000,43987000.0,17398000,0.2834242893214955,0.0,10928000.0,0.0,0.0,10928000.0,67018000.0,4097000.0,12447000.0,-110326000.0,-1.7972794656675084,-122773000.0,-2.0000488718742364,-3912000.0,-126685000.0,-2.063777795878472,-45237000.0,-81448000.0,-1.3268388042681436,-3.93171,-3.93171,20715686.0,20715686.0,https://www.sec.gov/Archives/edgar/data/1525221/000152522117000090/0001525221-17-000090-index.htm,https://www.sec.gov/Archives/edgar/data/1525221/000152522117000090/q3201710-q.htm,1620599670,18:34:30,20210509
14,2017-06-30,VTOL,USD,2017-08-08,2017-08-08,Q2,57878000,41335000.0,16543000,0.28582535678496146,0.0,9902000.0,0.0,0.0,9902000.0,63215000.0,3934000.0,12319000.0,12043000.0,0.208075607311932,-276000.0,-0.004768651301012474,-3893000.0,-4169000.0,-0.07203082345623553,-729000.0,-2787000.0,-0.04815301150696292,-0.13496,-0.13496,20650274.0,20650274.0,https://www.sec.gov/Archives/edgar/data/1525221/000152522117000082/0001525221-17-000082-index.htm,https://www.sec.gov/Archives/edgar/data/1525221/000152522117000082/q2201710-q.htm,1620599670,18:34:30,20210509
15,2017-03-31,VTOL,USD,2017-05-02,2017-05-02,Q1,54527000,37757000.0,16770000,0.30755405578887524,0.0,10381000.0,0.0,0.0,10381000.0,59692000.0,3589000.0,11893000.0,6837000.0,0.12538742274469528,-5056000.0,-0.09272470519192327,-3299000.0,-8355000.0,-0.1532268417481248,-2100000.0,-5620000.0,-0.10306820474260459,-0.27402,-0.27402,20509463.0,20509463.0,https://www.sec.gov/Archives/edgar/data/1525221/000152522117000069/0001525221-17-000069-index.htm,https://www.sec.gov/Archives/edgar/data/1525221/000152522117000069/q1201710-q.htm,1620599670,18:34:30,20210509
16,2016-12-31,VTOL,USD,2016-12-31,2016-12-31,Q4,56289000,37789000.0,18500000,0.32866101725026203,0.0,9335000.0,0.0,0.0,9335000.0,58463000.0,4444000.0,12197000.0,10776000.0,0.19144060118317965,-1421000.0,-0.025244719216898505,-5437000.0,-6858000.0,-0.12183552736769174,-1157000.0,-5538000.0,-0.09838511965037575,-0.27214,-0.27214,20350066.0,20350066.0,,,1620599670,18:34:30,20210509
17,2016-09-30,VTOL,USD,2016-09-30,2016-09-30,Q3,65006000,40371000.0,24635000,0.37896501861366644,0.0,9504000.0,0.0,0.0,9504000.0,62394000.0,4003000.0,12818000.0,15184000.0,0.23357843891333108,2366000.0,0.03639664031012522,-3536000.0,-1170000.0,-0.017998338614897087,0.0,-560000.0,-0.008614589422514845,-0.02756,-0.02756,20322167.0,20322167.0,,,1620599670,18:34:30,20210509
18,2016-06-30,VTOL,USD,2016-06-30,2016-06-30,Q2,63351000,47396000.0,15955000,0.25185079951381983,0.0,8140000.0,0.0,0.0,8140000.0,68227000.0,4130000.0,12989000.0,9480000.0,0.1496424681536203,-3509000.0,-0.05538981231551199,-2834000.0,-6343000.0,-0.10012470205679469,-1186000.0,1938000.0,0.030591466590898328,0.09551,0.09551,20290735.0,20290735.0,,,1620599670,18:34:30,20210509
19,2016-03-31,VTOL,USD,2016-05-04,2016-05-04,Q1,62582000,44307000.0,18275000,0.2920168738614937,0.0,9227000.0,0.0,0.0,9227000.0,66300000.0,4748000.0,12986000.0,12181000.0,0.19464063149148317,-805000.0,-0.012863123581860599,-4183000.0,-4988000.0,-0.07970342910101946,-1014000.0,-3818000.0,-0.0610079575596817,-0.18882,-0.18882,20219937.0,20219937.0,https://www.sec.gov/Archives/edgar/data/1525221/000152522116000100/0001525221-16-000100-index.htm,https://www.sec.gov/Archives/edgar/data/1525221/000152522116000100/q1201610-q.htm,1620599670,18:34:30,20210509
20,2015-12-31,VTOL,USD,2016-02-29,2016-02-29,Q4,73943000,45085000.0,28858000,0.3902735891159407,0.0,11052000.0,0.0,0.0,11052000.0,68288000.0,3979000.0,12458000.0,17241000.0,0.2331660873916395,4783000.0,0.06468496003678509,-2488000.0,2295000.0,0.031037420715956887,4691000.0,-3447000.0,-0.04661698876161367,-0.1704042391947547,-0.17004792519825113,20228370.0,20270756.0,https://www.sec.gov/Archives/edgar/data/1525221/000152522116000088/0001525221-16-000088-index.htm,https://www.sec.gov/Archives/edgar/data/1525221/000152522116000088/a201510-ka.htm,1620599670,18:34:30,20210509
21,2015-09-30,VTOL,USD,2015-09-30,2015-09-30,Q3,69741000,43007000.0,26734000,0.38333261639494703,0.0,11238000.0,0.0,0.0,11238000.0,66431000.0,3121000.0,12505000.0,17628000.0,0.25276379747924466,5123000.0,0.0734575070618431,-2751000.0,2372000.0,0.0340115570467874,1343000.0,861000.0,0.012345679012345678,0.04253184936532947,0.04242887939169701,20243653.0,20292782.0,,,1620599670,18:34:30,20210509
22,2015-06-30,VTOL,USD,2015-06-30,2015-06-30,Q2,70738000,39784000.0,30954000,0.4375865871243179,0.0,10779000.0,0.0,0.0,10779000.0,61961000.0,2881000.0,11720000.0,20255000.0,0.2863383188668043,8535000.0,0.1206565071107467,10906000.0,19441000.0,0.2748310667533716,8138000.0,11333000.0,0.16021091916650174,0.5600669174456521,0.5583997002685029,20235082.0,20295498.0,,,1620599670,18:34:30,20210509
23,2015-03-31,VTOL,USD,2015-03-31,2015-03-31,Q1,67415000,43605000.0,23810000,0.3531854928428391,0.0,9743000.0,0.0,0.0,9743000.0,64950000.0,3545000.0,11925000.0,17778000.0,0.2637098568567826,5853000.0,0.08682044055477267,-6002000.0,-149000.0,-0.002210190610398279,-55000.0,-42000.0,-0.0006230067492397834,-0.00208,-0.00208,20195955.0,20195955.0,,,1620599670,18:34:30,20210509
24,2014-12-31,VTOL,USD,2014-12-31,2014-12-31,Q4,74689000,204373000.0,-129684000,-1.736319940017941,0.0,43987000.0,0.0,0.0,43987000.0,67273000.0,3556000.0,47494000.0,76213000.0,1.0204046111207807,28719000.0,0.38451445326621053,-20020000.0,8827000.0,0.11818340050074308,155000.0,3185000.0,0.04264349502604132,0.15866786347569403,0.15814628914077208,20073378.0,20139581.0,,,1620599670,18:34:30,20210509
25,2014-09-30,VTOL,USD,2014-09-30,2014-09-30,Q3,90510000,0.0,90510000,1.0,0.0,0.0,0.0,0.0,79000000.0,78969000.0,3629000.0,0.0,4266000.0,0.0471329134902,4266000.0,0.04713291349022208,0.0,4264000.0,0.047110816484366366,2868000.0,4266000.0,0.04713291349022208,0.21,0.2,20073378.0,20073378.0,,,1620599670,18:34:30,20210509
26,2014-06-30,VTOL,USD,2014-06-30,2014-06-30,Q2,86580000,0.0,86580000,1.0,0.0,0.0,0.0,0.0,73000000.0,76169000.0,3840000.0,0.0,5221000.0,0.0603026103026,5221000.0,0.060302610302610304,0.0,5167000.0,0.05967890967890968,2759000.0,5221000.0,0.060302610302610304,0.26,0.26,20073378.0,20073378.0,,,1620599670,18:34:30,20210509
27,2014-03-31,VTOL,USD,2014-03-31,2014-03-31,Q1,79443000,0.0,79443000,1.0,0.0,0.0,0.0,0.0,0.0,72261000.0,3753000.0,0.0,4445000.0,0.0559520662613,4445000.0,0.055952066261344614,0.0,4373000.0,0.05504575607668391,2503000.0,4445000.0,0.055952066261344614,0.22,0.22,20073378.0,20073378.0,,,1620599670,18:34:30,20210509
28,2013-12-31,VTOL,USD,2013-12-31,2013-12-31,Q4,75998000,0.0,75998000,1.0,0.0,0.0,0.0,0.0,0.0,66904000.0,4311000.0,46402000.0,48154000.0,0.6336219374194058,1752000.0,0.02305323824311166,0.0,1745000.0,0.022961130556067265,3036000.0,1752000.0,0.02305323824311166,0.09,0.09,20073378.0,20073378.0,,,1620599670,18:34:30,20210509
29,2013-09-30,VTOL,USD,2013-09-30,2013-09-30,Q3,80997000,0.0,80997000,1.0,0.0,0.0,0.0,0.0,70000000.0,72361000.0,4394000.0,0.0,5204000.0,0.0642492931837,5204000.0,0.06424929318369817,0.0,5240000.0,0.06469375408965765,2715000.0,5204000.0,0.06424929318369817,0.26,0.26,20073378.0,20073378.0,,,1620599670,18:34:30,20210509
30,2013-06-30,VTOL,USD,2013-06-30,2013-06-30,Q2,74237000,0.0,74237000,1.0,0.0,0.0,0.0,0.0,63000000.0,67921000.0,4613000.0,0.0,5055000.0,0.0680927300403,5055000.0,0.06809273004027641,0.0,4991000.0,0.06723062623759042,2398000.0,5055000.0,0.06809273004027641,0.25,0.25,20073378.0,20073378.0,,,1620599670,18:34:30,20210509
31,2013-03-31,VTOL,USD,2013-03-31,2013-03-31,Q1,67727000,0.0,67727000,1.0,0.0,0.0,0.0,0.0,53000000.0,63911000.0,4732000.0,0.0,6694000.0,0.0988379818979,6694000.0,0.09883798189791368,0.0,6484000.0,0.09573729827099975,3578000.0,6694000.0,0.09883798189791368,0.28,0.28,20073378.0,20073378.0,,,1620599670,18:34:30,20210509
