,date,symbol,reportedCurrency,fillingDate,acceptedDate,period,revenue,costOfRevenue,grossProfit,grossProfitRatio,researchAndDevelopmentExpenses,generalAndAdministrativeExpenses,sellingAndMarketingExpenses,otherExpenses,operatingExpenses,costAndExpenses,interestExpense,depreciationAndAmortization,ebitda,ebitdaratio,operatingIncome,operatingIncomeRatio,totalOtherIncomeExpensesNet,incomeBeforeTax,incomeBeforeTaxRatio,incomeTaxExpense,netIncome,netIncomeRatio,eps,epsdiluted,weightedAverageShsOut,weightedAverageShsOutDil,link,finalLink,timestamp,est_time,est_date
0,2020-03-31,WSFSL,USD,2020-05-08,2020-05-08 16:23:23,Q1,11359000.0,0.0,11359000.0,1.0,0.0,44395000.0,951000.0,99520000.0,144866000.0,144866000.0,17705000.0,-1103000.0,10752000.0,0.9465621973765296,11855000.0,1.0436658156527863,508000.0,11855000.0,1.0436658156527863,1288000.0,10927000.0,0.9619684831411216,0.21389421759386132,0.21356813384410914,51086000.0,51164000.0,https://www.sec.gov/Archives/edgar/data/828944/000082894420000022/0000828944-20-000022-index.htm,https://www.sec.gov/Archives/edgar/data/828944/000082894420000022/wsfs-20200331.htm,1620599940,18:39:00,20210509
1,2019-12-31,WSFSL,USD,2020-03-02,2020-03-02 17:11:56,Q4,12076000.0,0.0,12076000.0,1.0,0.0,42181000.0,6714000.0,52407000.0,101302000.0,101302000.0,19781000.0,-2754000.0,56869000.0,4.70925803246108,59623000.0,4.937313680026499,4903000.0,59623000.0,4.937313680026499,14199000.0,45704000.0,3.7846969195097713,0.927096433932411,0.9223069782459539,49298000.0,49554000.0,https://www.sec.gov/Archives/edgar/data/828944/000082894420000009/0000828944-20-000009-index.htm,https://www.sec.gov/Archives/edgar/data/828944/000082894420000009/wsfs-20191231.htm,1620599940,18:39:00,20210509
2,2019-09-30,WSFSL,USD,2019-11-08,2019-11-08 16:46:02,Q3,25057000.0,0.0,25057000.0,1.0,0.0,44004000.0,4910000.0,32954000.0,81868000.0,81868000.0,20429000.0,-42901000.0,26596000.0,1.061419962485533,69497000.0,2.7735562916550265,4098000.0,69497000.0,2.7735562916550265,15902000.0,53882000.0,2.150377140120525,1.113701659742461,1.107134051121887,48381000.0,48668000.0,https://www.sec.gov/Archives/edgar/data/828944/000082894419000065/0000828944-19-000065-index.htm,https://www.sec.gov/Archives/edgar/data/828944/000082894419000065/wsfs-20190930.htm,1620599940,18:39:00,20210509
3,2019-06-30,WSFSL,USD,2019-08-07,2019-08-07 17:15:43,Q2,-70064000.0,0.0,70064000.0,-1.0,0.0,45013000.0,3537000.0,91164000.0,139714000.0,139714000.0,19671000.0,32881000.0,78941000.0,-1.1266984471340489,46060000.0,-0.6573989495318566,1593000.0,46060000.0,-0.6573989495318566,10091000.0,36200000.0,-0.5166704727106646,0.7851983601934798,0.7795340023256816,46103000.0,46438000.0,https://www.sec.gov/Archives/edgar/data/828944/000082894419000051/0000828944-19-000051-index.htm,https://www.sec.gov/Archives/edgar/data/828944/000082894419000051/a06302019-10qwsfs.htm,1620599940,18:39:00,20210509
4,2019-03-31,WSFSL,USD,2019-05-10,2019-05-10 16:11:41,Q1,83314000.0,0.0,83314000.0,1.0,0.0,34615000.0,1590000.0,85304000.0,121509000.0,121509000.0,16263000.0,17041000.0,36231000.0,0.43487289051059846,19190000.0,0.23033343735746692,950000.0,19190000.0,0.23033343735746692,6260000.0,13023000.0,0.15631226444535132,0.3350054020682204,0.33150901130231136,38874000.0,39284000.0,https://www.sec.gov/Archives/edgar/data/828944/000082894419000035/0000828944-19-000035-index.htm,https://www.sec.gov/Archives/edgar/data/828944/000082894419000035/a03312019-10qwsfs.htm,1620599940,18:39:00,20210509
5,2018-12-31,WSFSL,USD,2019-02-28,2019-02-28 17:01:28,Q4,6088000.0,0.0,6088000.0,1.0,0.0,31545000.0,0.0,46231000.0,77776000.0,77776000.0,13120000.0,5975000.0,44179000.0,7.25673455978975,38204000.0,6.2752956636005255,0.0,38204000.0,6.2752956636005255,8486000.0,29718000.0,4.881406044678055,0.9413367120684194,0.9238660739266951,31570000.0,32167000.0,https://www.sec.gov/Archives/edgar/data/828944/000082894419000013/0000828944-19-000013-index.htm,https://www.sec.gov/Archives/edgar/data/828944/000082894419000013/wsfs-1231201810k.htm,1620599940,18:39:00,20210509
6,2018-09-30,WSFSL,USD,2018-11-08,2018-11-08 16:39:40,Q3,5932000.0,0.0,5932000.0,1.0,0.0,27300000.0,3341000.0,37847000.0,68488000.0,68488000.0,12318000.0,6937000.0,55765000.0,9.400708024275119,48828000.0,8.23128792987188,1550000.0,48828000.0,8.23128792987188,9893000.0,38935000.0,6.563553607552259,1.232159245545745,1.2068377657925733,31599000.0,32262000.0,https://www.sec.gov/Archives/edgar/data/828944/000162828018014006/0001628280-18-014006-index.htm,https://www.sec.gov/Archives/edgar/data/828944/000162828018014006/a09302018-10qwsfs.htm,1620599940,18:39:00,20210509
7,2018-06-30,WSFSL,USD,2018-08-08,2018-08-08 17:21:50,Q2,-46348000.0,0.0,46348000.0,-1.0,0.0,29102000.0,1842000.0,40547000.0,71491000.0,71491000.0,11162000.0,7571000.0,43218000.0,-0.9324674203849141,35647000.0,-0.7691162509709156,1040000.0,35647000.0,-0.7691162509709156,6907000.0,28740000.0,-0.6200914818330888,0.9124678540813411,0.8918264755166636,31497000.0,32226000.0,https://www.sec.gov/Archives/edgar/data/828944/000162828018010829/0001628280-18-010829-index.htm,https://www.sec.gov/Archives/edgar/data/828944/000162828018010829/a06302018-10qwsfs.htm,1620599940,18:39:00,20210509
8,2018-03-31,WSFSL,USD,2018-05-10,2018-05-10 16:56:34,Q1,57714000.0,0.0,57714000.0,1.0,0.0,29095000.0,758000.0,37108000.0,66961000.0,66961000.0,9899000.0,6014000.0,54133000.0,0.9379526631319957,48119000.0,0.8337491769761236,629000.0,48119000.0,0.8337491769761236,10769000.0,37350000.0,0.6471566690924212,1.1885063323362821,1.15778053316801,31426000.0,32260000.0,https://www.sec.gov/Archives/edgar/data/828944/000162828018006587/0001628280-18-006587-index.htm,https://www.sec.gov/Archives/edgar/data/828944/000162828018006587/a03312018-10qwsfs.htm,1620599940,18:39:00,20210509
9,2017-12-31,WSFSL,USD,2018-03-01,2018-03-01 16:22:05,Q4,57725000.0,0.0,57725000.0,1.0,0.0,30413000.0,-2268000.0,52814000.0,80959000.0,80959000.0,8831000.0,6909000.0,24941000.0,0.43206582936336074,18032000.0,0.3123776526634907,-1256000.0,18032000.0,0.3123776526634907,27864000.0,-9832000.0,-0.17032481593763535,-0.31293166555269103,-0.30436801535461105,31419000.0,32303000.0,https://www.sec.gov/Archives/edgar/data/828944/000162828018002641/0001628280-18-002641-index.htm,https://www.sec.gov/Archives/edgar/data/828944/000162828018002641/wsfs-1231201710k.htm,1620599940,18:39:00,20210509
10,2017-09-30,WSFSL,USD,2017-11-08,2017-11-08 17:07:53,Q3,56129000.0,0.0,56129000.0,1.0,0.0,26904000.0,2268000.0,36768000.0,65940000.0,65940000.0,8881000.0,7617000.0,39128000.0,0.6971084466140498,31511000.0,0.5614031962087335,1256000.0,31511000.0,0.5614031962087335,10942000.0,20569000.0,0.3664594060111529,0.6545633910386965,0.6372057001239158,31424000.0,32280000.0,https://www.sec.gov/Archives/edgar/data/828944/000162828017011220/0001628280-17-011220-index.htm,https://www.sec.gov/Archives/edgar/data/828944/000162828017011220/wsfs-9302017x10q.htm,1620599940,18:39:00,20210509
11,2017-06-30,WSFSL,USD,2017-08-08,2017-08-08 16:48:24,Q2,54314000.0,0.0,54314000.0,1.0,0.0,26667000.0,1556000.0,34367000.0,62590000.0,62590000.0,8020000.0,8402000.0,39822000.0,0.7331811319365172,31420000.0,0.5784880509629193,844000.0,31420000.0,0.5784880509629193,10850000.0,20570000.0,0.3787237176418603,0.654574383452665,0.6363692612300458,31425000.0,32324000.0,https://www.sec.gov/Archives/edgar/data/828944/000162828017008346/0001628280-17-008346-index.htm,https://www.sec.gov/Archives/edgar/data/828944/000162828017008346/wsfs-6302017x10q.htm,1620599940,18:39:00,20210509
12,2017-03-31,WSFSL,USD,2017-05-09,2017-05-09 17:22:21,Q1,53103000.0,0.0,53103000.0,1.0,0.0,28212000.0,624000.0,32555000.0,61391000.0,61391000.0,7723000.0,7789000.0,35316000.0,0.6650471724761313,27527000.0,0.5183699602658983,501000.0,27527000.0,0.5183699602658983,8590000.0,18937000.0,0.35660885449033014,0.602954755309326,0.5853967665151937,31407000.0,32349000.0,https://www.sec.gov/Archives/edgar/data/828944/000162828017005268/0001628280-17-005268-index.htm,https://www.sec.gov/Archives/edgar/data/828944/000162828017005268/wsfs-3312017x10q.htm,1620599940,18:39:00,20210509
13,2016-12-31,WSFSL,USD,2017-03-01,2017-03-01 15:27:25,Q4,52954000.0,0.0,52954000.0,1.0,0.0,24794000.0,0.0,35305000.0,60099000.0,60099000.0,6738000.0,8773000.0,35953000.0,0.6789477659855724,27180000.0,0.5132756732258187,0.0,27180000.0,0.5132756732258187,9070000.0,18110000.0,0.34199493900366357,0.5981635618972123,0.5825773660168565,30276000.0,31086000.0,https://www.sec.gov/Archives/edgar/data/828944/000119312517065442/0001193125-17-065442-index.htm,https://www.sec.gov/Archives/edgar/data/828944/000119312517065442/d293979d10k.htm,1620599940,18:39:00,20210509
14,2016-09-30,WSFSL,USD,2016-11-09,2016-11-09 16:28:35,Q3,49021000.0,0.0,49021000.0,1.0,0.0,22627000.0,2177000.0,37837000.0,62641000.0,62641000.0,6316000.0,7815000.0,27360000.0,0.5581281491605639,19545000.0,0.39870667673038085,1174000.0,19545000.0,0.39870667673038085,6823000.0,12722000.0,0.2595214295913996,0.4252858193487999,0.4149244969179087,29914000.0,30661000.0,https://www.sec.gov/Archives/edgar/data/828944/000119312516764400/0001193125-16-764400-index.htm,https://www.sec.gov/Archives/edgar/data/828944/000119312516764400/d226294d10q.htm,1620599940,18:39:00,20210509
15,2016-06-30,WSFSL,USD,2016-08-09,2016-08-09 17:06:35,Q2,46414000.0,0.0,46414000.0,1.0,0.0,22044000.0,1465000.0,26861000.0,50370000.0,50370000.0,5089000.0,6606000.0,32588000.0,0.7021157409402335,25982000.0,0.5597879950015082,754000.0,25982000.0,0.5597879950015082,8504000.0,17478000.0,0.3765674150040936,0.5903134288030262,0.5789334216628023,29608000.0,30190000.0,https://www.sec.gov/Archives/edgar/data/828944/000119312516676917/0001193125-16-676917-index.htm,https://www.sec.gov/Archives/edgar/data/828944/000119312516676917/d226377d10q.htm,1620599940,18:39:00,20210509
16,2016-03-31,WSFSL,USD,2016-05-06,2016-05-06 16:59:32,Q1,45356000.0,0.0,45356000.0,1.0,0.0,22212000.0,664000.0,25793000.0,48669000.0,48669000.0,4690000.0,6347000.0,30794000.0,0.678939941793809,24447000.0,0.539002557544757,370000.0,24447000.0,0.539002557544757,8677000.0,15770000.0,0.3476938001587442,0.5314953995483805,0.5216844751728472,29671000.0,30229000.0,https://www.sec.gov/Archives/edgar/data/828944/000119312516582146/0001193125-16-582146-index.htm,https://www.sec.gov/Archives/edgar/data/828944/000119312516582146/d183855d10q.htm,1620599940,18:39:00,20210509
17,2015-12-31,WSFSL,USD,2016-02-29,2016-02-29 17:11:54,Q4,47896000.0,0.0,47896000.0,1.0,0.0,21769000.0,0.0,31113000.0,52882000.0,52882000.0,3917000.0,9541000.0,31509000.0,0.6578628695506932,21968000.0,0.45866043093368963,0.0,21968000.0,0.45866043093368963,7984000.0,13984000.0,0.29196592617337563,0.4917882890803587,0.4831565490792247,28435000.0,28943000.0,https://www.sec.gov/Archives/edgar/data/828944/000119312516485517/0001193125-16-485517-index.htm,https://www.sec.gov/Archives/edgar/data/828944/000119312516485517/d92227d10k.htm,1620599940,18:39:00,20210509
18,2015-09-30,WSFSL,USD,2015-11-06,2015-11-06 16:12:56,Q3,40997000.0,0.0,40997000.0,1.0,0.0,20165000.0,619000.0,23234000.0,44018000.0,44018000.0,3860000.0,6115000.0,28619000.0,0.6980754689367514,22504000.0,0.5489182135278191,396000.0,22504000.0,0.5489182135278191,8078000.0,14426000.0,0.35187940581018123,0.5145710718744426,0.5061221625793776,28035000.0,28503000.0,https://www.sec.gov/Archives/edgar/data/828944/000119312515370167/0001193125-15-370167-index.htm,https://www.sec.gov/Archives/edgar/data/828944/000119312515370167/d27316d10q.htm,1620599940,18:39:00,20210509
19,2015-06-30,WSFSL,USD,2015-08-07,2015-08-07 15:09:36,Q2,39090000.0,0.0,39090000.0,1.0,0.0,18754000.0,1591000.0,48770000.0,68649000.0,68649000.0,3965000.0,5961000.0,45015000.0,1.151573292402149,39054000.0,0.9990790483499616,1502000.0,39358000.0,1.0068559733947302,6887000.0,12234000.0,0.31297006907137376,0.4339221110874654,0.42720955407340155,28194000.0,28637000.0,https://www.sec.gov/Archives/edgar/data/828944/000119312515282929/0001193125-15-282929-index.htm,https://www.sec.gov/Archives/edgar/data/828944/000119312515282929/d940405d10q.htm,1620599940,18:39:00,20210509
20,2015-03-31,WSFSL,USD,2015-05-11,2015-05-11 17:25:24,Q1,38817000.0,0.0,38817000.0,1.0,0.0,21010000.0,0.0,0.0,21476000.0,21476000.0,4034000.0,5053000.0,5333000.0,0.13738825772213206,280000.0,0.007213334363809671,0.0,-24000.0,-0.0006182858026122575,7324000.0,12889000.0,0.3320452379112245,1.3702955560280672,1.3448455759599331,9406000.0,9584000.0,https://www.sec.gov/Archives/edgar/data/828944/000119312515182292/0001193125-15-182292-index.htm,https://www.sec.gov/Archives/edgar/data/828944/000119312515182292/d910152d10q.htm,1620599940,18:39:00,20210509
21,2014-12-31,WSFSL,USD,2015-03-16,2015-03-16 17:27:16,Q4,38239000.0,0.0,38239000.0,1.0,0.0,19953000.0,0.0,140000.0,19953000.0,19953000.0,4101000.0,5413000.0,18121000.0,0.47388791547896125,12708000.0,0.3323308663929496,0.0,52142000.0,1.3635816836214336,6285000.0,12708000.0,0.3323308663929496,1.4006392593409016,1.366010964205095,9073000.0,9303000.0,https://www.sec.gov/Archives/edgar/data/828944/000119312515094071/0001193125-15-094071-index.htm,https://www.sec.gov/Archives/edgar/data/828944/000119312515094071/d877399d10k.htm,1620599940,18:39:00,20210509
22,2014-09-30,WSFSL,USD,2014-11-10,2014-11-10 17:17:51,Q3,36747000.0,0.0,36747000.0,1.0,0.0,18668000.0,621000.0,6048000.0,19289000.0,19289000.0,4052000.0,4557000.0,15970000.0,0.43459330013334424,11413000.0,0.3105831768579748,472000.0,8000.0,0.00021770484665414863,5848000.0,11413000.0,0.3105831768579748,1.2736301752036603,1.2409481352614984,8961000.0,9197000.0,https://www.sec.gov/Archives/edgar/data/828944/000119312514406353/0001193125-14-406353-index.htm,https://www.sec.gov/Archives/edgar/data/828944/000119312514406353/d795904d10q.htm,1620599940,18:39:00,20210509
23,2014-06-30,WSFSL,USD,2014-08-11,2014-08-11 15:59:37,Q2,35477000.0,0.0,35477000.0,1.0,0.0,18207000.0,464000.0,5206000.0,18671000.0,18671000.0,3936000.0,4025000.0,16750000.0,0.47213687741353555,12725000.0,0.35868309045296953,348000.0,-15504000.0,-0.4370155311892212,6807000.0,12725000.0,0.35868309045296953,1.4281705948372616,1.3922319474835887,8910000.0,9140000.0,https://www.sec.gov/Archives/edgar/data/828944/000119312514304807/0001193125-14-304807-index.htm,https://www.sec.gov/Archives/edgar/data/828944/000119312514304807/d749251d10q.htm,1620599940,18:39:00,20210509
24,2014-03-31,WSFSL,USD,2014-05-12,2014-05-12 16:33:50,Q1,34044000.0,0.0,34044000.0,1.0,0.0,17975000.0,499000.0,5277000.0,18474000.0,18474000.0,3741000.0,4055000.0,20966000.0,0.6158500763717542,16911000.0,0.49673951357067325,316000.0,15600000.0,0.4582305252026789,-1311000.0,16911000.0,0.49673951357067325,1.8992587601078168,1.8526511831726555,8904000.0,9128000.0,https://www.sec.gov/Archives/edgar/data/828944/000119312514194927/0001193125-14-194927-index.htm,https://www.sec.gov/Archives/edgar/data/828944/000119312514194927/d717335d10q.htm,1620599940,18:39:00,20210509
25,2013-12-31,WSFSL,USD,2014-03-17,2014-03-17 17:00:55,Q4,34546000.0,0.0,34546000.0,1.0,0.0,17780000.0,0.0,-737000.0,17780000.0,17780000.0,3787000.0,4432000.0,16506000.0,0.47779771898338447,12074000.0,0.34950500781566607,0.0,18452000.0,0.5341284084988132,6378000.0,12074000.0,0.34950500781566607,1.3692447266953958,1.3501062283350107,8818000.0,8943000.0,https://www.sec.gov/Archives/edgar/data/828944/000119312514102580/0001193125-14-102580-index.htm,https://www.sec.gov/Archives/edgar/data/828944/000119312514102580/d652063d10k.htm,1620599940,18:39:00,20210509
26,2013-09-30,WSFSL,USD,2013-11-12,2013-11-12 17:28:36,Q3,33406000.0,0.0,33406000.0,1.0,0.0,17005000.0,643000.0,4581000.0,17648000.0,17648000.0,3710000.0,4577000.0,18405000.0,0.5509489313297012,13828000.0,0.41393761599712625,87000.0,21038000.0,0.6297671077052026,7210000.0,13828000.0,0.41393761599712625,1.570649704679691,1.5519640852974186,8804000.0,8910000.0,https://www.sec.gov/Archives/edgar/data/828944/000119312513438564/0001193125-13-438564-index.htm,https://www.sec.gov/Archives/edgar/data/828944/000119312513438564/d603718d10q.htm,1620599940,18:39:00,20210509
27,2013-06-30,WSFSL,USD,2013-08-09,2013-08-09 16:19:43,Q2,32056000.0,0.0,32056000.0,1.0,0.0,16847000.0,608000.0,4958000.0,17455000.0,17455000.0,3826000.0,3386000.0,12993000.0,0.40532193661093086,9607000.0,0.29969428500124784,22000.0,15462000.0,0.48234339905165957,5855000.0,9607000.0,0.29969428500124784,1.0926979071883531,1.0817475509514693,8792000.0,8881000.0,https://www.sec.gov/Archives/edgar/data/828944/000119312513329212/0001193125-13-329212-index.htm,https://www.sec.gov/Archives/edgar/data/828944/000119312513329212/d566104d10q.htm,1620599940,18:39:00,20210509
28,2013-03-31,WSFSL,USD,2013-05-10,2013-05-10 17:16:57,Q1,31580000.0,0.0,31580000.0,1.0,0.0,17466000.0,517000.0,4509000.0,17983000.0,17983000.0,4011000.0,4941000.0,14681000.0,0.46488283723875873,9740000.0,0.3084230525649145,25000.0,15053000.0,0.4766624445851805,5313000.0,9740000.0,0.3084230525649145,1.109213073681813,1.0977121604868703,8781000.0,8873000.0,https://www.sec.gov/Archives/edgar/data/828944/000119312513214556/0001193125-13-214556-index.htm,https://www.sec.gov/Archives/edgar/data/828944/000119312513214556/d508343d10q.htm,1620599940,18:39:00,20210509
29,2012-12-31,WSFSL,USD,2013-03-18,2013-03-18 16:21:09,Q4,31498000.0,0.0,31498000.0,1.0,0.0,16207000.0,0.0,-186000.0,16207000.0,16207000.0,5289000.0,5474000.0,13032000.0,0.4137405549558702,7558000.0,0.23995174296780747,0.0,11833000.0,0.3756746460092704,4275000.0,7558000.0,0.23995174296780747,0.8675390266299358,0.8598407281001138,8712000.0,8790000.0,https://www.sec.gov/Archives/edgar/data/828944/000119312513112559/0001193125-13-112559-index.htm,https://www.sec.gov/Archives/edgar/data/828944/000119312513112559/d459925d10k.htm,1620599940,18:39:00,20210509
30,2012-09-30,WSFSL,USD,2012-11-09,2012-11-09 17:02:32,Q3,30893000.0,0.0,30893000.0,1.0,0.0,14966000.0,1976000.0,10996000.0,16942000.0,16942000.0,5621000.0,4115000.0,14094000.0,0.4562198556307254,9979000.0,0.3230181594535979,27000.0,14737000.0,0.4770336322144175,4758000.0,9979000.0,0.3230181594535979,1.1467478740519421,1.136689827998633,8702000.0,8779000.0,https://www.sec.gov/Archives/edgar/data/828944/000119312512463591/0001193125-12-463591-index.htm,https://www.sec.gov/Archives/edgar/data/828944/000119312512463591/d417382d10q.htm,1620599940,18:39:00,20210509
31,2012-06-30,WSFSL,USD,2012-08-09,2012-08-09 16:11:47,Q2,64608000.0,0.0,64608000.0,1.0,0.0,31301000.0,1597000.0,7051000.0,32898000.0,32898000.0,12378000.0,7811000.0,21585000.0,0.3340917533432392,13774000.0,0.21319341258048538,18000.0,21724000.0,0.33624318969787026,7950000.0,13774000.0,0.21319341258048538,1.5839466421343147,1.570402462661042,8696000.0,8771000.0,https://www.sec.gov/Archives/edgar/data/828944/000119312512347533/0001193125-12-347533-index.htm,https://www.sec.gov/Archives/edgar/data/828944/000119312512347533/d369049d10q.htm,1620599940,18:39:00,20210509
32,2012-03-31,WSFSL,USD,2012-05-10,2012-05-10 16:28:02,Q1,0.0,0.0,0.0,0.0,0.0,0.0,779000.0,3722000.0,4501000.0,4501000.0,0.0,3988000.0,14042000.0,0.0,10054000.0,0.0,9000.0,10054000.0,0.0,3610000.0,6444000.0,0.0,0.7410303587856486,0.7346938775510204,8696000.0,8771000.0,https://www.sec.gov/Archives/edgar/data/828944/000119312512225665/0001193125-12-225665-index.htm,https://www.sec.gov/Archives/edgar/data/828944/000119312512225665/d344451d10q.htm,1620599940,18:39:00,20210509
33,2011-12-31,WSFSL,USD,2012-03-15,2012-03-15 17:24:39,Q4,32416000.0,0.0,32416000.0,1.0,0.0,15257000.0,0.0,419000.0,15257000.0,15257000.0,7169000.0,3147000.0,12585000.0,0.3882342053307009,9438000.0,0.2911525172754195,0.0,9438000.0,0.2911525172754195,3276000.0,5469000.0,0.16871298124383022,0.6289098436062558,0.6235320944020066,8696000.0,8771000.0,https://www.sec.gov/Archives/edgar/data/828944/000094627512000092/0000946275-12-000092-index.htm,https://www.sec.gov/Archives/edgar/data/828944/000094627512000092/f10k_123111-0312.htm,1620599940,18:39:00,20210509
34,2011-09-30,WSFSL,USD,2011-11-09,2011-11-09 17:16:19,Q3,32180000.0,0.0,32180000.0,1.0,0.0,11891000.0,3446000.0,9607000.0,15337000.0,15337000.0,7911000.0,2996000.0,13130000.0,0.4080174021131137,10134000.0,0.3149160969546302,2537000.0,10134000.0,0.3149160969546302,3348000.0,6094000.0,0.18937228091982597,0.7007819687212512,0.6947896477026565,8696000.0,8771000.0,https://www.sec.gov/Archives/edgar/data/828944/000094627511000462/0000946275-11-000462-index.htm,https://www.sec.gov/Archives/edgar/data/828944/000094627511000462/f10q_093011-0312.htm,1620599940,18:39:00,20210509
35,2011-06-30,WSFSL,USD,2011-08-09,2011-08-09 17:19:56,Q2,61441000.0,0.0,61441000.0,1.0,0.0,27380000.0,1849000.0,6455000.0,29229000.0,29229000.0,17525000.0,4995000.0,19575000.0,0.31859833010530425,14580000.0,0.2373008251818818,1502000.0,14580000.0,0.2373008251818818,4851000.0,8344000.0,0.13580508129750493,0.9595216191352346,0.951316839584996,8696000.0,8771000.0,https://www.sec.gov/Archives/edgar/data/828944/000094627511000333/0000946275-11-000333-index.htm,https://www.sec.gov/Archives/edgar/data/828944/000094627511000333/f10q_063011-0312.htm,1620599940,18:39:00,20210509
36,2011-03-31,WSFSL,USD,2011-05-10,2011-05-10 17:07:48,Q1,0.0,0.0,0.0,0.0,0.0,0.0,951000.0,3096000.0,4047000.0,4047000.0,0.0,2349000.0,8947000.0,0.0,6598000.0,0.0,682000.0,6598000.0,0.0,2392000.0,4206000.0,0.0,0.4100000233951511,0.4,10258536.0,10515000.0,https://www.sec.gov/Archives/edgar/data/828944/000094627511000215/0000946275-11-000215-index.htm,https://www.sec.gov/Archives/edgar/data/828944/000094627511000215/f10q_033111-0312.htm,1620599940,18:39:00,20210509
37,2010-12-31,WSFSL,USD,2011-03-16,2011-03-16 17:23:55,Q4,0.0,0.0,0.0,0.0,0.0,0.0,0.0,656000.0,656000.0,656000.0,-1390000.0,1939000.0,16056000.0,0.0,14117000.0,0.0,0.0,14117000.0,0.0,0.0,14117000.0,0.0,1.5832807704006238,1.5598248691352568,8916296.0,9050375.0,https://www.sec.gov/Archives/edgar/data/828944/000094627511000115/0000946275-11-000115-index.htm,https://www.sec.gov/Archives/edgar/data/828944/000094627511000115/f10k_123110-0312.htm,1620599940,18:39:00,20210509
38,2010-09-30,WSFSL,USD,2010-11-09,2010-11-09 16:50:13,Q3,0.0,0.0,0.0,0.0,0.0,0.0,2328000.0,8631000.0,10959000.0,10959000.0,0.0,1752000.0,18528000.0,0.0,16776000.0,0.0,6000.0,16776000.0,0.0,4739000.0,12037000.0,0.0,1.350000044861678,1.330000138115824,8916296.0,9050375.0,https://www.sec.gov/Archives/edgar/data/828944/000094627510000500/0000946275-10-000500-index.htm,https://www.sec.gov/Archives/edgar/data/828944/000094627510000500/f10q_093010-0312.htm,1620599940,18:39:00,20210509
39,2010-06-30,WSFSL,USD,2010-07-30,2010-07-30 17:20:18,Q2,0.0,0.0,0.0,0.0,0.0,0.0,1609000.0,5342000.0,6951000.0,6951000.0,0.0,1589000.0,5831000.0,0.0,4242000.0,0.0,6000.0,4242000.0,0.0,427000.0,3815000.0,0.0,0.34,0.34,11220588.0,11220588.0,https://www.sec.gov/Archives/edgar/data/828944/000094627510000383/0000946275-10-000383-index.htm,https://www.sec.gov/Archives/edgar/data/828944/000094627510000383/f10q_063010-0312.htm,1620599940,18:39:00,20210509
40,2010-03-31,WSFSL,USD,2010-05-10,2010-05-10 16:03:27,Q1,0.0,0.0,0.0,0.0,0.0,0.0,704000.0,2875000.0,3579000.0,3579000.0,0.0,1384000.0,825000.0,0.0,-559000.0,0.0,1160000.0,-559000.0,0.0,-1073000.0,514000.0,0.0,-0.03,-0.03,-17133333.0,-17133333.0,https://www.sec.gov/Archives/edgar/data/828944/000094627510000290/0000946275-10-000290-index.htm,https://www.sec.gov/Archives/edgar/data/828944/000094627510000290/f10q_033110-0312.htm,1620599940,18:39:00,20210509
41,2009-12-31,WSFSL,USD,2010-03-16,2010-03-16 17:22:49,Q4,0.0,0.0,0.0,0.0,0.0,0.0,3304000.0,14105000.0,17409000.0,17409000.0,0.0,1632000.0,202000.0,0.0,-1430000.0,0.0,3833000.0,-1430000.0,0.0,-2093000.0,663000.0,0.0,-0.3,-0.3,-2210000.0,-2210000.0,https://www.sec.gov/Archives/edgar/data/828944/000094627510000213/0000946275-10-000213-index.htm,https://www.sec.gov/Archives/edgar/data/828944/000094627510000213/f10k_1231090-0312.htm,1620599940,18:39:00,20210509
42,2009-09-30,WSFSL,USD,2009-11-09,2009-11-09 17:02:49,Q3,0.0,0.0,0.0,0.0,0.0,0.0,2410000.0,10880000.0,13290000.0,13290000.0,0.0,1798000.0,637000.0,0.0,-1161000.0,0.0,2871000.0,-1161000.0,0.0,-1786000.0,625000.0,0.0,-0.2,-0.2,-3125000.0,-3125000.0,https://www.sec.gov/Archives/edgar/data/828944/000094627509000752/0000946275-09-000752-index.htm,https://www.sec.gov/Archives/edgar/data/828944/000094627509000752/f10q_093009-0312.htm,1620599940,18:39:00,20210509
43,2009-06-30,WSFSL,USD,2009-08-10,2009-08-10 17:27:32,Q2,0.0,0.0,0.0,0.0,0.0,0.0,1558000.0,13425000.0,14983000.0,14983000.0,0.0,1801000.0,861000.0,0.0,-940000.0,0.0,1916000.0,-940000.0,0.0,-1564000.0,624000.0,0.0,-0.1,-0.1,-6240000.0,-6240000.0,https://www.sec.gov/Archives/edgar/data/828944/000094627509000591/0000946275-09-000591-index.htm,https://www.sec.gov/Archives/edgar/data/828944/000094627509000591/f10q_063009-0312.htm,1620599940,18:39:00,20210509
44,2009-03-31,WSFSL,USD,2009-05-11,2009-05-11 17:22:51,Q1,0.0,0.0,0.0,0.0,0.0,0.0,727000.0,4491000.0,5218000.0,5218000.0,0.0,1592000.0,4557000.0,0.0,2965000.0,0.0,966000.0,2965000.0,0.0,25000.0,2940000.0,0.0,0.39,0.39,7538461.0,7538461.0,https://www.sec.gov/Archives/edgar/data/828944/000094627509000428/0000946275-09-000428-index.htm,https://www.sec.gov/Archives/edgar/data/828944/000094627509000428/f10q_033109-0312.htm,1620599940,18:39:00,20210509
45,2008-12-31,WSFSL,USD,2009-03-16,2009-03-16 17:24:30,Q4,0.0,0.0,0.0,0.0,0.0,0.0,3920000.0,11716000.0,15636000.0,15636000.0,0.0,-4775000.0,18311000.0,0.0,23086000.0,0.0,1578000.0,23086000.0,0.0,6950000.0,16136000.0,0.0,2.620000266286591,2.570000090784584,6158778.0,6278599.0,https://www.sec.gov/Archives/edgar/data/828944/000094627509000308/0000946275-09-000308-index.htm,https://www.sec.gov/Archives/edgar/data/828944/000094627509000308/f10k_123108-0312.htm,1620599940,18:39:00,20210509
46,2008-09-30,WSFSL,USD,2008-11-10,2008-11-10 17:03:55,Q3,0.0,0.0,0.0,0.0,0.0,0.0,3020000.0,7411000.0,10431000.0,10431000.0,0.0,1554000.0,30604000.0,0.0,29050000.0,0.0,1340000.0,29050000.0,0.0,9594000.0,19456000.0,0.0,3.160000012993421,3.090000063527962,6156962.0,6296440.0,https://www.sec.gov/Archives/edgar/data/828944/000094627508000702/0000946275-08-000702-index.htm,https://www.sec.gov/Archives/edgar/data/828944/000094627508000702/f10q_093008-0312.htm,1620599940,18:39:00,20210509
47,2008-06-30,WSFSL,USD,2008-08-11,2008-08-11 17:22:26,Q2,0.0,0.0,0.0,0.0,0.0,0.0,2068000.0,4329000.0,6397000.0,6397000.0,0.0,1695000.0,22278000.0,0.0,20583000.0,0.0,966000.0,20583000.0,0.0,6637000.0,13946000.0,0.0,0.2700000044528898,0.22000000031550265,51651851.0,63390909.0,https://www.sec.gov/Archives/edgar/data/828944/000094627508000588/0000946275-08-000588-index.htm,https://www.sec.gov/Archives/edgar/data/828944/000094627508000588/f10q_063008-0312.htm,1620599940,18:39:00,20210509
