,date,symbol,reportedCurrency,fillingDate,acceptedDate,period,revenue,costOfRevenue,grossProfit,grossProfitRatio,researchAndDevelopmentExpenses,generalAndAdministrativeExpenses,sellingAndMarketingExpenses,otherExpenses,operatingExpenses,costAndExpenses,interestExpense,depreciationAndAmortization,ebitda,ebitdaratio,operatingIncome,operatingIncomeRatio,totalOtherIncomeExpensesNet,incomeBeforeTax,incomeBeforeTaxRatio,incomeTaxExpense,netIncome,netIncomeRatio,eps,epsdiluted,weightedAverageShsOut,weightedAverageShsOutDil,link,finalLink,timestamp,est_time,est_date
0,2020-12-31,ARMANFIN.NS,INR,2020-12-31,2020-12-31,Q4,472293000,262012000.0,210281000.0,0.4452342084257018,0.0,0.0,0.0,6723000.0,36666000.0,298678000.0,0.0,1984000.0,175599000.0,0.37180097947672314,173615000.0,0.36760019733512883,0.0,33274000.0,0.07045202871946017,4036000.0,29238000.0,0.06190648601609594,3.44,3.44,8499419.0,8499419.0,https://www.nseindia.com/companies-listing/corporate-filings-annual-reports,https://www.nseindia.com/companies-listing/corporate-filings-annual-reports,1620588726,15:32:06,20210509
1,2020-09-30,ARMANFIN.NS,INR,2020-09-30,2020-09-30,Q3,508246000,277333000.0,230913000.0,0.45433313788991947,0.0,0.0,0.0,9171000.0,33391000.0,310724000.0,0.0,2023000.0,199545000.0,0.3926149935267567,197522000.0,0.3886346375574033,0.0,19623000.0,0.038609256147613555,4485000.0,15138000.0,0.0297847892555967,1.79,1.79,8456983.0,8456983.0,https://www.nseindia.com/companies-listing/corporate-filings-annual-reports,https://www.nseindia.com/companies-listing/corporate-filings-annual-reports,1620588726,15:32:06,20210509
2,2020-06-30,ARMANFIN.NS,INR,2020-06-30,2020-06-30,Q2,486632000,306475000.0,180157000.0,0.37021198770323366,0.0,0.0,0.0,3297000.0,18679000.0,325154000.0,0.0,2073000.0,163551000.0,0.3360876391194989,161478000.0,0.3318277466340068,0.0,66273000.0,0.13618709825905406,13187000.0,53086000.0,0.10908859261207647,6.28,6.26,8453185.0,8480192.0,https://www.nseindia.com/companies-listing/corporate-filings-annual-reports,https://www.nseindia.com/companies-listing/corporate-filings-annual-reports,1620588726,15:32:06,20210509
3,2020-03-31,ARMANFIN.NS,INR,2020-03-31,2020-03-31,Q1,494631000,309410000.0,185221000.0,0.37446298351700563,0.0,0.0,0.0,-20625000.0,61536000.0,370946000.0,0.0,1283000.0,124968000.0,0.25264894436458696,123685000.0,0.25005509157331424,0.0,29554000.0,0.059749591109332006,-8500000.0,38053000.0,0.07693209685604016,4.499595186604963,4.499595186604963,8456983.0,8456983.0,https://www.nseindia.com/companies-listing/corporate-filings-annual-reports,https://www.nseindia.com/companies-listing/corporate-filings-annual-reports,1620588726,15:32:06,20210509
4,2019-12-31,ARMANFIN.NS,INR,2019-12-31,2019-12-31,Q4,564230000,303093000.0,261137000.0,0.4628201265441398,0.0,0.0,0.0,3428000.0,42449000.0,345542000.0,0.0,2050000.0,220738000.0,0.3912198925969906,218688000.0,0.3875866224766496,0.0,181203000.0,0.3211509490810485,45581000.0,135622000.0,0.24036651720043245,16.45,16.38,8244498.0,8279731.0,https://www.nseindia.com/companies-listing/corporate-filings-annual-reports,https://www.nseindia.com/companies-listing/corporate-filings-annual-reports,1620588726,15:32:06,20210509
5,2019-09-30,ARMANFIN.NS,INR,2019-09-30,2019-09-30,Q3,536024000,315053000.0,220971000.0,0.41224086981179947,0.0,0.0,0.0,13473000.0,41110000.0,356163000.0,0.0,2247000.0,182108000.0,0.3397385191707834,179861000.0,0.33554654269211825,0.0,165173000.0,0.30814478456188527,44755000.0,120417000.0,0.2246485232004537,17.31,13.89,6956499.0,8669330.0,https://www.nseindia.com/companies-listing/corporate-filings-annual-reports,https://www.nseindia.com/companies-listing/corporate-filings-annual-reports,1620588726,15:32:06,20210509
6,2019-06-30,ARMANFIN.NS,INR,2019-06-30,2019-06-30,Q2,473620000,267224000.0,206396000.0,0.43578396182593643,0.0,0.0,0.0,4124000.0,46290000.0,313514000.0,0.0,1585000.0,161691000.0,0.34139394451247834,160106000.0,0.3380473797559225,0.0,161831000.0,0.3416895401376631,40726000.0,121105000.0,0.2557007727714201,17.42,13.73,6952067.0,8820466.0,https://www.nseindia.com/companies-listing/corporate-filings-annual-reports,https://www.nseindia.com/companies-listing/corporate-filings-annual-reports,1620588726,15:32:06,20210509
7,2019-03-31,ARMANFIN.NS,INR,2019-03-31,2019-03-31,Q1,397514469,247829553.0,149684916.0,0.3765521199179293,0.0,0.0,0.0,-636952.0,20143620.0,267973173.0,0.0,341614.0,129882910.0,0.3267375658720991,129541296.0,0.32587819086404124,0.0,77942456.0,0.19607451320218486,23105646.0,54836811.0,0.1379492201578202,6.484204946373902,6.484204946373902,8456983.0,8456983.0,https://www.nseindia.com/companies-listing/corporate-filings-annual-reports,https://www.nseindia.com/companies-listing/corporate-filings-annual-reports,1620588726,15:32:06,20210509
8,2018-12-31,ARMANFIN.NS,INR,2018-12-31,2018-12-31,Q4,380426000,234399000.0,146027000.0,0.38385126148055077,0.0,0.0,0.0,8000.0,59104000.0,293503000.0,0.0,1242000.0,88165000.0,0.2317533501916273,86923000.0,0.228488589108,0.0,86931000.0,0.22850961816489934,28585000.0,58345000.0,0.15336754059922297,8.41,7.63,6937574.0,7646789.0,https://www.nseindia.com/companies-listing/corporate-filings-annual-reports,https://www.nseindia.com/companies-listing/corporate-filings-annual-reports,1620588726,15:32:06,20210509
9,2018-09-30,ARMANFIN.NS,INR,2018-09-30,2018-09-30,Q3,328845000,205103000.0,123742000.0,0.37629278231385604,0.0,0.0,0.0,629000.0,46625000.0,251728000.0,0.0,1314000.0,78431000.0,0.23850446258875763,77117000.0,0.23450865909471028,0.0,77746000.0,0.2364214143441439,23671000.0,54075000.0,0.1644391734707841,7.79,7.16,6941592.0,7552374.0,https://www.nseindia.com/companies-listing/corporate-filings-annual-reports,https://www.nseindia.com/companies-listing/corporate-filings-annual-reports,1620588726,15:32:06,20210509
10,2018-06-30,ARMANFIN.NS,INR,2018-06-30,2018-06-30,Q2,291527000,185586000.0,105941000.0,0.36340030254487576,0.0,0.0,0.0,3000.0,42111000.0,227697000.0,0.0,1184000.0,65014000.0,0.22301193371454445,63830000.0,0.2189505603254587,0.0,63833000.0,0.21896085096749185,17758000.0,46075000.0,0.1580471105592278,6.65,6.12,6928571.0,7528595.0,https://www.nseindia.com/companies-listing/corporate-filings-annual-reports,https://www.nseindia.com/companies-listing/corporate-filings-annual-reports,1620588726,15:32:06,20210509
11,2018-03-31,ARMANFIN.NS,INR,2018-03-31,2018-03-31,Q1,257969000,176056000.0,81913000.0,0.3175304009396478,0.0,0.0,0.0,123000.0,52010000.0,228066000.0,0.0,845000.0,30748000.0,0.11919261616705883,29903000.0,0.115917028790281,0.0,30026000.0,0.11639383026642736,5774000.0,24252000.0,0.09401129593090643,1.98,1.87,6924653.0,6924653.0,https://www.nseindia.com/companies-listing/corporate-filings-annual-reports,https://www.nseindia.com/companies-listing/corporate-filings-annual-reports,1620588726,15:32:06,20210509
12,2017-12-31,ARMANFIN.NS,INR,2017-12-31,2017-12-31,Q4,225353000,145414000.0,79939000.0,0.3547279157588317,0.0,0.0,0.0,0.0,36692000.0,182106000.0,101378000.0,1035000.0,44282000.0,0.19650060127888247,43247000.0,0.19190780686301048,0.0,43247000.0,0.19190780686301048,11892000.0,31355000.0,0.13913726464702045,4.53,4.53,6921634.0,6921634.0,https://www.nseindia.com/companies-listing/corporate-filings-annual-reports,https://www.nseindia.com/companies-listing/corporate-filings-annual-reports,1620588726,15:32:06,20210509
13,2017-09-30,ARMANFIN.NS,INR,2017-09-30,2017-09-30,Q3,177219000,121975000.0,55244000.0,0.31172729786309594,0.0,0.0,0.0,8000.0,44978000.0,166953000.0,0.0,987000.0,11253000.0,0.06349770622788753,10266000.0,0.057928325969563085,0.0,10274000.0,0.057973467856155377,2291000.0,7983000.0,0.04504596008328678,1.15,1.15,6941739.0,6941739.0,https://www.nseindia.com/companies-listing/corporate-filings-annual-reports,https://www.nseindia.com/companies-listing/corporate-filings-annual-reports,1620588726,15:32:06,20210509
14,2017-06-30,ARMANFIN.NS,INR,2017-06-30,2017-06-30,Q2,139669000,82936000.0,56733000.0,0.4061960778698208,0.0,0.0,0.0,0.0,42358000.0,125286000.0,0.0,865000.0,15248000.0,0.10917240046109015,14383000.0,0.10297918650523738,0.0,14383000.0,0.10297918650523738,5016000.0,9367000.0,0.0670657053462114,1.35,1.35,6938519.0,6938519.0,https://www.nseindia.com/companies-listing/corporate-filings-annual-reports,https://www.nseindia.com/companies-listing/corporate-filings-annual-reports,1620588726,15:32:06,20210509
15,2017-03-31,ARMANFIN.NS,INR,2017-03-31,2017-03-31,Q1,123506000,106182000.0,17324000.0,0.14026848898029246,0.0,0.0,0.0,121000.0,23712000.0,129894000.0,0.0,761000.0,-5627000.0,-0.045560539568927826,-6388000.0,-0.051722183537641894,0.0,-6267000.0,-0.05074247404984373,1291000.0,-7558000.0,-0.06119540751056629,-1.09,-1.09,6933945.0,6933945.0,https://www.nseindia.com/companies-listing/corporate-filings-annual-reports,https://www.nseindia.com/companies-listing/corporate-filings-annual-reports,1620588726,15:32:06,20210509
16,2016-12-31,ARMANFIN.NS,INR,2016-12-31,2016-12-31,Q4,143473000,77049000.0,66424000.0,0.46297212715981406,0.0,0.0,0.0,0.0,40512000.0,117561000.0,49278000.0,835000.0,26747000.0,0.18642532044356777,25912000.0,0.18060541007715739,0.0,25912000.0,0.18060541007715739,8693000.0,17219000.0,0.12001561269367755,2.49,2.49,6915261.0,6915261.0,https://www.nseindia.com/companies-listing/corporate-filings-annual-reports,https://www.nseindia.com/companies-listing/corporate-filings-annual-reports,1620588726,15:32:06,20210509
17,2016-09-30,ARMANFIN.NS,INR,2016-09-30,2016-09-30,Q3,141761000,79355000.0,62406000.0,0.4402198065758565,0.0,0.0,0.0,0.0,27485000.0,106840000.0,55420000.0,843000.0,35764000.0,0.25228377339324637,34921000.0,0.2463371449129168,0.0,34921000.0,0.2463371449129168,10089000.0,24832000.0,0.175168064559364,3.59,3.59,6916992.0,6916992.0,https://www.nseindia.com/companies-listing/corporate-filings-annual-reports,https://www.nseindia.com/companies-listing/corporate-filings-annual-reports,1620588726,15:32:06,20210509
18,2016-06-30,ARMANFIN.NS,INR,2016-06-30,2016-06-30,Q2,126971000,0.0,0.0,0.0,0.0,0.0,0.0,0.0,18441000.0,37459000.0,0.0,503000.0,90015000.0,0.7089414118184467,89512000.0,0.7049798772948154,0.0,44116000.0,0.3474494175835427,15373000.0,28743000.0,0.2263745264666735,3.87,3.87,7427132.0,7427132.0,https://www.nseindia.com/companies-listing/corporate-filings-annual-reports,https://www.nseindia.com/companies-listing/corporate-filings-annual-reports,1620588726,15:32:06,20210509
19,2016-03-31,ARMANFIN.NS,INR,2016-03-31,2016-03-31,Q1,125739284,0.0,0.0,0.0,0.0,0.0,0.0,0.0,18113963.0,186843233.0,31964820.0,381875.0,-60722074.0,-0.4829204689920137,-61103949.0,-0.48595750712243596,0.0,39235114.0,0.312035449478144,13810474.0,25424640.0,0.20220124682752288,3.006348717976612,3.006348717976612,8456983.0,8456983.0,https://www.nseindia.com/companies-listing/corporate-filings-annual-reports,https://www.nseindia.com/companies-listing/corporate-filings-annual-reports,1620588726,15:32:06,20210509
20,2015-12-31,ARMANFIN.NS,INR,2015-12-31,2015-12-31,Q4,96444000,0.0,0.0,0.0,0.0,0.0,0.0,0.0,19927000.0,36310000.0,39520000.0,477000.0,60611000.0,0.6284579652440795,60134000.0,0.6235120899174651,0.0,20614000.0,0.21374061631620422,6740000.0,13874000.0,0.1438555016382564,2.0,2.0,6937000.0,6937000.0,https://www.nseindia.com/companies-listing/corporate-filings-annual-reports,https://www.nseindia.com/companies-listing/corporate-filings-annual-reports,1620588726,15:32:06,20210509
21,2015-09-30,ARMANFIN.NS,INR,2015-09-30,2015-09-30,Q3,96049000,0.0,0.0,0.0,0.0,0.0,0.0,0.0,16897000.0,29900000.0,35430000.0,429000.0,66578000.0,0.69316702932878,66149000.0,0.6887005590896313,0.0,30719000.0,0.31982633863965265,10442000.0,20277000.0,0.21111099542941625,2.93,2.93,6920478.0,6920478.0,https://www.nseindia.com/companies-listing/corporate-filings-annual-reports,https://www.nseindia.com/companies-listing/corporate-filings-annual-reports,1620588726,15:32:06,20210509
22,2015-06-30,ARMANFIN.NS,INR,2015-06-30,2015-06-30,Q2,88676000,0.0,0.0,0.0,0.0,0.0,0.0,0.0,12141000.0,25259000.0,32918000.0,370000.0,63787000.0,0.7193265370562497,63417000.0,0.7151540439352249,0.0,30499000.0,0.34393748026523524,10098000.0,20401000.0,0.2300622490865623,2.95,2.95,6915593.0,6915593.0,https://www.nseindia.com/companies-listing/corporate-filings-annual-reports,https://www.nseindia.com/companies-listing/corporate-filings-annual-reports,1620588726,15:32:06,20210509
23,2015-03-31,ARMANFIN.NS,INR,2015-03-31,2015-03-31,Q1,87342539,0.0,0.0,0.0,0.0,0.0,0.0,0.0,11347472.0,130762462.0,0.0,444613.0,-42975310.0,-0.49203183800278577,-43419923.0,-0.49712228997602187,0.0,24758236.0,0.28346137269950444,9200933.0,15557303.0,0.17811828208932648,1.8395807346426025,1.8395807346426025,8456983.0,8456983.0,https://www.nseindia.com/companies-listing/corporate-filings-annual-reports,https://www.nseindia.com/companies-listing/corporate-filings-annual-reports,1620588726,15:32:06,20210509
24,2014-12-31,ARMANFIN.NS,INR,2014-12-31,2014-12-31,Q4,73398000,0.0,0.0,0.0,0.0,0.0,0.0,0.0,11003000.0,23990000.0,0.0,658000.0,50066000.0,0.6821166789285812,49408000.0,0.6731518569988283,0.0,20434000.0,0.2783999564020818,6233000.0,14201000.0,0.19347938635930134,2.05,2.05,6927317.0,6927317.0,https://www.nseindia.com/companies-listing/corporate-filings-annual-reports,https://www.nseindia.com/companies-listing/corporate-filings-annual-reports,1620588726,15:32:06,20210509
25,2014-09-30,ARMANFIN.NS,INR,2014-09-30,2014-09-30,Q3,68397000,0.0,68397000.0,1.0,0.0,0.0,0.0,0.0,11687000.0,23643000.0,0.0,643000.0,45397000.0,0.6637279412839745,44754000.0,0.6543269441642178,0.0,21846000.0,0.3193999736830563,7142000.0,14704000.0,0.21498018918958434,2.12,2.12,6935849.0,6935849.0,https://www.nseindia.com/companies-listing/corporate-filings-annual-reports,https://www.nseindia.com/companies-listing/corporate-filings-annual-reports,1620588726,15:32:06,20210509
26,2014-06-30,ARMANFIN.NS,INR,2014-06-30,2014-06-30,Q2,66868000,0.0,66868000.0,1.0,0.0,0.0,0.0,0.0,8147000.0,18852000.0,0.0,632000.0,48648000.0,0.727522880899683,48016000.0,0.7180714242986181,0.0,25552000.0,0.3821259795417838,8442000.0,17110000.0,0.2558772507028773,2.47,2.47,6927126.0,6927126.0,https://www.nseindia.com/companies-listing/corporate-filings-annual-reports,https://www.nseindia.com/companies-listing/corporate-filings-annual-reports,1620588726,15:32:06,20210509
27,2014-03-31,ARMANFIN.NS,INR,2014-03-31,2014-03-31,Q1,66392249,0.0,66392249.0,1.0,0.0,0.0,0.0,0.0,14076923.0,29593963.0,0.0,311409.0,37109695.0,0.558946195662087,36798286.0,0.5542557535594252,0.0,11256118.0,0.16953964008660108,4385938.0,6870180.0,0.10347864552682949,0.8123677202614691,0.8123677202614691,8456983.0,8456983.0,https://www.nseindia.com/companies-listing/corporate-filings-annual-reports,https://www.nseindia.com/companies-listing/corporate-filings-annual-reports,1620588726,15:32:06,20210509
28,2013-12-31,ARMANFIN.NS,INR,2013-12-31,2013-12-31,Q4,66383000,0.0,66383000.0,1.0,0.0,0.0,0.0,0.0,10087000.0,22355000.0,0.0,281000.0,44309000.0,0.6674751065784915,44028000.0,0.6632420951147131,0.0,18607000.0,0.2802976665712607,5776000.0,12831000.0,0.19328743804889806,-4.48,-4.48,6924653.0,6924653.0,https://www.nseindia.com/companies-listing/corporate-filings-annual-reports,https://www.nseindia.com/companies-listing/corporate-filings-annual-reports,1620588726,15:32:06,20210509
29,2013-09-30,ARMANFIN.NS,INR,2013-09-30,2013-09-30,Q3,60618000,0.0,60618000.0,1.0,0.0,0.0,0.0,0.0,7887000.0,17630000.0,0.0,273000.0,43261000.0,0.7136659078161602,42988000.0,0.7091622950278795,0.0,19773000.0,0.326190240522617,6153000.0,13620000.0,0.22468573690982876,2.41,1.91,5651452.0,7130890.0,https://www.nseindia.com/companies-listing/corporate-filings-annual-reports,https://www.nseindia.com/companies-listing/corporate-filings-annual-reports,1620588726,15:32:06,20210509
30,2013-06-30,ARMANFIN.NS,INR,2013-06-30,2013-06-30,Q2,51333000,0.0,51333000.0,1.0,0.0,0.0,0.0,0.0,6842000.0,17283000.0,0.0,274000.0,34324000.0,0.6686536925564451,34050000.0,0.6633159955584127,0.0,17056000.0,0.3322618978045312,5385000.0,11671000.0,0.22735861921181305,2.07,1.66,5648893.0,7030723.0,https://www.nseindia.com/companies-listing/corporate-filings-annual-reports,https://www.nseindia.com/companies-listing/corporate-filings-annual-reports,1620588726,15:32:06,20210509
31,2013-03-31,ARMANFIN.NS,INR,2013-03-31,2013-03-31,Q1,43527772,0.0,43527772.0,1.0,0.0,0.0,0.0,0.0,10502890.0,21099186.0,0.0,253794.0,22682380.0,0.5211013327307449,22428586.0,0.5152707103869226,0.0,6998815.0,0.16078964482721514,1460981.0,5537834.0,0.12722530342237595,0.6548238302004391,0.6548238302004391,8456983.0,8456983.0,https://www.nseindia.com/companies-listing/corporate-filings-annual-reports,https://www.nseindia.com/companies-listing/corporate-filings-annual-reports,1620588726,15:32:06,20210509
32,2012-12-31,ARMANFIN.NS,INR,2012-12-31,2012-12-31,Q4,45011000,0.0,45011000.0,1.0,0.0,0.0,0.0,0.0,6926000.0,16577000.0,0.0,278000.0,28712000.0,0.637888516140499,28434000.0,0.6317122481171269,0.0,11492000.0,0.25531536735464666,3622000.0,7870000.0,0.17484614871920198,1.44,1.15,5434729.0,6843478.0,https://www.nseindia.com/companies-listing/corporate-filings-annual-reports,https://www.nseindia.com/companies-listing/corporate-filings-annual-reports,1620588726,15:32:06,20210509
33,2012-09-30,ARMANFIN.NS,INR,2012-09-30,2012-09-30,Q3,41255000,0.0,41255000.0,1.0,0.0,0.0,0.0,0.0,14696000.0,14696000.0,0.0,268000.0,26827000.0,0.6502726942188826,26559000.0,0.6437765119379469,0.0,13998000.0,0.33930432674827293,4294000.0,9705000.0,0.23524421282268815,1.79,1.35,5434729.0,5434729.0,https://www.nseindia.com/companies-listing/corporate-filings-annual-reports,https://www.nseindia.com/companies-listing/corporate-filings-annual-reports,1620588726,15:32:06,20210509
34,2012-06-30,ARMANFIN.NS,INR,2012-06-30,2012-06-30,Q2,38241000,0.0,0.0,0.0,0.0,0.0,0.0,0.0,12653000.0,12653000.0,10544000.0,277000.0,25865000.0,0.676368295808164,25588000.0,0.669124761381763,0.0,15043000.0,0.3933736042467509,4720000.0,10323000.0,0.26994586961638034,1.9,1.85,5433158.0,5580000.0,https://www.nseindia.com/companies-listing/corporate-filings-annual-reports,https://www.nseindia.com/companies-listing/corporate-filings-annual-reports,1620588726,15:32:06,20210509
35,2012-03-31,ARMANFIN.NS,INR,2012-03-31,2012-03-31,Q1,30128007,0.0,30128007.0,1.0,0.0,0.0,0.0,0.0,35131983.0,20083983.0,0.0,257109.0,10301133.0,0.3419121948557699,10044024.0,0.33337830809718016,0.0,670548.0,0.02225663317191874,229001.0,441547.0,0.014655698931562251,0.0522109362168518,0.0522109362168518,8456983.0,8456983.0,https://www.nseindia.com/companies-listing/corporate-filings-annual-reports,https://www.nseindia.com/companies-listing/corporate-filings-annual-reports,1620588726,15:32:06,20210509
36,2011-12-31,ARMANFIN.NS,INR,2011-12-31,2011-12-31,Q4,41468000,0.0,41468000.0,1.0,0.0,0.0,0.0,0.0,6238000.0,12030000.0,0.0,266000.0,29704000.0,0.7163113726246745,29438000.0,0.709896787884634,0.0,9927000.0,0.23938940870068487,3186000.0,6741000.0,0.162559081701553,1.65,1.65,4076600.0,4076600.0,https://www.nseindia.com/companies-listing/corporate-filings-annual-reports,https://www.nseindia.com/companies-listing/corporate-filings-annual-reports,1620588726,15:32:06,20210509
37,2011-09-30,ARMANFIN.NS,INR,2011-09-30,2011-09-30,Q3,44498000,0.0,44498000.0,1.0,0.0,0.0,0.0,0.0,12603000.0,12603000.0,0.0,262000.0,32157000.0,0.7226616926603443,31895000.0,0.7167737875859589,0.0,17361000.0,0.3901523663984898,5791000.0,11570000.0,0.26001168591846824,2.84,2.84,4076600.0,4076600.0,https://www.nseindia.com/companies-listing/corporate-filings-annual-reports,https://www.nseindia.com/companies-listing/corporate-filings-annual-reports,1620588726,15:32:06,20210509
38,2011-06-30,ARMANFIN.NS,INR,2011-06-30,2011-06-30,Q2,38935000,0.0,0.0,0.0,0.0,0.0,0.0,0.0,8644000.0,8644000.0,12778000.0,253000.0,30544000.0,0.7844869654552459,30291000.0,0.7779889559522281,0.0,17515000.0,0.4498523179658405,5658000.0,11857000.0,0.30453319635289583,2.91,2.91,4074570.0,4074570.0,https://www.nseindia.com/companies-listing/corporate-filings-annual-reports,https://www.nseindia.com/companies-listing/corporate-filings-annual-reports,1620588726,15:32:06,20210509
