,date,symbol,reportedCurrency,fillingDate,acceptedDate,period,revenue,costOfRevenue,grossProfit,grossProfitRatio,researchAndDevelopmentExpenses,generalAndAdministrativeExpenses,sellingAndMarketingExpenses,otherExpenses,operatingExpenses,costAndExpenses,interestExpense,depreciationAndAmortization,ebitda,ebitdaratio,operatingIncome,operatingIncomeRatio,totalOtherIncomeExpensesNet,incomeBeforeTax,incomeBeforeTaxRatio,incomeTaxExpense,netIncome,netIncomeRatio,eps,epsdiluted,weightedAverageShsOut,weightedAverageShsOutDil,link,finalLink,timestamp,est_time,est_date
0,2020-12-31,VIACA,USD,2021-02-24,2021-02-24 17:14:03,Q4,6225000000,0.0,6225000000,1.0,0.0,1384000000,0.0,0.0,1031000000,5462000000,509000000.0,430000.0,977430000,0.15701686746987953,977000000,0.15694779116465862,0.0,882000000.0,0.1416867469879518,-836000000.0,1976000000,0.31742971887550203,3.2130081300813007,3.2025931928687195,615000000,617000000,https://www.sec.gov/Archives/edgar/data/813828/000081382821000005/0000813828-21-000005-index.htm,https://www.sec.gov/Archives/edgar/data/813828/000081382821000005/viac-20201231.htm,1620599501,18:31:41,20210509
1,2020-09-30,VIACA,USD,2020-11-06,2020-11-06 12:37:06,Q3,6116000000,0.0,6116000000,1.0,0.0,1373000000,0.0,0.0,1489000000,5157000000,259000000.0,-237000000.0,722000000,0.11805101373446697,959000000,0.1568018312622629,0.0,671000000.0,0.10971223021582734,-38000000.0,709000000,0.11592544146500981,1.1528455284552845,1.1491085899513775,615000000,617000000,https://www.sec.gov/Archives/edgar/data/813828/000081382820000051/0000813828-20-000051-index.htm,https://www.sec.gov/Archives/edgar/data/813828/000081382820000051/viac-20200930.htm,1620599501,18:31:41,20210509
2,2020-06-30,VIACA,USD,2020-08-06,2020-08-06 11:05:45,Q2,6275000000,0.0,6275000000,1.0,0.0,1222000000,0.0,0.0,1346000000,4989000000,263000000.0,124000000.0,1410000000,0.22470119521912352,1286000000,0.2049402390438247,0.0,937000000.0,0.1493227091633466,202000000.0,481000000,0.07665338645418326,0.7821138211382114,0.779578606158833,615000000,617000000,https://www.sec.gov/Archives/edgar/data/813828/000081382820000040/0000813828-20-000040-index.htm,https://www.sec.gov/Archives/edgar/data/813828/000081382820000040/viac10q-063020.htm,1620599501,18:31:41,20210509
3,2020-03-31,VIACA,USD,2020-05-07,2020-05-07 10:05:00,Q1,6669000000,0.0,6669000000,1.0,0.0,1341000000,0.0,0.0,1454000000,5752000000,0.0,113000000.0,1030000000,0.15444594391962813,917000000,0.13750187434397962,0.0,657000000.0,0.09851551956815115,137000000.0,516000000,0.07737291947818263,0.8403908794788274,0.8376623376623377,614000000,616000000,https://www.sec.gov/Archives/edgar/data/813828/000081382820000022/0000813828-20-000022-index.htm,https://www.sec.gov/Archives/edgar/data/813828/000081382820000013/a2019k.htm,1620599501,18:31:41,20210509
4,2019-12-31,VIACA,USD,2020-02-20,2020-02-20 17:33:38,Q4,16541000000,0.0,16541000000,1.0,0.0,3945000000,0.0,0.0,4230000000,15241000000,616000000.0,285000000.0,2134000000,0.12901275618160934,1849000000,0.11178284263345627,0.0,1295000000.0,0.07829030892932713,-335000000.0,1630000000,0.09854301432803338,2.6504065040650406,2.641815235008104,615000000,617000000,https://www.sec.gov/Archives/edgar/data/813828/000081382820000013/0000813828-20-000013-index.htm,https://www.sec.gov/Archives/edgar/data/813828/000081382820000013/a2019k.htm,1620599501,18:31:41,20210509
5,2019-09-30,VIACA,USD,2019-11-12,2019-11-12 16:31:09,Q3,3295000000,0.0,3295000000,1.0,0.0,584000000,0.0,0.0,636000000,2794000000,114000000.0,52000000.0,553000000,0.1678300455235205,501000000,0.15204855842185128,0.0,375000000.0,0.11380880121396054,-33000000.0,408000000,0.12382397572078907,1.0909090909090908,1.0851063829787233,374000000,376000000,https://www.sec.gov/Archives/edgar/data/813828/000081382819000033/0000813828-19-000033-index.htm,https://www.sec.gov/Archives/edgar/data/813828/000081382819000033/cbs10q-093019.htm,1620599501,18:31:41,20210509
6,2019-06-30,VIACA,USD,2019-08-08,2019-08-08 17:10:13,Q2,3809000000,0.0,3809000000,1.0,0.0,545000000,0.0,0.0,598000000,3114000000,115000000.0,53000000.0,748000000,0.1963770018377527,695000000,0.1824625886059333,0.0,571000000.0,0.14990811236545024,-119000000.0,690000000,0.18114990811236545,1.8449197860962567,1.8351063829787233,374000000,376000000,https://www.sec.gov/Archives/edgar/data/813828/000081382819000025/0000813828-19-000025-index.htm,https://www.sec.gov/Archives/edgar/data/813828/000081382819000025/cbs10q-063019.htm,1620599501,18:31:41,20210509
7,2019-03-31,VIACA,USD,2019-05-02,2019-05-02 17:23:57,Q1,4167000000,0.0,4167000000,1.0,0.0,573000000,0.0,0.0,626000000,2939000000,0.0,53000000.0,1281000000,0.3074154067674586,1228000000,0.29469642428605713,0.0,1087000000.0,0.26085913126949845,496000000.0,1583000000,0.3798896088312935,4.2439678284182305,4.210106382978723,373000000,376000000,https://www.sec.gov/Archives/edgar/data/813828/000081382819000014/0000813828-19-000014-index.htm,https://www.sec.gov/Archives/edgar/data/813828/000081382819000006/cbs_10k-123118.htm,1620599501,18:31:41,20210509
8,2018-12-31,VIACA,USD,2019-02-15,2019-02-15 17:31:44,Q4,4024000000,0.0,4024000000,1.0,0.0,612000000,0.0,0.0,667000000,3377000000,118000000.0,55000000.0,702000000,0.17445328031809146,647000000,0.16078528827037775,0.0,526000000.0,0.13071570576540756,39000000.0,487000000,0.12102385685884692,1.2917771883289124,1.2782152230971129,377000000,381000000,https://www.sec.gov/Archives/edgar/data/813828/000081382819000006/0000813828-19-000006-index.htm,https://www.sec.gov/Archives/edgar/data/813828/000081382819000006/cbs_10k-123118.htm,1620599501,18:31:41,20210509
9,2018-09-30,VIACA,USD,2018-11-01,2018-11-01 17:18:33,Q3,3263000000,0.0,3263000000,1.0,0.0,549000000,0.0,0.0,605000000,2573000000,115000000.0,56000000.0,746000000,0.22862396567575852,690000000,0.2114618449279804,0.0,570000000.0,0.17468587189702728,-64000000.0,634000000,0.19429972418020228,1.6772486772486772,1.6596858638743455,378000000,382000000,https://www.sec.gov/Archives/edgar/data/813828/000081382818000044/0000813828-18-000044-index.htm,https://www.sec.gov/Archives/edgar/data/813828/000081382818000044/cbs_10q-093018.htm,1620599501,18:31:41,20210509
10,2018-06-30,VIACA,USD,2018-08-02,2018-08-02 17:18:58,Q2,3466000000,0.0,3466000000,1.0,0.0,532000000,0.0,0.0,588000000,2807000000,116000000.0,56000000.0,715000000,0.20628967109059435,659000000,0.190132717830352,0.0,533000000.0,0.15377957299480668,-113000000.0,646000000,0.18638199653779572,1.7,1.6866840731070496,380000000,383000000,https://www.sec.gov/Archives/edgar/data/813828/000081382818000036/0000813828-18-000036-index.htm,https://www.sec.gov/Archives/edgar/data/813828/000081382818000036/cbs_10q-063018.htm,1620599501,18:31:41,20210509
11,2018-03-31,VIACA,USD,2018-05-04,2018-05-04 16:28:47,Q1,3761000000,0.0,3761000000,1.0,0.0,524000000,0.0,0.0,580000000,2989000000,0.0,56000000.0,828000000,0.2201542143047062,772000000,0.2052645572985908,0.0,646000000.0,0.17176282903483117,135000000.0,511000000,0.13586812018080296,1.337696335078534,1.3238341968911918,382000000,386000000,https://www.sec.gov/Archives/edgar/data/813828/000081382818000026/0000813828-18-000026-index.htm,https://www.sec.gov/Archives/edgar/data/813828/000081382818000018/cbs_10k-123117.htm,1620599501,18:31:41,20210509
12,2017-12-31,VIACA,USD,2018-02-20,2018-02-16 17:51:35,Q4,3921000000,0.0,3921000000,1.0,0.0,627000000,0.0,0.0,1017000000,3578000000,121000000.0,57000000.0,400000000,0.102014792144861,343000000,0.08747768426421831,0.0,186000000.0,0.047436878347360364,-154000000.0,340000000,0.08671257332313186,0.8478802992518704,0.8353808353808354,401000000,407000000,https://www.sec.gov/Archives/edgar/data/813828/000081382818000018/0000813828-18-000018-index.htm,https://www.sec.gov/Archives/edgar/data/813828/000081382818000018/cbs_10k-123117.htm,1620599501,18:31:41,20210509
13,2017-09-30,VIACA,USD,2017-11-06,2017-11-03 17:40:51,Q3,3171000000,0.0,3171000000,1.0,0.0,547000000,0.0,0.0,602000000,2464000000,116000000.0,55000000.0,762000000,0.2403027436140019,707000000,0.2229580573951435,0.0,606000000.0,0.19110690633869443,-172000000.0,778000000,0.24534847051403344,1.9209876543209876,1.897560975609756,405000000,410000000,https://www.sec.gov/Archives/edgar/data/813828/000081382817000048/0000813828-17-000048-index.htm,https://www.sec.gov/Archives/edgar/data/813828/000081382817000048/cbs_10q-093017.htm,1620599501,18:31:41,20210509
14,2017-06-30,VIACA,USD,2017-08-07,2017-08-07 16:34:02,Q2,3257000000,0.0,3257000000,1.0,0.0,528000000,0.0,0.0,584000000,2588000000,111000000.0,56000000.0,725000000,0.2225974823457169,669000000,0.2054037457783236,0.0,578000000.0,0.1774639238563095,-169000000.0,747000000,0.22935216456862142,1.8353808353808354,1.8087167070217918,407000000,413000000,https://www.sec.gov/Archives/edgar/data/813828/000081382817000031/0000813828-17-000031-index.htm,https://www.sec.gov/Archives/edgar/data/813828/000081382817000031/cbs_10q-063017.htm,1620599501,18:31:41,20210509
15,2017-03-31,VIACA,USD,2017-05-04,2017-05-04 16:42:48,Q1,3343000000,0.0,3343000000,1.0,0.0,510000000,0.0,0.0,565000000,2639000000,0.0,55000000.0,759000000,0.22704157941968292,704000000,0.2105892910559378,0.0,609000000.0,0.18217170206401437,138000000.0,747000000,0.22345198923122944,1.8219512195121952,1.7956730769230769,410000000,416000000,https://www.sec.gov/Archives/edgar/data/813828/000081382817000013/0000813828-17-000013-index.htm,https://www.sec.gov/Archives/edgar/data/813828/000081382817000005/cbs_10k-123116.htm,1620599501,18:31:41,20210509
16,2016-12-31,VIACA,USD,2017-02-17,2017-02-17 17:32:36,Q4,2634000000,0.0,2634000000,1.0,0.0,237000000,0.0,0.0,485000000,2365000000,-304000000.0,37000000.0,306000000,0.11617312072892938,269000000,0.10212604403948368,0.0,165000000.0,0.06264236902050115,-16000000.0,181000000,0.06871678056188307,0.40765765765765766,0.40401785714285715,444000000,448000000,https://www.sec.gov/Archives/edgar/data/813828/000081382817000005/0000813828-17-000005-index.htm,https://www.sec.gov/Archives/edgar/data/813828/000081382817000005/cbs_10k-123116.htm,1620599501,18:31:41,20210509
17,2016-09-30,VIACA,USD,2016-11-03,2016-11-03 16:44:59,Q3,3396000000,0.0,3396000000,1.0,0.0,640000000,0.0,0.0,701000000,2598000000,104000000.0,61000000.0,859000000,0.25294464075382805,798000000,0.23498233215547704,0.0,703000000.0,0.20700824499411072,-176000000.0,879000000,0.2588339222614841,1.9490022172949002,1.9318681318681319,451000000,455000000,https://www.sec.gov/Archives/edgar/data/813828/000081382816000106/0000813828-16-000106-index.htm,https://www.sec.gov/Archives/edgar/data/813828/000081382816000106/cbs_10q-093016.htm,1620599501,18:31:41,20210509
18,2016-06-30,VIACA,USD,2016-07-28,2016-07-28 16:37:31,Q2,3287000000,0.0,3287000000,1.0,0.0,630000000,0.0,0.0,693000000,2554000000,100000000.0,63000000.0,796000000,0.24216610891390325,733000000,0.22299969577121995,0.0,637000000.0,0.19379373288713111,-205000000.0,842000000,0.2561606327958625,1.8505494505494506,1.8344226579520697,455000000,459000000,https://www.sec.gov/Archives/edgar/data/813828/000081382816000088/0000813828-16-000088-index.htm,https://www.sec.gov/Archives/edgar/data/813828/000081382816000088/cbs_10q-063016.htm,1620599501,18:31:41,20210509
19,2016-03-31,VIACA,USD,2016-05-04,2016-05-04 09:16:59,Q1,3849000000,0.0,3849000000,1.0,0.0,617000000,0.0,0.0,672000000,3028000000,0.0,64000000.0,885000000,0.2299298519095869,821000000,0.21330215640426084,0.0,725000000.0,0.18836061314627175,231000000.0,473000000,0.1228890620940504,1.0305010893246187,1.019396551724138,459000000,464000000,https://www.sec.gov/Archives/edgar/data/813828/000081382816000075/0000813828-16-000075-index.htm,https://www.sec.gov/Archives/edgar/data/813828/000081382816000065/cbs_10k-123115.htm,1620599501,18:31:41,20210509
20,2015-12-31,VIACA,USD,2016-02-16,2016-02-12 19:57:12,Q4,3910000000,0.0,3910000000,1.0,0.0,665000000,0.0,0.0,730000000,9679000000,-289000000.0,65000000.0,441000000,0.11278772378516624,376000000,0.09616368286445012,0.0,257000000.0,0.06572890025575448,-8000000.0,265000000,0.06777493606138107,0.5475206611570248,0.5419222903885481,484000000,489000000,https://www.sec.gov/Archives/edgar/data/813828/000081382816000065/0000813828-16-000065-index.htm,https://www.sec.gov/Archives/edgar/data/813828/000081382816000065/cbs_10k-123115.htm,1620599501,18:31:41,20210509
21,2015-09-30,VIACA,USD,2015-11-03,2015-11-03 16:18:04,Q3,3257000000,0.0,3257000000,1.0,0.0,597000000,0.0,0.0,662000000,597000000,102000000.0,65000000.0,818000000,0.2511513662879951,753000000,0.23119435062941357,0.0,653000000.0,0.20049124961621123,-211000000.0,864000000,0.2652747927540682,1.7668711656441718,1.7454545454545454,489000000,495000000,https://www.sec.gov/Archives/edgar/data/813828/000081382815000053/0000813828-15-000053-index.htm,https://www.sec.gov/Archives/edgar/data/813828/000081382815000053/cbs_10q-093015.htm,1620599501,18:31:41,20210509
22,2015-06-30,VIACA,USD,2015-08-05,2015-08-05 16:22:52,Q2,3219000000,0.0,3219000000,1.0,0.0,605000000,0.0,0.0,671000000,605000000,94000000.0,66000000.0,652000000,0.20254737496116806,586000000,0.18204411307859583,0.0,503000000.0,0.15625970798384592,-165000000.0,668000000,0.20751786269027647,1.3522267206477734,1.336,494000000,500000000,https://www.sec.gov/Archives/edgar/data/813828/000081382815000045/0000813828-15-000045-index.htm,https://www.sec.gov/Archives/edgar/data/813828/000081382815000045/cbs_10q-063015.htm,1620599501,18:31:41,20210509
23,2015-03-31,VIACA,USD,2015-05-07,2015-05-07 16:19:13,Q1,3500000000,0.0,3500000000,1.0,0.0,588000000,0.0,0.0,656000000,2798000000,0.0,68000000.0,770000000,0.22,702000000,0.20057142857142857,0.0,610000000.0,0.1742857142857143,203000000.0,394000000,0.11257142857142857,0.7911646586345381,0.7786561264822134,498000000,506000000,https://www.sec.gov/Archives/edgar/data/813828/000081382815000018/0000813828-15-000018-index.htm,https://www.sec.gov/Archives/edgar/data/813828/000081382815000009/cbs_10k-123114.htm,1620599501,18:31:41,20210509
24,2014-12-31,VIACA,USD,2015-02-13,2015-02-13 17:04:31,Q4,3681000000,0.0,3681000000,1.0,0.0,669000000,0.0,0.0,740000000,669000000,-276000000.0,71000000.0,778000000,0.21135560988861724,707000000,0.19206737299646834,0.0,603000000.0,0.16381418092909536,-201000000.0,804000000,0.21841890790546048,1.461818181818182,1.4331550802139037,550000000,561000000,https://www.sec.gov/Archives/edgar/data/813828/000081382815000009/0000813828-15-000009-index.htm,https://www.sec.gov/Archives/edgar/data/813828/000081382815000009/cbs_10k-123114.htm,1620599501,18:31:41,20210509
25,2014-09-30,VIACA,USD,2014-11-05,2014-11-05 16:08:03,Q3,3367000000,0.0,3367000000,1.0,0.0,617000000,0.0,0.0,685000000,617000000,89000000.0,68000000.0,736000000,0.21859221859221858,668000000,0.1983961983961984,0.0,210000000.0,0.062370062370062374,-110000000.0,320000000,0.09504009504009504,0.5693950177935944,0.5574912891986062,562000000,574000000,https://www.sec.gov/Archives/edgar/data/813828/000081382814000018/0000813828-14-000018-index.htm,https://www.sec.gov/Archives/edgar/data/813828/000081382814000018/cbs_10q-093014.htm,1620599501,18:31:41,20210509
26,2014-06-30,VIACA,USD,2014-08-07,2014-08-07 17:01:19,Q2,2902000000,0.0,2902000000,1.0,0.0,534000000,0.0,0.0,660000000,534000000,81000000.0,30000000.0,733000000,0.25258442453480356,703000000,0.24224672639558925,0.0,631000000.0,0.21743625086147483,-209000000.0,840000000,0.2894555478980014,1.453287197231834,1.423728813559322,578000000,590000000,https://www.sec.gov/Archives/edgar/data/813828/000104746914006759/0001047469-14-006759-index.htm,https://www.sec.gov/Archives/edgar/data/813828/000104746914006759/a2221046z10-q.htm,1620599501,18:31:41,20210509
27,2014-03-31,VIACA,USD,2014-05-08,2014-05-08 16:26:33,Q1,3856000000,0.0,3856000000,1.0,0.0,642000000,0.0,0.0,754000000,3038000000,0.0,112000000.0,930000000,0.2411825726141079,818000000,0.2121369294605809,0.0,720000000.0,0.18672199170124482,242000000.0,468000000,0.12136929460580913,0.8,0.78,585000000,600000000,https://www.sec.gov/Archives/edgar/data/813828/000104746914004748/0001047469-14-004748-index.htm,https://www.sec.gov/Archives/edgar/data/813828/000104746914000934/a2218239z10-k.htm,1620599501,18:31:41,20210509
28,2013-12-31,VIACA,USD,2014-02-14,2014-02-14 17:17:39,Q4,3911000000,0.0,3911000000,1.0,0.0,681000000,0.0,0.0,795000000,681000000,-281000000.0,114000000.0,907000000,0.23190999744310917,793000000,0.2027614420864229,0.0,708000000.0,0.1810278701099463,-234000000.0,942000000,0.24085911531577603,1.549342105263158,1.5096153846153846,608000000,624000000,https://www.sec.gov/Archives/edgar/data/813828/000104746914000934/0001047469-14-000934-index.htm,https://www.sec.gov/Archives/edgar/data/813828/000104746914000934/a2218239z10-k.htm,1620599501,18:31:41,20210509
29,2013-09-30,VIACA,USD,2013-11-06,2013-11-06 16:20:44,Q3,3634000000,0.0,3634000000,1.0,0.0,721000000,0.0,0.0,834000000,721000000,93000000.0,113000000.0,941000000,0.2589433131535498,828000000,0.22784810126582278,0.0,744000000.0,0.20473307649972483,-254000000.0,998000000,0.2746285085305449,1.6333878887070377,1.59170653907496,611000000,627000000,https://www.sec.gov/Archives/edgar/data/813828/000104746913010325/0001047469-13-010325-index.htm,https://www.sec.gov/Archives/edgar/data/813828/000104746913010325/a2217153z10-q.htm,1620599501,18:31:41,20210509
30,2013-06-30,VIACA,USD,2013-07-31,2013-07-31 16:18:34,Q2,3699000000,0.0,3699000000,1.0,0.0,683000000,0.0,0.0,797000000,683000000,93000000.0,114000000.0,952000000,0.25736685590700187,838000000,0.22654771559881048,0.0,740000000.0,0.20005406866720735,-256000000.0,996000000,0.26926196269261965,1.6195121951219513,1.578446909667195,615000000,631000000,https://www.sec.gov/Archives/edgar/data/813828/000104746913007929/0001047469-13-007929-index.htm,https://www.sec.gov/Archives/edgar/data/813828/000104746913007929/a2215871z10-q.htm,1620599501,18:31:41,20210509
31,2013-03-31,VIACA,USD,2013-05-01,2013-05-01 16:40:56,Q1,4040000000,0.0,4040000000,1.0,0.0,650000000,0.0,0.0,766000000,3240000000,0.0,116000000.0,916000000,0.22673267326732674,800000000,0.19801980198019803,0.0,705000000.0,0.1745049504950495,234000000.0,443000000,0.10965346534653465,0.7133655394524959,0.6943573667711599,621000000,638000000,https://www.sec.gov/Archives/edgar/data/813828/000104746913005254/0001047469-13-005254-index.htm,https://www.sec.gov/Archives/edgar/data/813828/000104746913001192/a2212776z10-k.htm,1620599501,18:31:41,20210509
32,2012-12-21,VIACA,USD,2013-02-15,2013-02-15 16:42:53,Q4,3271000000,0.0,3271000000,1.0,0.0,578000000,0.0,0.0,578000000,578000000,-309000000.0,85000000.0,886000000,0.2708651788443901,801000000,0.24487924182207277,0.0,703000000.0,0.2149189850198716,-245000000.0,948000000,0.2898196270253745,1.4697674418604652,1.43202416918429,645000000,662000000,https://www.sec.gov/Archives/edgar/data/813828/000104746913001192/0001047469-13-001192-index.htm,https://www.sec.gov/Archives/edgar/data/813828/000104746913001192/a2212776z10-k.htm,1620599501,18:31:41,20210509
33,2012-09-30,VIACA,USD,2012-11-07,2012-11-07 16:21:07,Q3,3418000000,0.0,3418000000,1.0,0.0,679000000,0.0,0.0,806000000,679000000,95000000.0,127000000.0,898000000,0.26272674078408426,771000000,0.22557050906963136,0.0,624000000.0,0.18256290228203628,-219000000.0,843000000,0.24663545933294323,1.3069767441860465,1.2734138972809668,645000000,662000000,https://www.sec.gov/Archives/edgar/data/813828/000104746912010188/0001047469-12-010188-index.htm,https://www.sec.gov/Archives/edgar/data/813828/000104746912010188/a2211663z10-q.htm,1620599501,18:31:41,20210509
34,2012-06-30,VIACA,USD,2012-08-02,2012-08-02 17:19:06,Q2,3476000000,0.0,3476000000,1.0,0.0,698000000,0.0,0.0,830000000,698000000,104000000.0,132000000.0,901000000,0.2592059838895282,769000000,0.2212313003452244,0.0,663000000.0,0.19073647871116226,-225000000.0,888000000,0.2554660529344074,1.3703703703703705,1.3373493975903614,648000000,664000000,https://www.sec.gov/Archives/edgar/data/813828/000104746912007699/0001047469-12-007699-index.htm,https://www.sec.gov/Archives/edgar/data/813828/000104746912007699/a2210405z10-q.htm,1620599501,18:31:41,20210509
35,2012-03-31,VIACA,USD,2012-05-01,2012-05-01 16:12:15,Q1,3924000000,0.0,3924000000,1.0,0.0,679000000,0.0,0.0,810000000,3282000000,0.0,131000000.0,773000000,0.19699286442405708,642000000,0.1636085626911315,0.0,571000000.0,0.14551478083588176,203000000.0,363000000,0.09250764525993883,0.5584615384615385,0.5442278860569715,650000000,667000000,https://www.sec.gov/Archives/edgar/data/813828/000104746912005106/0001047469-12-005106-index.htm,https://www.sec.gov/Archives/edgar/data/813828/000104746912001373/a2207377z10-k.htm,1620599501,18:31:41,20210509
36,2011-12-31,VIACA,USD,2012-02-23,2012-02-23 16:21:02,Q4,3784000000,0.0,3784000000,1.0,0.0,696000000,0.0,0.0,832000000,696000000,-330000000.0,136000000.0,791000000,0.20903805496828753,655000000,0.17309725158562367,0.0,541000000.0,0.14297040169133193,-186000000.0,727000000,0.1921247357293869,1.0948795180722892,1.0675477239353892,664000000,681000000,https://www.sec.gov/Archives/edgar/data/813828/000104746912001373/0001047469-12-001373-index.htm,https://www.sec.gov/Archives/edgar/data/813828/000104746912001373/a2207377z10-k.htm,1620599501,18:31:41,20210509
37,2011-09-30,VIACA,USD,2011-11-03,2011-11-03 16:14:53,Q3,3365000000,0.0,3365000000,1.0,0.0,718000000,0.0,0.0,852000000,718000000,110000000.0,134000000.0,837000000,0.2487369985141159,703000000,0.20891530460624072,0.0,574000000.0,0.17057949479940565,-217000000.0,791000000,0.2350668647845468,1.1859070464767616,1.1547445255474453,667000000,685000000,https://www.sec.gov/Archives/edgar/data/813828/000104746911008999/0001047469-11-008999-index.htm,https://www.sec.gov/Archives/edgar/data/813828/000104746911008999/a2206043z10-q.htm,1620599501,18:31:41,20210509
38,2011-06-30,VIACA,USD,2011-08-02,2011-08-02 16:18:34,Q2,3586000000,0.0,3586000000,1.0,0.0,683000000,0.0,0.0,822000000,683000000,110000000.0,139000000.0,873000000,0.243446737311768,734000000,0.20468488566648077,0.0,630000000.0,0.17568321249302846,-230000000.0,860000000,0.23982152816508645,1.2816691505216096,1.2481857764876634,671000000,689000000,https://www.sec.gov/Archives/edgar/data/813828/000104746911006845/0001047469-11-006845-index.htm,https://www.sec.gov/Archives/edgar/data/813828/000104746911006845/a2204923z10-q.htm,1620599501,18:31:41,20210509
39,2011-03-31,VIACA,USD,2011-05-03,2011-05-03 16:21:08,Q1,3510000000,0.0,3510000000,1.0,0.0,658000000,0.0,0.0,797000000,3073000000,0.0,139000000.0,576000000,0.1641025641025641,437000000,0.1245014245014245,0.0,338000000.0,0.0962962962962963,122000000.0,202000000,0.05754985754985755,0.2997032640949555,0.29148629148629146,674000000,693000000,https://www.sec.gov/Archives/edgar/data/813828/000104746911004480/0001047469-11-004480-index.htm,https://www.sec.gov/Archives/edgar/data/813828/000104746911001419/a2202111z10-k.htm,1620599501,18:31:41,20210509
40,2010-12-31,VIACA,USD,2011-02-25,2011-02-25 16:59:21,Q4,3900000000,0.0,3900000000,1.0,0.0,703000000,0.0,0.0,841400000,703000000,-399000000.0,139000000.0,756000000,0.19384615384615383,617000000,0.1582051282051282,0.0,458000000.0,0.11743589743589744,-171000000.0,629000000,0.16128205128205128,0.9267717695594518,0.9056875449964003,678700000,694500000,https://www.sec.gov/Archives/edgar/data/813828/000104746911001419/0001047469-11-001419-index.htm,https://www.sec.gov/Archives/edgar/data/813828/000104746911001419/a2202111z10-k.htm,1620599501,18:31:41,20210509
41,2010-09-30,VIACA,USD,2010-11-04,2010-11-04 16:44:59,Q3,3298000000,0.0,3298000000,1.0,0.0,623000000,0.0,0.0,763000000,623000000,128000000.0,139000000.0,750000000,0.22741055184960582,611000000,0.18526379624014555,0.0,509000000.0,0.15433596118859916,-179000000.0,688000000,0.20861127956337175,1.0147492625368733,0.9927849927849928,678000000,693000000,https://www.sec.gov/Archives/edgar/data/813828/000104746910009233/0001047469-10-009233-index.htm,https://www.sec.gov/Archives/edgar/data/813828/000104746910009233/a2200743z10-q.htm,1620599501,18:31:41,20210509
42,2010-06-30,VIACA,USD,2010-08-03,2010-08-03 16:34:31,Q2,3331000000,0.0,3331000000,1.0,0.0,673000000,0.0,0.0,816600000,673000000,133000000.0,144000000.0,579000000,0.17382167517262084,435000000,0.13059141398979285,0.0,249000000.0,0.07475232662864005,-91000000.0,392000000,0.11768237766436505,0.5790251107828656,0.5664739884393064,677000000,692000000,https://www.sec.gov/Archives/edgar/data/813828/000104746910006913/0001047469-10-006913-index.htm,https://www.sec.gov/Archives/edgar/data/813828/000104746910006913/a2199566z10-q.htm,1620599501,18:31:41,20210509
43,2010-03-31,VIACA,USD,2010-05-05,2010-05-05 16:28:29,Q1,3530900000,0.0,3530900000,1.0,0.0,616100000,0.0,0.0,756900000,3377500000,0.0,140800000.0,294200000,0.08332153275368887,153400000,0.04344501401908862,0.0,5800000.0,0.0016426406865105213,21000000.0,-26000000,-0.007363561698150613,-0.03844,-0.03844,676300000,676300000,https://www.sec.gov/Archives/edgar/data/813828/000104746910004823/0001047469-10-004823-index.htm,https://www.sec.gov/Archives/edgar/data/813828/000104746910001402/a2196637z10-k.htm,1620599501,18:31:41,20210509
44,2009-12-31,VIACA,USD,2010-02-25,2010-02-25 17:10:49,Q4,3498000000,0.0,3498000000,1.0,0.0,646000000,0.0,0.0,793500000,646000000,140000000.0,148000000.0,392000000,0.11206403659233848,244000000,0.06975414522584333,0.0,104000000.0,0.029731275014293884,-37000000.0,141000000,0.04030874785591767,0.20950965824665677,0.20674486803519063,673000000,682000000,https://www.sec.gov/Archives/edgar/data/813828/000104746910001402/0001047469-10-001402-index.htm,https://www.sec.gov/Archives/edgar/data/813828/000104746910001402/a2196637z10-k.htm,1620599501,18:31:41,20210509
45,2009-09-30,VIACA,USD,2009-11-05,2009-11-05 16:21:38,Q3,3350000000,0.0,3350000000,1.0,0.0,621000000,0.0,0.0,767800000,621000000,135000000.0,147000000.0,565000000,0.16865671641791044,418000000,0.12477611940298508,0.0,299000000.0,0.08925373134328358,-80000000.0,379000000,0.11313432835820895,0.563150074294205,0.5573529411764706,673000000,680000000,https://www.sec.gov/Archives/edgar/data/813828/000104746909009610/0001047469-09-009610-index.htm,https://www.sec.gov/Archives/edgar/data/813828/000104746909009610/a2195198z10-q.htm,1620599501,18:31:41,20210509
46,2009-06-30,VIACA,USD,2009-08-06,2009-08-06 16:20:54,Q2,3007000000,0.0,3007000000,1.0,0.0,624000000,0.0,0.0,770900000,624000000,134000000.0,145000000.0,387000000,0.12869970069837047,242000000,0.08047888260724975,0.0,75000000.0,0.02494180246092451,-57000000.0,132000000,0.04389757233122714,0.19643,0.19643,672000000,672000000,https://www.sec.gov/Archives/edgar/data/813828/000104746909007300/0001047469-09-007300-index.htm,https://www.sec.gov/Archives/edgar/data/813828/000104746909007300/a2193964z10-q.htm,1620599501,18:31:41,20210509
47,2009-03-31,VIACA,USD,2009-05-07,2009-05-07 16:16:18,Q1,3159000000,0.0,3159000000,1.0,0.0,597000000,0.0,0.0,739300000,597000000,133000000.0,142000000.0,249000000,0.0788224121557455,107000000,0.033871478315922764,0.0,-35000000.0,-0.011079455523899969,-8000000.0,-27000000,-0.008547008547008548,-0.04024,-0.04024,671000000,671000000,https://www.sec.gov/Archives/edgar/data/813828/000104746909005171/0001047469-09-005171-index.htm,https://www.sec.gov/Archives/edgar/data/813828/000104746909001824/a2190706z10-k.htm,1620599501,18:31:41,20210509
48,2008-12-31,VIACA,USD,2009-02-25,2009-02-25 17:03:41,Q4,3527000000,0.0,3527000000,1.0,0.0,678000000,0.0,0.0,-13287900000,678000000,139000000.0,151000000.0,449000000,0.12730365749929118,298000000,0.08449106889707968,0.0,167000000.0,0.04734902183158492,-28000000.0,195000000,0.05528777998298837,0.29148,0.29148,669000000,669000000,https://www.sec.gov/Archives/edgar/data/813828/000104746909001824/0001047469-09-001824-index.htm,https://www.sec.gov/Archives/edgar/data/813828/000104746909001824/a2190706z10-k.htm,1620599501,18:31:41,20210509
49,2008-09-30,VIACA,USD,2008-11-04,2008-11-04 16:29:56,Q3,3376000000,0.0,3376000000,1.0,0.0,681000000,0.0,0.0,14937700000,681000000,134000000.0,139000000.0,-13478000000,-3.992298578199052,-13617000000,-4.033471563981043,0.0,-13787000000.0,-4.083827014218009,1331000000.0,-15118000000,-4.4780805687203795,-22.59791,-22.59791,669000000,669000000,https://www.sec.gov/Archives/edgar/data/813828/000104746908011595/0001047469-08-011595-index.htm,https://www.sec.gov/Archives/edgar/data/813828/000104746908011595/a2188818z10-q.htm,1620599501,18:31:41,20210509
50,2008-06-30,VIACA,USD,2008-08-01,2008-08-01 16:27:58,Q2,3393000000,0.0,3393000000,1.0,0.0,669000000,0.0,0.0,791800000,669000000,135000000.0,124000000.0,761000000,0.22428529325081048,637000000,0.18773946360153257,0.0,643000000.0,0.18950781019746538,-233000000.0,876000000,0.2581786030061892,1.311377245508982,1.2997032640949555,668000000,674000000,https://www.sec.gov/Archives/edgar/data/813828/000104746908008646/0001047469-08-008646-index.htm,https://www.sec.gov/Archives/edgar/data/813828/000104746908008646/a2187013z10-q.htm,1620599501,18:31:41,20210509
51,2008-03-31,VIACA,USD,2008-05-02,2008-05-02 16:50:24,Q1,3654000000,0.0,3654000000,1.0,0.0,580000000,0.0,0.0,698700000,580000000,138000000.0,117000000.0,641000000,0.17542419266557197,524000000,0.14340448823207444,0.0,402000000.0,0.11001642036124795,-151000000.0,553000000,0.15134099616858238,0.8290854572713643,0.8216939078751857,667000000,673000000,https://www.sec.gov/Archives/edgar/data/813828/000104746908005755/0001047469-08-005755-index.htm,https://www.sec.gov/Archives/edgar/data/813828/000104746908001936/a2182958z10-k.htm,1620599501,18:31:41,20210509
52,2007-12-31,VIACA,USD,2008-02-28,2008-02-28 17:15:34,Q4,3758000000,0.0,3758000000,1.0,0.0,699000000,0.0,0.0,817500000,699000000,143000000.0,119000000.0,823000000,0.21899946780202234,704000000,0.1873336881319851,0.0,546000000.0,0.145290047897818,-211000000.0,757000000,0.20143693453964875,1.0617110799438991,1.0499306518723994,713000000,721000000,https://www.sec.gov/Archives/edgar/data/813828/000104746908001936/0001047469-08-001936-index.htm,https://www.sec.gov/Archives/edgar/data/813828/000104746908001936/a2182958z10-k.htm,1620599501,18:31:41,20210509
53,2007-09-30,VIACA,USD,2007-11-05,2007-11-05 17:27:26,Q3,3282000000,0.0,3282000000,1.0,0.0,668000000,0.0,0.0,780600000,668000000,142000000.0,112000000.0,758000000,0.23095673369896405,646000000,0.19683120048750763,0.0,526000000.0,0.16026812918951858,-173000000.0,699000000,0.2129798903107861,0.9601648351648352,0.9497282608695652,728000000,736000000,https://www.sec.gov/Archives/edgar/data/813828/000104746907008435/0001047469-07-008435-index.htm,https://www.sec.gov/Archives/edgar/data/813828/000104746907008435/a2180657z10-q.htm,1620599501,18:31:41,20210509
54,2007-06-30,VIACA,USD,2007-08-02,2007-08-02 16:29:28,Q2,3375000000,0.0,3375000000,1.0,0.0,674000000,0.0,0.0,783000000,674000000,146000000.0,109000000.0,859000000,0.25451851851851853,750000000,0.2222222222222222,0.0,642000000.0,0.1902222222222222,-233000000.0,875000000,0.25925925925925924,1.1856368563685638,1.1713520749665327,738000000,747000000,https://www.sec.gov/Archives/edgar/data/813828/000104746907006035/0001047469-07-006035-index.htm,https://www.sec.gov/Archives/edgar/data/813828/000104746907006035/a2178932z10-q.htm,1620599501,18:31:41,20210509
55,2007-03-31,VIACA,USD,2007-05-04,2007-05-04 17:09:43,Q1,3657000000,0.0,3657000000,1.0,0.0,625000000,0.0,0.0,740700000,625000000,139000000.0,115000000.0,636000000,0.17391304347826086,521000000,0.14246650259775773,0.0,419000000.0,0.11457478807765928,-204000000.0,623000000,0.17035821711785618,0.8240740740740741,0.8143790849673203,756000000,765000000,https://www.sec.gov/Archives/edgar/data/813828/000104746907003701/0001047469-07-003701-index.htm,https://www.sec.gov/Archives/edgar/data/813828/000104746907001525/a2176368z10-k.htm,1620599501,18:31:41,20210509
56,2006-12-31,VIACA,USD,2007-03-01,2007-03-01 13:53:10,Q4,3883000000,0.0,3883000000,1.0,0.0,722000000,0.0,0.0,900200000,722000000,140000000.0,113000000.0,795000000,0.20473860417203193,682000000,0.17563739376770537,0.0,594000000.0,0.1529745042492918,-165000000.0,759000000,0.1954674220963173,0.9921568627450981,0.9844357976653697,765000000,771000000,https://www.sec.gov/Archives/edgar/data/813828/000104746907001525/0001047469-07-001525-index.htm,https://www.sec.gov/Archives/edgar/data/813828/000104746907001525/a2176368z10-k.htm,1620599501,18:31:41,20210509
57,2006-09-30,VIACA,USD,2006-11-07,2006-11-06 21:35:42,Q3,6954000000,0.0,6954000000,1.0,0.0,1348000000,0.0,0.0,810500000,1348000000,285000000.0,110000000.0,1284000000,0.18464193270060397,1174000000,0.16882369859073915,0.0,928000000.0,0.13344837503595053,-369000000.0,1297000000,0.18651136036813346,1.6976439790575917,1.6844155844155844,764000000,770000000,https://www.sec.gov/Archives/edgar/data/813828/000104746906013595/0001047469-06-013595-index.htm,https://www.sec.gov/Archives/edgar/data/813828/000104746906013595/a2174178z10-q.htm,1620599501,18:31:41,20210509
58,2006-06-30,VIACA,USD,2006-08-08,2006-08-07 20:14:42,Q2,3483000000,0.0,3483000000,1.0,0.0,714000000,0.0,0.0,822700000,714000000,140000000.0,93000000.0,843000000,0.24203273040482343,750000000,0.2153316106804479,0.0,610000000.0,0.1751363766867643,-118000000.0,728000000,0.20901521676715476,0.9528795811518325,0.9466840052015605,764000000,769000000,https://www.sec.gov/Archives/edgar/data/813828/000104746906010520/0001047469-06-010520-index.htm,https://www.sec.gov/Archives/edgar/data/813828/000104746906010520/a2172180z10-q.htm,1620599501,18:31:41,20210509
59,2006-03-31,VIACA,USD,2006-05-09,2006-05-08 19:02:35,Q1,3581000000,0.0,3581000000,1.0,0.0,650000000,0.0,0.0,773600000,650000000,144000000.0,123000000.0,634000000,0.17704551801172858,511000000,0.14269757051103044,0.0,372000000.0,0.10388159731918459,-151000000.0,523000000,0.14604858977939122,0.6863517060367454,0.6827676240208878,762000000,766000000,https://www.sec.gov/Archives/edgar/data/813828/000104746906006662/0001047469-06-006662-index.htm,https://www.sec.gov/Archives/edgar/data/813828/000104746906003576/a2168282z10-k.htm,1620599501,18:31:41,20210509
60,2005-12-31,VIACA,USD,2006-03-16,2006-03-16 16:18:02,Q4,8594000000,0.0,8594000000,1.0,0.0,1518000000,0.0,0.0,8742900000,1518000000,544000000.0,-54000000.0,-8277000000,-0.9631138003258087,-8223000000,-0.9568303467535489,0.0,-8747000000.0,-1.0178031184547358,-301000000.0,-8446000000,-0.9827786828019549,-10.70469,-10.70469,789000000,789000000,https://www.sec.gov/Archives/edgar/data/813828/000104746906003576/0001047469-06-003576-index.htm,https://www.sec.gov/Archives/edgar/data/813828/000104746906003576/a2168282z10-k.htm,1620599501,18:31:41,20210509
61,2005-09-30,VIACA,USD,2005-11-07,2005-11-07 17:26:16,Q3,66000000,0.0,66000000,1.0,0.0,60000000,0.0,0.0,1368900000,60000000,-5000000.0,187000000.0,167000000,2.5303030303030303,-20000000,-0.30303030303030304,0.0,6000000.0,0.09090909090909091,-33000000.0,39000000,0.5909090909090909,0.024840764331210193,0.024730500951173115,1570000000,1577000000,https://www.sec.gov/Archives/edgar/data/813828/000104746905026375/0001047469-05-026375-index.htm,https://www.sec.gov/Archives/edgar/data/813828/000104746905026375/a2164553z10-q.htm,1620599501,18:31:41,20210509
62,2005-06-30,VIACA,USD,2005-08-05,2005-08-05 16:52:15,Q2,300000000,0.0,300000000,1.0,0.0,54000000,0.0,0.0,1303900000,54000000,-1000000.0,172000000.0,473000000,1.5766666666666667,301000000,1.0033333333333334,0.0,250000000.0,0.8333333333333334,-74000000.0,324000000,1.08,0.2025,0.20136730888750776,1600000000,1609000000,https://www.sec.gov/Archives/edgar/data/813828/000104746905020885/0001047469-05-020885-index.htm,https://www.sec.gov/Archives/edgar/data/813828/000104746905020885/a2161565z10-q.htm,1620599501,18:31:41,20210509
63,2005-03-31,VIACA,USD,2005-05-10,2005-05-10 16:32:50,Q1,5576000000,0.0,5576000000,1.0,0.0,1067000000,0.0,0.0,1261100000,1067000000,182000000.0,193000000.0,1318000000,0.23637015781922524,1125000000,0.20175753228120516,0.0,980000000.0,0.1757532281205165,-400000000.0,1380000000,0.24748923959827834,0.8492307692307692,0.8440366972477065,1625000000,1635000000,https://www.sec.gov/Archives/edgar/data/813828/000104746905014195/0001047469-05-014195-index.htm,https://www.sec.gov/Archives/edgar/data/813828/000104746905006777/a2153214z10-k.htm,1620599501,18:31:41,20210509
64,2004-12-31,VIACA,USD,2005-03-16,2005-03-16 16:32:33,Q4,17041000000,0.0,17041000000,1.0,0.0,3099000000,0.0,0.0,19339600000,3099000000,542000000.0,214000000.0,-14099000000,-0.8273575494395868,-14313000000,-0.8399154979167889,0.0,-14839000000.0,-0.8707822310897247,-944000000.0,-13895000000,-0.815386420984684,-8.10677,-8.10677,1714000000,1714000000,https://www.sec.gov/Archives/edgar/data/813828/000104746905006777/0001047469-05-006777-index.htm,https://www.sec.gov/Archives/edgar/data/813828/000104746905006777/a2153214z10-k.htm,1620599501,18:31:41,20210509
65,2004-09-30,VIACA,USD,2004-11-09,2004-11-09 17:07:03,Q3,5392000000,0.0,5392000000,1.0,0.0,951000000,0.0,0.0,1242200000,951000000,-184000000.0,78000000.0,1466000000,0.27188427299703266,1388000000,0.25741839762611274,0.0,1597000000.0,0.2961795252225519,-598000000.0,2195000000,0.40708456973293766,1.272463768115942,1.2658592848904267,1725000000,1734000000,https://www.sec.gov/Archives/edgar/data/813828/000091205704000540/0000912057-04-000540-index.htm,https://www.sec.gov/Archives/edgar/data/813828/000091205704000540/a2145962z10-q.htm,1620599501,18:31:41,20210509
66,2004-06-30,VIACA,USD,2004-08-09,2004-08-06 19:42:51,Q2,92000000,0.0,92000000,1.0,0.0,92000000,0.0,0.0,1542900000,92000000,360000000.0,266000000.0,222000000,2.4130434782608696,-44000000,-0.4782608695652174,0.0,-413000000.0,-4.489130434782608,164000000.0,-577000000,-6.271739130434782,-0.3333333333333333,-0.330848623853211,1731000000,1744000000,https://www.sec.gov/Archives/edgar/data/813828/000104746904025702/0001047469-04-025702-index.htm,https://www.sec.gov/Archives/edgar/data/813828/000104746904025702/a2141112z10-q.htm,1620599501,18:31:41,20210509
67,2004-03-31,VIACA,USD,2004-05-07,2004-05-07 17:21:34,Q1,6772000000,0.0,6772000000,1.0,0.0,1051000000,0.0,0.0,1303300000,1051000000,184000000.0,251000000.0,1430000000,0.21116361488481986,1179000000,0.17409923213230952,0.0,988000000.0,0.14589486119314826,-254000000.0,1242000000,0.18340224453632606,0.7175043327556326,0.7121559633027523,1731000000,1744000000,https://www.sec.gov/Archives/edgar/data/813828/000104746904016480/0001047469-04-016480-index.htm,https://www.sec.gov/Archives/edgar/data/813828/000104746904007840/a2129816z10-k.htm,1620599501,18:31:41,20210509
68,2003-12-31,VIACA,USD,2004-03-15,2004-03-15 07:48:55,Q4,26456000000,0.0,26456000000,1.0,0.0,4284000000,0.0,0.0,2827900000,4284000000,221000000.0,261000000.0,3907000000,0.14767916540671303,3646000000,0.13781372845479287,0.0,3453000000.0,0.1305185969156335,-1834000000.0,5287000000,0.19984124584215301,3.0315366972477062,3.0039772727272727,1744000000,1760000000,https://www.sec.gov/Archives/edgar/data/813828/000104746904007840/0001047469-04-007840-index.htm,https://www.sec.gov/Archives/edgar/data/813828/000104746904007840/a2129816z10-k.htm,1620599501,18:31:41,20210509
69,2003-09-30,VIACA,USD,2003-11-07,2003-11-06 21:58:49,Q3,129000000,0.0,129000000,1.0,0.0,90000000,0.0,0.0,1300200000,90000000,555000000.0,251000000.0,230000000,1.7829457364341086,-21000000,-0.16279069767441862,0.0,-592000000.0,-4.589147286821706,235000000.0,-827000000,-6.410852713178294,-0.4736540664375716,-0.46855524079320116,1746000000,1765000000,https://www.sec.gov/Archives/edgar/data/813828/000104746903036369/0001047469-03-036369-index.htm,https://www.sec.gov/Archives/edgar/data/813828/000104746903036369/a2121851z10-q.htm,1620599501,18:31:41,20210509
70,2003-06-30,VIACA,USD,2003-08-14,2003-08-13 17:32:18,Q2,368000000,0.0,368000000,1.0,0.0,191000000,0.0,0.0,1386900000,191000000,2000000.0,246000000.0,575000000,1.5625,329000000,0.8940217391304348,0.0,323000000.0,0.8777173913043478,-126000000.0,449000000,1.2201086956521738,0.2571592210767468,0.2543909348441926,1746000000,1765000000,https://www.sec.gov/Archives/edgar/data/813828/000104746903027487/0001047469-03-027487-index.htm,https://www.sec.gov/Archives/edgar/data/813828/000104746903027487/a2116381z10-q.htm,1620599501,18:31:41,20210509
71,2003-03-31,VIACA,USD,2003-05-15,2003-05-15 16:56:05,Q1,6050000000,0.0,6050000000,1.0,0.0,949000000,0.0,0.0,1190800000,949000000,193000000.0,241000000.0,1227000000,0.2028099173553719,986000000,0.16297520661157025,0.0,809000000.0,0.1337190082644628,-330000000.0,1139000000,0.18826446280991735,0.6527220630372493,0.6467915956842702,1745000000,1761000000,https://www.sec.gov/Archives/edgar/data/813828/000104746903018924/0001047469-03-018924-index.htm,https://www.sec.gov/Archives/edgar/data/813828/000104746903010441/a2105801z10-k.htm,1620599501,18:31:41,20210509
72,2002-12-31,VIACA,USD,2003-03-27,2003-03-27 10:12:07,Q4,18299000000,0.0,18299000000,1.0,0.0,3130000000,0.0,0.0,1370500000,3130000000,635000000.0,239000000.0,3547000000,0.1938357287283458,3308000000,0.1807749057325537,0.0,2655000000.0,0.14508989562271163,-1036000000.0,3691000000,0.20170501120279796,2.1067351598173514,2.080608793686584,1752000000,1774000000,https://www.sec.gov/Archives/edgar/data/813828/000104746903010441/0001047469-03-010441-index.htm,https://www.sec.gov/Archives/edgar/data/813828/000104746903010441/a2105801z10-k.htm,1620599501,18:31:41,20210509
73,2002-09-30,VIACA,USD,2002-11-14,2002-11-14 16:28:46,Q3,6148000000,0.0,6148000000,1.0,0.0,996000000,0.0,0.0,1306000000,996000000,-100000000.0,238000000.0,1510000000,0.24560832791151593,1272000000,0.20689655172413793,0.0,1388000000.0,0.2257644762524398,-537000000.0,2058000000,0.33474300585556277,1.1746575342465753,1.1627118644067798,1752000000,1770000000,https://www.sec.gov/Archives/edgar/data/813828/000091205702042460/0000912057-02-042460-index.htm,https://www.sec.gov/Archives/edgar/data/813828/000091205702042460/a2093509z10-q.htm,1620599501,18:31:41,20210509
74,2002-06-30,VIACA,USD,2002-08-14,2002-08-14 11:03:38,Q2,158000000,0.0,158000000,1.0,0.0,72000000,0.0,0.0,1301900000,72000000,313000000.0,239000000.0,255000000,1.6139240506329113,16000000,0.10126582278481013,0.0,-309000000.0,-1.9556962025316456,125000000.0,-567000000,-3.588607594936709,-0.32344552196235027,-0.3188976377952756,1753000000,1778000000,https://www.sec.gov/Archives/edgar/data/813828/000091205702031808/0000912057-02-031808-index.htm,https://www.sec.gov/Archives/edgar/data/813828/000091205702031808/a2086307z10-q.htm,1620599501,18:31:41,20210509
75,2002-03-31,VIACA,USD,2002-05-14,2002-05-14 12:32:32,Q1,5672000000,0.0,5672000000,1.0,0.0,936000000,0.0,0.0,1165500000,936000000,209000000.0,229000000.0,1094000000,0.19287729196050776,865000000,0.15250352609308887,0.0,669000000.0,0.1179478138222849,-274000000.0,-1113000000,-0.19622708039492243,-0.6349115801483172,-0.6259842519685039,1753000000,1778000000,https://www.sec.gov/Archives/edgar/data/813828/000091205702020123/0000912057-02-020123-index.htm,https://www.sec.gov/Archives/edgar/data/813828/000091205702020123/a2079402z10-q.htm,1620599501,18:31:41,20210509
