,date,symbol,reportedCurrency,fillingDate,acceptedDate,period,revenue,costOfRevenue,grossProfit,grossProfitRatio,researchAndDevelopmentExpenses,generalAndAdministrativeExpenses,sellingAndMarketingExpenses,otherExpenses,operatingExpenses,costAndExpenses,interestExpense,depreciationAndAmortization,ebitda,ebitdaratio,operatingIncome,operatingIncomeRatio,totalOtherIncomeExpensesNet,incomeBeforeTax,incomeBeforeTaxRatio,incomeTaxExpense,netIncome,netIncomeRatio,eps,epsdiluted,weightedAverageShsOut,weightedAverageShsOutDil,link,finalLink,timestamp,est_time,est_date
0,2020-12-31,FVE,USD,2021-02-25,2021-02-25 16:51:12,Q4,285890000,260531000.0,25359000,0.0887019483017944,0.0,22101000.0,0.0,1086966.0,23078000,283609000,461000.0,2913000.0,5194000.0,0.018167826786526287,2281000.0,0.0079785931652034,643000.0,2595000.0,0.009076917695617196,-308000.0,2903000.0,0.010154255133093149,0.09217336085092871,0.09183221561432367,31495000.0,31612000.0,https://www.sec.gov/Archives/edgar/data/1159281/000115928121000019/0001159281-21-000019-index.htm,https://www.sec.gov/Archives/edgar/data/1159281/000115928121000019/fve-20201231.htm,1620592342,16:32:22,20210509
1,2020-09-30,FVE,USD,2020-11-05,2020-11-05 16:50:17,Q3,295323000,267752000.0,27571000,0.09335879697822384,0.0,21198000.0,0.0,271714.0,23878000,291630000,379000.0,2680000.0,6373000.0,0.02157976182010883,3693000.0,0.012504952204873986,762000.0,4180000.0,0.01415399410137375,465000.0,3715000.0,0.01257944691067069,0.11798894746871626,0.11770110572505782,31486000.0,31563000.0,https://www.sec.gov/Archives/edgar/data/1159281/000115928120000056/0001159281-20-000056-index.htm,https://www.sec.gov/Archives/edgar/data/1159281/000115928120000056/a9302020-10qxdocument.htm,1620592342,16:32:22,20210509
2,2020-06-30,FVE,USD,2020-08-06,2020-08-06 16:51:18,Q2,285084000,257591000.0,27493000,0.09643824276353637,0.0,24945000.0,0.0,0.0,26149000,283740000,409000.0,2703000.0,4047000.0,0.014195815970029887,1344000.0,0.004714399966325715,983000.0,2100000.0,0.007366249947383929,-902000.0,3002000.0,0.010530229686688836,0.09542275905912269,0.09505414476600595,31460000.0,31582000.0,https://www.sec.gov/Archives/edgar/data/1159281/000115928120000046/0001159281-20-000046-index.htm,https://www.sec.gov/Archives/edgar/data/1159281/000115928120000046/a6302020-10qxdocument.htm,1620592342,16:32:22,20210509
3,2020-03-31,FVE,USD,2020-05-07,2020-05-07 16:51:25,Q1,297445000,262078000.0,35367000,0.1189026542722184,0.0,24042000.0,0.0,-22899000.0,26743000,288821000,382000.0,2701000.0,11325000.0,0.03807426583065777,8624000.0,0.02899359545462186,-24382000.0,-15801000.0,-0.053122425994721716,1408000.0,-17209000.0,-0.057856074232210994,-0.55,-0.55,31448000.0,31448000.0,https://www.sec.gov/Archives/edgar/data/1159281/000115928120000033/0001159281-20-000033-index.htm,https://www.sec.gov/Archives/edgar/data/1159281/000115928120000016/a12312019-10kxdocument.htm,1620592342,16:32:22,20210509
4,2019-12-31,FVE,USD,2020-03-02,2020-03-02 17:20:41,Q4,348873000,289057000.0,59816000,0.17145494205627837,0.0,41253000.0,0.0,0.0,43969000,333026000,419000.0,2716000.0,18563000.0,0.05320847414388617,15847000.0,0.045423406225187965,298000.0,16105000.0,0.04616293035001275,-42000.0,16105000.0,0.04616293035001275,3.22,3.15,5002000.0,5119000.0,https://www.sec.gov/Archives/edgar/data/1159281/000115928120000016/0001159281-20-000016-index.htm,https://www.sec.gov/Archives/edgar/data/1159281/000115928120000016/a12312019-10kxdocument.htm,1620592342,16:32:22,20210509
5,2019-09-30,FVE,USD,2019-11-06,2019-11-06 17:05:24,Q3,355009000,306166000.0,48843000,0.13758242748775384,0.0,53263000.0,0.0,0.0,56081000,362247000,384000.0,2818000.0,-4420000.0,-0.01245038858169793,-7238000.0,-0.020388215510029322,-628000.0,-7836000.0,-0.02207267984755316,-687000.0,-7066000.0,-0.01990372075074153,-1.41,-1.41,5012000.0,5012000.0,https://www.sec.gov/Archives/edgar/data/1159281/000115928119000038/0001159281-19-000038-index.htm,https://www.sec.gov/Archives/edgar/data/1159281/000115928119000038/a9302019-10qxdocument.htm,1620592342,16:32:22,20210509
6,2019-06-30,FVE,USD,2019-08-07,2019-08-07 16:38:24,Q2,355739000,295044000.0,60695000,0.17061665996699826,0.0,53810000.0,0.0,0.0,56751000,351795000,906000.0,2941000.0,6885000.0,0.01935407700589477,3944000.0,0.011086779914487869,-107000.0,3346000.0,0.009405772209400712,-705000.0,4181000.0,0.011752998687239802,0.8350809914714283,0.8130761152813971,5006700.0,5142200.0,https://www.sec.gov/Archives/edgar/data/1159281/000115928119000028/0001159281-19-000028-index.htm,https://www.sec.gov/Archives/edgar/data/1159281/000115928119000028/a6302019-10qxdocument.htm,1620592342,16:32:22,20210509
7,2019-03-31,FVE,USD,2019-05-08,2019-05-08 16:08:13,Q1,355523000,295003000.0,60520000,0.17022808650917098,0.0,81044000.0,0.0,0.0,89209000,384212000,906000.0,8165000.0,-20524000.0,-0.057729035814841796,-28689000.0,-0.08069520115435569,-2690000.0,-32129000.0,-0.09037108710266284,1490000.0,-33215000.0,-0.09342574179448306,-6.6,-6.6,5004000.0,5004000.0,https://www.sec.gov/Archives/edgar/data/1159281/000115928119000017/0001159281-19-000017-index.htm,https://www.sec.gov/Archives/edgar/data/1159281/000115928119000009/a12312018-10kxdocument.htm,1620592342,16:32:22,20210509
8,2018-12-31,FVE,USD,2019-03-06,2019-03-06 15:13:41,Q4,352869000,292119000.0,60750000,0.17216020676228289,0.0,73294000.0,0.0,0.0,82259000,374378000,1245000.0,8965000.0,-12544000.0,-0.03554860302265146,-21509000.0,-0.060954631888887945,-806000.0,-23319000.0,-0.0660840141809,-27000.0,-23658000.0,-0.06704471064332657,-4.7,-4.7,4981800.0,4981800.0,https://www.sec.gov/Archives/edgar/data/1159281/000115928119000009/0001159281-19-000009-index.htm,https://www.sec.gov/Archives/edgar/data/1159281/000115928119000009/a12312018-10kxdocument.htm,1620592342,16:32:22,20210509
9,2018-09-30,FVE,USD,2018-11-14,2018-11-14 14:46:35,Q3,348910000,290996000.0,57914000,0.16598549769281476,0.0,71247000.0,0.0,0.0,80384000,371380000,466000.0,9137000.0,-13333000.0,-0.03821329282623026,-22470000.0,-0.06440056174944828,73000.0,-22671000.0,-0.06497664154079849,-263000.0,-21582000.0,-0.061855492820498126,-4.3,-4.3,4968200.0,4968200.0,https://www.sec.gov/Archives/edgar/data/1159281/000115928118000034/0001159281-18-000034-index.htm,https://www.sec.gov/Archives/edgar/data/1159281/000115928118000034/a9302018-10qxdocument.htm,1620592342,16:32:22,20210509
10,2018-06-30,FVE,USD,2018-08-09,2018-08-09 14:26:01,Q2,343098000,284916000.0,58182000,0.16957837119423605,0.0,70590000.0,0.0,0.0,79567000,364483000,604000.0,8977000.0,-12408000.0,-0.036164594372453354,-21385000.0,-0.06232913045252377,1146000.0,-20625000.0,-0.060114019901019534,281000.0,-20894000.0,-0.06089805245148616,-4.2,-4.2,4965300.0,4965300.0,https://www.sec.gov/Archives/edgar/data/1159281/000115928118000025/0001159281-18-000025-index.htm,https://www.sec.gov/Archives/edgar/data/1159281/000115928118000025/a6302018-10qxdocument.htm,1620592342,16:32:22,20210509
11,2018-03-31,FVE,USD,2018-05-15,2018-05-15 15:58:48,Q1,345517000,277316000.0,68201000,0.1973882616484862,0.0,72208000.0,0.0,0.0,81068000,358384000,703000.0,8860000.0,-4007000.0,-0.011597113890199325,-12867000.0,-0.03723984637514218,5666000.0,-7737000.0,-0.02239253061354434,256000.0,-7949000.0,-0.02300610389647977,-1.6,-1.6,4959400.0,4959400.0,https://www.sec.gov/Archives/edgar/data/1159281/000115928118000017/0001159281-18-000017-index.htm,https://www.sec.gov/Archives/edgar/data/1159281/000115928118000007/a12312017-10kxdocument.htm,1620592342,16:32:22,20210509
12,2017-12-31,FVE,USD,2018-03-21,2018-03-21 16:18:47,Q4,348291000,277769000.0,70522000,0.20248011002294058,0.0,70486000.0,0.0,0.0,79638000,357407000,1108000.0,9152000.0,36000.0,0.00010336184397529653,-9116000.0,-0.026173515824411197,5731000.0,-4287000.0,-0.012308672920058227,-3206000.0,-1006000.0,-0.002888389306643008,-0.2,-0.2,4921500.0,4921500.0,https://www.sec.gov/Archives/edgar/data/1159281/000115928118000007/0001159281-18-000007-index.htm,https://www.sec.gov/Archives/edgar/data/1159281/000115928118000007/a12312017-10kxdocument.htm,1620592342,16:32:22,20210509
13,2017-09-30,FVE,USD,2017-11-09,2017-11-09 17:08:39,Q3,347101000,273506000.0,73595000,0.21202762308377102,0.0,69630000.0,0.0,0.0,79383000,352889000,1139000.0,9753000.0,3965000.0,0.0114231880634167,-5788000.0,-0.016675261667353305,71000.0,-6689000.0,-0.019271047908245728,-55000.0,-6603000.0,-0.019023281408005164,-1.3,-1.3,4924200.0,4924200.0,https://www.sec.gov/Archives/edgar/data/1159281/000115928117000040/0001159281-17-000040-index.htm,https://www.sec.gov/Archives/edgar/data/1159281/000115928117000040/a9302017-10qxdocument.htm,1620592342,16:32:22,20210509
14,2017-06-30,FVE,USD,2017-08-02,2017-08-02 13:38:49,Q2,350025000,276802000.0,73223000,0.2091936290264981,0.0,70859000.0,0.0,0.0,80660000,357462000,1083000.0,9801000.0,2364000.0,0.006753803299764303,-7437000.0,-0.021247053781872725,66000.0,-8246000.0,-0.023558317263052637,-1366000.0,-6506000.0,-0.018587243768302265,-1.3,-1.3,4919200.0,4919200.0,https://www.sec.gov/Archives/edgar/data/1159281/000115928117000029/0001159281-17-000029-index.htm,https://www.sec.gov/Archives/edgar/data/1159281/000115928117000029/a6302017-10qxdocument.htm,1620592342,16:32:22,20210509
15,2017-03-31,FVE,USD,2017-05-05,2017-05-05 14:01:30,Q1,350689000,276294000.0,74395000,0.21213953103747193,0.0,70768000.0,0.0,0.0,80254000,356548000,978000.0,9486000.0,3627000.0,0.010342497198372347,-5859000.0,-0.016707110858909177,-171000.0,-6824000.0,-0.0194588367470893,91000.0,-6787000.0,-0.019353330158630583,-1.4,-1.4,4916200.0,4916200.0,https://www.sec.gov/Archives/edgar/data/1159281/000115928117000020/0001159281-17-000020-index.htm,https://www.sec.gov/Archives/edgar/data/1159281/000115928117000010/a12312016-10kxdocument.htm,1620592342,16:32:22,20210509
16,2016-12-31,FVE,USD,2017-03-03,2017-03-03 14:18:06,Q4,346252000,272514000.0,73738000,0.21296050275521874,0.0,70128000.0,0.0,0.0,79333000,351847000,955000.0,9205000.0,3610000.0,0.01042593255779028,-5595000.0,-0.01615875142959463,-140000.0,-6472000.0,-0.018691588785046728,-490000.0,-5627000.0,-0.016251169668334047,-1.1,-1.1,4880700.0,4880700.0,https://www.sec.gov/Archives/edgar/data/1159281/000115928117000010/0001159281-17-000010-index.htm,https://www.sec.gov/Archives/edgar/data/1159281/000115928117000010/a12312016-10kxdocument.htm,1620592342,16:32:22,20210509
17,2016-09-30,FVE,USD,2016-11-03,2016-11-03 15:36:05,Q3,344711000,272045000.0,72666000,0.21080267238353287,0.0,69167000.0,0.0,0.0,78565000,350610000,945000.0,9398000.0,3499000.0,0.010150531894833644,-5899000.0,-0.017112885866711534,-184000.0,-6791000.0,-0.019700560759592818,-934000.0,-5897000.0,-0.017107083905068304,-1.2,-1.2,4884600.0,4884600.0,https://www.sec.gov/Archives/edgar/data/1159281/000115928116000020/0001159281-16-000020-index.htm,https://www.sec.gov/Archives/edgar/data/1159281/000115928116000020/a9302016-10qxdocument.htm,1620592342,16:32:22,20210509
18,2016-06-30,FVE,USD,2016-08-04,2016-08-04 17:01:25,Q2,342933000,268921000.0,74012000,0.2158205830293381,0.0,67690000.0,0.0,0.0,77540000,346461000,1511000.0,9850000.0,6322000.0,0.018435087903468025,-3528000.0,-0.010287723841100157,344000.0,-4431000.0,-0.012920891252810316,3486000.0,-7666000.0,-0.022354220795315703,-1.6,-1.6,4881300.0,4881300.0,https://www.sec.gov/Archives/edgar/data/1159281/000155837016007438/0001558370-16-007438-index.htm,https://www.sec.gov/Archives/edgar/data/1159281/000155837016007438/fve-20160630x10q.htm,1620592342,16:32:22,20210509
19,2016-03-31,FVE,USD,2016-05-04,2016-05-04 16:13:25,Q1,344212000,266863000.0,77349000,0.22471325810837506,0.0,68198000.0,0.0,0.0,77797000,344660000,1501000.0,9599000.0,9151000.0,0.026585360185002266,-448000.0,-0.001301523479715989,-415000.0,-2099000.0,-0.006097986124830047,289000.0,-2623000.0,-0.00762030376628357,-0.6,-0.6,4879200.0,4879200.0,https://www.sec.gov/Archives/edgar/data/1159281/000155837016005289/0001558370-16-005289-index.htm,https://www.sec.gov/Archives/edgar/data/1159281/000155837016003783/fve-20151231x10k.htm,1620592342,16:32:22,20210509
20,2015-12-31,FVE,USD,2016-03-02,2016-03-02 15:36:42,Q4,344596000,272372000.0,72224000,0.20959036088637129,0.0,68067000.0,0.0,0.0,77245000,349617000,1330000.0,8626000.0,3605000.0,0.010461525960835298,-5021000.0,-0.01457068567249765,122000.0,-5948000.0,-0.017260792348141013,314000.0,-6383000.0,-0.018523140140918642,-1.3,-1.3,4843400.0,4843400.0,https://www.sec.gov/Archives/edgar/data/1159281/000155837016003783/0001558370-16-003783-index.htm,https://www.sec.gov/Archives/edgar/data/1159281/000155837016003783/fve-20151231x10k.htm,1620592342,16:32:22,20210509
21,2015-09-30,FVE,USD,2015-11-06,2015-11-06 13:48:48,Q3,344572000,269940000.0,74632000,0.2165933389828541,0.0,66317000.0,0.0,0.0,74736000,344676000,1106000.0,8550000.0,8446000.0,0.024511567974182465,-104000.0,-0.0003018237117351381,-25489000.0,-26461000.0,-0.07679381957907201,-236000.0,-27488000.0,-0.0797743287324565,-5.7,-5.7,4842700.0,4842700.0,https://www.sec.gov/Archives/edgar/data/1159281/000155837015002414/0001558370-15-002414-index.htm,https://www.sec.gov/Archives/edgar/data/1159281/000155837015002414/fve-20150930x10q.htm,1620592342,16:32:22,20210509
22,2015-06-30,FVE,USD,2015-08-10,2015-08-10 14:56:01,Q2,342269000,269231000.0,73038000,0.21339355886744052,0.0,67838000.0,0.0,0.0,75961000,345192000,1137000.0,7995000.0,5072000.0,0.014818753670358694,-2923000.0,-0.008540066438970517,710000.0,-3107000.0,-0.009077655294519808,280000.0,-3910000.0,-0.011423763180422417,-0.8,-0.8,4839900.0,4839900.0,https://www.sec.gov/Archives/edgar/data/1159281/000155837015001568/0001558370-15-001568-index.htm,https://www.sec.gov/Archives/edgar/data/1159281/000155837015001568/fve-20150630x10q.htm,1620592342,16:32:22,20210509
23,2015-03-31,FVE,USD,2015-05-11,2015-05-11 16:11:42,Q1,333973000,261755000.0,72218000,0.2162390372874454,0.0,67610000.0,0.0,0.0,75705000,337460000,1354000.0,8501000.0,5014000.0,0.015013189688986834,-3487000.0,-0.010440963790486058,20000.0,-4601000.0,-0.013776562776032793,304000.0,-5302000.0,-0.015875534848625486,-1.1,-1.1,4836400.0,4836400.0,https://www.sec.gov/Archives/edgar/data/1159281/000155837015000883/0001558370-15-000883-index.htm,https://www.sec.gov/Archives/edgar/data/1159281/000155837015000369/fve-20141231x10k.htm,1620592342,16:32:22,20210509
24,2014-12-31,FVE,USD,2015-03-16,2015-03-16 17:23:08,Q4,332526000,264578000.0,67948000,0.2043389088372037,0.0,67799000.0,0.0,0.0,76104000,340682000,1328000.0,9157000.0,1001000.0,0.0030102909246194284,-8156000.0,-0.024527405375820238,43000.0,-9197000.0,-0.027657987646078804,60943000.0,-73748000.0,-0.2217811539548787,-15.3,-15.3,4807600.0,4807600.0,https://www.sec.gov/Archives/edgar/data/1159281/000155837015000369/0001558370-15-000369-index.htm,https://www.sec.gov/Archives/edgar/data/1159281/000155837015000369/fve-20141231x10k.htm,1620592342,16:32:22,20210509
25,2014-09-30,FVE,USD,2014-12-17,2014-12-16 20:12:40,Q3,334339000,261214000.0,73125000,0.2187151364333805,0.0,67346000.0,0.0,0.0,75624000,336838000,1324000.0,8539000.0,6040000.0,0.018065496397369138,-2499000.0,-0.007474449585600244,-566000.0,-4175000.0,-0.012487325738247707,-1763000.0,-3008000.0,-0.00899685648398781,-0.6,-0.6,4802000.0,4802000.0,https://www.sec.gov/Archives/edgar/data/1159281/000155837014000473/0001558370-14-000473-index.htm,https://www.sec.gov/Archives/edgar/data/1159281/000155837014000473/fve-20140930x10q.htm,1620592342,16:32:22,20210509
26,2014-06-30,FVE,USD,2014-12-17,2014-09-17 17:20:38,Q2,332799000,259491000.0,73308000,0.22027710419802943,0.0,65777000.0,0.0,0.0,73752000,333243000,1261000.0,8226000.0,7782000.0,0.02338348372441023,-444000.0,-0.001334138624214616,13000.0,-1479000.0,-0.004444123930660849,-364000.0,-1891000.0,-0.005682108419796934,-0.4,-0.4,4801300.0,4801300.0,https://www.sec.gov/Archives/edgar/data/1159281/000155837014000471/0001558370-14-000471-index.htm,https://www.sec.gov/Archives/edgar/data/1159281/000155837014000471/fve-20140630x10q.htm,1620592342,16:32:22,20210509
27,2014-03-31,FVE,USD,2014-12-17,2014-04-15 21:54:23,Q1,328411000,259805000.0,68606000,0.20890286866152474,0.0,68822000.0,0.0,0.0,76098000,335903000,1218000.0,7548000.0,56000.0,0.0001705180398951314,-7492000.0,-0.02281287776597008,313000.0,-8201000.0,-0.02497175794964237,-2431000.0,-6759000.0,-0.020580918422342734,-1.4,-1.4,4800200.0,4800200.0,https://www.sec.gov/Archives/edgar/data/1159281/000155837014000469/0001558370-14-000469-index.htm,https://www.sec.gov/Archives/edgar/data/1159281/000104746914007708/a2220170z10-k.htm,1620592342,16:32:22,20210509
28,2013-12-31,FVE,USD,2014-09-17,2014-09-17 17:20:38,Q4,325814000,251836000.0,73978000,0.22705592761514237,0.0,66630000.0,0.0,0.0,73961000,325797000,1237000.0,8418000.0,8435000.0,0.025889004155745302,17000.0,5.217700896830707e-05,-259000.0,-1297000.0,-0.003980798860699663,1334000.0,-5080000.0,-0.01559171797405882,-1.0523803683828477,-1.0523803683828477,4827152.0,4827152.0,https://www.sec.gov/Archives/edgar/data/1159281/000104746914007708/0001047469-14-007708-index.htm,https://www.sec.gov/Archives/edgar/data/1159281/000104746914007708/a2220170z10-k.htm,1620592342,16:32:22,20210509
29,2013-09-30,FVE,USD,2014-04-16,2014-04-15 21:54:23,Q3,324112000,251034000.0,73078000,0.2254714419706768,0.0,63824000.0,0.0,0.0,70560000,321594000,1179000.0,6602000.0,9120000.0,0.028138421286468877,2518000.0,0.007768919385891297,-641000.0,889000.0,0.0027428790047884684,226000.0,-198000.0,-0.0006108999358246532,0.325244,0.325244,4827152.0,4827152.0,https://www.sec.gov/Archives/edgar/data/1159281/000110465914027934/0001104659-14-027934-index.htm,https://www.sec.gov/Archives/edgar/data/1159281/000110465914027934/a13-19680_610q.htm,1620592342,16:32:22,20210509
30,2013-06-30,FVE,USD,2013-07-31,2013-07-31 13:26:52,Q2,351858000,273080000.0,78778000,0.22389145621244935,0.0,66388000.0,0.0,0.0,73039000,346119000,1355000.0,6575000.0,12314000.0,0.03499707268272997,5739000.0,0.0163105570997391,-79000.0,4516000.0,0.0128347230985227,1854000.0,825000.0,0.0023446958716300324,0.2,0.2,4825300.0,4825300.0,https://www.sec.gov/Archives/edgar/data/1159281/000110465913058278/0001104659-13-058278-index.htm,https://www.sec.gov/Archives/edgar/data/1159281/000110465913058278/a13-13821_110q.htm,1620592342,16:32:22,20210509
31,2013-03-31,FVE,USD,2013-05-01,2013-05-01 14:42:14,Q1,360052000,285124000.0,74928000,0.20810327397153744,0.0,66009000.0,0.0,0.0,72523000,357647000,1456000.0,6514000.0,8919000.0,0.02477142190572473,2405000.0,0.0066795907257840535,163000.0,1309000.0,0.0036355859709153123,-1005000.0,1935000.0,0.005374223723239977,0.4,0.4,4823400.0,4823400.0,https://www.sec.gov/Archives/edgar/data/1159281/000110465913035920/0001104659-13-035920-index.htm,https://www.sec.gov/Archives/edgar/data/1159281/000104746913001251/a2212875z10-k.htm,1620592342,16:32:22,20210509
32,2012-12-31,FVE,USD,2013-02-19,2013-02-19 17:07:31,Q4,359097000,693179000.0,-334082000,-0.9303391562725392,0.0,-346056000.0,0.0,0.0,-339623000,353556000,1475000.0,6433000.0,11974000.0,0.033344750861187926,5541000.0,0.01543037118104579,-9000.0,4300000.0,0.011974480432863545,807000.0,3499000.0,0.00974388535688129,0.7,0.7,4806600.0,4806600.0,https://www.sec.gov/Archives/edgar/data/1159281/000104746913001251/0001047469-13-001251-index.htm,https://www.sec.gov/Archives/edgar/data/1159281/000104746913001251/a2212875z10-k.htm,1620592342,16:32:22,20210509
33,2012-09-30,FVE,USD,2012-10-30,2012-10-30 17:01:42,Q3,332420000,117839000.0,214581000,0.6455117020636544,0.0,202941000.0,0.0,0.0,209265000,327104000,1762000.0,5606000.0,10922000.0,0.03285602550989712,5316000.0,0.015991817580169664,78000.0,3831000.0,0.011524577341916852,426000.0,16439000.0,0.04945249984958787,3.4,3.3,4792700.0,5038800.0,https://www.sec.gov/Archives/edgar/data/1159281/000110465912072323/0001104659-12-072323-index.htm,https://www.sec.gov/Archives/edgar/data/1159281/000110465912072323/a12-20008_110q.htm,1620592342,16:32:22,20210509
34,2012-06-30,FVE,USD,2012-08-01,2012-08-01 14:53:08,Q2,349094000,270088000.0,79006000,0.22631726698253193,0.0,65686000.0,0.0,0.0,72395000,342483000,1605000.0,6709000.0,13320000.0,0.038155912161194405,6611000.0,0.01893759274006428,3486000.0,8738000.0,0.025030507542381134,3807000.0,4638000.0,0.01328581986513661,0.9679843052135075,0.9284727643985347,4791400.0,4995300.0,https://www.sec.gov/Archives/edgar/data/1159281/000110465912053174/0001104659-12-053174-index.htm,https://www.sec.gov/Archives/edgar/data/1159281/000110465912053174/a12-13861_110q.htm,1620592342,16:32:22,20210509
35,2012-03-31,FVE,USD,2012-05-01,2012-05-01 11:40:21,Q1,346121000,133236000.0,212885000,0.6150594734211446,0.0,204056000.0,0.0,0.0,210372000,343608000,1426000.0,6316000.0,8829000.0,0.025508420465675297,2513000.0,0.0072604667153972164,44000.0,1348000.0,0.003894591775708495,602000.0,369000.0,0.001066101161154625,0.1,0.1,4789900.0,4789900.0,https://www.sec.gov/Archives/edgar/data/1159281/000110465912031120/0001104659-12-031120-index.htm,https://www.sec.gov/Archives/edgar/data/1159281/000104746912001151/a2207076z10-k.htm,1620592342,16:32:22,20210509
36,2011-12-31,FVE,USD,2012-02-17,2012-02-17 14:47:04,Q4,332788000,121137000.0,211651000,0.6359934853420195,0.0,202644000.0,0.0,0.0,208992000,330129000,1512000.0,6348000.0,9007000.0,0.027065278796110436,2659000.0,0.007990071757395098,-241000.0,1184000.0,0.00355782059449259,-51560000.0,55401000.0,0.1664753536786182,11.64938915406775,11.64938915406775,4755700.0,4755700.0,https://www.sec.gov/Archives/edgar/data/1159281/000104746912001151/0001047469-12-001151-index.htm,https://www.sec.gov/Archives/edgar/data/1159281/000104746912001151/a2207076z10-k.htm,1620592342,16:32:22,20210509
37,2011-09-30,FVE,USD,2011-10-28,2011-10-28 10:18:42,Q3,329475000,118765000.0,210710000,0.6395325897260794,0.0,200693000.0,0.0,0.0,206551000,325316000,1034000.0,5848000.0,10007000.0,0.03037256240989453,4159000.0,0.01262311252750588,331000.0,3824000.0,0.011606343425146066,186000.0,-528000.0,-0.0016025495105850217,-0.1,-0.1,4755700.0,4755700.0,https://www.sec.gov/Archives/edgar/data/1159281/000110465911058661/0001104659-11-058661-index.htm,https://www.sec.gov/Archives/edgar/data/1159281/000110465911058661/a11-25740_110q.htm,1620592342,16:32:22,20210509
38,2011-06-30,FVE,USD,2011-07-28,2011-07-28 12:36:30,Q2,312563000,103792000.0,208771000,0.6679325447989686,0.0,195727000.0,0.0,0.0,200347000,304139000,870000.0,4620000.0,13044000.0,0.04173238675083103,8424000.0,0.026951366604492533,-1105000.0,6780000.0,0.02169162696800325,441000.0,5196000.0,0.016623848632115766,1.3975631404825304,1.2975078659541528,3717900.0,4004600.0,https://www.sec.gov/Archives/edgar/data/1159281/000110465911041413/0001104659-11-041413-index.htm,https://www.sec.gov/Archives/edgar/data/1159281/000110465911041413/a11-13963_110q.htm,1620592342,16:32:22,20210509
39,2011-03-31,FVE,USD,2011-04-28,2011-04-28 12:06:35,Q1,308341000,236628000.0,71713000,0.23257691970902344,0.0,61332000.0,0.0,0.0,65643000,302271000,501000.0,4311000.0,10381000.0,0.03366727097596492,6070000.0,0.01968599699683143,76000.0,6001000.0,0.019462218777262837,379000.0,4133000.0,0.013403991035898568,1.2,1.1,3602000.0,3890900.0,https://www.sec.gov/Archives/edgar/data/1159281/000110465911023373/0001104659-11-023373-index.htm,https://www.sec.gov/Archives/edgar/data/1159281/000104746911001188/a2202117z10-k.htm,1620592342,16:32:22,20210509
40,2010-12-31,FVE,USD,2011-02-23,2011-02-23 13:20:37,Q4,305456000,233964000.0,71492000,0.23405007595201927,0.0,60729000.0,0.0,0.0,65036000,299000000,657000.0,4307000.0,10763000.0,0.035235844115028024,6456000.0,0.021135613639935047,824000.0,7053000.0,0.023090068618720865,518000.0,6096000.0,0.01995704782358179,1.7064158548874706,1.7064158548874706,3572400.0,3572400.0,https://www.sec.gov/Archives/edgar/data/1159281/000104746911001188/0001047469-11-001188-index.htm,https://www.sec.gov/Archives/edgar/data/1159281/000104746911001188/a2202117z10-k.htm,1620592342,16:32:22,20210509
41,2010-09-30,FVE,USD,2010-10-28,2010-10-28 12:11:28,Q3,315060000,243679000.0,71381000,0.22656319431219452,0.0,61379000.0,0.0,0.0,65627000,309306000,690000.0,4248000.0,10002000.0,0.031746334031613026,5754000.0,0.018263187964197295,-66000.0,5487000.0,0.01741573033707865,-123000.0,5158000.0,0.01637148479654669,1.5,1.4,3572400.0,3893700.0,https://www.sec.gov/Archives/edgar/data/1159281/000110465910054238/0001104659-10-054238-index.htm,https://www.sec.gov/Archives/edgar/data/1159281/000110465910054238/a10-17371_110q.htm,1620592342,16:32:22,20210509
42,2010-06-30,FVE,USD,2010-07-29,2010-07-29 11:44:51,Q2,311866000,237685000.0,74181000,0.2378617739670243,0.0,61503000.0,0.0,0.0,65659000,303344000,926000.0,4148000.0,12670000.0,0.040626422886752646,8522000.0,0.027325838661476403,-299000.0,8771000.0,0.028124258495635945,560000.0,8153000.0,0.026142638184348407,2.3,2.2,3570000.0,3948400.0,https://www.sec.gov/Archives/edgar/data/1159281/000110465910040400/0001104659-10-040400-index.htm,https://www.sec.gov/Archives/edgar/data/1159281/000110465910040400/a10-12721_110q.htm,1620592342,16:32:22,20210509
43,2010-03-31,FVE,USD,2010-05-04,2010-05-04 08:57:52,Q1,310331000,240925000.0,69406000,0.22365152047330109,0.0,60370000.0,0.0,0.0,64469000,305394000,772000.0,4099000.0,9036000.0,0.02911729733735914,4937000.0,0.015908819937421655,-29000.0,4799000.0,0.01546413345750183,493000.0,4085000.0,0.0131633642787862,1.1452521797639408,1.0343867112326548,3566900.0,3949200.0,https://www.sec.gov/Archives/edgar/data/1159281/000110465910024908/0001104659-10-024908-index.htm,https://www.sec.gov/Archives/edgar/data/1159281/000104746910001032/a2196365z10-k.htm,1620592342,16:32:22,20210509
44,2009-12-31,FVE,USD,2010-02-19,2010-02-19 17:25:26,Q4,304832000,240663000.0,64169000,0.21050611484358597,0.0,59459000.0,0.0,0.0,63393000,304056000,975000.0,3934000.0,4710000.0,0.015451133739239975,776000.0,0.002545664497165652,3169000.0,810000.0,0.0026572013436909512,122000.0,272000.0,0.0008922947722023935,0.07948800374061193,0.07948800374061193,3421900.0,3421900.0,https://www.sec.gov/Archives/edgar/data/1159281/000104746910001032/0001047469-10-001032-index.htm,https://www.sec.gov/Archives/edgar/data/1159281/000104746910001032/a2196365z10-k.htm,1620592342,16:32:22,20210509
45,2009-09-30,FVE,USD,2009-11-04,2009-11-04 14:47:29,Q3,297208000,233828000.0,63380000,0.2132513256709106,0.0,57985000.0,0.0,0.0,61988000,295816000,964000.0,4001000.0,5393000.0,0.01814554116982046,1392000.0,0.00468358859788431,4020000.0,4927000.0,0.016577615676563216,565000.0,4108000.0,0.013821969798928696,1.2,1.1,3421900.0,3883500.0,https://www.sec.gov/Archives/edgar/data/1159281/000110465909062473/0001104659-09-062473-index.htm,https://www.sec.gov/Archives/edgar/data/1159281/000110465909062473/a09-30920_110q.htm,1620592342,16:32:22,20210509
46,2009-06-30,FVE,USD,2009-08-10,2009-08-10 16:35:17,Q2,297127000,231155000.0,65972000,0.22203300272274146,0.0,57632000.0,0.0,0.0,61901000,293056000,1246000.0,4267000.0,8338000.0,0.028062074466473932,4071000.0,0.013701211939675627,-5781000.0,10040000.0,0.033790264768937185,993000.0,8578000.0,0.02886980987927721,2.7,2.5,3223600.0,3772800.0,https://www.sec.gov/Archives/edgar/data/1159281/000110465909048663/0001104659-09-048663-index.htm,https://www.sec.gov/Archives/edgar/data/1159281/000110465909048663/a09-18564_110q.htm,1620592342,16:32:22,20210509
47,2009-03-31,FVE,USD,2009-05-06,2009-05-06 16:37:39,Q1,295165000,231185000.0,63980000,0.21676011722257044,0.0,56442000.0,0.0,0.0,60619000,291804000,1181000.0,4177000.0,7538000.0,0.02553825826232785,3361000.0,0.011386851422085951,22167000.0,25478000.0,0.08631782223502109,516000.0,25372000.0,0.08595870106550574,7.9,6.8,3220600.0,3835900.0,https://www.sec.gov/Archives/edgar/data/1159281/000110465909030026/0001104659-09-030026-index.htm,https://www.sec.gov/Archives/edgar/data/1159281/000104746909002090/a2190951z10-k.htm,1620592342,16:32:22,20210509
48,2008-12-31,FVE,USD,2009-03-02,2009-03-02 13:43:55,Q4,292237000,403341000.0,-111104000,-0.3801845762172483,0.0,0.0,0.0,0.0,-119232000,284109000,1447000.0,3746000.0,11874000.0,0.04063140533197371,8128000.0,0.027813042154142015,-19020000.0,-6140000.0,-0.021010344343803146,472000.0,-7352000.0,-0.02515766312958318,-2.3086826817396764,-2.3086826817396764,3184500.0,3184500.0,https://www.sec.gov/Archives/edgar/data/1159281/000104746909002090/0001047469-09-002090-index.htm,https://www.sec.gov/Archives/edgar/data/1159281/000104746909002090/a2190951z10-k.htm,1620592342,16:32:22,20210509
49,2008-09-30,FVE,USD,2008-11-10,2008-11-10 15:07:25,Q3,281942000,160404000.0,121538000,0.4310744763107306,0.0,0.0,0.0,0.0,118612000,279016000,1696000.0,3691000.0,6617000.0,0.023469366039823792,2926000.0,0.010378021011413696,-4009000.0,-1708000.0,-0.006057983556901774,-90000.0,-2250000.0,-0.007980364755871775,-0.7,-0.7,3184500.0,3184500.0,https://www.sec.gov/Archives/edgar/data/1159281/000110465908069650/0001104659-08-069650-index.htm,https://www.sec.gov/Archives/edgar/data/1159281/000110465908069650/a08-25474_110q.htm,1620592342,16:32:22,20210509
50,2008-06-30,FVE,USD,2008-08-07,2008-08-07 16:57:21,Q2,271144000,210425000.0,60719000,0.22393635854011154,0.0,0.0,0.0,0.0,54644000,265069000,1600000.0,3647000.0,9722000.0,0.03585548638361904,6075000.0,0.0224050688932818,-1096000.0,4681000.0,0.017263889298675242,444000.0,3489000.0,0.012867701295252706,1.096101284910936,0.8394687454886676,3183100.0,4156200.0,https://www.sec.gov/Archives/edgar/data/1159281/000110465908050920/0001104659-08-050920-index.htm,https://www.sec.gov/Archives/edgar/data/1159281/000110465908050920/a08-18785_110q.htm,1620592342,16:32:22,20210509
51,2008-03-31,FVE,USD,2008-05-08,2008-05-08 09:48:33,Q1,258877000,201310000.0,57567000,0.2223720145088208,0.0,0.0,0.0,0.0,50212000,251522000,1594000.0,3635000.0,10990000.0,0.04245259331651711,7355000.0,0.028411175963874737,-3270000.0,4985000.0,0.019256249106718634,566000.0,1617000.0,0.006246209589882454,0.5082029040165944,0.3891790416135166,3181800.0,4154900.0,https://www.sec.gov/Archives/edgar/data/1159281/000110465908031043/0001104659-08-031043-index.htm,https://www.sec.gov/Archives/edgar/data/1159281/000110465908015442/a08-6993_110k.htm,1620592342,16:32:22,20210509
52,2007-12-31,FVE,USD,2008-03-05,2008-03-05 15:11:05,Q4,243591000,187858000.0,55733000,0.22879745146577665,0.0,0.0,0.0,0.0,47694000,235552000,1883000.0,3571000.0,11610000.0,0.047661859428304004,8039000.0,0.033002040305265795,0.0,7965000.0,0.03269825239848763,650000.0,6722000.0,0.027595436613011153,2.1201703201387794,2.1201703201387794,3170500.0,3170500.0,https://www.sec.gov/Archives/edgar/data/1159281/000110465908015442/0001104659-08-015442-index.htm,https://www.sec.gov/Archives/edgar/data/1159281/000110465908015442/a08-6993_110k.htm,1620592342,16:32:22,20210509
53,2007-09-30,FVE,USD,2007-11-08,2007-11-08 13:34:47,Q3,247158000,191728000.0,55430000,0.22426949562627954,0.0,0.0,0.0,0.0,46844000,238572000,1464000.0,3580000.0,12166000.0,0.0492235735845087,8586000.0,0.034738911951059645,0.0,8633000.0,0.03492907370993453,277000.0,7761000.0,0.03140096618357488,2.4,2.2,3170500.0,4143600.0,https://www.sec.gov/Archives/edgar/data/1159281/000110465907081070/0001104659-07-081070-index.htm,https://www.sec.gov/Archives/edgar/data/1159281/000110465907081070/a07-25675_110q.htm,1620592342,16:32:22,20210509
54,2007-06-30,FVE,USD,2007-08-09,2007-08-09 14:20:19,Q2,242811000,192291000.0,50520000,0.20806306139342945,0.0,0.0,0.0,0.0,46010000,238301000,1677000.0,3265000.0,7775000.0,0.0320207898324211,4510000.0,0.01857411731758446,934000.0,5288000.0,0.02177825551560679,275000.0,4080000.0,0.016803192606595255,1.2873099009276203,0.9849124924562462,3169400.0,4142500.0,https://www.sec.gov/Archives/edgar/data/1159281/000110465907060748/0001104659-07-060748-index.htm,https://www.sec.gov/Archives/edgar/data/1159281/000110465907060748/a07-18989_110q.htm,1620592342,16:32:22,20210509
55,2007-03-31,FVE,USD,2007-05-10,2007-05-10 14:29:49,Q1,239676000,191290000.0,48386000,0.2018808725112235,0.0,0.0,0.0,0.0,45409000,236699000,0.0,3179000.0,6156000.0,0.02568467431031893,2977000.0,0.012420934928820574,3557000.0,5821000.0,0.02428695405464043,208000.0,4764000.0,0.019876833725529466,1.503598030551698,1.1503078594712062,3168400.0,4141500.0,https://www.sec.gov/Archives/edgar/data/1159281/000110465907038165/0001104659-07-038165-index.htm,https://www.sec.gov/Archives/edgar/data/1159281/000110465907017079/a07-5624_110k.htm,1620592342,16:32:22,20210509
56,2006-12-31,FVE,USD,2007-03-07,2007-03-07 16:08:28,Q4,235680000,-196933000.0,432613000,1.8355948744059742,0.0,0.0,0.0,0.0,470509000,273576000,1946000.0,2830000.0,-35066000.0,-0.14878649015614392,-37896000.0,-0.16079429735234216,0.0,-34589000.0,-0.14676255940257976,0.0,-34330000.0,-0.14566361167684996,-10.869083425676745,-10.869083425676745,3158500.0,3158500.0,https://www.sec.gov/Archives/edgar/data/1159281/000110465907017079/0001104659-07-017079-index.htm,https://www.sec.gov/Archives/edgar/data/1159281/000110465907017079/a07-5624_110k.htm,1620592342,16:32:22,20210509
57,2006-09-30,FVE,USD,2006-11-09,2006-11-09 17:04:45,Q3,201849000,156259000.0,45590000,0.22586190667280986,0.0,0.0,0.0,0.0,39429000,195688000,786000.0,2559000.0,8720000.0,0.043200610357247246,6161000.0,0.03052281656089453,0.0,5788000.0,0.02867490054446641,0.0,3196000.0,0.015833618199743372,1.0,1.0,3158500.0,3158500.0,https://www.sec.gov/Archives/edgar/data/1159281/000110465906073715/0001104659-06-073715-index.htm,https://www.sec.gov/Archives/edgar/data/1159281/000110465906073715/a06-21847_110q.htm,1620592342,16:32:22,20210509
58,2006-06-30,FVE,USD,2006-08-04,2006-08-04 12:31:20,Q2,196669000,58263000.0,138406000,0.7037509724460896,0.0,0.0,0.0,0.0,224399000,282662000,875000.0,2287000.0,-83706000.0,-0.42561867910041745,-85993000.0,-0.43724735469240195,0.0,-86052000.0,-0.43754735113312215,0.0,-87191000.0,-0.4433388078446527,-28.2,-28.2,3098200.0,3098200.0,https://www.sec.gov/Archives/edgar/data/1159281/000110465906051455/0001104659-06-051455-index.htm,https://www.sec.gov/Archives/edgar/data/1159281/000110465906051455/a06-15526_110q.htm,1620592342,16:32:22,20210509
59,2006-03-31,FVE,USD,2006-05-10,2006-05-10 15:52:27,Q1,199739000,10782000.0,188957000,0.9460195555199535,0.0,0.0,0.0,0.0,185828000,196610000,759000.0,2274000.0,5403000.0,0.02705030064233825,3129000.0,0.015665443403641753,0.0,2694000.0,0.013487601319722238,0.0,1659000.0,0.008305839120051667,0.8,0.8,2006100.0,2006100.0,https://www.sec.gov/Archives/edgar/data/1159281/000110465906033255/0001104659-06-033255-index.htm,https://www.sec.gov/Archives/edgar/data/1159281/000110465906016183/a06-2154_110k.htm,1620592342,16:32:22,20210509
60,2005-12-31,FVE,USD,2006-03-13,2006-03-13 17:02:19,Q4,193014000,26693000.0,166321000,0.8617043323282249,0.0,0.0,0.0,0.0,165139000,191832000,1060000.0,1485000.0,2667000.0,0.01381765053312195,1182000.0,0.006123908110292517,0.0,648000.0,0.003357269420871025,0.0,-2205000.0,-0.011424041779352793,-1.4750150511739917,-1.4750150511739917,1494900.0,1494900.0,https://www.sec.gov/Archives/edgar/data/1159281/000110465906016183/0001104659-06-016183-index.htm,https://www.sec.gov/Archives/edgar/data/1159281/000110465906016183/a06-2154_110k.htm,1620592342,16:32:22,20210509
61,2005-09-30,FVE,USD,2005-11-14,2005-11-14 16:16:09,Q3,195994000,56491000.0,139503000,0.7117717889323143,0.0,0.0,0.0,0.0,220814000,277305000,0.0,1898000.0,-79413000.0,-0.40518077083992365,-81311000.0,-0.4148647407573701,-2333000.0,-84362000.0,-0.4304315438227701,-73000.0,-84374000.0,-0.43049277018684245,-56.5,-56.5,1494900.0,1494900.0,https://www.sec.gov/Archives/edgar/data/1159281/000110465905055468/0001104659-05-055468-index.htm,https://www.sec.gov/Archives/edgar/data/1159281/000110465905055468/a05-18409_110q.htm,1620592342,16:32:22,20210509
62,2005-06-30,FVE,USD,2005-08-11,2005-08-11 15:06:56,Q2,186172000,52888000.0,133284000,0.7159186128956019,0.0,0.0,0.0,0.0,131468000,184356000,899000.0,2130000.0,3946000.0,0.021195453666501943,1816000.0,0.009754420643276111,0.0,1237000.0,0.0066443933566809185,38000.0,1167000.0,0.006268396966246267,1.0,1.0,1222700.0,1222700.0,https://www.sec.gov/Archives/edgar/data/1159281/000110465905038585/0001104659-05-038585-index.htm,https://www.sec.gov/Archives/edgar/data/1159281/000110465905038585/a05-13176_110q.htm,1620592342,16:32:22,20210509
63,2005-03-31,FVE,USD,2005-05-13,2005-05-13 12:33:51,Q1,182457000,47819000.0,134638000,0.737916330971133,0.0,0.0,0.0,0.0,132930000,180749000,615000.0,1601000.0,3309000.0,0.01813577993719068,1708000.0,0.00936110974092526,0.0,1230000.0,0.006741314391884115,35000.0,1253000.0,0.00686737149026894,1.0,1.0,1221200.0,1221200.0,https://www.sec.gov/Archives/edgar/data/1159281/000110465905023233/0001104659-05-023233-index.htm,https://www.sec.gov/Archives/edgar/data/1159281/000110465905013449/a05-1953_110k.htm,1620592342,16:32:22,20210509
64,2004-12-31,FVE,USD,2005-03-29,2005-03-29 17:09:19,Q4,167452000,36931000.0,130521000,0.7794532164441154,0.0,0.0,0.0,0.0,130538000,167469000,544000.0,880000.0,863000.0,0.005153715691660894,-17000.0,-0.00010152163007906743,1924000.0,1105000.0,0.006598905955139383,8000.0,951000.0,0.00567923942383489,1.1142355008787346,1.1142355008787346,853500.0,853500.0,https://www.sec.gov/Archives/edgar/data/1159281/000110465905013449/0001104659-05-013449-index.htm,https://www.sec.gov/Archives/edgar/data/1159281/000110465905013449/a05-1953_110k.htm,1620592342,16:32:22,20210509
65,2004-09-30,FVE,USD,2004-11-15,2004-11-15 16:27:59,Q3,155508000,42933000.0,112575000,0.7239177405664017,0.0,0.0,0.0,0.0,111503000,154436000,0.0,947000.0,2019000.0,0.012983254880777837,1072000.0,0.006893536023870155,0.0,981000.0,0.0063083571263214755,112000.0,891000.0,0.005729608766108496,1.0,1.0,853500.0,853500.0,https://www.sec.gov/Archives/edgar/data/1159281/000104746904034346/0001047469-04-034346-index.htm,https://www.sec.gov/Archives/edgar/data/1159281/000104746904034346/a2146709z10-q.htm,1620592342,16:32:22,20210509
66,2004-06-30,FVE,USD,2004-08-12,2004-08-12 17:20:14,Q2,153554000,41823000.0,111731000,0.7276332755903461,0.0,0.0,0.0,0.0,110566000,152389000,98000.0,866000.0,2031000.0,0.0132266173463407,1165000.0,0.007586907537413548,-206000.0,1067000.0,0.006948695572892924,0.0,943000.0,0.006141162066764786,1.1,1.1,852600.0,852600.0,https://www.sec.gov/Archives/edgar/data/1159281/000110465904024147/0001104659-04-024147-index.htm,https://www.sec.gov/Archives/edgar/data/1159281/000110465904024147/a04-9321_110q.htm,1620592342,16:32:22,20210509
67,2004-03-31,FVE,USD,2004-05-10,2004-05-10 17:08:44,Q1,151491000,38110000.0,113381000,0.7484339003637179,0.0,0.0,0.0,0.0,112277000,150387000,146000.0,973000.0,2077000.0,0.01371038543543841,1104000.0,0.007287561637324989,-1350000.0,958000.0,0.006323808014997591,0.0,507000.0,0.003346733469315009,0.6,0.6,851400.0,851400.0,https://www.sec.gov/Archives/edgar/data/1159281/000090873704000450/0000908737-04-000450-index.htm,https://www.sec.gov/Archives/edgar/data/1159281/000110465904008607/a04-3844_110k.htm,1620592342,16:32:22,20210509
68,2003-12-31,FVE,USD,2004-03-29,2004-03-26 18:21:42,Q4,144055000,35250000.0,108805000,0.7553017944535073,0.0,0.0,0.0,0.0,110741000,145991000,340000.0,905000.0,-1031000.0,-0.007156988650168339,-1936000.0,-0.013439311374127938,0.0,0.0,0.0,0.0,-2262000.0,-0.015702335913366422,-2.6596119929453264,-2.6596119929453264,850500.0,850500.0,https://www.sec.gov/Archives/edgar/data/1159281/000110465904008607/0001104659-04-008607-index.htm,https://www.sec.gov/Archives/edgar/data/1159281/000110465904008607/a04-3844_110k.htm,1620592342,16:32:22,20210509
69,2003-09-30,FVE,USD,2003-11-13,2003-11-13 13:58:28,Q3,147304000,40357000.0,106947000,0.7260291641774833,0.0,0.0,0.0,0.0,107765000,148122000,231000.0,857000.0,39000.0,0.00026475859447129747,-818000.0,-0.005553141801987726,-64000.0,-1049000.0,-0.00712132732308695,0.0,-1166000.0,-0.007915603106500841,-1.4,-1.4,850500.0,850500.0,https://www.sec.gov/Archives/edgar/data/1159281/000110465903026143/0001104659-03-026143-index.htm,https://www.sec.gov/Archives/edgar/data/1159281/000110465903026143/a03-5244_110q.htm,1620592342,16:32:22,20210509
70,2003-06-30,FVE,USD,2003-08-14,2003-08-14 13:24:19,Q2,142490000,36727000.0,105763000,0.7422485788476384,0.0,0.0,0.0,0.0,107175000,143902000,0.0,965000.0,-447000.0,-0.003137062249982455,-1412000.0,-0.009909467331040775,0.0,-1720000.0,-0.012071022527896694,0.0,-2077000.0,-0.014576461506070601,-2.4,-2.4,845600.0,845600.0,https://www.sec.gov/Archives/edgar/data/1159281/000110465903018562/0001104659-03-018562-index.htm,https://www.sec.gov/Archives/edgar/data/1159281/000110465903018562/a03-2248_110q.htm,1620592342,16:32:22,20210509
71,2003-03-31,FVE,USD,2003-05-13,2003-05-13 13:52:21,Q1,143962000,50469000.0,93493000,0.6494283213625818,0.0,0.0,0.0,0.0,95829000,146298000,0.0,861000.0,-1475000.0,-0.01024575929759242,-2336000.0,-0.016226504216390436,0.0,-2255000.0,-0.01566385573970909,0.0,-2255000.0,-0.01566385573970909,-2.7,-2.7,845200.0,845200.0,https://www.sec.gov/Archives/edgar/data/1159281/000110465903009374/0001104659-03-009374-index.htm,https://www.sec.gov/Archives/edgar/data/1159281/000110465903009374/j0666_10q.htm,1620592342,16:32:22,20210509
72,2002-12-31,FVE,USD,2003-03-27 00:00:00,2003-03-27 17:30:16,Q4,140426000,-7560000.0,147986000,1.0538361841824164,0.0,0.0,0.0,0.0,159566000,152006000,0.0,698000.0,-10882000.0,-0.07749277199379033,-11580000.0,-0.08246336148576475,0.0,-661000.0,-0.004707105521769473,0.0,32000.0,0.00022787802828536026,0.03785638234946173,0.03785638234946173,845300.0,845300.0,https://www.sec.gov/Archives/edgar/data/1159281/000104746903010611/0001047469-03-010611-index.html,https://www.sec.gov/Archives/edgar/data/1159281/000104746903010611/a2106588z10-k.htm,1620592342,16:32:22,20210509
73,2002-09-30,FVE,USD,2002-11-14 00:00:00,2002-11-14 12:50:06,Q3,132847000,65950000.0,66897000,0.5035642506040784,0.0,68098000.0,0.0,0.0,68567000,134517000,0.0,516000.0,-1154000.0,-0.008686684682378978,-1670000.0,-0.012570852183338728,-10000.0,-1680000.0,-0.012646126747310816,0.0,-2506000.0,-0.018863805731405302,-3.0,-3.0,845300.0,845300.0,https://www.sec.gov/Archives/edgar/data/1159281/000090873702000417/0000908737-02-000417-index.html,https://www.sec.gov/Archives/edgar/data/1159281/000090873702000417/fsqc10q_3rdq.txt,1620592342,16:32:22,20210509
74,2002-06-30,FVE,USD,2002-08-12 00:00:00,2002-08-12 17:25:18,Q2,131278000,46954000.0,84324000,0.6423315406998887,0.0,88599000.0,0.0,0.0,89087000,136041000,0.0,488000.0,-4275000.0,-0.032564481482045736,-4763000.0,-0.036281783695668736,-1761000.0,-6524000.0,-0.049696064839500904,0.0,-7330000.0,-0.05583570743003397,-8.7,-8.7,844500.0,844500.0,https://www.sec.gov/Archives/edgar/data/1159281/000090873702000299/0000908737-02-000299-index.html,https://www.sec.gov/Archives/edgar/data/1159281/000090873702000299/fivestar10q_2ndq.txt,1620592342,16:32:22,20210509
75,2002-03-31,FVE,USD,2002-05-14 00:00:00,2002-05-14 16:45:28,Q1,119270000,36909000.0,82361000,0.6905424666722563,0.0,85547000.0,0.0,0.0,85730000,122639000,0.0,183000.0,-3186000.0,-0.026712501048042257,-3369000.0,-0.028246834912383667,-146000.0,-3369000.0,-0.028246834912383667,0.0,-3369000.0,-0.028246834912383667,-6.6,-6.6,511500.0,511500.0,https://www.sec.gov/Archives/edgar/data/1159281/000090873702000186/0000908737-02-000186-index.html,https://www.sec.gov/Archives/edgar/data/1159281/000090873702000186/fsqc_10q.txt,1620592342,16:32:22,20210509
