,date,symbol,reportedCurrency,fillingDate,acceptedDate,period,revenue,costOfRevenue,grossProfit,grossProfitRatio,researchAndDevelopmentExpenses,generalAndAdministrativeExpenses,sellingAndMarketingExpenses,otherExpenses,operatingExpenses,costAndExpenses,interestExpense,depreciationAndAmortization,ebitda,ebitdaratio,operatingIncome,operatingIncomeRatio,totalOtherIncomeExpensesNet,incomeBeforeTax,incomeBeforeTaxRatio,incomeTaxExpense,netIncome,netIncomeRatio,eps,epsdiluted,weightedAverageShsOut,weightedAverageShsOutDil,link,finalLink,timestamp,est_time,est_date
0,2019-09-30,0601.HK,HKD,2019-09-30,2019-09-30,Q3,378822750,274771250,104051500.0,0.27467067381776833,0.0,19387750.0,3903750.0,1974750.0,0.0,297515250,18016000.0,23136500.0,104444000.0,0.2757067784339774,81307500.0,0.2146320409743079,0.0,65782000.0,0.17364849391964976,13349000.0,52433000.0,0.1384103779406068,0.007975,0.007975,6574390058,6574390058,https://www1.hkexnews.hk/search/titlesearch.xhtml,https://www1.hkexnews.hk/search/titlesearch.xhtml,1620584813,14:26:53,20210509
1,2019-06-30,0601.HK,HKD,2019-06-30,2019-06-30,Q2,378822750,274771250,104051500.0,0.27467067381776833,0.0,19387750.0,3903750.0,1974750.0,0.0,297515250,18016000.0,23136500.0,104444000.0,0.2757067784339774,81307500.0,0.2146320409743079,0.0,65782000.0,0.17364849391964976,13349000.0,52433000.0,0.1384103779406068,0.007975,0.007975,6574390058,6574390058,https://www1.hkexnews.hk/search/titlesearch.xhtml,https://www1.hkexnews.hk/search/titlesearch.xhtml,1620584813,14:26:53,20210509
2,2019-03-31,0601.HK,HKD,2019-03-31,2019-03-31,Q1,378822750,274771250,104051500.0,0.27467067381776833,0.0,19387750.0,3903750.0,1974750.0,0.0,297515250,18016000.0,23136500.0,104444000.0,0.2757067784339774,81307500.0,0.2146320409743079,0.0,65782000.0,0.17364849391964976,13349000.0,52433000.0,0.1384103779406068,0.007975,0.007975,6574390058,6574390058,https://www1.hkexnews.hk/search/titlesearch.xhtml,https://www1.hkexnews.hk/search/titlesearch.xhtml,1620584813,14:26:53,20210509
3,2019-01-31,0601.HK,HKD,2019-01-31,2019-01-31,Q1,378822750,274771250,104051500.0,0.27467067381776833,0.0,19387750.0,3903750.0,1974750.0,0.0,297515250,18016000.0,23136500.0,104444000.0,0.2757067784339774,81307500.0,0.2146320409743079,0.0,65782000.0,0.17364849391964976,13349000.0,52433000.0,0.1384103779406068,0.007975,0.007975,6574390058,6574390058,https://www1.hkexnews.hk/search/titlesearch.xhtml,https://www1.hkexnews.hk/search/titlesearch.xhtml,1620584813,14:26:53,20210509
4,2018-09-30,0601.HK,HKD,2018-09-30,2018-09-30,Q3,384445250,282074500,102370750.0,0.26628173972756847,0.0,14274500.0,3832000.0,344000.0,0.0,299875250,18264500.0,20894750.0,105464750.0,0.2743296997426812,84570000.0,0.21997930784682604,0.0,66881500.0,0.17396885512306368,12458750.0,71443000.0,0.1858340036715241,0.010875,0.01075,6574390058,7624390000,https://www1.hkexnews.hk/search/titlesearch.xhtml,https://www1.hkexnews.hk/search/titlesearch.xhtml,1620584813,14:26:53,20210509
5,2018-06-30,0601.HK,HKD,2018-06-30,2018-06-30,Q2,384445250,282074500,102370750.0,0.26628173972756847,0.0,14274500.0,3832000.0,344000.0,0.0,299875250,18264500.0,20894750.0,105464750.0,0.2743296997426812,84570000.0,0.21997930784682604,0.0,66881500.0,0.17396885512306368,12458750.0,71443000.0,0.1858340036715241,0.010875,0.01075,6574390058,7624390000,https://www1.hkexnews.hk/search/titlesearch.xhtml,https://www1.hkexnews.hk/search/titlesearch.xhtml,1620584813,14:26:53,20210509
6,2018-03-31,0601.HK,HKD,2018-03-31,2018-03-31,Q1,384445250,282074500,102370750.0,0.26628173972756847,0.0,14274500.0,3832000.0,344000.0,0.0,299875250,18264500.0,20894750.0,105464750.0,0.2743296997426812,84570000.0,0.21997930784682604,0.0,66881500.0,0.17396885512306368,12458750.0,71443000.0,0.1858340036715241,0.010875,0.01075,6574390058,7624390000,https://www1.hkexnews.hk/search/titlesearch.xhtml,https://www1.hkexnews.hk/search/titlesearch.xhtml,1620584813,14:26:53,20210509
7,2018-01-31,0601.HK,HKD,2018-01-31,2018-01-31,Q1,384445250,282074500,102370750.0,0.26628173972756847,0.0,14274500.0,3832000.0,344000.0,0.0,299875250,18264500.0,20894750.0,105464750.0,0.2743296997426812,84570000.0,0.21997930784682604,0.0,66881500.0,0.17396885512306368,12458750.0,71443000.0,0.1858340036715241,0.010875,0.01075,6574390058,7624390000,https://www1.hkexnews.hk/search/titlesearch.xhtml,https://www1.hkexnews.hk/search/titlesearch.xhtml,1620584813,14:26:53,20210509
8,2017-09-30,0601.HK,HKD,2017-09-30,2017-09-30,Q3,371832750,279219500,92613250.0,0.24907233157918446,4172500.0,18367750.0,10538500.0,2215000.0,0.0,311227000,4376750.0,12348000.0,72953750.0,0.19620044226873506,60605750.0,0.16299196345668854,0.0,59842500.0,0.1609392932709666,13825750.0,42080000.0,0.11316916005919328,0.0068,0.0068,6180837382,6180837382,https://www1.hkexnews.hk/search/titlesearch.xhtml,https://www1.hkexnews.hk/search/titlesearch.xhtml,1620584813,14:26:53,20210509
9,2017-06-30,0601.HK,HKD,2017-06-30,2017-06-30,Q2,371832750,279219500,92613250.0,0.24907233157918446,4172500.0,18367750.0,10538500.0,2215000.0,0.0,311227000,4376750.0,12348000.0,72953750.0,0.19620044226873506,60605750.0,0.16299196345668854,0.0,59842500.0,0.1609392932709666,13825750.0,42080000.0,0.11316916005919328,0.0068,0.0068,6180837382,6180837382,https://www1.hkexnews.hk/search/titlesearch.xhtml,https://www1.hkexnews.hk/search/titlesearch.xhtml,1620584813,14:26:53,20210509
10,2017-03-31,0601.HK,HKD,2017-03-31,2017-03-31,Q1,371832750,279219500,92613250.0,0.24907233157918446,4172500.0,18367750.0,10538500.0,2215000.0,0.0,311227000,4376750.0,12348000.0,72953750.0,0.19620044226873506,60605750.0,0.16299196345668854,0.0,59842500.0,0.1609392932709666,13825750.0,42080000.0,0.11316916005919328,0.0068,0.0068,6180837382,6180837382,https://www1.hkexnews.hk/search/titlesearch.xhtml,https://www1.hkexnews.hk/search/titlesearch.xhtml,1620584813,14:26:53,20210509
11,2017-01-31,0601.HK,HKD,2017-01-31,2017-01-31,Q1,371832750,279219500,92613250.0,0.24907233157918446,4172500.0,18367750.0,10538500.0,2215000.0,0.0,311227000,4376750.0,12348000.0,72953750.0,0.19620044226873506,60605750.0,0.16299196345668854,0.0,59842500.0,0.1609392932709666,13825750.0,42080000.0,0.11316916005919328,0.0068,0.0068,6180837382,6180837382,https://www1.hkexnews.hk/search/titlesearch.xhtml,https://www1.hkexnews.hk/search/titlesearch.xhtml,1620584813,14:26:53,20210509
12,2016-09-30,0601.HK,HKD,2016-09-30,2016-09-30,Q3,90919000,76803500,14115500.0,0.15525357736006776,5024500.0,9987000.0,5493000.0,3019000.0,0.0,102811000,340500.0,7313250.0,-4578750.0,-0.0503607606770862,-11892000.0,-0.130797743046008,0.0,-7750250.0,-0.08524345846302753,5500.0,-7371250.0,-0.08107491283450104,-0.002575,-0.002575,2874390058,2874390058,https://www1.hkexnews.hk/search/titlesearch.xhtml,https://www1.hkexnews.hk/search/titlesearch.xhtml,1620584813,14:26:53,20210509
13,2016-06-30,0601.HK,HKD,2016-06-30,2016-06-30,Q2,90919000,76803500,14115500.0,0.15525357736006776,5024500.0,9987000.0,5493000.0,3019000.0,0.0,102811000,340500.0,7313250.0,-4578750.0,-0.0503607606770862,-11892000.0,-0.130797743046008,0.0,-7750250.0,-0.08524345846302753,5500.0,-7371250.0,-0.08107491283450104,-0.002575,-0.002575,2874390058,2874390058,https://www1.hkexnews.hk/search/titlesearch.xhtml,https://www1.hkexnews.hk/search/titlesearch.xhtml,1620584813,14:26:53,20210509
14,2016-03-31,0601.HK,HKD,2016-03-31,2016-03-31,Q1,90919000,76803500,14115500.0,0.15525357736006776,5024500.0,9987000.0,5493000.0,3019000.0,0.0,102811000,340500.0,7313250.0,-4578750.0,-0.0503607606770862,-11892000.0,-0.130797743046008,0.0,-7750250.0,-0.08524345846302753,5500.0,-7371250.0,-0.08107491283450104,-0.002575,-0.002575,2874390058,2874390058,https://www1.hkexnews.hk/search/titlesearch.xhtml,https://www1.hkexnews.hk/search/titlesearch.xhtml,1620584813,14:26:53,20210509
15,2016-01-31,0601.HK,HKD,2016-01-31,2016-01-31,Q1,90919000,76803500,14115500.0,0.15525357736006776,5024500.0,9987000.0,5493000.0,3019000.0,0.0,102811000,340500.0,7313250.0,-4578750.0,-0.0503607606770862,-11892000.0,-0.130797743046008,0.0,-7750250.0,-0.08524345846302753,5500.0,-7371250.0,-0.08107491283450104,-0.002575,-0.002575,2874390058,2874390058,https://www1.hkexnews.hk/search/titlesearch.xhtml,https://www1.hkexnews.hk/search/titlesearch.xhtml,1620584813,14:26:53,20210509
16,2015-09-30,0601.HK,HKD,2015-09-30,2015-09-30,Q3,34884250,26053750,8830500.0,0.2531371607530619,4035250.0,10350250.0,4452750.0,0.0,0.0,42116250,233500.0,1929250.0,-5302750.0,-0.15200986118377205,-7232000.0,-0.20731418906813245,0.0,66250.0,0.0018991378630757434,0.0,67000.0,0.0019206375369973554,2.5e-05,2.5e-05,2038203859,2038203859,https://www1.hkexnews.hk/search/titlesearch.xhtml,https://www1.hkexnews.hk/search/titlesearch.xhtml,1620584813,14:26:53,20210509
17,2015-06-30,0601.HK,HKD,2015-06-30,2015-06-30,Q2,34884250,26053750,8830500.0,0.2531371607530619,4035250.0,10350250.0,4452750.0,0.0,0.0,42116250,233500.0,1929250.0,-5302750.0,-0.15200986118377205,-7232000.0,-0.20731418906813245,0.0,66250.0,0.0018991378630757434,0.0,67000.0,0.0019206375369973554,2.5e-05,2.5e-05,2038203859,2038203859,https://www1.hkexnews.hk/search/titlesearch.xhtml,https://www1.hkexnews.hk/search/titlesearch.xhtml,1620584813,14:26:53,20210509
18,2015-03-31,0601.HK,HKD,2015-03-31,2015-03-31,Q1,34884250,26053750,8830500.0,0.2531371607530619,4035250.0,10350250.0,4452750.0,0.0,0.0,42116250,233500.0,1929250.0,-5302750.0,-0.15200986118377205,-7232000.0,-0.20731418906813245,0.0,66250.0,0.0018991378630757434,0.0,67000.0,0.0019206375369973554,2.5e-05,2.5e-05,2038203859,2038203859,https://www1.hkexnews.hk/search/titlesearch.xhtml,https://www1.hkexnews.hk/search/titlesearch.xhtml,1620584813,14:26:53,20210509
19,2015-01-31,0601.HK,HKD,2015-01-31,2015-01-31,Q1,34884250,26053750,8830500.0,0.2531371607530619,4035250.0,10350250.0,4452750.0,0.0,0.0,42116250,233500.0,1929250.0,-5302750.0,-0.15200986118377205,-7232000.0,-0.20731418906813245,0.0,66250.0,0.0018991378630757434,0.0,67000.0,0.0019206375369973554,2.5e-05,2.5e-05,2038203859,2038203859,https://www1.hkexnews.hk/search/titlesearch.xhtml,https://www1.hkexnews.hk/search/titlesearch.xhtml,1620584813,14:26:53,20210509
20,2014-09-30,0601.HK,HKD,2014-09-30,2014-09-30,Q3,87345500,70245250,17100250.0,0.19577711502023573,10294500.0,19802750.0,9401500.0,2814500.0,0.0,111629500,143500.0,3046750.0,-21237250.0,-0.24314074565947874,-24284000.0,-0.2780223365828806,0.0,-21697250.0,-0.24840718754829957,4000.0,-20102250.0,-0.23014637273814909,-0.01284175,-0.01284175,1565392811,1565392811,https://www1.hkexnews.hk/search/titlesearch.xhtml,https://www1.hkexnews.hk/search/titlesearch.xhtml,1620584813,14:26:53,20210509
21,2014-06-30,0601.HK,HKD,2014-06-30,2014-06-30,Q2,87345500,70245250,17100250.0,0.19577711502023573,10294500.0,19802750.0,9401500.0,2814500.0,0.0,111629500,143500.0,3046750.0,-21237250.0,-0.24314074565947874,-24284000.0,-0.2780223365828806,0.0,-21697250.0,-0.24840718754829957,4000.0,-20102250.0,-0.23014637273814909,-0.01284175,-0.01284175,1565392811,1565392811,https://www1.hkexnews.hk/search/titlesearch.xhtml,https://www1.hkexnews.hk/search/titlesearch.xhtml,1620584813,14:26:53,20210509
22,2014-03-31,0601.HK,HKD,2014-03-31,2014-03-31,Q1,87345500,70245250,17100250.0,0.19577711502023573,10294500.0,19802750.0,9401500.0,2814500.0,0.0,111629500,143500.0,3046750.0,-21237250.0,-0.24314074565947874,-24284000.0,-0.2780223365828806,0.0,-21697250.0,-0.24840718754829957,4000.0,-20102250.0,-0.23014637273814909,-0.01284175,-0.01284175,1565392811,1565392811,https://www1.hkexnews.hk/search/titlesearch.xhtml,https://www1.hkexnews.hk/search/titlesearch.xhtml,1620584813,14:26:53,20210509
23,2014-01-31,0601.HK,HKD,2014-01-31,2014-01-31,Q1,87345500,70245250,17100250.0,0.19577711502023573,10294500.0,19802750.0,9401500.0,2814500.0,0.0,111629500,143500.0,3046750.0,-21237250.0,-0.24314074565947874,-24284000.0,-0.2780223365828806,0.0,-21697250.0,-0.24840718754829957,4000.0,-20102250.0,-0.23014637273814909,-0.01284175,-0.01284175,1565392811,1565392811,https://www1.hkexnews.hk/search/titlesearch.xhtml,https://www1.hkexnews.hk/search/titlesearch.xhtml,1620584813,14:26:53,20210509
24,2013-09-30,0601.HK,HKD,2013-09-30,2013-09-30,Q3,95835000,73586500,22248500.0,0.23215422340481034,14586250.0,21706500.0,9009000.0,2779000.0,0.0,119736000,145000.0,2798500.0,-21102500.0,-0.22019617050138257,-23901000.0,-0.2493974017843168,0.0,-19172000.0,-0.20005217300568687,-750.0,-18931000.0,-0.19753743413158031,-0.012075,-0.012075,1567784888,1567784888,https://www1.hkexnews.hk/search/titlesearch.xhtml,https://www1.hkexnews.hk/search/titlesearch.xhtml,1620584813,14:26:53,20210509
25,2013-06-30,0601.HK,HKD,2013-06-30,2013-06-30,Q2,95835000,73586500,22248500.0,0.23215422340481034,14586250.0,21706500.0,9009000.0,2779000.0,0.0,119736000,145000.0,2798500.0,-21102500.0,-0.22019617050138257,-23901000.0,-0.2493974017843168,0.0,-19172000.0,-0.20005217300568687,-750.0,-18931000.0,-0.19753743413158031,-0.012075,-0.012075,1567784888,1567784888,https://www1.hkexnews.hk/search/titlesearch.xhtml,https://www1.hkexnews.hk/search/titlesearch.xhtml,1620584813,14:26:53,20210509
26,2013-03-31,0601.HK,HKD,2013-03-31,2013-03-31,Q1,95835000,73586500,22248500.0,0.23215422340481034,14586250.0,21706500.0,9009000.0,2779000.0,0.0,119736000,145000.0,2798500.0,-21102500.0,-0.22019617050138257,-23901000.0,-0.2493974017843168,0.0,-19172000.0,-0.20005217300568687,-750.0,-18931000.0,-0.19753743413158031,-0.012075,-0.012075,1567784888,1567784888,https://www1.hkexnews.hk/search/titlesearch.xhtml,https://www1.hkexnews.hk/search/titlesearch.xhtml,1620584813,14:26:53,20210509
27,2013-01-31,0601.HK,HKD,2013-01-31,2013-01-31,Q1,95835000,73586500,22248500.0,0.23215422340481034,14586250.0,21706500.0,9009000.0,2779000.0,0.0,119736000,145000.0,2798500.0,-21102500.0,-0.22019617050138257,-23901000.0,-0.2493974017843168,0.0,-19172000.0,-0.20005217300568687,-750.0,-18931000.0,-0.19753743413158031,-0.012075,-0.012075,1567784888,1567784888,https://www1.hkexnews.hk/search/titlesearch.xhtml,https://www1.hkexnews.hk/search/titlesearch.xhtml,1620584813,14:26:53,20210509
28,2012-09-30,0601.HK,HKD,2012-09-30,2012-09-30,Q3,119677000,87598750,32078250.0,0.2680402249387936,19568500.0,34736000.0,0.0,0.0,0.0,138873000,0.0,3519500.0,-15676500.0,-0.13099008163640466,-19196000.0,-0.16039840570869926,0.0,-19218000.0,-0.16058223384610243,11500.0,-18295500.0,-0.1528739858118101,-0.01169175,-0.01169175,1562169376,1562169376,https://www1.hkexnews.hk/search/titlesearch.xhtml,https://www1.hkexnews.hk/search/titlesearch.xhtml,1620584813,14:26:53,20210509
29,2012-06-30,0601.HK,HKD,2012-06-30,2012-06-30,Q2,119677000,87598750,32078250.0,0.2680402249387936,19568500.0,34736000.0,0.0,0.0,0.0,138873000,0.0,3519500.0,-15676500.0,-0.13099008163640466,-19196000.0,-0.16039840570869926,0.0,-19218000.0,-0.16058223384610243,11500.0,-18295500.0,-0.1528739858118101,-0.01169175,-0.01169175,1562169376,1562169376,https://www1.hkexnews.hk/search/titlesearch.xhtml,https://www1.hkexnews.hk/search/titlesearch.xhtml,1620584813,14:26:53,20210509
30,2012-03-31,0601.HK,HKD,2012-03-31,2012-03-31,Q1,119677000,87598750,32078250.0,0.2680402249387936,19568500.0,34736000.0,0.0,0.0,0.0,138873000,0.0,3519500.0,-15676500.0,-0.13099008163640466,-19196000.0,-0.16039840570869926,0.0,-19218000.0,-0.16058223384610243,11500.0,-18295500.0,-0.1528739858118101,-0.01169175,-0.01169175,1562169376,1562169376,https://www1.hkexnews.hk/search/titlesearch.xhtml,https://www1.hkexnews.hk/search/titlesearch.xhtml,1620584813,14:26:53,20210509
31,2012-01-31,0601.HK,HKD,2012-01-31,2012-01-31,Q1,119677000,87598750,32078250.0,0.2680402249387936,19568500.0,34736000.0,0.0,0.0,0.0,138873000,0.0,3519500.0,-15676500.0,-0.13099008163640466,-19196000.0,-0.16039840570869926,0.0,-19218000.0,-0.16058223384610243,11500.0,-18295500.0,-0.1528739858118101,-0.01169175,-0.01169175,1562169376,1562169376,https://www1.hkexnews.hk/search/titlesearch.xhtml,https://www1.hkexnews.hk/search/titlesearch.xhtml,1620584813,14:26:53,20210509
32,2011-09-30,0601.HK,HKD,2011-09-30,2011-09-30,Q3,155713750,111593250,44120500.0,0.28334363535654367,19928750.0,34581750.0,0.0,0.0,0.0,163460000,0.0,4357000.0,-3389250.0,-0.021765900570758844,-7746250.0,-0.049746730780037086,0.0,-7871250.0,-0.05054948583538705,73000.0,-7951750.0,-0.051066460091032426,-0.005175,-0.005175,1562169376,1562169376,https://www1.hkexnews.hk/search/titlesearch.xhtml,https://www1.hkexnews.hk/search/titlesearch.xhtml,1620584813,14:26:53,20210509
33,2011-06-30,0601.HK,HKD,2011-06-30,2011-06-30,Q2,155713750,111593250,44120500.0,0.28334363535654367,19928750.0,34581750.0,0.0,0.0,0.0,163460000,0.0,4357000.0,-3389250.0,-0.021765900570758844,-7746250.0,-0.049746730780037086,0.0,-7871250.0,-0.05054948583538705,73000.0,-7951750.0,-0.051066460091032426,-0.005175,-0.005175,1562169376,1562169376,https://www1.hkexnews.hk/search/titlesearch.xhtml,https://www1.hkexnews.hk/search/titlesearch.xhtml,1620584813,14:26:53,20210509
34,2011-03-31,0601.HK,HKD,2011-03-31,2011-03-31,Q1,155713750,111593250,44120500.0,0.28334363535654367,19928750.0,34581750.0,0.0,0.0,0.0,163460000,0.0,4357000.0,-3389250.0,-0.021765900570758844,-7746250.0,-0.049746730780037086,0.0,-7871250.0,-0.05054948583538705,73000.0,-7951750.0,-0.051066460091032426,-0.005175,-0.005175,1562169376,1562169376,https://www1.hkexnews.hk/search/titlesearch.xhtml,https://www1.hkexnews.hk/search/titlesearch.xhtml,1620584813,14:26:53,20210509
35,2011-01-31,0601.HK,HKD,2011-01-31,2011-01-31,Q1,155713750,111593250,44120500.0,0.28334363535654367,19928750.0,34581750.0,0.0,0.0,0.0,163460000,0.0,4357000.0,-3389250.0,-0.021765900570758844,-7746250.0,-0.049746730780037086,0.0,-7871250.0,-0.05054948583538705,73000.0,-7951750.0,-0.051066460091032426,-0.005175,-0.005175,1562169376,1562169376,https://www1.hkexnews.hk/search/titlesearch.xhtml,https://www1.hkexnews.hk/search/titlesearch.xhtml,1620584813,14:26:53,20210509
36,2010-09-30,0601.HK,HKD,2010-09-30,2010-09-30,Q3,165815250,119568750,46246500.0,0.27890377995992527,19990250.0,21515750.0,12736250.0,0.0,0.0,170941000,0.0,6139500.0,1013750.0,0.006113731999921599,-5125750.0,-0.030912416077532073,0.0,-5497500.0,-0.033154369094519354,3235500.0,-8564000.0,-0.05164784300599613,-0.00555825,-0.00555825,1562169376,1562169376,https://www1.hkexnews.hk/search/titlesearch.xhtml,https://www1.hkexnews.hk/search/titlesearch.xhtml,1620584813,14:26:53,20210509
37,2010-06-30,0601.HK,HKD,2010-06-30,2010-06-30,Q2,165815250,119568750,46246500.0,0.27890377995992527,19990250.0,21515750.0,12736250.0,0.0,0.0,170941000,0.0,6139500.0,1013750.0,0.006113731999921599,-5125750.0,-0.030912416077532073,0.0,-5497500.0,-0.033154369094519354,3235500.0,-8564000.0,-0.05164784300599613,-0.00555825,-0.00555825,1562169376,1562169376,https://www1.hkexnews.hk/search/titlesearch.xhtml,https://www1.hkexnews.hk/search/titlesearch.xhtml,1620584813,14:26:53,20210509
38,2010-03-31,0601.HK,HKD,2010-03-31,2010-03-31,Q1,165815250,119568750,46246500.0,0.27890377995992527,19990250.0,21515750.0,12736250.0,0.0,0.0,170941000,0.0,6139500.0,1013750.0,0.006113731999921599,-5125750.0,-0.030912416077532073,0.0,-5497500.0,-0.033154369094519354,3235500.0,-8564000.0,-0.05164784300599613,-0.00555825,-0.00555825,1562169376,1562169376,https://www1.hkexnews.hk/search/titlesearch.xhtml,https://www1.hkexnews.hk/search/titlesearch.xhtml,1620584813,14:26:53,20210509
39,2010-01-31,0601.HK,HKD,2010-01-31,2010-01-31,Q1,165815250,119568750,46246500.0,0.27890377995992527,19990250.0,21515750.0,12736250.0,0.0,0.0,170941000,0.0,6139500.0,1013750.0,0.006113731999921599,-5125750.0,-0.030912416077532073,0.0,-5497500.0,-0.033154369094519354,3235500.0,-8564000.0,-0.05164784300599613,-0.00555825,-0.00555825,1562169376,1562169376,https://www1.hkexnews.hk/search/titlesearch.xhtml,https://www1.hkexnews.hk/search/titlesearch.xhtml,1620584813,14:26:53,20210509
40,2009-09-30,0601.HK,HKD,2009-09-30,2009-09-30,Q3,186604500,145248250,41356250.0,0.22162514837530714,21167250.0,25401000.0,14803750.0,0.0,0.0,202283500,0.0,8599000.0,-7080000.0,-0.03794120720561401,-15679000.0,-0.08402262539220651,0.0,-16117000.0,-0.08636983566848602,69750.0,-16168250.0,-0.086644480706521,-0.01035,-0.01035,1562169376,1562169376,https://www1.hkexnews.hk/search/titlesearch.xhtml,https://www1.hkexnews.hk/search/titlesearch.xhtml,1620584813,14:26:53,20210509
41,2009-06-30,0601.HK,HKD,2009-06-30,2009-06-30,Q2,186604500,145248250,41356250.0,0.22162514837530714,21167250.0,25401000.0,14803750.0,0.0,0.0,202283500,0.0,8599000.0,-7080000.0,-0.03794120720561401,-15679000.0,-0.08402262539220651,0.0,-16117000.0,-0.08636983566848602,69750.0,-16168250.0,-0.086644480706521,-0.01035,-0.01035,1562169376,1562169376,https://www1.hkexnews.hk/search/titlesearch.xhtml,https://www1.hkexnews.hk/search/titlesearch.xhtml,1620584813,14:26:53,20210509
42,2009-03-31,0601.HK,HKD,2009-03-31,2009-03-31,Q1,186604500,145248250,41356250.0,0.22162514837530714,21167250.0,25401000.0,14803750.0,0.0,0.0,202283500,0.0,8599000.0,-7080000.0,-0.03794120720561401,-15679000.0,-0.08402262539220651,0.0,-16117000.0,-0.08636983566848602,69750.0,-16168250.0,-0.086644480706521,-0.01035,-0.01035,1562169376,1562169376,https://www1.hkexnews.hk/search/titlesearch.xhtml,https://www1.hkexnews.hk/search/titlesearch.xhtml,1620584813,14:26:53,20210509
43,2009-01-31,0601.HK,HKD,2009-01-31,2009-01-31,Q1,186604500,145248250,41356250.0,0.22162514837530714,21167250.0,25401000.0,14803750.0,0.0,0.0,202283500,0.0,8599000.0,-7080000.0,-0.03794120720561401,-15679000.0,-0.08402262539220651,0.0,-16117000.0,-0.08636983566848602,69750.0,-16168250.0,-0.086644480706521,-0.01035,-0.01035,1562169376,1562169376,https://www1.hkexnews.hk/search/titlesearch.xhtml,https://www1.hkexnews.hk/search/titlesearch.xhtml,1620584813,14:26:53,20210509
44,2008-09-30,0601.HK,HKD,2008-09-30,2008-09-30,Q3,235183000,190807750,44375250.0,0.18868391848050242,20656000.0,23126000.0,12564000.0,0.0,0.0,238952750,13500.0,9077500.0,5307750.0,0.022568595519233958,-3769750.0,-0.016029007198649563,0.0,-4144750.0,-0.017623510202693222,-421000.0,-3812500.0,-0.01621078054111054,-0.002440541186298439,-0.002439551579973997,1562153518,1562787207,https://www1.hkexnews.hk/search/titlesearch.xhtml,https://www1.hkexnews.hk/search/titlesearch.xhtml,1620584813,14:26:53,20210509
45,2008-06-30,0601.HK,HKD,2008-06-30,2008-06-30,Q2,235183000,190807750,44375250.0,0.18868391848050242,20656000.0,23126000.0,12564000.0,0.0,0.0,238952750,13500.0,9077500.0,5307750.0,0.022568595519233958,-3769750.0,-0.016029007198649563,0.0,-4144750.0,-0.017623510202693222,-421000.0,-3812500.0,-0.01621078054111054,-0.002440541186298439,-0.002439551579973997,1562153518,1562787207,https://www1.hkexnews.hk/search/titlesearch.xhtml,https://www1.hkexnews.hk/search/titlesearch.xhtml,1620584813,14:26:53,20210509
46,2008-03-31,0601.HK,HKD,2008-03-31,2008-03-31,Q1,235183000,190807750,44375250.0,0.18868391848050242,20656000.0,23126000.0,12564000.0,0.0,0.0,238952750,13500.0,9077500.0,5307750.0,0.022568595519233958,-3769750.0,-0.016029007198649563,0.0,-4144750.0,-0.017623510202693222,-421000.0,-3812500.0,-0.01621078054111054,-0.002440541186298439,-0.002439551579973997,1562153518,1562787207,https://www1.hkexnews.hk/search/titlesearch.xhtml,https://www1.hkexnews.hk/search/titlesearch.xhtml,1620584813,14:26:53,20210509
47,2008-01-31,0601.HK,HKD,2008-01-31,2008-01-31,Q1,235183000,190807750,44375250.0,0.18868391848050242,20656000.0,23126000.0,12564000.0,0.0,0.0,238952750,13500.0,9077500.0,5307750.0,0.022568595519233958,-3769750.0,-0.016029007198649563,0.0,-4144750.0,-0.017623510202693222,-421000.0,-3812500.0,-0.01621078054111054,-0.002440541186298439,-0.002439551579973997,1562153518,1562787207,https://www1.hkexnews.hk/search/titlesearch.xhtml,https://www1.hkexnews.hk/search/titlesearch.xhtml,1620584813,14:26:53,20210509
48,2007-09-30,0601.HK,HKD,2007-09-30,2007-09-30,Q3,309329250,238524000,70805250.0,0.22889930389706115,18556000.0,38022000.0,0.0,0.0,0.0,289491250,0.0,8255250.0,28093250.0,0.09081989498244993,19838000.0,0.06413231209140423,0.0,19445250.0,0.06286262938276933,4468250.0,14831000.0,0.04794567600703781,0.00958325,0.00958325,1562104159,1562104159,https://www1.hkexnews.hk/search/titlesearch.xhtml,https://www1.hkexnews.hk/search/titlesearch.xhtml,1620584813,14:26:53,20210509
49,2007-06-30,0601.HK,HKD,2007-06-30,2007-06-30,Q2,309329250,238524000,70805250.0,0.22889930389706115,18556000.0,38022000.0,0.0,0.0,0.0,289491250,0.0,8255250.0,28093250.0,0.09081989498244993,19838000.0,0.06413231209140423,0.0,19445250.0,0.06286262938276933,4468250.0,14831000.0,0.04794567600703781,0.00958325,0.00958325,1562104159,1562104159,https://www1.hkexnews.hk/search/titlesearch.xhtml,https://www1.hkexnews.hk/search/titlesearch.xhtml,1620584813,14:26:53,20210509
50,2007-03-31,0601.HK,HKD,2007-03-31,2007-03-31,Q1,309329250,238524000,70805250.0,0.22889930389706115,18556000.0,38022000.0,0.0,0.0,0.0,289491250,0.0,8255250.0,28093250.0,0.09081989498244993,19838000.0,0.06413231209140423,0.0,19445250.0,0.06286262938276933,4468250.0,14831000.0,0.04794567600703781,0.00958325,0.00958325,1562104159,1562104159,https://www1.hkexnews.hk/search/titlesearch.xhtml,https://www1.hkexnews.hk/search/titlesearch.xhtml,1620584813,14:26:53,20210509
51,2007-01-31,0601.HK,HKD,2007-01-31,2007-01-31,Q1,309329250,238524000,70805250.0,0.22889930389706115,18556000.0,38022000.0,0.0,0.0,0.0,289491250,0.0,8255250.0,28093250.0,0.09081989498244993,19838000.0,0.06413231209140423,0.0,19445250.0,0.06286262938276933,4468250.0,14831000.0,0.04794567600703781,0.00958325,0.00958325,1562104159,1562104159,https://www1.hkexnews.hk/search/titlesearch.xhtml,https://www1.hkexnews.hk/search/titlesearch.xhtml,1620584813,14:26:53,20210509
52,2006-09-30,0601.HK,HKD,2006-09-30,2006-09-30,Q3,372689250,297409250,75280000.0,0.20199133728702934,20465000.0,25017750.0,17504250.0,0.0,0.0,360396250,0.0,7824000.0,20117000.0,0.05397794543309205,12293000.0,0.03298458434204904,0.0,19067750.0,0.05116259725763488,5470000.0,13597750.0,0.03648549025763421,0.008625,0.008625,1576550935,1576550935,https://www1.hkexnews.hk/search/titlesearch.xhtml,https://www1.hkexnews.hk/search/titlesearch.xhtml,1620584813,14:26:53,20210509
53,2006-06-30,0601.HK,HKD,2006-06-30,2006-06-30,Q2,372689250,297409250,75280000.0,0.20199133728702934,20465000.0,25017750.0,17504250.0,0.0,0.0,360396250,0.0,7824000.0,20117000.0,0.05397794543309205,12293000.0,0.03298458434204904,0.0,19067750.0,0.05116259725763488,5470000.0,13597750.0,0.03648549025763421,0.008625,0.008625,1576550935,1576550935,https://www1.hkexnews.hk/search/titlesearch.xhtml,https://www1.hkexnews.hk/search/titlesearch.xhtml,1620584813,14:26:53,20210509
54,2006-03-31,0601.HK,HKD,2006-03-31,2006-03-31,Q1,372689250,297409250,75280000.0,0.20199133728702934,20465000.0,25017750.0,17504250.0,0.0,0.0,360396250,0.0,7824000.0,20117000.0,0.05397794543309205,12293000.0,0.03298458434204904,0.0,19067750.0,0.05116259725763488,5470000.0,13597750.0,0.03648549025763421,0.008625,0.008625,1576550935,1576550935,https://www1.hkexnews.hk/search/titlesearch.xhtml,https://www1.hkexnews.hk/search/titlesearch.xhtml,1620584813,14:26:53,20210509
55,2006-01-31,0601.HK,HKD,2006-01-31,2006-01-31,Q1,372689250,297409250,75280000.0,0.20199133728702934,20465000.0,25017750.0,17504250.0,0.0,0.0,360396250,0.0,7824000.0,20117000.0,0.05397794543309205,12293000.0,0.03298458434204904,0.0,19067750.0,0.05116259725763488,5470000.0,13597750.0,0.03648549025763421,0.008625,0.008625,1576550935,1576550935,https://www1.hkexnews.hk/search/titlesearch.xhtml,https://www1.hkexnews.hk/search/titlesearch.xhtml,1620584813,14:26:53,20210509
56,2005-09-30,0601.HK,HKD,2005-09-30,2005-09-30,Q3,327407500,249696500,77711000.0,0.23735253468536915,18879250.0,23998750.0,20927250.0,0.0,0.0,310152750,0.0,8751250.0,26006000.0,0.07943006803448302,17254750.0,0.05270114459809259,0.0,15690250.0,0.047922695723219534,-56500.0,15539500.0,0.047462260333071174,0.00996675,0.00996675,1559147365,1559147365,https://www1.hkexnews.hk/search/titlesearch.xhtml,https://www1.hkexnews.hk/search/titlesearch.xhtml,1620584813,14:26:53,20210509
57,2005-06-30,0601.HK,HKD,2005-06-30,2005-06-30,Q2,327407500,249696500,77711000.0,0.23735253468536915,18879250.0,23998750.0,20927250.0,0.0,0.0,310152750,0.0,8751250.0,26006000.0,0.07943006803448302,17254750.0,0.05270114459809259,0.0,15690250.0,0.047922695723219534,-56500.0,15539500.0,0.047462260333071174,0.00996675,0.00996675,1559147365,1559147365,https://www1.hkexnews.hk/search/titlesearch.xhtml,https://www1.hkexnews.hk/search/titlesearch.xhtml,1620584813,14:26:53,20210509
58,2005-03-31,0601.HK,HKD,2005-03-31,2005-03-31,Q1,327407500,249696500,77711000.0,0.23735253468536915,18879250.0,23998750.0,20927250.0,0.0,0.0,310152750,0.0,8751250.0,26006000.0,0.07943006803448302,17254750.0,0.05270114459809259,0.0,15690250.0,0.047922695723219534,-56500.0,15539500.0,0.047462260333071174,0.00996675,0.00996675,1559147365,1559147365,https://www1.hkexnews.hk/search/titlesearch.xhtml,https://www1.hkexnews.hk/search/titlesearch.xhtml,1620584813,14:26:53,20210509
59,2005-01-31,0601.HK,HKD,2005-01-31,2005-01-31,Q1,327407500,249696500,77711000.0,0.23735253468536915,18879250.0,23998750.0,20927250.0,0.0,0.0,310152750,0.0,8751250.0,26006000.0,0.07943006803448302,17254750.0,0.05270114459809259,0.0,15690250.0,0.047922695723219534,-56500.0,15539500.0,0.047462260333071174,0.00996675,0.00996675,1559147365,1559147365,https://www1.hkexnews.hk/search/titlesearch.xhtml,https://www1.hkexnews.hk/search/titlesearch.xhtml,1620584813,14:26:53,20210509
60,2004-09-30,0601.HK,HKD,2004-09-30,2004-09-30,Q3,338912000,254861500,84050500.0,0.2480009560003777,17003500.0,23493250.0,21533000.0,0.0,0.0,313218750,0.0,9695750.0,35389000.0,0.10441943631385138,25693250.0,0.07581097748087999,0.0,39952750.0,0.1178853212633368,-424500.0,40521000.0,0.11956201019733737,0.02606675,0.025875,1554514274,1566029194,https://www1.hkexnews.hk/search/titlesearch.xhtml,https://www1.hkexnews.hk/search/titlesearch.xhtml,1620584813,14:26:53,20210509
61,2004-06-30,0601.HK,HKD,2004-06-30,2004-06-30,Q2,338912000,254861500,84050500.0,0.2480009560003777,17003500.0,23493250.0,21533000.0,0.0,0.0,313218750,0.0,9695750.0,35389000.0,0.10441943631385138,25693250.0,0.07581097748087999,0.0,39952750.0,0.1178853212633368,-424500.0,40521000.0,0.11956201019733737,0.02606675,0.025875,1554514274,1566029194,https://www1.hkexnews.hk/search/titlesearch.xhtml,https://www1.hkexnews.hk/search/titlesearch.xhtml,1620584813,14:26:53,20210509
62,2004-03-31,0601.HK,HKD,2004-03-31,2004-03-31,Q1,338912000,254861500,84050500.0,0.2480009560003777,17003500.0,23493250.0,21533000.0,0.0,0.0,313218750,0.0,9695750.0,35389000.0,0.10441943631385138,25693250.0,0.07581097748087999,0.0,39952750.0,0.1178853212633368,-424500.0,40521000.0,0.11956201019733737,0.02606675,0.025875,1554514274,1566029194,https://www1.hkexnews.hk/search/titlesearch.xhtml,https://www1.hkexnews.hk/search/titlesearch.xhtml,1620584813,14:26:53,20210509
63,2004-01-31,0601.HK,HKD,2004-01-31,2004-01-31,Q1,338912000,254861500,84050500.0,0.2480009560003777,17003500.0,23493250.0,21533000.0,0.0,0.0,313218750,0.0,9695750.0,35389000.0,0.10441943631385138,25693250.0,0.07581097748087999,0.0,39952750.0,0.1178853212633368,-424500.0,40521000.0,0.11956201019733737,0.02606675,0.025875,1554514274,1566029194,https://www1.hkexnews.hk/search/titlesearch.xhtml,https://www1.hkexnews.hk/search/titlesearch.xhtml,1620584813,14:26:53,20210509
64,2003-09-30,0601.HK,HKD,2003-09-30,2003-09-30,Q3,286901750,204189500,82712250.0,0.2882946862471212,15163000.0,23474750.0,36744500.0,0.0,0.0,276311250,0.0,11615000.0,22205500.0,0.07739757599944928,10590500.0,0.03691333357151011,0.0,7510750.0,0.026178822541166095,692750.0,10779500.0,0.03757209567386745,0.0069,0.0069,1562246585,1562246585,https://www1.hkexnews.hk/search/titlesearch.xhtml,https://www1.hkexnews.hk/search/titlesearch.xhtml,1620584813,14:26:53,20210509
65,2003-06-30,0601.HK,HKD,2003-06-30,2003-06-30,Q2,286901750,204189500,82712250.0,0.2882946862471212,15163000.0,23474750.0,36744500.0,0.0,0.0,276311250,0.0,11615000.0,22205500.0,0.07739757599944928,10590500.0,0.03691333357151011,0.0,7510750.0,0.026178822541166095,692750.0,10779500.0,0.03757209567386745,0.0069,0.0069,1562246585,1562246585,https://www1.hkexnews.hk/search/titlesearch.xhtml,https://www1.hkexnews.hk/search/titlesearch.xhtml,1620584813,14:26:53,20210509
66,2003-03-31,0601.HK,HKD,2003-03-31,2003-03-31,Q1,286901750,204189500,82712250.0,0.2882946862471212,15163000.0,23474750.0,36744500.0,0.0,0.0,276311250,0.0,11615000.0,22205500.0,0.07739757599944928,10590500.0,0.03691333357151011,0.0,7510750.0,0.026178822541166095,692750.0,10779500.0,0.03757209567386745,0.0069,0.0069,1562246585,1562246585,https://www1.hkexnews.hk/search/titlesearch.xhtml,https://www1.hkexnews.hk/search/titlesearch.xhtml,1620584813,14:26:53,20210509
67,2003-01-31,0601.HK,HKD,2003-01-31,2003-01-31,Q1,286901750,204189500,82712250.0,0.2882946862471212,15163000.0,23474750.0,36744500.0,0.0,0.0,276311250,0.0,11615000.0,22205500.0,0.07739757599944928,10590500.0,0.03691333357151011,0.0,7510750.0,0.026178822541166095,692750.0,10779500.0,0.03757209567386745,0.0069,0.0069,1562246585,1562246585,https://www1.hkexnews.hk/search/titlesearch.xhtml,https://www1.hkexnews.hk/search/titlesearch.xhtml,1620584813,14:26:53,20210509
68,2002-09-30,0601.HK,HKD,2002-09-30,2002-09-30,Q3,244451500,184238500,60213000.0,0.24631879943465268,14757500.0,21207750.0,25962750.0,0.0,0.0,240737750,0.0,10973000.0,14686750.0,0.06008042495137072,3713750.0,0.015192175134944969,0.0,-26575500.0,-0.1087148166405197,115250.0,-24534500.0,-0.10036551217726215,-0.01590825,-0.01590825,1542242217,1542242217,https://www1.hkexnews.hk/search/titlesearch.xhtml,https://www1.hkexnews.hk/search/titlesearch.xhtml,1620584813,14:26:53,20210509
69,2002-06-30,0601.HK,HKD,2002-06-30,2002-06-30,Q2,244451500,184238500,60213000.0,0.24631879943465268,14757500.0,21207750.0,25962750.0,0.0,0.0,240737750,0.0,10973000.0,14686750.0,0.06008042495137072,3713750.0,0.015192175134944969,0.0,-26575500.0,-0.1087148166405197,115250.0,-24534500.0,-0.10036551217726215,-0.01590825,-0.01590825,1542242217,1542242217,https://www1.hkexnews.hk/search/titlesearch.xhtml,https://www1.hkexnews.hk/search/titlesearch.xhtml,1620584813,14:26:53,20210509
70,2002-03-31,0601.HK,HKD,2002-03-31,2002-03-31,Q1,244451500,184238500,60213000.0,0.24631879943465268,14757500.0,21207750.0,25962750.0,0.0,0.0,240737750,0.0,10973000.0,14686750.0,0.06008042495137072,3713750.0,0.015192175134944969,0.0,-26575500.0,-0.1087148166405197,115250.0,-24534500.0,-0.10036551217726215,-0.01590825,-0.01590825,1542242217,1542242217,https://www1.hkexnews.hk/search/titlesearch.xhtml,https://www1.hkexnews.hk/search/titlesearch.xhtml,1620584813,14:26:53,20210509
71,2002-01-31,0601.HK,HKD,2002-01-31,2002-01-31,Q1,244451500,184238500,60213000.0,0.24631879943465268,14757500.0,21207750.0,25962750.0,0.0,0.0,240737750,0.0,10973000.0,14686750.0,0.06008042495137072,3713750.0,0.015192175134944969,0.0,-26575500.0,-0.1087148166405197,115250.0,-24534500.0,-0.10036551217726215,-0.01590825,-0.01590825,1542242217,1542242217,https://www1.hkexnews.hk/search/titlesearch.xhtml,https://www1.hkexnews.hk/search/titlesearch.xhtml,1620584813,14:26:53,20210509
