,date,symbol,reportedCurrency,fillingDate,acceptedDate,period,revenue,costOfRevenue,grossProfit,grossProfitRatio,researchAndDevelopmentExpenses,generalAndAdministrativeExpenses,sellingAndMarketingExpenses,otherExpenses,operatingExpenses,costAndExpenses,interestExpense,depreciationAndAmortization,ebitda,ebitdaratio,operatingIncome,operatingIncomeRatio,totalOtherIncomeExpensesNet,incomeBeforeTax,incomeBeforeTaxRatio,incomeTaxExpense,netIncome,netIncomeRatio,eps,epsdiluted,weightedAverageShsOut,weightedAverageShsOutDil,link,finalLink,timestamp,est_time,est_date
0,2021-03-31,C9F.DE,USD,2021-03-31,2021-03-31,Q1,1741575000,1352819000,388756000,0.2232209350731378,0,155103000,0,0,221646000,1574465000,2168000,112391000,279501000,0.16048748977218896,167110000,0.09145399997129036,-5668000,159274000,0.09145399997129036,32173000,127101000,0.07298049179621895,4.52,4.45,28125000,28582000,https://www.bundesanzeiger.de/pub/de/suche;wwwsid=627BFD7A56A5CB624C47FDDEAB2FC509.web07-pub?0,https://www.bundesanzeiger.de/pub/de/suche;wwwsid=627BFD7A56A5CB624C47FDDEAB2FC509.web07-pub?0,1620589844,15:50:44,20210509
1,2020-12-31,C9F.DE,USD,2020-12-31,2020-12-31,Q4,1607710000,1294483000,313227000,0.1948280473468474,0,124024000,0,0,188477000,1482960000,0,108442000,233192000,0.14504605930173975,124750000,0.07759483986539861,-7864000,117732000,0.07322962474575638,-73227000,190959000,0.1187770182433399,6.82,6.69,27992000,28552000,,,1620589844,15:50:44,20210509
2,2020-09-30,C9F.DE,USD,2020-09-30,2020-09-30,Q3,1601414000,1289189000,312225000,0.19496832174565729,0,133150000,0,0,197138000,1486327000,595000,108093000,223180000,0.13936433676738183,115087000,0.0718658635430938,-7991000,106501000,0.0665043517791152,26257000,80244000,0.050108216863347016,2.87,2.82,27973000,28454000,https://www.bundesanzeiger.de/pub/de/suche;wwwsid=627BFD7A56A5CB624C47FDDEAB2FC509.web07-pub?0,https://www.bundesanzeiger.de/pub/de/suche;wwwsid=627BFD7A56A5CB624C47FDDEAB2FC509.web07-pub?0,1620589844,15:50:44,20210509
3,2020-06-30,C9F.DE,USD,2020-06-30,2020-06-30,Q2,1364738000,1197976000,166762000,0.12219341734457456,0,102647000,0,0,166315000,1364291000,0,105202000,105649000,0.07741339363306364,447000,0.0003275353950721677,-5386000,-4316000,-0.003162511778817619,-12491000,8175000,0.005990160748803067,0.29289527426462686,0.288532806268309,27911000,28333000,https://www.bundesanzeiger.de/pub/de/suche;wwwsid=627BFD7A56A5CB624C47FDDEAB2FC509.web07-pub?0,https://www.bundesanzeiger.de/pub/de/suche;wwwsid=627BFD7A56A5CB624C47FDDEAB2FC509.web07-pub?0,1620589844,15:50:44,20210509
4,2020-03-31,C9F.DE,USD,2020-03-31,2020-03-31,Q1,1410772000,1161905000,248867000,0.17640483366553916,0,106470000,0,0,168410000,1330315000,0,101335000,181792000,0.12885994335016573,80457000,0.057030476930361534,-9336000,73864000,0.05235714913536702,-2524000,76388000,0.05414624049811025,2.75,2.7,27792000,28323000,https://www.bundesanzeiger.de/pub/de/suche;wwwsid=627BFD7A56A5CB624C47FDDEAB2FC509.web07-pub?0,https://www.bundesanzeiger.de/pub/de/suche;wwwsid=627BFD7A56A5CB624C47FDDEAB2FC509.web07-pub?0,1620589844,15:50:44,20210509
5,2019-12-31,C9F.DE,USD,2019-12-31,2019-12-31,Q4,1440224000,1163779000,276445000,0.19194583620325728,0,112416000,0,0,172551000,1336330000,0,101479000,205373000,0.1425979569844691,103894000,0.07213738973937388,-5738000,100996000,0.07012520274623947,28580000,72416000,0.05028106738951719,2.61,2.55,27769000,28372000,https://www.bundesanzeiger.de/pub/de/suche;wwwsid=627BFD7A56A5CB624C47FDDEAB2FC509.web07-pub?0,https://www.bundesanzeiger.de/pub/de/suche;wwwsid=627BFD7A56A5CB624C47FDDEAB2FC509.web07-pub?0,1620589844,15:50:44,20210509
6,2019-09-30,C9F.DE,USD,2019-09-30,2019-09-30,Q3,1403697000,1111809000,291888000,0.20794231233663676,0,115070000,0,0,170340000,1282149000,0,92390000,213938000,0.15241038486226016,121548000,0.086591337019314,-5927000,120032000,0.08551133186150572,21450000,98582000,0.07023025624475937,3.55,3.47,27775000,28388000,https://www.bundesanzeiger.de/pub/de/suche;wwwsid=627BFD7A56A5CB624C47FDDEAB2FC509.web07-pub?0,https://www.bundesanzeiger.de/pub/de/suche;wwwsid=627BFD7A56A5CB624C47FDDEAB2FC509.web07-pub?0,1620589844,15:50:44,20210509
7,2019-06-30,C9F.DE,USD,2019-06-30,2019-06-30,Q2,1434231000,1134569000,299662000,0.2089356595973731,0,121395000,0,0,175155000,1309724000,0,90975000,215482000,0.15024218553357166,124507000,0.08681098093682259,-4487000,123967000,0.08643447255009827,32939000,91028000,0.0634681581976683,3.28,3.22,27720000,28300000,https://www.bundesanzeiger.de/pub/de/suche;wwwsid=627BFD7A56A5CB624C47FDDEAB2FC509.web07-pub?0,https://www.bundesanzeiger.de/pub/de/suche;wwwsid=627BFD7A56A5CB624C47FDDEAB2FC509.web07-pub?0,1620589844,15:50:44,20210509
8,2019-03-31,C9F.DE,USD,2019-03-31,2019-03-31,Q1,1308217000,1033722000,274495000,0.20982375248143084,0,102671000,0,0,157392000,1191114000,0,91886000,208989000,0.1597510198996038,117103000,0.08951343699095793,-6942000,113290000,0.08659878292362812,25158000,88132000,0.06736802839284309,3.18,3.13,27696000,28118000,https://www.bundesanzeiger.de/pub/de/suche;wwwsid=627BFD7A56A5CB624C47FDDEAB2FC509.web07-pub?0,https://www.bundesanzeiger.de/pub/de/suche;wwwsid=627BFD7A56A5CB624C47FDDEAB2FC509.web07-pub?0,1620589844,15:50:44,20210509
9,2018-12-31,C9F.DE,USD,2018-12-31,2018-12-31,Q4,1225061000,1016752000,208309000,0.17003969598248578,0,103720000,0,0,158693000,1175445000,0,53217000,102833000,0.08394112619698121,49616000,0.04050084036631645,-10004000,43470000,0.03548394732996969,11451000,32019000,0.026136657684801,1.153297554298887,1.1457453660631218,27763000,27946000,https://www.bundesanzeiger.de/pub/de/suche;wwwsid=627BFD7A56A5CB624C47FDDEAB2FC509.web07-pub?0,https://www.bundesanzeiger.de/pub/de/suche;wwwsid=627BFD7A56A5CB624C47FDDEAB2FC509.web07-pub?0,1620589844,15:50:44,20210509
10,2018-09-30,C9F.DE,USD,2018-09-30,2018-09-30,Q3,1225007000,996257000,228750000,0.18673362682825487,0,109524000,0,0,164305000,1160562000,0,52654000,117099000,0.09559047417688225,64445000,0.05260786264894813,-6454000,60484000,0.049374411738055374,22280000,38204000,0.03118676056544983,1.37,1.36,27802000,28017000,https://www.bundesanzeiger.de/pub/de/suche;wwwsid=627BFD7A56A5CB624C47FDDEAB2FC509.web07-pub?0,https://www.bundesanzeiger.de/pub/de/suche;wwwsid=627BFD7A56A5CB624C47FDDEAB2FC509.web07-pub?0,1620589844,15:50:44,20210509
11,2018-06-30,C9F.DE,USD,2018-06-30,2018-06-30,Q2,1266520000,1016881000,249639000,0.19710624388087042,0,85153000,0,0,136360000,1153241000,0,49193000,162472000,0.12828222215203866,113279000,0.08944114581688406,-45322000,70280000,0.05549063575782459,23396000,46884000,0.03701797050184758,1.69,1.68,27819000,27935000,https://www.bundesanzeiger.de/pub/de/suche;wwwsid=627BFD7A56A5CB624C47FDDEAB2FC509.web07-pub?0,https://www.bundesanzeiger.de/pub/de/suche;wwwsid=627BFD7A56A5CB624C47FDDEAB2FC509.web07-pub?0,1620589844,15:50:44,20210509
12,2018-03-31,C9F.DE,USD,2018-03-31,2018-03-31,Q1,1148397000,924103000,224294000,0.1953105067324279,0,77063000,0,0,126627000,1050730000,0,46915000,144582000,0.1258989704779793,97667000,0.08504637333605017,-4859000,94202000,0.08202912407468846,34756000,59446000,0.05176432888626494,2.1298412812152914,2.1268694096601073,27911000,27950000,https://www.bundesanzeiger.de/pub/de/suche;wwwsid=627BFD7A56A5CB624C47FDDEAB2FC509.web07-pub?0,https://www.bundesanzeiger.de/pub/de/suche;wwwsid=627BFD7A56A5CB624C47FDDEAB2FC509.web07-pub?0,1620589844,15:50:44,20210509
13,2017-12-31,C9F.DE,USD,2017-12-31,2017-12-31,Q4,1110100000,945030000,165070000,0.14869831546707504,0,57690000,0,0,101709000,1046739000,0,41442000,104803000,0.09440861183677146,63361000,0.057076839924331144,-3332000,61466000,0.055369786505720206,17673000,43793000,0.039449599135213044,1.5655453472991814,1.5655453472991814,27973000,27973000,https://www.bundesanzeiger.de/pub/de/suche;wwwsid=627BFD7A56A5CB624C47FDDEAB2FC509.web07-pub?0,https://www.bundesanzeiger.de/pub/de/suche;wwwsid=627BFD7A56A5CB624C47FDDEAB2FC509.web07-pub?0,1620589844,15:50:44,20210509
14,2017-09-30,C9F.DE,USD,2017-09-30,2017-09-30,Q3,1128074000,946940000,181134000,0.16056925343550157,0,99182000,0,0,143520000,1090460000,0,41546000,79160000,0.0701727014362533,37614000,0.033343557248903886,-6747000,32142000,0.028492811641789458,12532000,19610000,0.017383611358829296,0.6901284532817175,0.6895460459228524,28415000,28439000,https://www.bundesanzeiger.de/pub/de/suche;wwwsid=627BFD7A56A5CB624C47FDDEAB2FC509.web07-pub?0,https://www.bundesanzeiger.de/pub/de/suche;wwwsid=627BFD7A56A5CB624C47FDDEAB2FC509.web07-pub?0,1620589844,15:50:44,20210509
15,2017-06-30,C9F.DE,USD,2017-06-30,2017-06-30,Q2,1169409000,949009000,220400000,0.18847127053066975,0,70075000,0,0,114059000,1063068000,0,41081000,147422000,0.12606538858517422,106341000,0.09093567776543536,384000,107774000,0.09216108307700728,41044000,66730000,0.05706301217110523,2.33,2.32,28649000,28800000,https://www.bundesanzeiger.de/pub/de/suche;wwwsid=627BFD7A56A5CB624C47FDDEAB2FC509.web07-pub?0,https://www.bundesanzeiger.de/pub/de/suche;wwwsid=627BFD7A56A5CB624C47FDDEAB2FC509.web07-pub?0,1620589844,15:50:44,20210509
16,2017-03-31,C9F.DE,USD,2017-03-31,2017-03-31,Q1,1068829000,879217000,189612000,0.177401623646065,0,69441000,0,0,112789000,992006000,0,39279000,116102000,0.10862542090456004,76823000,0.07187585666182336,-3650000,74361000,0.06957240119794654,28241000,46120000,0.043150026805036164,1.6041739130434782,1.5986135181975736,28750000,28850000,https://www.bundesanzeiger.de/pub/de/suche;wwwsid=627BFD7A56A5CB624C47FDDEAB2FC509.web07-pub?0,https://www.bundesanzeiger.de/pub/de/suche;wwwsid=627BFD7A56A5CB624C47FDDEAB2FC509.web07-pub?0,1620589844,15:50:44,20210509
17,2016-12-31,C9F.DE,USD,2016-12-31,2016-12-31,Q4,1034560000,894914000,139646000,0.13498105474791217,0,65069000,0,0,107259000,1002173000,0,38072000,70459000,0.06810528147231673,32387000,0.031305095886173834,-1837000,31138000,0.03009781936282091,15163000,15975000,0.015441347046087225,0.5527107912673425,0.5508050891287108,28903000,29003000,https://www.bundesanzeiger.de/pub/de/suche;wwwsid=627BFD7A56A5CB624C47FDDEAB2FC509.web07-pub?0,https://www.bundesanzeiger.de/pub/de/suche;wwwsid=627BFD7A56A5CB624C47FDDEAB2FC509.web07-pub?0,1620589844,15:50:44,20210509
18,2016-09-30,C9F.DE,USD,2016-09-30,2016-09-30,Q3,1036982000,890290000,146692000,0.14146050751122005,0,78405000,0,0,120329000,1010619000,0,37434000,63797000,0.06152180076414055,26363000,0.025422813510745604,-16637000,10398000,0.010027175013645367,2599000,7799000,0.007520863428680536,0.2683480714310291,0.2673545644647081,29063000,29171000,https://www.bundesanzeiger.de/pub/de/suche;wwwsid=627BFD7A56A5CB624C47FDDEAB2FC509.web07-pub?0,https://www.bundesanzeiger.de/pub/de/suche;wwwsid=627BFD7A56A5CB624C47FDDEAB2FC509.web07-pub?0,1620589844,15:50:44,20210509
19,2016-06-30,C9F.DE,USD,2016-06-30,2016-06-30,Q2,998383000,843338000,155045000,0.15529611381604053,0,70756000,0,0,110963000,954301000,0,36074000,80156000,0.0802858221744561,44082000,0.044153396041398944,-3187000,41681000,0.0417485073363629,16085000,25596000,0.02563745576597358,0.88,0.87,29207000,29340000,https://www.bundesanzeiger.de/pub/de/suche;wwwsid=627BFD7A56A5CB624C47FDDEAB2FC509.web07-pub?0,https://www.bundesanzeiger.de/pub/de/suche;wwwsid=627BFD7A56A5CB624C47FDDEAB2FC509.web07-pub?0,1620589844,15:50:44,20210509
20,2016-03-31,C9F.DE,USD,2016-03-31,2016-03-31,Q1,834459000,777628000,56831000,0.06810520349112419,0,62010000,0,0,101219000,878847000,0,34788000,-9600000,-0.011504459775734938,-44388000,-0.053193745888054415,-2216000,-44478000,-0.05330160019845193,-18046000,-26432000,-0.03167561258252353,-0.88,-0.88,29893000,29893000,https://www.bundesanzeiger.de/pub/de/suche;wwwsid=627BFD7A56A5CB624C47FDDEAB2FC509.web07-pub?0,https://www.bundesanzeiger.de/pub/de/suche;wwwsid=627BFD7A56A5CB624C47FDDEAB2FC509.web07-pub?0,1620589844,15:50:44,20210509
21,2015-12-31,C9F.DE,USD,2015-12-31,2015-12-31,Q4,997507000,801977000,195530000,0.19601867455566727,0,46875000,0,0,86467000,888444000,0,34140000,143203000,0.1435608973170113,109063000,0.10933557358494728,-5450000,105408000,0.10567143889717065,37534000,67874000,0.06804363277651185,2.19,2.17,31027000,31312000,https://www.bundesanzeiger.de/pub/de/suche;wwwsid=627BFD7A56A5CB624C47FDDEAB2FC509.web07-pub?0,https://www.bundesanzeiger.de/pub/de/suche;wwwsid=627BFD7A56A5CB624C47FDDEAB2FC509.web07-pub?0,1620589844,15:50:44,20210509
22,2015-09-30,C9F.DE,USD,2015-09-30,2015-09-30,Q3,1216890000,872397000,344493000,0.2830929664965609,0,70066000,0,0,107578000,979975000,0,33145000,270060000,0.2219263861154254,236915000,0.1946889201160335,-2156000,236277000,0.19416463279343243,91394000,144883000,0.11906006294734939,4.65,4.59,31187000,31548000,https://www.bundesanzeiger.de/pub/de/suche;wwwsid=627BFD7A56A5CB624C47FDDEAB2FC509.web07-pub?0,https://www.bundesanzeiger.de/pub/de/suche;wwwsid=627BFD7A56A5CB624C47FDDEAB2FC509.web07-pub?0,1620589844,15:50:44,20210509
23,2015-06-30,C9F.DE,USD,2015-06-30,2015-06-30,Q2,1197783000,862659000,335124000,0.2797869063094066,0,70212000,0,0,106320000,968979000,0,32440000,261244000,0.21810628469430607,228804000,0.19102291483515796,-1388000,229158000,0.19131846085643225,88954000,140204000,0.11705292193995072,4.51,4.45,31120000,31526000,https://www.bundesanzeiger.de/pub/de/suche;wwwsid=627BFD7A56A5CB624C47FDDEAB2FC509.web07-pub?0,https://www.bundesanzeiger.de/pub/de/suche;wwwsid=627BFD7A56A5CB624C47FDDEAB2FC509.web07-pub?0,1620589844,15:50:44,20210509
24,2015-03-31,C9F.DE,USD,2015-03-31,2015-03-31,Q1,1089043000,789903000,299140000,0.274681532317824,0,63061000,0,0,97139000,887042000,0,30643000,232644000,0.21362241894948134,202001000,0.18548487066167268,-4200000,199024000,0.1827512779568851,76383000,122641000,0.1126135515310231,3.95,3.88,31036000,31592000,https://www.bundesanzeiger.de/pub/de/suche;wwwsid=627BFD7A56A5CB624C47FDDEAB2FC509.web07-pub?0,https://www.bundesanzeiger.de/pub/de/suche;wwwsid=627BFD7A56A5CB624C47FDDEAB2FC509.web07-pub?0,1620589844,15:50:44,20210509
25,2014-12-31,C9F.DE,USD,2014-12-31,2014-12-31,Q4,1069811000,784963000,284848000,0.2662601151044437,0,60929000,0,0,94767000,879730000,0,29750000,219831000,0.20548582880527494,190081000,0.17767717849227574,-2209000,188757000,0.17643957671027874,67523000,121234000,0.11332282057297971,3.91,3.84,31024000,31542000,https://www.bundesanzeiger.de/pub/de/suche;wwwsid=627BFD7A56A5CB624C47FDDEAB2FC509.web07-pub?0,https://www.bundesanzeiger.de/pub/de/suche;wwwsid=627BFD7A56A5CB624C47FDDEAB2FC509.web07-pub?0,1620589844,15:50:44,20210509
26,2014-09-30,C9F.DE,USD,2014-09-30,2014-09-30,Q3,1084222000,772218000,312004000,0.2877676343036758,0,71172000,0,0,102962000,875180000,0,27961000,237003000,0.21859268673758694,209042000,0.1928036878056339,-1606000,208221000,0.19204646280927706,77420000,130801000,0.12064042234892854,4.22,4.15,31020000,31547000,https://www.bundesanzeiger.de/pub/de/suche;wwwsid=627BFD7A56A5CB624C47FDDEAB2FC509.web07-pub?0,https://www.bundesanzeiger.de/pub/de/suche;wwwsid=627BFD7A56A5CB624C47FDDEAB2FC509.web07-pub?0,1620589844,15:50:44,20210509
27,2014-06-30,C9F.DE,USD,2014-06-30,2014-06-30,Q2,1050073000,763349000,286724000,0.27305149261051376,0,74879000,0,0,105280000,868629000,0,27009000,208453000,0.1985128652960318,181444000,0.17279179637987074,-1602000,180986000,0.17235563622719563,70716000,110270000,0.10501174680236516,3.55,3.5,31049000,31474000,https://www.bundesanzeiger.de/pub/de/suche;wwwsid=627BFD7A56A5CB624C47FDDEAB2FC509.web07-pub?0,https://www.bundesanzeiger.de/pub/de/suche;wwwsid=627BFD7A56A5CB624C47FDDEAB2FC509.web07-pub?0,1620589844,15:50:44,20210509
28,2014-03-31,C9F.DE,USD,2014-03-31,2014-03-31,Q1,904163000,669983000,234180000,0.2590019719895638,0,66917000,0,0,96971000,766954000,0,25754000,162963000,0.18023630694907888,137209000,0.15175250480278446,-1559000,136339000,0.150790288919144,53270000,83069000,0.09187392096336612,2.67,2.64,31061000,31486000,https://www.bundesanzeiger.de/pub/de/suche;wwwsid=627BFD7A56A5CB624C47FDDEAB2FC509.web07-pub?0,https://www.bundesanzeiger.de/pub/de/suche;wwwsid=627BFD7A56A5CB624C47FDDEAB2FC509.web07-pub?0,1620589844,15:50:44,20210509
29,2013-12-31,C9F.DE,USD,2013-12-31,2013-12-31,Q4,844147000,627914000,216233000,0.25615562218428783,0,55844000,0,0,85522000,713436000,0,24903000,155614000,0.18434466982646389,130711000,0.15484388382592132,-1607000,129494000,0.1534021917983479,49872000,79622000,0.0943224343627354,2.57,2.53,31019000,31425000,https://www.bundesanzeiger.de/pub/de/suche;wwwsid=627BFD7A56A5CB624C47FDDEAB2FC509.web07-pub?0,https://www.bundesanzeiger.de/pub/de/suche;wwwsid=627BFD7A56A5CB624C47FDDEAB2FC509.web07-pub?0,1620589844,15:50:44,20210509
30,2013-09-30,C9F.DE,USD,2013-09-30,2013-09-30,Q3,826907000,605400000,221507000,0.2678741382041753,0,52726000,0,0,81948000,687348000,0,24618000,164177000,0.19854348796176596,139559000,0.1687723045034085,-2405000,137919000,0.16678901013052252,54540000,83379000,0.10083237897369353,2.7,2.66,30897000,31296000,https://www.bundesanzeiger.de/pub/de/suche;wwwsid=627BFD7A56A5CB624C47FDDEAB2FC509.web07-pub?0,https://www.bundesanzeiger.de/pub/de/suche;wwwsid=627BFD7A56A5CB624C47FDDEAB2FC509.web07-pub?0,1620589844,15:50:44,20210509
31,2013-06-30,C9F.DE,USD,2013-06-30,2013-06-30,Q2,816786000,591174000,225612000,0.2762192300063909,0,50952000,0,0,77795000,668969000,0,23597000,171414000,0.20986402803182228,147817000,0.18097396380447264,-1399000,146748000,0.17966517545599459,58895000,87853000,0.10755938520004016,2.84,2.82,30901000,31176000,https://www.bundesanzeiger.de/pub/de/suche;wwwsid=627BFD7A56A5CB624C47FDDEAB2FC509.web07-pub?0,https://www.bundesanzeiger.de/pub/de/suche;wwwsid=627BFD7A56A5CB624C47FDDEAB2FC509.web07-pub?0,1620589844,15:50:44,20210509
32,2013-03-31,C9F.DE,USD,2013-03-31,2013-03-31,Q1,726751000,535334000,191417000,0.2633873224804644,0,44211000,0,0,70033000,605367000,0,22936000,144320000,0.19858245809087294,121384000,0.1670228179940585,-1340000,120310000,0.1655450078500064,43726000,76584000,0.10537859597028418,2.47,2.45,31012000,31229000,https://www.bundesanzeiger.de/pub/de/suche;wwwsid=627BFD7A56A5CB624C47FDDEAB2FC509.web07-pub?0,https://www.bundesanzeiger.de/pub/de/suche;wwwsid=627BFD7A56A5CB624C47FDDEAB2FC509.web07-pub?0,1620589844,15:50:44,20210509
33,2012-12-31,C9F.DE,USD,2012-12-31,2012-12-31,Q4,699161000,527372000,171789000,0.2457073549583,0,34648000,0,0,68698000,596070000,0,22141000,125232000,0.17911754231142754,103091000,0.14744958600379598,-903000,102650000,0.14681882999766863,41297000,61353000,0.08775232028102253,2.1932935330497267,2.1932935330497267,27973000,27973000,https://www.bundesanzeiger.de/pub/de/suche;wwwsid=627BFD7A56A5CB624C47FDDEAB2FC509.web07-pub?0,https://www.bundesanzeiger.de/pub/de/suche;wwwsid=627BFD7A56A5CB624C47FDDEAB2FC509.web07-pub?0,1620589844,15:50:44,20210509
34,2012-09-30,C9F.DE,USD,2012-09-30,2012-09-30,Q3,700528000,508726000,191802000,0.2737963364776283,0,51378000,0,0,72740000,581466000,0,21362000,140424000,0.20045451430920677,119062000,0.16996037274741338,-1399000,118210000,0.16874414727177214,45910000,72300000,0.10320786606673824,2.28,2.27,31643000,31846000,https://www.bundesanzeiger.de/pub/de/suche;wwwsid=627BFD7A56A5CB624C47FDDEAB2FC509.web07-pub?0,https://www.bundesanzeiger.de/pub/de/suche;wwwsid=627BFD7A56A5CB624C47FDDEAB2FC509.web07-pub?0,1620589844,15:50:44,20210509
35,2012-06-30,C9F.DE,USD,2012-06-30,2012-06-30,Q2,690932000,489523000,201409000,0.29150336067804067,0,45601000,0,0,66144000,555667000,0,20543000,155808000,0.22550410170610133,135265000,0.1957717980930106,-1475000,134167000,0.19418264025982296,52484000,81683000,0.11822147476162632,2.58,2.56,31696000,31951000,https://www.bundesanzeiger.de/pub/de/suche;wwwsid=627BFD7A56A5CB624C47FDDEAB2FC509.web07-pub?0,https://www.bundesanzeiger.de/pub/de/suche;wwwsid=627BFD7A56A5CB624C47FDDEAB2FC509.web07-pub?0,1620589844,15:50:44,20210509
36,2012-03-31,C9F.DE,USD,2012-03-31,2012-03-31,Q1,640603000,465263000,175340000,0.27371086304622366,0,51782000,0,0,71866000,537129000,0,20084000,123558000,0.19287764809093932,103474000,0.1615259372809681,-1250000,102658000,0.16025213743925645,39994000,62664000,0.09782033490320838,2.0,1.97,31410000,31846000,https://www.bundesanzeiger.de/pub/de/suche;wwwsid=627BFD7A56A5CB624C47FDDEAB2FC509.web07-pub?0,https://www.bundesanzeiger.de/pub/de/suche;wwwsid=627BFD7A56A5CB624C47FDDEAB2FC509.web07-pub?0,1620589844,15:50:44,20210509
37,2011-12-31,C9F.DE,USD,2011-12-31,2011-12-31,Q4,596749000,441060000,155689000,0.2608952842820013,0,41133000,0,0,60331000,501391000,157000,19198000,114556000,0.19196680681492553,95358000,0.15979582705626655,-1490000,94282000,0.1579927239090472,36809000,57473000,0.09631017395923579,1.84,1.81,31281000,31784000,https://www.bundesanzeiger.de/pub/de/suche;wwwsid=627BFD7A56A5CB624C47FDDEAB2FC509.web07-pub?0,https://www.bundesanzeiger.de/pub/de/suche;wwwsid=627BFD7A56A5CB624C47FDDEAB2FC509.web07-pub?0,1620589844,15:50:44,20210509
38,2011-09-30,C9F.DE,USD,2011-09-30,2011-09-30,Q3,591854000,434123000,157731000,0.2665032254576298,0,39702000,0,0,58443000,492566000,119000,18741000,118029000,0.1994224927093506,99288000,0.1677575888648214,-1278000,98458000,0.16635521598231998,38025000,60433000,0.10210795229904672,1.93,1.9,31331000,31832000,https://www.bundesanzeiger.de/pub/de/suche;wwwsid=627BFD7A56A5CB624C47FDDEAB2FC509.web07-pub?0,https://www.bundesanzeiger.de/pub/de/suche;wwwsid=627BFD7A56A5CB624C47FDDEAB2FC509.web07-pub?0,1620589844,15:50:44,20210509
39,2011-06-30,C9F.DE,USD,2011-06-30,2011-06-30,Q2,571561000,424242000,147319000,0.25774851678123595,0,43574000,0,0,62079000,486321000,2481000,18505000,103745000,0.1815116846670784,85240000,0.14913543786227543,-1377000,81857000,0.14321655956232143,31200000,50657000,0.08862921018054067,1.63,1.59,31167000,31761000,https://www.bundesanzeiger.de/pub/de/suche;wwwsid=627BFD7A56A5CB624C47FDDEAB2FC509.web07-pub?0,https://www.bundesanzeiger.de/pub/de/suche;wwwsid=627BFD7A56A5CB624C47FDDEAB2FC509.web07-pub?0,1620589844,15:50:44,20210509
40,2011-03-31,C9F.DE,USD,2011-03-31,2011-03-31,Q1,509384000,380896000,128488000,0.2522419235782828,0,33512000,0,0,53667000,434563000,188000,18494000,93315000,0.18319185526047146,74821000,0.14688525748747508,0,75108000,0.1474486831152922,28726000,46382000,0.09105507829064124,1.49,1.46,31082000,31717000,https://www.bundesanzeiger.de/pub/de/suche;wwwsid=627BFD7A56A5CB624C47FDDEAB2FC509.web07-pub?0,https://www.bundesanzeiger.de/pub/de/suche;wwwsid=627BFD7A56A5CB624C47FDDEAB2FC509.web07-pub?0,1620589844,15:50:44,20210509
41,2010-12-31,C9F.DE,USD,2010-12-31,2010-12-31,Q4,482521000,357379000,125142000,0.25935037024295315,0,31331000,0,0,51150000,408529000,91000,0,92209000,0.19109841851442735,73992000,0.15334462127036957,0,74303000,0.15398915280371217,27858000,46445000,0.0962548780260341,1.660351052800915,1.660351052800915,27973000,27973000,https://www.bundesanzeiger.de/pub/de/suche;wwwsid=627BFD7A56A5CB624C47FDDEAB2FC509.web07-pub?0,https://www.bundesanzeiger.de/pub/de/suche;wwwsid=627BFD7A56A5CB624C47FDDEAB2FC509.web07-pub?0,1620589844,15:50:44,20210509
42,2010-09-30,C9F.DE,USD,2010-09-30,2010-09-30,Q3,476874000,344995000,131879000,0.2765489416491568,0,35465000,0,0,54295000,399290000,14000,17319000,94903000,0.19901064012716146,77584000,0.16269287065346402,0,77965000,0.16349182383606572,29737000,48228000,0.10113363278350256,1.55,1.52,31031000,31629000,https://www.bundesanzeiger.de/pub/de/suche;wwwsid=627BFD7A56A5CB624C47FDDEAB2FC509.web07-pub?0,https://www.bundesanzeiger.de/pub/de/suche;wwwsid=627BFD7A56A5CB624C47FDDEAB2FC509.web07-pub?0,1620589844,15:50:44,20210509
43,2010-06-30,C9F.DE,USD,2010-06-30,2010-06-30,Q2,466841000,341452000,125389000,0.26859037659502916,0,31865000,0,0,50430000,391882000,85000,17053000,92012000,0.19709494238937883,74959000,0.16056644553498942,0,75301000,0.1612990290055929,28840000,46461000,0.09952210709856246,1.48,1.46,31373000,31802000,https://www.bundesanzeiger.de/pub/de/suche;wwwsid=627BFD7A56A5CB624C47FDDEAB2FC509.web07-pub?0,https://www.bundesanzeiger.de/pub/de/suche;wwwsid=627BFD7A56A5CB624C47FDDEAB2FC509.web07-pub?0,1620589844,15:50:44,20210509
44,2010-03-31,C9F.DE,USD,2010-03-31,2010-03-31,Q1,409686000,302691000,106995000,0.26116342760065026,0,27696000,0,0,45699000,348390000,79000,16734000,78030000,0.19046293991007748,61296000,0.1496170237694234,0,61492000,0.15009543894592445,23645000,37847000,0.09238050604609384,1.2,1.19,31483000,31814000,https://www.bundesanzeiger.de/pub/de/suche;wwwsid=627BFD7A56A5CB624C47FDDEAB2FC509.web07-pub?0,https://www.bundesanzeiger.de/pub/de/suche;wwwsid=627BFD7A56A5CB624C47FDDEAB2FC509.web07-pub?0,1620589844,15:50:44,20210509
45,2009-12-31,C9F.DE,USD,2009-12-31,2009-12-31,Q4,387544000,292532000,95012000,0.24516442004004707,0,27483000,0,0,44627000,337159000,72000,15940000,66325000,0.1711418574407035,50385000,0.13001104390727247,0,50615000,0.1306045249055591,19019000,31596000,0.0815288070515864,1.1295177492582134,1.1295177492582134,27973000,27973000,https://www.bundesanzeiger.de/pub/de/suche;wwwsid=627BFD7A56A5CB624C47FDDEAB2FC509.web07-pub?0,https://www.bundesanzeiger.de/pub/de/suche;wwwsid=627BFD7A56A5CB624C47FDDEAB2FC509.web07-pub?0,1620589844,15:50:44,20210509
46,2009-09-30,C9F.DE,USD,2009-09-30,2009-09-30,Q3,387581000,288687000,98894000,0.25515698653958785,0,27090000,0,0,44085000,332772000,74000,15451000,70260000,0.18127823603324209,54809000,0.14141302076211165,0,54867000,0.14156266690059627,20403000,34464000,0.08892076752988408,1.09,1.08,31625000,31949000,https://www.bundesanzeiger.de/pub/de/suche;wwwsid=627BFD7A56A5CB624C47FDDEAB2FC509.web07-pub?0,https://www.bundesanzeiger.de/pub/de/suche;wwwsid=627BFD7A56A5CB624C47FDDEAB2FC509.web07-pub?0,1620589844,15:50:44,20210509
47,2009-06-30,C9F.DE,USD,2009-06-30,2009-06-30,Q2,388836000,287608000,101228000,0.26033597712145995,0,27365000,0,0,43906000,331514000,186000,15197000,72519000,0.18650279295126995,57322000,0.14741947762038493,0,57429000,0.1476946579020461,22036000,35393000,0.0910229505498462,1.11,1.1,31856000,32195000,https://www.bundesanzeiger.de/pub/de/suche;wwwsid=627BFD7A56A5CB624C47FDDEAB2FC509.web07-pub?0,https://www.bundesanzeiger.de/pub/de/suche;wwwsid=627BFD7A56A5CB624C47FDDEAB2FC509.web07-pub?0,1620589844,15:50:44,20210509
48,2009-03-31,C9F.DE,USD,2009-03-31,2009-03-31,Q1,354456000,313267000,41189000,0.11620342158123999,0,25612000,0,0,42196000,355463000,73000,14720000,13713000,0.038687453449793484,-1007000,-0.0028409732096508454,0,41314000,0.1165560746608888,15922000,25392000,0.07163653598754147,0.79,0.78,32003000,32362000,https://www.bundesanzeiger.de/pub/de/suche;wwwsid=627BFD7A56A5CB624C47FDDEAB2FC509.web07-pub?0,https://www.bundesanzeiger.de/pub/de/suche;wwwsid=627BFD7A56A5CB624C47FDDEAB2FC509.web07-pub?0,1620589844,15:50:44,20210509
49,2008-12-31,C9F.DE,USD,2008-12-31,2008-12-31,Q4,345344000,272447000,72897000,0.21108517883617495,0,35890000,0,0,59353000,331800000,0,14124000,27668000,0.08011721645663454,13544000,0.03921886582653818,0,28069000,0.08127837750185322,11096000,16973000,0.04914809581171238,0.6067636649626426,0.6067636649626426,27973000,27973000,https://www.bundesanzeiger.de/pub/de/suche;wwwsid=627BFD7A56A5CB624C47FDDEAB2FC509.web07-pub?0,https://www.bundesanzeiger.de/pub/de/suche;wwwsid=627BFD7A56A5CB624C47FDDEAB2FC509.web07-pub?0,1620589844,15:50:44,20210509
50,2008-09-30,C9F.DE,USD,2008-09-30,2008-09-30,Q3,340543000,267808000,72735000,0.21358536220095553,0,22645000,0,0,38793000,306601000,0,13769000,47711000,0.14010271830576462,33942000,0.09967023254038404,-5263000,31911000,0.09370622799470257,12434000,19477000,0.057193952011933884,0.5926906457306311,0.5871872173650889,32862000,33170000,https://www.bundesanzeiger.de/pub/de/suche;wwwsid=627BFD7A56A5CB624C47FDDEAB2FC509.web07-pub?0,https://www.bundesanzeiger.de/pub/de/suche;wwwsid=627BFD7A56A5CB624C47FDDEAB2FC509.web07-pub?0,1620589844,15:50:44,20210509
51,2008-06-30,C9F.DE,USD,2008-06-30,2008-06-30,Q2,340754000,264276000,76478000,0.22443757079887544,0,24087000,0,0,38164000,302440000,0,12707000,51021000,0.14972971703927174,38314000,0.11243888553032393,-1370000,39164000,0.11493335368036765,14696000,24468000,0.07180546670031752,0.7447041636230826,0.735127989424348,32856000,33284000,https://www.bundesanzeiger.de/pub/de/suche;wwwsid=627BFD7A56A5CB624C47FDDEAB2FC509.web07-pub?0,https://www.bundesanzeiger.de/pub/de/suche;wwwsid=627BFD7A56A5CB624C47FDDEAB2FC509.web07-pub?0,1620589844,15:50:44,20210509
52,2008-03-31,C9F.DE,USD,2008-03-31,2008-03-31,Q1,305327000,240510000,64817000,0.21228715442787569,0,24391000,0,0,38024000,278534000,0,12170000,38963000,0.12761072554998412,26793000,0.08775182017967621,-1463000,28062000,0.0919080199261775,10778000,17284000,0.05660816108631074,0.53,0.52,32808000,33330000,https://www.bundesanzeiger.de/pub/de/suche;wwwsid=627BFD7A56A5CB624C47FDDEAB2FC509.web07-pub?0,https://www.bundesanzeiger.de/pub/de/suche;wwwsid=627BFD7A56A5CB624C47FDDEAB2FC509.web07-pub?0,1620589844,15:50:44,20210509
53,2007-12-31,C9F.DE,USD,2007-12-31,2007-12-31,Q4,288910000,225021000,63889000,0.22113807067945035,0,13911000,0,0,26393000,251414000,0,11688000,49184000,0.17023986708663597,37496000,0.12978436191201412,-10834000,28881000,0.09996538714478558,11343000,17538000,0.060704025475061436,0.6269617130804704,0.6269617130804704,27973000,27973000,https://www.bundesanzeiger.de/pub/de/suche;wwwsid=627BFD7A56A5CB624C47FDDEAB2FC509.web07-pub?0,https://www.bundesanzeiger.de/pub/de/suche;wwwsid=627BFD7A56A5CB624C47FDDEAB2FC509.web07-pub?0,1620589844,15:50:44,20210509
54,2007-09-30,C9F.DE,USD,2007-09-30,2007-09-30,Q3,286431000,220455000,65976000,0.23033819663374425,0,21629000,0,0,34580000,255035000,0,11167000,42563000,0.14859774256278127,31396000,0.10961104070439304,-1784000,32919000,0.11492820260376845,12315000,20604000,0.07193355467809001,0.63,0.62,32706000,33171000,https://www.bundesanzeiger.de/pub/de/suche;wwwsid=627BFD7A56A5CB624C47FDDEAB2FC509.web07-pub?0,https://www.bundesanzeiger.de/pub/de/suche;wwwsid=627BFD7A56A5CB624C47FDDEAB2FC509.web07-pub?0,1620589844,15:50:44,20210509
55,2007-06-30,C9F.DE,USD,2007-06-30,2007-06-30,Q2,274346000,210566000,63780000,0.23248015279974923,0,20679000,0,0,33098000,243664000,0,10576000,41258000,0.1503867379148958,30682000,0.1118368775196285,-1843000,32138000,0.1171440443819119,12157000,19981000,0.07283138810115693,0.61,0.6,32642000,33065000,https://www.bundesanzeiger.de/pub/de/suche;wwwsid=627BFD7A56A5CB624C47FDDEAB2FC509.web07-pub?0,https://www.bundesanzeiger.de/pub/de/suche;wwwsid=627BFD7A56A5CB624C47FDDEAB2FC509.web07-pub?0,1620589844,15:50:44,20210509
56,2007-03-31,C9F.DE,USD,2007-03-31,2007-03-31,Q1,236095000,187171000,48924000,0.20722166924331306,0,18819000,0,0,30275000,217446000,0,10164000,28813000,0.12203985683729007,18649000,0.07898938986424955,-1292000,20064000,0.08498273999872932,7624000,12440000,0.05269065418581503,0.3820873518029363,0.3775073589657998,32558000,32953000,https://www.bundesanzeiger.de/pub/de/suche;wwwsid=627BFD7A56A5CB624C47FDDEAB2FC509.web07-pub?0,https://www.bundesanzeiger.de/pub/de/suche;wwwsid=627BFD7A56A5CB624C47FDDEAB2FC509.web07-pub?0,1620589844,15:50:44,20210509
57,2006-12-31,C9F.DE,USD,2006-12-31,2006-12-31,Q4,219719000,175060000,44659000,0.20325506669882895,0,11983000,0,0,29163000,204223000,0,9265000,24761000,0.11269394089723693,15496000,0.07052644514129411,-7915000,17389000,0.07914199500270801,6548000,10841000,0.04934029373882095,0.3875522825581811,0.3875522825581811,27973000,27973000,https://www.bundesanzeiger.de/pub/de/suche;wwwsid=627BFD7A56A5CB624C47FDDEAB2FC509.web07-pub?0,https://www.bundesanzeiger.de/pub/de/suche;wwwsid=627BFD7A56A5CB624C47FDDEAB2FC509.web07-pub?0,1620589844,15:50:44,20210509
58,2006-09-30,C9F.DE,USD,2006-09-30,2006-09-30,Q3,211260000,165849000,45411000,0.21495313831297927,0,17776000,0,0,27558000,193407000,0,8676000,26529000,0.12557512070434534,17853000,0.08450724226072139,-1106000,19800000,0.0937233740414655,7998000,11802000,0.0558648111332008,0.3631496353733961,0.3588870305610461,32499000,32885000,https://www.bundesanzeiger.de/pub/de/suche;wwwsid=627BFD7A56A5CB624C47FDDEAB2FC509.web07-pub?0,https://www.bundesanzeiger.de/pub/de/suche;wwwsid=627BFD7A56A5CB624C47FDDEAB2FC509.web07-pub?0,1620589844,15:50:44,20210509
59,2006-06-30,C9F.DE,USD,2006-06-30,2006-06-30,Q2,204936000,160493000,44443000,0.21686282546746302,0,19148000,0,0,28573000,189066000,0,8309000,24179000,0.11798317523519537,15870000,0.07743881016512472,-1116000,17427000,0.0850363040168638,6635000,10792000,0.052660342741148454,0.3324502495225186,0.32799440780475947,32462000,32903000,https://www.bundesanzeiger.de/pub/de/suche;wwwsid=627BFD7A56A5CB624C47FDDEAB2FC509.web07-pub?0,https://www.bundesanzeiger.de/pub/de/suche;wwwsid=627BFD7A56A5CB624C47FDDEAB2FC509.web07-pub?0,1620589844,15:50:44,20210509
60,2006-03-31,C9F.DE,USD,2006-03-31,2006-03-31,Q1,187015000,149279000,37736000,0.20178060583375665,0,16377000,0,0,25003000,174282000,0,8003000,20736000,0.11087880651284657,12733000,0.06808544769136166,-623000,13639000,0.07292997887869956,5651000,7988000,0.04271315135149587,0.2603396017338591,0.2570306969560461,30683000,31078000,https://www.bundesanzeiger.de/pub/de/suche;wwwsid=627BFD7A56A5CB624C47FDDEAB2FC509.web07-pub?0,https://www.bundesanzeiger.de/pub/de/suche;wwwsid=627BFD7A56A5CB624C47FDDEAB2FC509.web07-pub?0,1620589844,15:50:44,20210509
61,2005-12-31,C9F.DE,USD,2005-12-31,2005-12-31,Q4,173313000,141155000,32158000,0.18554868936548327,0,15476000,0,0,24423000,165578000,0,7634000,15369000,0.08867771026985857,7735000,0.04463023546993013,-1313000,7621000,0.043972466000819325,3359000,4262000,0.024591346292545856,0.1523612054481107,0.1523612054481107,27973000,27973000,https://www.bundesanzeiger.de/pub/de/suche;wwwsid=627BFD7A56A5CB624C47FDDEAB2FC509.web07-pub?0,https://www.bundesanzeiger.de/pub/de/suche;wwwsid=627BFD7A56A5CB624C47FDDEAB2FC509.web07-pub?0,1620589844,15:50:44,20210509
62,2005-09-30,C9F.DE,USD,2005-09-30,2005-09-30,Q3,151461000,68757000,82704000,0.546041555251847,0,67551000,0,0,74951000,143708000,0,0,15152000,0.10003895392213177,7753000,0.051188094625018984,-602000,7540000,0.049781792012465256,-3605000,11145000,0.073583298670945,0.19092971309354342,0.19045706705515694,58372266,58517125,https://www.bundesanzeiger.de/pub/de/suche;wwwsid=627BFD7A56A5CB624C47FDDEAB2FC509.web07-pub?0,https://www.bundesanzeiger.de/pub/de/suche;wwwsid=627BFD7A56A5CB624C47FDDEAB2FC509.web07-pub?0,1620589844,15:50:44,20210509
