,date,symbol,reportedCurrency,fillingDate,acceptedDate,period,revenue,costOfRevenue,grossProfit,grossProfitRatio,researchAndDevelopmentExpenses,generalAndAdministrativeExpenses,sellingAndMarketingExpenses,otherExpenses,operatingExpenses,costAndExpenses,interestExpense,depreciationAndAmortization,ebitda,ebitdaratio,operatingIncome,operatingIncomeRatio,totalOtherIncomeExpensesNet,incomeBeforeTax,incomeBeforeTaxRatio,incomeTaxExpense,netIncome,netIncomeRatio,eps,epsdiluted,weightedAverageShsOut,weightedAverageShsOutDil,link,finalLink,timestamp,est_time,est_date
0,2021-02-28,IPCI.TO,USD,2021-02-28,2021-02-28,Q1,0.0,0.0,0.0,0.0,547485.0,0.0,0.0,0.0,784913.0,784913.0,75600.0,65382.0,-719531.0,0.0,-784913.0,0.0,-64053.0,-924566.0,0.0,0.0,-924566.0,0.0,-0.04,-0.04,23678105.0,23678105.0,https://www.sedar.com/ModifyCompanyDocumentSearchForm.do?lang=EN&company_search=INTELLIPHARMACEUTICS INTERNATIO&document_selection=0&industry_group=A&FromDate=13&FromMonth=05&FromYear=2000&ToDate=13&ToMonth=11&ToYear=2020&Variable=Issuer,https://www.sedar.com/ModifyCompanyDocumentSearchForm.do?lang=EN&company_search=INTELLIPHARMACEUTICS INTERNATIO&document_selection=0&industry_group=A&FromDate=13&FromMonth=05&FromYear=2000&ToDate=13&ToMonth=11&ToYear=2020&Variable=Issuer,1620593705,16:55:05,20210509
1,2020-11-30,IPCI.TO,USD,2020-11-30,2020-11-30,Q4,299442.0,0.0,299442.0,1.0,1091001.0,0.0,0.0,0.0,1761848.0,1761848.0,82318.0,107999.0,-1354407.0,-4.52310297152704,-1462406.0,-4.8837704797590185,-44543.0,-1589267.0,-5.307428483646249,0.0,-1622100.0,-5.417075760915303,-0.06850632683654372,-0.06850632683654372,23678105.0,23678105.0,https://www.sedar.com/ModifyCompanyDocumentSearchForm.do?lang=EN&company_search=INTELLIPHARMACEUTICS INTERNATIO&document_selection=0&industry_group=A&FromDate=13&FromMonth=05&FromYear=2000&ToDate=13&ToMonth=11&ToYear=2020&Variable=Issuer,https://www.sedar.com/ModifyCompanyDocumentSearchForm.do?lang=EN&company_search=INTELLIPHARMACEUTICS INTERNATIO&document_selection=0&industry_group=A&FromDate=13&FromMonth=05&FromYear=2000&ToDate=13&ToMonth=11&ToYear=2020&Variable=Issuer,1620593705,16:55:05,20210509
2,2020-08-31,IPCI.TO,USD,2020-08-31,2020-08-31,Q3,328781.0,0.0,328781.0,1.0,842846.0,0.0,0.0,2500000.0,1458221.0,1458221.0,133137.0,102254.0,-1027186.0,-3.124225548313315,-1129440.0,-3.4352350044558535,2289518.0,1026941.0,3.123480371432656,0.0,1026941.0,3.123480371432656,0.04337091165023552,0.039863496750453135,23678105.0,25761438.0,https://www.sedar.com/ModifyCompanyDocumentSearchForm.do?lang=EN&company_search=INTELLIPHARMACEUTICS INTERNATIO&document_selection=0&industry_group=A&FromDate=13&FromMonth=05&FromYear=2000&ToDate=13&ToMonth=11&ToYear=2020&Variable=Issuer,https://www.sedar.com/ModifyCompanyDocumentSearchForm.do?lang=EN&company_search=INTELLIPHARMACEUTICS INTERNATIO&document_selection=0&industry_group=A&FromDate=13&FromMonth=05&FromYear=2000&ToDate=13&ToMonth=11&ToYear=2020&Variable=Issuer,1620593705,16:55:05,20210509
3,2020-05-31,IPCI.TO,USD,2020-05-31,2020-05-31,Q2,395740.0,0.0,395740.0,1.0,635326.0,0.0,0.0,0.0,1285981.0,1285981.0,180258.0,102423.0,-787818.0,-1.9907464496891898,-890241.0,-2.249560317380098,22066.0,-1048433.0,-2.6492975185728005,0.0,-1048433.0,-2.6492975185728005,-0.04,-0.04,23678105.0,23678105.0,https://www.sedar.com/ModifyCompanyDocumentSearchForm.do?lang=EN&company_search=INTELLIPHARMACEUTICS INTERNATIO&document_selection=0&industry_group=A&FromDate=13&FromMonth=05&FromYear=2000&ToDate=13&ToMonth=11&ToYear=2020&Variable=Issuer,https://www.sedar.com/ModifyCompanyDocumentSearchForm.do?lang=EN&company_search=INTELLIPHARMACEUTICS INTERNATIO&document_selection=0&industry_group=A&FromDate=13&FromMonth=05&FromYear=2000&ToDate=13&ToMonth=11&ToYear=2020&Variable=Issuer,1620593705,16:55:05,20210509
4,2020-02-29,IPCI.TO,USD,2020-02-29,2020-02-29,Q1,377554.0,0.0,377554.0,1.0,947845.0,0.0,0.0,0.0,1573775.0,1573775.0,573940.0,102699.0,-1093522.0,-2.896332710022937,-1196221.0,-3.1683441309057776,22788.0,-1747373.0,-4.628140610349778,0.0,-1747373.0,-4.628140610349778,-0.08,-0.08,23210927.0,23210927.0,https://www.sedar.com/ModifyCompanyDocumentSearchForm.do?lang=EN&company_search=INTELLIPHARMACEUTICS INTERNATIO&document_selection=0&industry_group=A&FromDate=13&FromMonth=05&FromYear=2000&ToDate=13&ToMonth=11&ToYear=2020&Variable=Issuer,https://www.sedar.com/ModifyCompanyDocumentSearchForm.do?lang=EN&company_search=INTELLIPHARMACEUTICS INTERNATIO&document_selection=0&industry_group=A&FromDate=13&FromMonth=05&FromYear=2000&ToDate=13&ToMonth=11&ToYear=2020&Variable=Issuer,1620593705,16:55:05,20210509
5,2019-11-30,IPCI.TO,USD,2019-11-30,2019-11-30,Q4,232519.0,0.0,232519.0,1.0,1196141.0,0.0,0.0,0.0,1509528.0,1509528.0,77694.0,126871.0,-1150138.0,-4.946425883476189,-1277009.0,-5.492063014205291,-10941.0,-1338438.0,-5.7562521772414295,0.0,-1333074.0,-5.733183094714841,-0.05629986014505806,-0.05629986014505806,23678105.0,23678105.0,https://www.sedar.com/ModifyCompanyDocumentSearchForm.do?lang=EN&company_search=INTELLIPHARMACEUTICS INTERNATIO&document_selection=0&industry_group=A&FromDate=13&FromMonth=05&FromYear=2000&ToDate=13&ToMonth=11&ToYear=2020&Variable=Issuer,https://www.sedar.com/ModifyCompanyDocumentSearchForm.do?lang=EN&company_search=INTELLIPHARMACEUTICS INTERNATIO&document_selection=0&industry_group=A&FromDate=13&FromMonth=05&FromYear=2000&ToDate=13&ToMonth=11&ToYear=2020&Variable=Issuer,1620593705,16:55:05,20210509
6,2019-08-31,IPCI.TO,USD,2019-08-31,2019-08-31,Q3,1689941.0,0.0,1689941.0,1.0,1625353.0,0.0,0.0,0.0,3050254.0,3050254.0,55720.0,126872.0,-1233441.0,-0.7298722263084925,-1360313.0,-0.8049470366125208,-23767.0,-1454325.0,-0.8605773811038373,0.0,-1454325.0,-0.8605773811038373,-0.07,-0.07,22081275.0,22081275.0,https://www.sedar.com/ModifyCompanyDocumentSearchForm.do?lang=EN&company_search=INTELLIPHARMACEUTICS INTERNATIO&document_selection=0&industry_group=A&FromDate=13&FromMonth=05&FromYear=2000&ToDate=13&ToMonth=11&ToYear=2020&Variable=Issuer,https://www.sedar.com/ModifyCompanyDocumentSearchForm.do?lang=EN&company_search=INTELLIPHARMACEUTICS INTERNATIO&document_selection=0&industry_group=A&FromDate=13&FromMonth=05&FromYear=2000&ToDate=13&ToMonth=11&ToYear=2020&Variable=Issuer,1620593705,16:55:05,20210509
7,2019-05-31,IPCI.TO,USD,2019-05-31,2019-05-31,Q2,1214520.0,0.0,1214520.0,1.0,1655039.0,0.0,0.0,0.0,3257828.0,3257828.0,55294.0,126776.0,-1916532.0,-1.5780160063234858,-2043308.0,-1.6823996311299938,24961.0,-2072798.0,-1.7066808286401212,0.0,-2072798.0,-1.7066808286401212,-0.1,-0.1,21037532.0,21037532.0,https://www.sedar.com/ModifyCompanyDocumentSearchForm.do?lang=EN&company_search=INTELLIPHARMACEUTICS INTERNATIO&document_selection=0&industry_group=A&FromDate=13&FromMonth=05&FromYear=2000&ToDate=13&ToMonth=11&ToYear=2020&Variable=Issuer,https://www.sedar.com/ModifyCompanyDocumentSearchForm.do?lang=EN&company_search=INTELLIPHARMACEUTICS INTERNATIO&document_selection=0&industry_group=A&FromDate=13&FromMonth=05&FromYear=2000&ToDate=13&ToMonth=11&ToYear=2020&Variable=Issuer,1620593705,16:55:05,20210509
8,2019-02-28,IPCI.TO,USD,2019-02-28,2019-02-28,Q1,343536.0,33068.0,310468.0,0.903742256997811,2132261.0,0.0,0.0,0.0,3464788.0,3497856.0,58808.0,125284.0,-3029036.0,-8.817230217502678,-3154320.0,-9.18191979879838,-11332.0,-3224449.0,-9.386058520795492,0.0,-3224449.0,-9.386058520795492,-0.16,-0.16,20058207.0,20058207.0,https://www.sedar.com/ModifyCompanyDocumentSearchForm.do?lang=EN&company_search=INTELLIPHARMACEUTICS INTERNATIO&document_selection=0&industry_group=A&FromDate=13&FromMonth=05&FromYear=2000&ToDate=13&ToMonth=11&ToYear=2020&Variable=Issuer,https://www.sedar.com/ModifyCompanyDocumentSearchForm.do?lang=EN&company_search=INTELLIPHARMACEUTICS INTERNATIO&document_selection=0&industry_group=A&FromDate=13&FromMonth=05&FromYear=2000&ToDate=13&ToMonth=11&ToYear=2020&Variable=Issuer,1620593705,16:55:05,20210509
9,2018-11-30,IPCI.TO,USD,2018-11-30,2018-11-30,Q4,387691.0,13697.0,373994.0,0.9646703173403561,3043744.0,0.0,0.0,0.0,3899566.0,3913263.0,75829.0,153070.0,-3372502.0,-8.698943230562485,-3525572.0,-9.093767975011026,-8514.0,-3784512.0,-9.761671021509398,0.0,-3784512.0,-9.761671021509398,-0.1598317095054693,-0.1598317095054693,23678105.0,23678105.0,https://www.sedar.com/ModifyCompanyDocumentSearchForm.do?lang=EN&company_search=INTELLIPHARMACEUTICS INTERNATIO&document_selection=0&industry_group=A&FromDate=13&FromMonth=05&FromYear=2000&ToDate=13&ToMonth=11&ToYear=2020&Variable=Issuer,https://www.sedar.com/ModifyCompanyDocumentSearchForm.do?lang=EN&company_search=INTELLIPHARMACEUTICS INTERNATIO&document_selection=0&industry_group=A&FromDate=13&FromMonth=05&FromYear=2000&ToDate=13&ToMonth=11&ToYear=2020&Variable=Issuer,1620593705,16:55:05,20210509
10,2018-08-31,IPCI.TO,USD,2018-08-31,2018-08-31,Q3,413555.0,45299.0,368256.0,0.8904643880499571,3324221.0,0.0,0.0,0.0,4271888.0,4317187.0,59886.0,155288.0,-3748344.0,-9.063713411759016,-3903632.0,-9.439208811403562,9406.0,-3954104.0,-9.561253037685434,0.0,-3954104.0,-9.561253037685434,-0.91,-0.91,4353678.0,4353678.0,https://www.sedar.com/ModifyCompanyDocumentSearchForm.do?lang=EN&company_search=INTELLIPHARMACEUTICS INTERNATIO&document_selection=0&industry_group=A&FromDate=13&FromMonth=05&FromYear=2000&ToDate=13&ToMonth=11&ToYear=2020&Variable=Issuer,https://www.sedar.com/ModifyCompanyDocumentSearchForm.do?lang=EN&company_search=INTELLIPHARMACEUTICS INTERNATIO&document_selection=0&industry_group=A&FromDate=13&FromMonth=05&FromYear=2000&ToDate=13&ToMonth=11&ToYear=2020&Variable=Issuer,1620593705,16:55:05,20210509
11,2018-05-31,IPCI.TO,USD,2018-05-31,2018-05-31,Q2,576967.0,65874.0,511093.0,0.8858270923640347,2195200.0,0.0,0.0,0.0,3316893.0,3382767.0,61158.0,153844.0,-2651956.0,-4.596373796074992,-2805800.0,-4.863016429015871,7675.0,-2859276.0,-4.9557011059558,0.0,-2859276.0,-4.9557011059558,-0.7,-0.7,4183857.0,4183857.0,https://www.sedar.com/ModifyCompanyDocumentSearchForm.do?lang=EN&company_search=INTELLIPHARMACEUTICS INTERNATIO&document_selection=0&industry_group=A&FromDate=13&FromMonth=05&FromYear=2000&ToDate=13&ToMonth=11&ToYear=2020&Variable=Issuer,https://www.sedar.com/ModifyCompanyDocumentSearchForm.do?lang=EN&company_search=INTELLIPHARMACEUTICS INTERNATIO&document_selection=0&industry_group=A&FromDate=13&FromMonth=05&FromYear=2000&ToDate=13&ToMonth=11&ToYear=2020&Variable=Issuer,1620593705,16:55:05,20210509
12,2018-02-28,IPCI.TO,USD,2018-02-28,2018-02-28,Q1,334518.0,0.0,0.0,0.0,2264128.0,0.0,0.0,0.0,3425780.0,3425780.0,58351.0,148182.0,-2943080.0,-8.797972007485397,-3091262.0,-9.24094368613946,25.0,-3149588.0,-9.415302016632888,0.0,-3149588.0,-9.415302016632888,-0.9,-0.9,3470451.0,3470451.0,https://www.sedar.com/ModifyCompanyDocumentSearchForm.do?lang=EN&company_search=INTELLIPHARMACEUTICS INTERNATIO&document_selection=0&industry_group=A&FromDate=13&FromMonth=05&FromYear=2000&ToDate=13&ToMonth=11&ToYear=2020&Variable=Issuer,https://www.sedar.com/ModifyCompanyDocumentSearchForm.do?lang=EN&company_search=INTELLIPHARMACEUTICS INTERNATIO&document_selection=0&industry_group=A&FromDate=13&FromMonth=05&FromYear=2000&ToDate=13&ToMonth=11&ToYear=2020&Variable=Issuer,1620593705,16:55:05,20210509
13,2017-11-30,IPCI.TO,USD,2017-11-30,2017-11-30,Q4,1077835.0,116580.0,961255.0,0.8918387322734928,2263850.0,0.0,0.0,0.0,3259187.0,3375767.0,206487.0,175859.0,-2122073.0,-1.9688291807187557,-2297932.0,-2.1319886624576116,-6524.0,-2510936.0,-2.329610747470624,0.0,-2510936.0,-2.329610747470624,-0.10604463490638293,-0.10604463490638293,23678105.0,23678105.0,https://www.sedar.com/ModifyCompanyDocumentSearchForm.do?lang=EN&company_search=INTELLIPHARMACEUTICS INTERNATIO&document_selection=0&industry_group=A&FromDate=13&FromMonth=05&FromYear=2000&ToDate=13&ToMonth=11&ToYear=2020&Variable=Issuer,https://www.sedar.com/ModifyCompanyDocumentSearchForm.do?lang=EN&company_search=INTELLIPHARMACEUTICS INTERNATIO&document_selection=0&industry_group=A&FromDate=13&FromMonth=05&FromYear=2000&ToDate=13&ToMonth=11&ToYear=2020&Variable=Issuer,1620593705,16:55:05,20210509
14,2017-08-31,IPCI.TO,USD,2017-08-31,2017-08-31,Q3,1189739.0,376054.0,813685.0,0.6839189099457949,2298804.0,0.0,0.0,0.0,3181755.0,3557809.0,91374.0,126316.0,-2241754.0,-1.884240156874743,-2368070.0,-1.990411342319618,-90875.0,-2550314.0,-2.1435911573883013,0.0,-2550314.0,-2.1435911573883013,-0.8,-0.8,3071378.0,3071378.0,https://www.sedar.com/ModifyCompanyDocumentSearchForm.do?lang=EN&company_search=INTELLIPHARMACEUTICS INTERNATIO&document_selection=0&industry_group=A&FromDate=13&FromMonth=05&FromYear=2000&ToDate=13&ToMonth=11&ToYear=2020&Variable=Issuer,https://www.sedar.com/ModifyCompanyDocumentSearchForm.do?lang=EN&company_search=INTELLIPHARMACEUTICS INTERNATIO&document_selection=0&industry_group=A&FromDate=13&FromMonth=05&FromYear=2000&ToDate=13&ToMonth=11&ToYear=2020&Variable=Issuer,1620593705,16:55:05,20210509
15,2017-05-31,IPCI.TO,USD,2017-05-31,2017-05-31,Q2,2001512.0,211372.0,1790140.0,0.8943938382582768,2677507.0,0.0,0.0,0.0,3541008.0,3752380.0,103375.0,106854.0,-1644014.0,-0.8213860321596873,-1750868.0,-0.8747726718600738,33894.0,-1805329.0,-0.9019826011535279,0.0,-1805329.0,-0.9019826011535279,-0.6,-0.6,3038855.0,3038855.0,https://www.sedar.com/ModifyCompanyDocumentSearchForm.do?lang=EN&company_search=INTELLIPHARMACEUTICS INTERNATIO&document_selection=0&industry_group=A&FromDate=13&FromMonth=05&FromYear=2000&ToDate=13&ToMonth=11&ToYear=2020&Variable=Issuer,https://www.sedar.com/ModifyCompanyDocumentSearchForm.do?lang=EN&company_search=INTELLIPHARMACEUTICS INTERNATIO&document_selection=0&industry_group=A&FromDate=13&FromMonth=05&FromYear=2000&ToDate=13&ToMonth=11&ToYear=2020&Variable=Issuer,1620593705,16:55:05,20210509
16,2017-02-28,IPCI.TO,USD,2017-02-28,2017-02-28,Q1,1235366.0,2031192.0,-795826.0,-0.6442026087815271,0.0,0.0,0.0,0.0,1053086.0,3084278.0,125366.0,91508.0,-1757404.0,-1.4225776004843909,-1848912.0,-1.4966511948685652,-16588.0,-1990861.0,-1.6115556037643906,0.0,-1990861.0,-1.6115556037643906,-0.7,-0.7,2996633.0,2996633.0,https://www.sedar.com/ModifyCompanyDocumentSearchForm.do?lang=EN&company_search=INTELLIPHARMACEUTICS INTERNATIO&document_selection=0&industry_group=A&FromDate=13&FromMonth=05&FromYear=2000&ToDate=13&ToMonth=11&ToYear=2020&Variable=Issuer,https://www.sedar.com/ModifyCompanyDocumentSearchForm.do?lang=EN&company_search=INTELLIPHARMACEUTICS INTERNATIO&document_selection=0&industry_group=A&FromDate=13&FromMonth=05&FromYear=2000&ToDate=13&ToMonth=11&ToYear=2020&Variable=Issuer,1620593705,16:55:05,20210509
17,2016-11-30,IPCI.TO,USD,2016-11-30,2016-11-30,Q4,569096.0,0.0,0.0,0.0,0.0,0.0,0.0,0.0,-3777870.0,4388866.0,102782.0,101830.0,-3717940.0,-6.533062963015027,-3819770.0,-6.711995867129623,9245.0,-3913304.0,-6.87635126586727,0.0,-3913304.0,-6.87635126586727,-0.16527099613757099,-0.16527099613757099,23678105.0,23678105.0,https://www.sedar.com/ModifyCompanyDocumentSearchForm.do?lang=EN&company_search=INTELLIPHARMACEUTICS INTERNATIO&document_selection=0&industry_group=A&FromDate=13&FromMonth=05&FromYear=2000&ToDate=13&ToMonth=11&ToYear=2020&Variable=Issuer,https://www.sedar.com/ModifyCompanyDocumentSearchForm.do?lang=EN&company_search=INTELLIPHARMACEUTICS INTERNATIO&document_selection=0&industry_group=A&FromDate=13&FromMonth=05&FromYear=2000&ToDate=13&ToMonth=11&ToYear=2020&Variable=Issuer,1620593705,16:55:05,20210509
18,2016-08-31,IPCI.TO,USD,2016-08-31,2016-08-31,Q3,554925.0,0.0,0.0,0.0,1633150.0,0.0,0.0,0.0,2586001.0,2586001.0,52917.0,97254.0,-1933822.0,-3.484834887597423,-2031076.0,-3.660091003288733,-26163.0,-2110156.0,-3.8025967473081947,0.0,-2110156.0,-3.8025967473081947,-0.7,-0.7,2843736.0,2843736.0,https://www.sedar.com/ModifyCompanyDocumentSearchForm.do?lang=EN&company_search=INTELLIPHARMACEUTICS INTERNATIO&document_selection=0&industry_group=A&FromDate=13&FromMonth=05&FromYear=2000&ToDate=13&ToMonth=11&ToYear=2020&Variable=Issuer,https://www.sedar.com/ModifyCompanyDocumentSearchForm.do?lang=EN&company_search=INTELLIPHARMACEUTICS INTERNATIO&document_selection=0&industry_group=A&FromDate=13&FromMonth=05&FromYear=2000&ToDate=13&ToMonth=11&ToYear=2020&Variable=Issuer,1620593705,16:55:05,20210509
19,2016-05-31,IPCI.TO,USD,2016-05-31,2016-05-31,Q2,556044.0,0.0,0.0,0.0,1458647.0,0.0,0.0,0.0,2461940.0,2461940.0,58798.0,93891.0,-1812005.0,-3.25874391235226,-1905896.0,-3.4275992547352367,-35444.0,-2000077.0,-3.5969761385789614,0.0,-2000077.0,-3.5969761385789614,-0.8,-0.8,2475258.0,2475258.0,https://www.sedar.com/ModifyCompanyDocumentSearchForm.do?lang=EN&company_search=INTELLIPHARMACEUTICS INTERNATIO&document_selection=0&industry_group=A&FromDate=13&FromMonth=05&FromYear=2000&ToDate=13&ToMonth=11&ToYear=2020&Variable=Issuer,https://www.sedar.com/ModifyCompanyDocumentSearchForm.do?lang=EN&company_search=INTELLIPHARMACEUTICS INTERNATIO&document_selection=0&industry_group=A&FromDate=13&FromMonth=05&FromYear=2000&ToDate=13&ToMonth=11&ToYear=2020&Variable=Issuer,1620593705,16:55:05,20210509
20,2016-02-29,IPCI.TO,USD,2016-02-29,2016-02-29,Q1,566937.0,0.0,0.0,0.0,1812608.0,0.0,0.0,0.0,2661271.0,2661271.0,55741.0,92235.0,-2002099.0,-3.531431181947906,-2094334.0,-3.694121216290346,29895.0,-2120040.0,-3.73946311494928,0.0,-2120040.0,-3.73946311494928,-0.9,-0.9,2443120.0,2443120.0,https://www.sedar.com/ModifyCompanyDocumentSearchForm.do?lang=EN&company_search=INTELLIPHARMACEUTICS INTERNATIO&document_selection=0&industry_group=A&FromDate=13&FromMonth=05&FromYear=2000&ToDate=13&ToMonth=11&ToYear=2020&Variable=Issuer,https://www.sedar.com/ModifyCompanyDocumentSearchForm.do?lang=EN&company_search=INTELLIPHARMACEUTICS INTERNATIO&document_selection=0&industry_group=A&FromDate=13&FromMonth=05&FromYear=2000&ToDate=13&ToMonth=11&ToYear=2020&Variable=Issuer,1620593705,16:55:05,20210509
21,2015-11-30,IPCI.TO,USD,2015-11-30,2015-11-30,Q4,845103.0,7247473.0,-6402370.0,-7.575845784478342,0.0,0.0,0.0,0.0,-3264060.0,3983413.0,6975.0,107020.0,-3031290.0,-3.5868882254589085,-3138310.0,-3.7135236769955853,12488.0,-3132788.0,-3.706989562219043,0.0,-3132788.0,-3.706989562219043,-0.1323073784832021,-0.1323073784832021,23678105.0,23678105.0,https://www.sedar.com/ModifyCompanyDocumentSearchForm.do?lang=EN&company_search=INTELLIPHARMACEUTICS INTERNATIO&document_selection=0&industry_group=A&FromDate=13&FromMonth=05&FromYear=2000&ToDate=13&ToMonth=11&ToYear=2020&Variable=Issuer,https://www.sedar.com/ModifyCompanyDocumentSearchForm.do?lang=EN&company_search=INTELLIPHARMACEUTICS INTERNATIO&document_selection=0&industry_group=A&FromDate=13&FromMonth=05&FromYear=2000&ToDate=13&ToMonth=11&ToYear=2020&Variable=Issuer,1620593705,16:55:05,20210509
22,2015-08-31,IPCI.TO,USD,2015-08-31,2015-08-31,Q3,840748.0,0.0,840748.0,1.0,1676549.0,0.0,0.0,0.0,2590612.0,2590612.0,29890.0,97796.0,-1652068.0,-1.9649978352609818,-1749864.0,-2.081318064390281,-103397.0,-1881670.0,-2.238090367149253,0.0,-1881670.0,-2.238090367149253,-0.8,-0.8,2395116.0,2395116.0,https://www.sedar.com/ModifyCompanyDocumentSearchForm.do?lang=EN&company_search=INTELLIPHARMACEUTICS INTERNATIO&document_selection=0&industry_group=A&FromDate=13&FromMonth=05&FromYear=2000&ToDate=13&ToMonth=11&ToYear=2020&Variable=Issuer,https://www.sedar.com/ModifyCompanyDocumentSearchForm.do?lang=EN&company_search=INTELLIPHARMACEUTICS INTERNATIO&document_selection=0&industry_group=A&FromDate=13&FromMonth=05&FromYear=2000&ToDate=13&ToMonth=11&ToYear=2020&Variable=Issuer,1620593705,16:55:05,20210509
23,2015-05-31,IPCI.TO,USD,2015-05-31,2015-05-31,Q2,1268245.0,0.0,1268245.0,1.0,1593753.0,0.0,0.0,0.0,2646259.0,2646259.0,122168.0,88359.0,-1289655.0,-1.0168815962215503,-1378014.0,-1.0865518886335053,-7105.0,-1507270.0,-1.188469104944234,0.0,-1507270.0,-1.188469104944234,-0.6,-0.6,2355838.0,2355838.0,https://www.sedar.com/ModifyCompanyDocumentSearchForm.do?lang=EN&company_search=INTELLIPHARMACEUTICS INTERNATIO&document_selection=0&industry_group=A&FromDate=13&FromMonth=05&FromYear=2000&ToDate=13&ToMonth=11&ToYear=2020&Variable=Issuer,https://www.sedar.com/ModifyCompanyDocumentSearchForm.do?lang=EN&company_search=INTELLIPHARMACEUTICS INTERNATIO&document_selection=0&industry_group=A&FromDate=13&FromMonth=05&FromYear=2000&ToDate=13&ToMonth=11&ToYear=2020&Variable=Issuer,1620593705,16:55:05,20210509
24,2015-02-28,IPCI.TO,USD,2015-02-28,2015-02-28,Q1,1139685.0,1018322.0,121363.0,0.10648819629985479,0.0,0.0,0.0,0.0,968629.0,1986951.0,97596.0,84674.0,-762592.0,-0.6691252407463466,-847266.0,-0.7434212084918201,30202.0,-914660.0,-0.8025550919771691,0.0,-914660.0,-0.8025550919771691,-0.4,-0.4,2347405.0,2347405.0,https://www.sedar.com/ModifyCompanyDocumentSearchForm.do?lang=EN&company_search=INTELLIPHARMACEUTICS INTERNATIO&document_selection=0&industry_group=A&FromDate=13&FromMonth=05&FromYear=2000&ToDate=13&ToMonth=11&ToYear=2020&Variable=Issuer,https://www.sedar.com/ModifyCompanyDocumentSearchForm.do?lang=EN&company_search=INTELLIPHARMACEUTICS INTERNATIO&document_selection=0&industry_group=A&FromDate=13&FromMonth=05&FromYear=2000&ToDate=13&ToMonth=11&ToYear=2020&Variable=Issuer,1620593705,16:55:05,20210509
25,2014-11-30,IPCI.TO,USD,2014-11-30,2014-11-30,Q4,1536990.0,8020201.0,-6483211.0,-4.218121783485905,0.0,0.0,0.0,0.0,-5355511.0,2664690.0,104630.0,117574.0,-1010126.0,-0.6572105218641631,-1127700.0,-0.7337067905451564,-16479.0,-1247104.0,-0.8113936980722061,0.0,-1247104.0,-0.8113936980722061,-0.052669079725763526,-0.052669079725763526,23678105.0,23678105.0,https://www.sedar.com/ModifyCompanyDocumentSearchForm.do?lang=EN&company_search=INTELLIPHARMACEUTICS INTERNATIO&document_selection=0&industry_group=A&FromDate=13&FromMonth=05&FromYear=2000&ToDate=13&ToMonth=11&ToYear=2020&Variable=Issuer,https://www.sedar.com/ModifyCompanyDocumentSearchForm.do?lang=EN&company_search=INTELLIPHARMACEUTICS INTERNATIO&document_selection=0&industry_group=A&FromDate=13&FromMonth=05&FromYear=2000&ToDate=13&ToMonth=11&ToYear=2020&Variable=Issuer,1620593705,16:55:05,20210509
26,2014-08-31,IPCI.TO,USD,2014-08-31,2014-08-31,Q3,1072703.0,0.0,1072703.0,1.0,1693549.0,0.0,0.0,0.0,2657359.0,2657359.0,76897.0,106022.0,-1478634.0,-1.3784188167647522,-1584656.0,-1.4772551209421434,-10659.0,-1670407.0,-1.5571943026168473,0.0,-1670407.0,-1.5571943026168473,-0.7,-0.7,2332842.0,2332842.0,https://www.sedar.com/ModifyCompanyDocumentSearchForm.do?lang=EN&company_search=INTELLIPHARMACEUTICS INTERNATIO&document_selection=0&industry_group=A&FromDate=13&FromMonth=05&FromYear=2000&ToDate=13&ToMonth=11&ToYear=2020&Variable=Issuer,https://www.sedar.com/ModifyCompanyDocumentSearchForm.do?lang=EN&company_search=INTELLIPHARMACEUTICS INTERNATIO&document_selection=0&industry_group=A&FromDate=13&FromMonth=05&FromYear=2000&ToDate=13&ToMonth=11&ToYear=2020&Variable=Issuer,1620593705,16:55:05,20210509
27,2014-05-31,IPCI.TO,USD,2014-05-31,2014-05-31,Q2,1478942.0,0.0,1478942.0,1.0,3362837.0,0.0,0.0,0.0,4544567.0,4544567.0,75646.0,86182.0,-2979443.0,-2.0145773127005655,-3065625.0,-2.0728500509147754,-266.0,-3140275.0,-2.123325323102596,0.0,-3140275.0,-2.123325323102596,-1.4,-1.4,2323149.0,2323149.0,https://www.sedar.com/ModifyCompanyDocumentSearchForm.do?lang=EN&company_search=INTELLIPHARMACEUTICS INTERNATIO&document_selection=0&industry_group=A&FromDate=13&FromMonth=05&FromYear=2000&ToDate=13&ToMonth=11&ToYear=2020&Variable=Issuer,https://www.sedar.com/ModifyCompanyDocumentSearchForm.do?lang=EN&company_search=INTELLIPHARMACEUTICS INTERNATIO&document_selection=0&industry_group=A&FromDate=13&FromMonth=05&FromYear=2000&ToDate=13&ToMonth=11&ToYear=2020&Variable=Issuer,1620593705,16:55:05,20210509
28,2014-02-28,IPCI.TO,USD,2014-02-28,2014-02-28,Q1,4681058.0,1357446.0,3323612.0,0.710012992789237,0.0,0.0,0.0,0.0,1078325.0,2435771.0,82278.0,71607.0,2316894.0,0.4949509277603482,2245287.0,0.4796537449439849,38300.0,2201435.0,0.4702857772751374,0.0,2201435.0,0.4702857772751374,1.0,0.9,2228033.0,2356112.0,https://www.sedar.com/ModifyCompanyDocumentSearchForm.do?lang=EN&company_search=INTELLIPHARMACEUTICS INTERNATIO&document_selection=0&industry_group=A&FromDate=13&FromMonth=05&FromYear=2000&ToDate=13&ToMonth=11&ToYear=2020&Variable=Issuer,https://www.sedar.com/ModifyCompanyDocumentSearchForm.do?lang=EN&company_search=INTELLIPHARMACEUTICS INTERNATIO&document_selection=0&industry_group=A&FromDate=13&FromMonth=05&FromYear=2000&ToDate=13&ToMonth=11&ToYear=2020&Variable=Issuer,1620593705,16:55:05,20210509
29,2013-11-30,IPCI.TO,USD,2013-11-30,2013-11-30,Q4,1527474.0,1799448.0,-271974.0,-0.17805474921340722,0.0,0.0,0.0,0.0,791995.0,2591443.0,191618.0,95471.0,-968498.0,-0.6340520362376053,-1063969.0,-0.6965545731056634,-5181757.0,-6325440.0,-4.141111403532892,0.0,-6325440.0,-4.141111403532892,-0.26714299983043405,-0.26714299983043405,23678105.0,23678105.0,https://www.sedar.com/ModifyCompanyDocumentSearchForm.do?lang=EN&company_search=INTELLIPHARMACEUTICS INTERNATIO&document_selection=0&industry_group=A&FromDate=13&FromMonth=05&FromYear=2000&ToDate=13&ToMonth=11&ToYear=2020&Variable=Issuer,https://www.sedar.com/ModifyCompanyDocumentSearchForm.do?lang=EN&company_search=INTELLIPHARMACEUTICS INTERNATIO&document_selection=0&industry_group=A&FromDate=13&FromMonth=05&FromYear=2000&ToDate=13&ToMonth=11&ToYear=2020&Variable=Issuer,1620593705,16:55:05,20210509
30,2013-08-31,IPCI.TO,USD,2013-08-31,2013-08-31,Q3,0.0,1004966.0,-1004966.0,0.0,0.0,0.0,0.0,0.0,698936.0,1703902.0,86156.0,108257.0,-1595645.0,0.0,-1703902.0,0.0,-205398.0,-2047783.0,0.0,0.0,-2047783.0,0.0,-1.0,-1.0,2022737.0,2022737.0,https://www.sedar.com/ModifyCompanyDocumentSearchForm.do?lang=EN&company_search=INTELLIPHARMACEUTICS INTERNATIO&document_selection=0&industry_group=A&FromDate=13&FromMonth=05&FromYear=2000&ToDate=13&ToMonth=11&ToYear=2020&Variable=Issuer,https://www.sedar.com/ModifyCompanyDocumentSearchForm.do?lang=EN&company_search=INTELLIPHARMACEUTICS INTERNATIO&document_selection=0&industry_group=A&FromDate=13&FromMonth=05&FromYear=2000&ToDate=13&ToMonth=11&ToYear=2020&Variable=Issuer,1620593705,16:55:05,20210509
31,2013-05-31,IPCI.TO,USD,2013-05-31,2013-05-31,Q2,0.0,934068.0,-934068.0,0.0,0.0,0.0,0.0,0.0,852444.0,1786512.0,86780.0,100013.0,-1686499.0,0.0,-1786512.0,0.0,148378.0,-1781662.0,0.0,0.0,-1781662.0,0.0,-0.9,-0.9,1928791.0,1928791.0,https://www.sedar.com/ModifyCompanyDocumentSearchForm.do?lang=EN&company_search=INTELLIPHARMACEUTICS INTERNATIO&document_selection=0&industry_group=A&FromDate=13&FromMonth=05&FromYear=2000&ToDate=13&ToMonth=11&ToYear=2020&Variable=Issuer,https://www.sedar.com/ModifyCompanyDocumentSearchForm.do?lang=EN&company_search=INTELLIPHARMACEUTICS INTERNATIO&document_selection=0&industry_group=A&FromDate=13&FromMonth=05&FromYear=2000&ToDate=13&ToMonth=11&ToYear=2020&Variable=Issuer,1620593705,16:55:05,20210509
32,2013-02-28,IPCI.TO,USD,2013-02-28,2013-02-28,Q1,0.0,1337755.0,-1337755.0,0.0,0.0,0.0,0.0,0.0,926530.0,2264285.0,65398.0,93073.0,-2171212.0,0.0,-2264285.0,0.0,989540.0,-1340133.0,0.0,0.0,-1340133.0,0.0,-0.7,-0.7,1790693.0,1790693.0,https://www.sedar.com/ModifyCompanyDocumentSearchForm.do?lang=EN&company_search=INTELLIPHARMACEUTICS INTERNATIO&document_selection=0&industry_group=A&FromDate=13&FromMonth=05&FromYear=2000&ToDate=13&ToMonth=11&ToYear=2020&Variable=Issuer,https://www.sedar.com/ModifyCompanyDocumentSearchForm.do?lang=EN&company_search=INTELLIPHARMACEUTICS INTERNATIO&document_selection=0&industry_group=A&FromDate=13&FromMonth=05&FromYear=2000&ToDate=13&ToMonth=11&ToYear=2020&Variable=Issuer,1620593705,16:55:05,20210509
33,2012-11-30,IPCI.TO,USD,2012-11-30,2012-11-30,Q4,0.0,1611168.0,-1611168.0,0.0,0.0,0.0,0.0,0.0,1152866.0,2764034.0,15668.0,185978.0,-2578056.0,0.0,-2764034.0,0.0,1394226.0,0.0,0.0,0.0,-1384265.0,0.0,-0.058461815250840383,-0.058461815250840383,23678105.0,23678105.0,https://www.sedar.com/ModifyCompanyDocumentSearchForm.do?lang=EN&company_search=INTELLIPHARMACEUTICS INTERNATIO&document_selection=0&industry_group=A&FromDate=13&FromMonth=05&FromYear=2000&ToDate=13&ToMonth=11&ToYear=2020&Variable=Issuer,https://www.sedar.com/ModifyCompanyDocumentSearchForm.do?lang=EN&company_search=INTELLIPHARMACEUTICS INTERNATIO&document_selection=0&industry_group=A&FromDate=13&FromMonth=05&FromYear=2000&ToDate=13&ToMonth=11&ToYear=2020&Variable=Issuer,1620593705,16:55:05,20210509
34,2012-08-31,IPCI.TO,USD,2012-08-31,2012-08-31,Q3,0.0,1279401.0,-1279401.0,0.0,0.0,0.0,0.0,0.0,861505.0,2140906.0,15372.0,128890.0,-2012016.0,0.0,-2140906.0,0.0,696103.0,0.0,0.0,0.0,-1458238.0,0.0,-0.8,-0.8,1778640.0,1778640.0,https://www.sedar.com/ModifyCompanyDocumentSearchForm.do?lang=EN&company_search=INTELLIPHARMACEUTICS INTERNATIO&document_selection=0&industry_group=A&FromDate=13&FromMonth=05&FromYear=2000&ToDate=13&ToMonth=11&ToYear=2020&Variable=Issuer,https://www.sedar.com/ModifyCompanyDocumentSearchForm.do?lang=EN&company_search=INTELLIPHARMACEUTICS INTERNATIO&document_selection=0&industry_group=A&FromDate=13&FromMonth=05&FromYear=2000&ToDate=13&ToMonth=11&ToYear=2020&Variable=Issuer,1620593705,16:55:05,20210509
35,2012-05-31,IPCI.TO,USD,2012-05-31,2012-05-31,Q2,0.0,1098421.0,-1098421.0,0.0,0.0,0.0,0.0,0.0,899119.0,1997540.0,15891.0,76065.0,-1921475.0,0.0,-1997540.0,0.0,646675.0,0.0,0.0,0.0,-1357843.0,0.0,-0.8,-0.8,1745518.0,1745518.0,https://www.sedar.com/ModifyCompanyDocumentSearchForm.do?lang=EN&company_search=INTELLIPHARMACEUTICS INTERNATIO&document_selection=0&industry_group=A&FromDate=13&FromMonth=05&FromYear=2000&ToDate=13&ToMonth=11&ToYear=2020&Variable=Issuer,https://www.sedar.com/ModifyCompanyDocumentSearchForm.do?lang=EN&company_search=INTELLIPHARMACEUTICS INTERNATIO&document_selection=0&industry_group=A&FromDate=13&FromMonth=05&FromYear=2000&ToDate=13&ToMonth=11&ToYear=2020&Variable=Issuer,1620593705,16:55:05,20210509
36,2012-02-29,IPCI.TO,USD,2012-02-29,2012-02-29,Q1,107091.0,2003427.0,-1896336.0,-17.7077065299605,0.0,0.0,0.0,0.0,1211126.0,3214553.0,16475.0,61370.0,-3046092.0,-28.44395887609603,-3107462.0,-29.017022905753052,1178788.0,0.0,0.0,0.0,-1936519.0,-18.082929471197392,-1.2,-1.2,1592932.0,1592932.0,https://www.sedar.com/ModifyCompanyDocumentSearchForm.do?lang=EN&company_search=INTELLIPHARMACEUTICS INTERNATIO&document_selection=0&industry_group=A&FromDate=13&FromMonth=05&FromYear=2000&ToDate=13&ToMonth=11&ToYear=2020&Variable=Issuer,https://www.sedar.com/ModifyCompanyDocumentSearchForm.do?lang=EN&company_search=INTELLIPHARMACEUTICS INTERNATIO&document_selection=0&industry_group=A&FromDate=13&FromMonth=05&FromYear=2000&ToDate=13&ToMonth=11&ToYear=2020&Variable=Issuer,1620593705,16:55:05,20210509
37,2011-11-30,IPCI.TO,USD,2011-11-30,2011-11-30,Q4,0.0,1264402.0,-1264402.0,0.0,0.0,0.0,0.0,0.0,977377.0,2241779.0,2375841.0,61779.0,-2180000.0,0.0,-2241779.0,0.0,3312497.0,0.0,0.0,0.0,-1285131.0,0.0,-0.05427507817876473,-0.05427507817876473,23678105.0,23678105.0,https://www.sedar.com/ModifyCompanyDocumentSearchForm.do?lang=EN&company_search=INTELLIPHARMACEUTICS INTERNATIO&document_selection=0&industry_group=A&FromDate=13&FromMonth=05&FromYear=2000&ToDate=13&ToMonth=11&ToYear=2020&Variable=Issuer,https://www.sedar.com/ModifyCompanyDocumentSearchForm.do?lang=EN&company_search=INTELLIPHARMACEUTICS INTERNATIO&document_selection=0&industry_group=A&FromDate=13&FromMonth=05&FromYear=2000&ToDate=13&ToMonth=11&ToYear=2020&Variable=Issuer,1620593705,16:55:05,20210509
38,2011-08-31,IPCI.TO,USD,2011-08-31,2011-08-31,Q3,501814.0,1237291.0,-735477.0,-1.4656366701606571,0.0,0.0,0.0,0.0,627755.0,1865046.0,20449.0,61332.0,-1301900.0,-2.594387561925335,-1363232.0,-2.7166081456475903,2465612.0,0.0,0.0,0.0,1097131.0,2.186329994778942,0.7,0.5,1590695.0,2391346.0,https://www.sedar.com/ModifyCompanyDocumentSearchForm.do?lang=EN&company_search=INTELLIPHARMACEUTICS INTERNATIO&document_selection=0&industry_group=A&FromDate=13&FromMonth=05&FromYear=2000&ToDate=13&ToMonth=11&ToYear=2020&Variable=Issuer,https://www.sedar.com/ModifyCompanyDocumentSearchForm.do?lang=EN&company_search=INTELLIPHARMACEUTICS INTERNATIO&document_selection=0&industry_group=A&FromDate=13&FromMonth=05&FromYear=2000&ToDate=13&ToMonth=11&ToYear=2020&Variable=Issuer,1620593705,16:55:05,20210509
39,2011-05-31,IPCI.TO,USD,2011-05-31,2011-05-31,Q2,0.0,1434419.0,-1434419.0,0.0,0.0,0.0,0.0,0.0,966623.0,2401042.0,21634.0,53832.0,-2347210.0,0.0,-2401042.0,0.0,438484.0,0.0,0.0,0.0,-1968783.0,0.0,-1.2,-1.2,1575772.0,1575772.0,https://www.sedar.com/ModifyCompanyDocumentSearchForm.do?lang=EN&company_search=INTELLIPHARMACEUTICS INTERNATIO&document_selection=0&industry_group=A&FromDate=13&FromMonth=05&FromYear=2000&ToDate=13&ToMonth=11&ToYear=2020&Variable=Issuer,https://www.sedar.com/ModifyCompanyDocumentSearchForm.do?lang=EN&company_search=INTELLIPHARMACEUTICS INTERNATIO&document_selection=0&industry_group=A&FromDate=13&FromMonth=05&FromYear=2000&ToDate=13&ToMonth=11&ToYear=2020&Variable=Issuer,1620593705,16:55:05,20210509
40,2011-02-28,IPCI.TO,USD,2011-02-28,2011-02-28,Q1,0.0,1189496.0,-1189496.0,0.0,0.0,0.0,0.0,0.0,581155.0,1770651.0,2246766.0,50513.0,-1720138.0,0.0,-1770651.0,0.0,1283735.0,0.0,0.0,0.0,-2723493.0,0.0,-2.2,-2.2,1235594.0,1235594.0,https://www.sedar.com/ModifyCompanyDocumentSearchForm.do?lang=EN&company_search=INTELLIPHARMACEUTICS INTERNATIO&document_selection=0&industry_group=A&FromDate=13&FromMonth=05&FromYear=2000&ToDate=13&ToMonth=11&ToYear=2020&Variable=Issuer,https://www.sedar.com/ModifyCompanyDocumentSearchForm.do?lang=EN&company_search=INTELLIPHARMACEUTICS INTERNATIO&document_selection=0&industry_group=A&FromDate=13&FromMonth=05&FromYear=2000&ToDate=13&ToMonth=11&ToYear=2020&Variable=Issuer,1620593705,16:55:05,20210509
41,2010-11-30,IPCI.TO,USD,2010-11-30,2010-11-30,Q4,7164.0,1175756.0,-1168592.0,-163.12004466778336,0.0,0.0,0.0,0.0,850267.0,2026023.0,24410.0,64364.0,-1954495.0,-272.821747627024,-2018859.0,-281.8061139028476,138311.0,0.0,0.0,0.0,-1903629.0,-265.7215242881072,-0.08039617190649335,-0.08039617190649335,23678105.0,23678105.0,https://www.sedar.com/ModifyCompanyDocumentSearchForm.do?lang=EN&company_search=INTELLIPHARMACEUTICS INTERNATIO&document_selection=0&industry_group=A&FromDate=13&FromMonth=05&FromYear=2000&ToDate=13&ToMonth=11&ToYear=2020&Variable=Issuer,https://www.sedar.com/ModifyCompanyDocumentSearchForm.do?lang=EN&company_search=INTELLIPHARMACEUTICS INTERNATIO&document_selection=0&industry_group=A&FromDate=13&FromMonth=05&FromYear=2000&ToDate=13&ToMonth=11&ToYear=2020&Variable=Issuer,1620593705,16:55:05,20210509
42,2010-08-31,IPCI.TO,USD,2010-08-31,2010-08-31,Q3,0.0,1483128.0,-1483128.0,0.0,0.0,0.0,0.0,0.0,589175.0,2072303.0,24060.0,62531.0,-2009772.0,0.0,-2072303.0,0.0,-19037.0,0.0,0.0,0.0,-2113462.0,0.0,-1.9,-1.9,1090705.0,1090705.0,https://www.sedar.com/ModifyCompanyDocumentSearchForm.do?lang=EN&company_search=INTELLIPHARMACEUTICS INTERNATIO&document_selection=0&industry_group=A&FromDate=13&FromMonth=05&FromYear=2000&ToDate=13&ToMonth=11&ToYear=2020&Variable=Issuer,https://www.sedar.com/ModifyCompanyDocumentSearchForm.do?lang=EN&company_search=INTELLIPHARMACEUTICS INTERNATIO&document_selection=0&industry_group=A&FromDate=13&FromMonth=05&FromYear=2000&ToDate=13&ToMonth=11&ToYear=2020&Variable=Issuer,1620593705,16:55:05,20210509
43,2010-05-31,IPCI.TO,USD,2010-05-31,2010-05-31,Q2,1449624.0,1174769.0,274855.0,0.18960433878026303,0.0,0.0,0.0,0.0,743526.0,1918295.0,24626.0,60898.0,-407773.0,-0.2812957015060457,-468671.0,-0.32330521569731185,156749.0,0.0,0.0,0.0,-316447.0,-0.2182959167342704,-0.3,-0.3,1090705.0,1090705.0,https://www.sedar.com/ModifyCompanyDocumentSearchForm.do?lang=EN&company_search=INTELLIPHARMACEUTICS INTERNATIO&document_selection=0&industry_group=A&FromDate=13&FromMonth=05&FromYear=2000&ToDate=13&ToMonth=11&ToYear=2020&Variable=Issuer,https://www.sedar.com/ModifyCompanyDocumentSearchForm.do?lang=EN&company_search=INTELLIPHARMACEUTICS INTERNATIO&document_selection=0&industry_group=A&FromDate=13&FromMonth=05&FromYear=2000&ToDate=13&ToMonth=11&ToYear=2020&Variable=Issuer,1620593705,16:55:05,20210509
44,2010-02-28,IPCI.TO,USD,2010-02-28,2010-02-28,Q1,2597.0,699658.0,-697061.0,-268.41008856372736,0.0,0.0,0.0,0.0,759014.0,1458672.0,25339.0,54985.0,-1401090.0,-539.5032730073161,-1456075.0,-560.6757797458606,50228.0,0.0,0.0,0.0,-1427553.0,-549.6931074316519,-1.3,-1.3,1090705.0,1090705.0,https://www.sedar.com/ModifyCompanyDocumentSearchForm.do?lang=EN&company_search=INTELLIPHARMACEUTICS INTERNATIO&document_selection=0&industry_group=A&FromDate=13&FromMonth=05&FromYear=2000&ToDate=13&ToMonth=11&ToYear=2020&Variable=Issuer,https://www.sedar.com/ModifyCompanyDocumentSearchForm.do?lang=EN&company_search=INTELLIPHARMACEUTICS INTERNATIO&document_selection=0&industry_group=A&FromDate=13&FromMonth=05&FromYear=2000&ToDate=13&ToMonth=11&ToYear=2020&Variable=Issuer,1620593705,16:55:05,20210509
45,2009-08-31,IPCI.TO,USD,2009-08-31,2009-08-31,Q3,0.0,0.0,0.0,0.0,6391.234878,1049988.587081,0.0,0.0,1056379.821958,1056379.821958,0.0,1817.271831,-1054562.550127,0.0,-1056379.821958,0.0,-913.033554,0.0,0.0,0.0,-1057292.855512,0.0,-0.456517,-0.456517,2262300.0,2262300.0,https://www.sedar.com/ModifyCompanyDocumentSearchForm.do?lang=EN&company_search=INTELLIPHARMACEUTICS INTERNATIO&document_selection=0&industry_group=A&FromDate=13&FromMonth=05&FromYear=2000&ToDate=13&ToMonth=11&ToYear=2020&Variable=Issuer,https://www.sedar.com/ModifyCompanyDocumentSearchForm.do?lang=EN&company_search=INTELLIPHARMACEUTICS INTERNATIO&document_selection=0&industry_group=A&FromDate=13&FromMonth=05&FromYear=2000&ToDate=13&ToMonth=11&ToYear=2020&Variable=Issuer,1620593705,16:55:05,20210509
46,2009-05-31,IPCI.TO,USD,2009-05-31,2009-05-31,Q2,0.0,0.0,0.0,0.0,293577.981651,915596.330275,0.0,0.0,1209174.311927,1209174.311927,0.0,259.501037,-1208914.81089,0.0,-1209174.311927,0.0,-77064.220183,0.0,0.0,0.0,-1279816.513761,0.0,-0.550459,-0.550459,2254700.0,2254700.0,https://www.sedar.com/ModifyCompanyDocumentSearchForm.do?lang=EN&company_search=INTELLIPHARMACEUTICS INTERNATIO&document_selection=0&industry_group=A&FromDate=13&FromMonth=05&FromYear=2000&ToDate=13&ToMonth=11&ToYear=2020&Variable=Issuer,https://www.sedar.com/ModifyCompanyDocumentSearchForm.do?lang=EN&company_search=INTELLIPHARMACEUTICS INTERNATIO&document_selection=0&industry_group=A&FromDate=13&FromMonth=05&FromYear=2000&ToDate=13&ToMonth=11&ToYear=2020&Variable=Issuer,1620593705,16:55:05,20210509
47,2009-02-28,IPCI.TO,USD,2009-02-28,2009-02-28,Q1,0.0,28356.504273,-28356.504273,0.0,0.0,1926666.929227,0.0,0.0,1903036.508999,1931393.013272,0.0,1575.361349,-1929817.651923,0.0,-1931393.013272,0.0,402504.824544,0.0,0.0,0.0,-1528888.188728,0.0,-0.708913,-0.708913,2246700.0,2246700.0,https://www.sedar.com/ModifyCompanyDocumentSearchForm.do?lang=EN&company_search=INTELLIPHARMACEUTICS INTERNATIO&document_selection=0&industry_group=A&FromDate=13&FromMonth=05&FromYear=2000&ToDate=13&ToMonth=11&ToYear=2020&Variable=Issuer,https://www.sedar.com/ModifyCompanyDocumentSearchForm.do?lang=EN&company_search=INTELLIPHARMACEUTICS INTERNATIO&document_selection=0&industry_group=A&FromDate=13&FromMonth=05&FromYear=2000&ToDate=13&ToMonth=11&ToYear=2020&Variable=Issuer,1620593705,16:55:05,20210509
48,2008-11-30,IPCI.TO,USD,2008-11-30,2008-11-30,Q4,0.0,0.0,0.0,0.0,-1140624.064649,0.0,0.0,0.0,-1249572.976539,-1249572.976539,0.0,-181515.499207,1068057.477332,0.0,1249572.976539,0.0,-196346.212945,0.0,0.0,0.0,1481945.372956,0.0,0.06258716113286937,0.06258716113286937,23678105.0,23678105.0,https://www.sedar.com/ModifyCompanyDocumentSearchForm.do?lang=EN&company_search=INTELLIPHARMACEUTICS INTERNATIO&document_selection=0&industry_group=A&FromDate=13&FromMonth=05&FromYear=2000&ToDate=13&ToMonth=11&ToYear=2020&Variable=Issuer,https://www.sedar.com/ModifyCompanyDocumentSearchForm.do?lang=EN&company_search=INTELLIPHARMACEUTICS INTERNATIO&document_selection=0&industry_group=A&FromDate=13&FromMonth=05&FromYear=2000&ToDate=13&ToMonth=11&ToYear=2020&Variable=Issuer,1620593705,16:55:05,20210509
49,2008-08-31,IPCI.TO,USD,2008-08-31,2008-08-31,Q3,0.0,0.0,0.0,0.0,1031716.087734,0.0,0.0,0.0,2507741.692554,2507741.692554,0.0,168148.599043,-2339593.093511,0.0,-2507741.692554,0.0,129089.711004,0.0,0.0,0.0,-2434690.765321,0.0,-1.129624,-1.129624,2239100.0,2239100.0,https://www.sedar.com/ModifyCompanyDocumentSearchForm.do?lang=EN&company_search=INTELLIPHARMACEUTICS INTERNATIO&document_selection=0&industry_group=A&FromDate=13&FromMonth=05&FromYear=2000&ToDate=13&ToMonth=11&ToYear=2020&Variable=Issuer,https://www.sedar.com/ModifyCompanyDocumentSearchForm.do?lang=EN&company_search=INTELLIPHARMACEUTICS INTERNATIO&document_selection=0&industry_group=A&FromDate=13&FromMonth=05&FromYear=2000&ToDate=13&ToMonth=11&ToYear=2020&Variable=Issuer,1620593705,16:55:05,20210509
50,2008-05-31,IPCI.TO,USD,2008-05-31,2008-05-31,Q2,0.0,0.0,0.0,0.0,4887588.253042,0.0,0.0,0.0,7833148.949009,7833148.949009,0.0,124900.512043,-7708248.436966,0.0,-7833148.949009,0.0,373197.224178,0.0,0.0,0.0,-7460951.423112,0.0,-3.318918,-3.318918,2248007.0,2248007.0,https://www.sedar.com/ModifyCompanyDocumentSearchForm.do?lang=EN&company_search=INTELLIPHARMACEUTICS INTERNATIO&document_selection=0&industry_group=A&FromDate=13&FromMonth=05&FromYear=2000&ToDate=13&ToMonth=11&ToYear=2020&Variable=Issuer,https://www.sedar.com/ModifyCompanyDocumentSearchForm.do?lang=EN&company_search=INTELLIPHARMACEUTICS INTERNATIO&document_selection=0&industry_group=A&FromDate=13&FromMonth=05&FromYear=2000&ToDate=13&ToMonth=11&ToYear=2020&Variable=Issuer,1620593705,16:55:05,20210509
51,2008-02-29,IPCI.TO,USD,2008-02-29,2008-02-29,Q1,0.0,0.0,0.0,0.0,2834902.560963,0.0,0.0,0.0,5570492.806856,5570492.806856,0.0,63198.653199,-5507294.153657,0.0,-5570492.806856,0.0,141443.730232,0.0,0.0,0.0,-5428046.117743,0.0,-2.439241,-2.439241,2239100.0,2239100.0,https://www.sedar.com/ModifyCompanyDocumentSearchForm.do?lang=EN&company_search=INTELLIPHARMACEUTICS INTERNATIO&document_selection=0&industry_group=A&FromDate=13&FromMonth=05&FromYear=2000&ToDate=13&ToMonth=11&ToYear=2020&Variable=Issuer,https://www.sedar.com/ModifyCompanyDocumentSearchForm.do?lang=EN&company_search=INTELLIPHARMACEUTICS INTERNATIO&document_selection=0&industry_group=A&FromDate=13&FromMonth=05&FromYear=2000&ToDate=13&ToMonth=11&ToYear=2020&Variable=Issuer,1620593705,16:55:05,20210509
52,2007-11-30,IPCI.TO,USD,2007-11-30,2007-11-30,Q4,0.0,0.0,0.0,0.0,3183842.620013,0.0,0.0,0.0,5696443.027279,5696443.027279,10.651306,153163.056075,-5543279.971204,0.0,-5696443.027279,0.0,-1876124.303369,0.0,0.0,0.0,-7255275.059431,0.0,-0.30641282566451156,-0.30641282566451156,23678105.0,23678105.0,https://www.sedar.com/ModifyCompanyDocumentSearchForm.do?lang=EN&company_search=INTELLIPHARMACEUTICS INTERNATIO&document_selection=0&industry_group=A&FromDate=13&FromMonth=05&FromYear=2000&ToDate=13&ToMonth=11&ToYear=2020&Variable=Issuer,https://www.sedar.com/ModifyCompanyDocumentSearchForm.do?lang=EN&company_search=INTELLIPHARMACEUTICS INTERNATIO&document_selection=0&industry_group=A&FromDate=13&FromMonth=05&FromYear=2000&ToDate=13&ToMonth=11&ToYear=2020&Variable=Issuer,1620593705,16:55:05,20210509
53,2007-08-31,IPCI.TO,USD,2007-08-31,2007-08-31,Q3,0.0,0.0,0.0,0.0,2449896.809618,0.0,0.0,0.0,5412144.277194,5412144.277194,0.0,123274.789518,-5288869.487676,0.0,-5412144.277194,0.0,120847.297169,0.0,0.0,0.0,-5061588.563855,0.0,-2.27833,-2.27833,2239100.0,2239100.0,https://www.sedar.com/ModifyCompanyDocumentSearchForm.do?lang=EN&company_search=INTELLIPHARMACEUTICS INTERNATIO&document_selection=0&industry_group=A&FromDate=13&FromMonth=05&FromYear=2000&ToDate=13&ToMonth=11&ToYear=2020&Variable=Issuer,https://www.sedar.com/ModifyCompanyDocumentSearchForm.do?lang=EN&company_search=INTELLIPHARMACEUTICS INTERNATIO&document_selection=0&industry_group=A&FromDate=13&FromMonth=05&FromYear=2000&ToDate=13&ToMonth=11&ToYear=2020&Variable=Issuer,1620593705,16:55:05,20210509
54,2007-05-31,IPCI.TO,USD,2007-05-31,2007-05-31,Q2,0.0,0.0,0.0,0.0,3492807.854137,0.0,0.0,0.0,8070867.695185,8070867.695185,0.0,148122.408177,-7922745.287008001,0.0,-8070867.695185,0.0,-992230.014025,0.0,0.0,0.0,-9064097.241702,0.0,-5.046003,-5.046003,1780000.0,1780000.0,https://www.sedar.com/ModifyCompanyDocumentSearchForm.do?lang=EN&company_search=INTELLIPHARMACEUTICS INTERNATIO&document_selection=0&industry_group=A&FromDate=13&FromMonth=05&FromYear=2000&ToDate=13&ToMonth=11&ToYear=2020&Variable=Issuer,https://www.sedar.com/ModifyCompanyDocumentSearchForm.do?lang=EN&company_search=INTELLIPHARMACEUTICS INTERNATIO&document_selection=0&industry_group=A&FromDate=13&FromMonth=05&FromYear=2000&ToDate=13&ToMonth=11&ToYear=2020&Variable=Issuer,1620593705,16:55:05,20210509
55,2007-02-28,IPCI.TO,USD,2007-02-28,2007-02-28,Q1,0.0,0.0,0.0,0.0,2582613.524713,0.0,0.0,0.0,5772137.212183,5772137.212183,3999.316502,231965.483361,-5540171.728821999,0.0,-5772137.212183,0.0,-782882.651971,0.0,0.0,0.0,-6560018.796189,0.0,-4.280149,-4.280149,1623990.0,1623990.0,https://www.sedar.com/ModifyCompanyDocumentSearchForm.do?lang=EN&company_search=INTELLIPHARMACEUTICS INTERNATIO&document_selection=0&industry_group=A&FromDate=13&FromMonth=05&FromYear=2000&ToDate=13&ToMonth=11&ToYear=2020&Variable=Issuer,https://www.sedar.com/ModifyCompanyDocumentSearchForm.do?lang=EN&company_search=INTELLIPHARMACEUTICS INTERNATIO&document_selection=0&industry_group=A&FromDate=13&FromMonth=05&FromYear=2000&ToDate=13&ToMonth=11&ToYear=2020&Variable=Issuer,1620593705,16:55:05,20210509
56,2006-11-30,IPCI.TO,USD,2006-11-30,2006-11-30,Q4,0.0,0.0,0.0,0.0,1740493.579918,0.0,0.0,0.0,-3239837.026785,-3239837.026785,-2096.812597,517805.989963,3757643.0167480004,0.0,3239837.026785,0.0,-2987386.942657,0.0,0.0,0.0,-7169206.337209,0.0,-0.30277787589881033,-0.30277787589881033,23678105.0,23678105.0,https://www.sedar.com/ModifyCompanyDocumentSearchForm.do?lang=EN&company_search=INTELLIPHARMACEUTICS INTERNATIO&document_selection=0&industry_group=A&FromDate=13&FromMonth=05&FromYear=2000&ToDate=13&ToMonth=11&ToYear=2020&Variable=Issuer,https://www.sedar.com/ModifyCompanyDocumentSearchForm.do?lang=EN&company_search=INTELLIPHARMACEUTICS INTERNATIO&document_selection=0&industry_group=A&FromDate=13&FromMonth=05&FromYear=2000&ToDate=13&ToMonth=11&ToYear=2020&Variable=Issuer,1620593705,16:55:05,20210509
57,2006-08-31,IPCI.TO,USD,2006-08-31,2006-08-31,Q3,0.0,0.0,0.0,0.0,6658215.125746,0.0,0.0,0.0,10084753.030577,10084753.030577,104924.914058,647264.070605,-9437488.959972,0.0,-10084753.030577,0.0,-2454236.475484,0.0,0.0,0.0,-13177530.305772,0.0,-13.632893,-13.632893,942590.0,942590.0,https://www.sedar.com/ModifyCompanyDocumentSearchForm.do?lang=EN&company_search=INTELLIPHARMACEUTICS INTERNATIO&document_selection=0&industry_group=A&FromDate=13&FromMonth=05&FromYear=2000&ToDate=13&ToMonth=11&ToYear=2020&Variable=Issuer,https://www.sedar.com/ModifyCompanyDocumentSearchForm.do?lang=EN&company_search=INTELLIPHARMACEUTICS INTERNATIO&document_selection=0&industry_group=A&FromDate=13&FromMonth=05&FromYear=2000&ToDate=13&ToMonth=11&ToYear=2020&Variable=Issuer,1620593705,16:55:05,20210509
58,2006-05-31,IPCI.TO,USD,2006-05-31,2006-05-31,Q2,0.0,0.0,0.0,0.0,10017264.429408,0.0,0.0,0.0,15964421.234276,15964421.234276,276007.447437,1021174.549462,-14943246.684814,0.0,-15964421.234276,0.0,-4139109.032287,0.0,0.0,0.0,-20378537.759411,0.0,-23.611098,-23.611098,867010.0,867010.0,https://www.sedar.com/ModifyCompanyDocumentSearchForm.do?lang=EN&company_search=INTELLIPHARMACEUTICS INTERNATIO&document_selection=0&industry_group=A&FromDate=13&FromMonth=05&FromYear=2000&ToDate=13&ToMonth=11&ToYear=2020&Variable=Issuer,https://www.sedar.com/ModifyCompanyDocumentSearchForm.do?lang=EN&company_search=INTELLIPHARMACEUTICS INTERNATIO&document_selection=0&industry_group=A&FromDate=13&FromMonth=05&FromYear=2000&ToDate=13&ToMonth=11&ToYear=2020&Variable=Issuer,1620593705,16:55:05,20210509
59,2006-02-28,IPCI.TO,USD,2006-02-28,2006-02-28,Q1,0.0,0.0,0.0,0.0,10004498.835523,0.0,0.0,0.0,14857494.397328,14857494.397328,424300.215318,684870.589269,-14172623.808059001,0.0,-14857494.397328,0.0,-1708182.976667,0.0,0.0,0.0,-16989977.589313,0.0,-20.248715,-20.248715,827130.0,827130.0,https://www.sedar.com/ModifyCompanyDocumentSearchForm.do?lang=EN&company_search=INTELLIPHARMACEUTICS INTERNATIO&document_selection=0&industry_group=A&FromDate=13&FromMonth=05&FromYear=2000&ToDate=13&ToMonth=11&ToYear=2020&Variable=Issuer,https://www.sedar.com/ModifyCompanyDocumentSearchForm.do?lang=EN&company_search=INTELLIPHARMACEUTICS INTERNATIO&document_selection=0&industry_group=A&FromDate=13&FromMonth=05&FromYear=2000&ToDate=13&ToMonth=11&ToYear=2020&Variable=Issuer,1620593705,16:55:05,20210509
60,2005-11-30,IPCI.TO,USD,2005-11-30,2005-11-30,Q4,0.0,0.0,0.0,0.0,15098808.110057,0.0,0.0,0.0,20911655.109932,20911655.109932,0.0,483760.455459,-20427894.654473003,0.0,-20911655.109932,0.0,-818841.239937,0.0,0.0,0.0,-21541965.94286,0.0,-0.9097842054024171,-0.9097842054024171,23678105.0,23678105.0,https://www.sedar.com/ModifyCompanyDocumentSearchForm.do?lang=EN&company_search=INTELLIPHARMACEUTICS INTERNATIO&document_selection=0&industry_group=A&FromDate=13&FromMonth=05&FromYear=2000&ToDate=13&ToMonth=11&ToYear=2020&Variable=Issuer,https://www.sedar.com/ModifyCompanyDocumentSearchForm.do?lang=EN&company_search=INTELLIPHARMACEUTICS INTERNATIO&document_selection=0&industry_group=A&FromDate=13&FromMonth=05&FromYear=2000&ToDate=13&ToMonth=11&ToYear=2020&Variable=Issuer,1620593705,16:55:05,20210509
61,2005-08-31,IPCI.TO,USD,2005-08-31,2005-08-31,Q3,0.0,0.0,0.0,0.0,14495152.178489,0.0,0.0,0.0,20772887.392128,20772887.392128,0.0,139805.902026,-20633081.490101997,0.0,-20772887.392128,0.0,-1380062.302673,0.0,0.0,0.0,-20264233.21406,0.0,-25.282425,-25.282425,814780.0,814780.0,https://www.sedar.com/ModifyCompanyDocumentSearchForm.do?lang=EN&company_search=INTELLIPHARMACEUTICS INTERNATIO&document_selection=0&industry_group=A&FromDate=13&FromMonth=05&FromYear=2000&ToDate=13&ToMonth=11&ToYear=2020&Variable=Issuer,https://www.sedar.com/ModifyCompanyDocumentSearchForm.do?lang=EN&company_search=INTELLIPHARMACEUTICS INTERNATIO&document_selection=0&industry_group=A&FromDate=13&FromMonth=05&FromYear=2000&ToDate=13&ToMonth=11&ToYear=2020&Variable=Issuer,1620593705,16:55:05,20210509
62,2005-05-31,IPCI.TO,USD,2005-05-31,2005-05-31,Q2,0.0,0.0,0.0,0.0,16467900.801683,0.0,0.0,0.0,20491899.494764,20491899.494764,0.0,118004.830635,-20373894.664129,0.0,-20491899.494764,0.0,1249689.208358,0.0,0.0,0.0,-19979027.14247,0.0,-24.696141,-24.696141,814180.0,814180.0,https://www.sedar.com/ModifyCompanyDocumentSearchForm.do?lang=EN&company_search=INTELLIPHARMACEUTICS INTERNATIO&document_selection=0&industry_group=A&FromDate=13&FromMonth=05&FromYear=2000&ToDate=13&ToMonth=11&ToYear=2020&Variable=Issuer,https://www.sedar.com/ModifyCompanyDocumentSearchForm.do?lang=EN&company_search=INTELLIPHARMACEUTICS INTERNATIO&document_selection=0&industry_group=A&FromDate=13&FromMonth=05&FromYear=2000&ToDate=13&ToMonth=11&ToYear=2020&Variable=Issuer,1620593705,16:55:05,20210509
63,2005-02-28,IPCI.TO,USD,2005-02-28,2005-02-28,Q1,0.0,0.0,0.0,0.0,13628459.81781,0.0,0.0,0.0,16469887.671411,16469887.671411,0.0,111937.951827,-16357949.719584,0.0,-16469887.671411,0.0,1876961.292832,0.0,0.0,0.0,-16126077.900606,0.0,-21.811278,-21.811278,749760.0,749760.0,https://www.sedar.com/ModifyCompanyDocumentSearchForm.do?lang=EN&company_search=INTELLIPHARMACEUTICS INTERNATIO&document_selection=0&industry_group=A&FromDate=13&FromMonth=05&FromYear=2000&ToDate=13&ToMonth=11&ToYear=2020&Variable=Issuer,https://www.sedar.com/ModifyCompanyDocumentSearchForm.do?lang=EN&company_search=INTELLIPHARMACEUTICS INTERNATIO&document_selection=0&industry_group=A&FromDate=13&FromMonth=05&FromYear=2000&ToDate=13&ToMonth=11&ToYear=2020&Variable=Issuer,1620593705,16:55:05,20210509
64,2004-11-30,IPCI.TO,USD,2004-11-30,2004-11-30,Q4,0.0,0.0,0.0,0.0,16064278.887983,0.0,0.0,0.0,28270269.53132,28270269.53132,0.0,151371.987591,-28118897.543729,0.0,-28270269.53132,0.0,-6203438.47291,0.0,0.0,0.0,-27887103.748664,0.0,-1.1777591048212683,-1.1777591048212683,23678105.0,23678105.0,https://www.sedar.com/ModifyCompanyDocumentSearchForm.do?lang=EN&company_search=INTELLIPHARMACEUTICS INTERNATIO&document_selection=0&industry_group=A&FromDate=13&FromMonth=05&FromYear=2000&ToDate=13&ToMonth=11&ToYear=2020&Variable=Issuer,https://www.sedar.com/ModifyCompanyDocumentSearchForm.do?lang=EN&company_search=INTELLIPHARMACEUTICS INTERNATIO&document_selection=0&industry_group=A&FromDate=13&FromMonth=05&FromYear=2000&ToDate=13&ToMonth=11&ToYear=2020&Variable=Issuer,1620593705,16:55:05,20210509
65,2004-08-31,IPCI.TO,USD,2004-08-31,2004-08-31,Q3,0.0,0.0,0.0,0.0,10562684.736569,0.0,0.0,0.0,15272976.658439,15272976.658439,0.0,84917.603225,-15188059.055213999,0.0,-15272976.658439,0.0,-1620724.014992,0.0,0.0,0.0,-14967217.448274,0.0,-20.661928,-20.661928,721180.0,721180.0,https://www.sedar.com/ModifyCompanyDocumentSearchForm.do?lang=EN&company_search=INTELLIPHARMACEUTICS INTERNATIO&document_selection=0&industry_group=A&FromDate=13&FromMonth=05&FromYear=2000&ToDate=13&ToMonth=11&ToYear=2020&Variable=Issuer,https://www.sedar.com/ModifyCompanyDocumentSearchForm.do?lang=EN&company_search=INTELLIPHARMACEUTICS INTERNATIO&document_selection=0&industry_group=A&FromDate=13&FromMonth=05&FromYear=2000&ToDate=13&ToMonth=11&ToYear=2020&Variable=Issuer,1620593705,16:55:05,20210509
66,2004-05-31,IPCI.TO,USD,2004-05-31,2004-05-31,Q2,0.0,0.0,0.0,0.0,9168739.724016,0.0,0.0,0.0,10573780.093952,10573780.093952,0.0,74730.241927,-10499049.852025,0.0,-10573780.093952,0.0,1721823.987082,0.0,0.0,0.0,-10326948.766882,0.0,-14.71374,-14.71374,717770.0,717770.0,https://www.sedar.com/ModifyCompanyDocumentSearchForm.do?lang=EN&company_search=INTELLIPHARMACEUTICS INTERNATIO&document_selection=0&industry_group=A&FromDate=13&FromMonth=05&FromYear=2000&ToDate=13&ToMonth=11&ToYear=2020&Variable=Issuer,https://www.sedar.com/ModifyCompanyDocumentSearchForm.do?lang=EN&company_search=INTELLIPHARMACEUTICS INTERNATIO&document_selection=0&industry_group=A&FromDate=13&FromMonth=05&FromYear=2000&ToDate=13&ToMonth=11&ToYear=2020&Variable=Issuer,1620593705,16:55:05,20210509
67,2004-02-29,IPCI.TO,USD,2004-02-29,2004-02-29,Q1,0.0,0.0,0.0,0.0,7356278.947763,0.0,0.0,0.0,9280275.050588,9280275.050588,0.0,79164.355842,-9201110.694746,0.0,-9280275.050588,0.0,686425.841265,0.0,0.0,0.0,-9064827.9997,0.0,-14.28944,-14.28944,623030.0,623030.0,https://www.sedar.com/ModifyCompanyDocumentSearchForm.do?lang=EN&company_search=INTELLIPHARMACEUTICS INTERNATIO&document_selection=0&industry_group=A&FromDate=13&FromMonth=05&FromYear=2000&ToDate=13&ToMonth=11&ToYear=2020&Variable=Issuer,https://www.sedar.com/ModifyCompanyDocumentSearchForm.do?lang=EN&company_search=INTELLIPHARMACEUTICS INTERNATIO&document_selection=0&industry_group=A&FromDate=13&FromMonth=05&FromYear=2000&ToDate=13&ToMonth=11&ToYear=2020&Variable=Issuer,1620593705,16:55:05,20210509
68,2003-11-30,IPCI.TO,USD,2003-11-30,2003-11-30,Q4,0.0,0.0,0.0,0.0,6470243.375496,0.0,0.0,0.0,11420976.690004,11420976.690004,0.0,93769.568417,-11327207.121587,0.0,-11420976.690004,0.0,-1967991.693721,0.0,0.0,0.0,-11152651.440928,0.0,-0.4710111489465901,-0.4710111489465901,23678105.0,23678105.0,https://www.sedar.com/ModifyCompanyDocumentSearchForm.do?lang=EN&company_search=INTELLIPHARMACEUTICS INTERNATIO&document_selection=0&industry_group=A&FromDate=13&FromMonth=05&FromYear=2000&ToDate=13&ToMonth=11&ToYear=2020&Variable=Issuer,https://www.sedar.com/ModifyCompanyDocumentSearchForm.do?lang=EN&company_search=INTELLIPHARMACEUTICS INTERNATIO&document_selection=0&industry_group=A&FromDate=13&FromMonth=05&FromYear=2000&ToDate=13&ToMonth=11&ToYear=2020&Variable=Issuer,1620593705,16:55:05,20210509
69,2003-08-31,IPCI.TO,USD,2003-08-31,2003-08-31,Q3,0.0,0.0,0.0,0.0,4185296.539767,0.0,0.0,0.0,4456704.471574,4456704.471574,0.0,68836.488821,-4387867.982753,0.0,-4456704.471574,0.0,1809722.603482,0.0,0.0,0.0,-4240379.253052,0.0,-7.224879,-7.224879,615380.0,615380.0,https://www.sedar.com/ModifyCompanyDocumentSearchForm.do?lang=EN&company_search=INTELLIPHARMACEUTICS INTERNATIO&document_selection=0&industry_group=A&FromDate=13&FromMonth=05&FromYear=2000&ToDate=13&ToMonth=11&ToYear=2020&Variable=Issuer,https://www.sedar.com/ModifyCompanyDocumentSearchForm.do?lang=EN&company_search=INTELLIPHARMACEUTICS INTERNATIO&document_selection=0&industry_group=A&FromDate=13&FromMonth=05&FromYear=2000&ToDate=13&ToMonth=11&ToYear=2020&Variable=Issuer,1620593705,16:55:05,20210509
70,2003-05-31,IPCI.TO,USD,2003-05-31,2003-05-31,Q2,0.0,0.0,0.0,0.0,3610607.650273,0.0,0.0,0.0,5513548.998179,5513548.998179,0.0,77422.552666,-5436126.445513,0.0,-5513548.998179,0.0,168375.227687,0.0,0.0,0.0,-5344177.04918,0.0,-10.235993,-10.235993,519350.0,519350.0,https://www.sedar.com/ModifyCompanyDocumentSearchForm.do?lang=EN&company_search=INTELLIPHARMACEUTICS INTERNATIO&document_selection=0&industry_group=A&FromDate=13&FromMonth=05&FromYear=2000&ToDate=13&ToMonth=11&ToYear=2020&Variable=Issuer,https://www.sedar.com/ModifyCompanyDocumentSearchForm.do?lang=EN&company_search=INTELLIPHARMACEUTICS INTERNATIO&document_selection=0&industry_group=A&FromDate=13&FromMonth=05&FromYear=2000&ToDate=13&ToMonth=11&ToYear=2020&Variable=Issuer,1620593705,16:55:05,20210509
71,2003-02-28,IPCI.TO,USD,2003-02-28,2003-02-28,Q1,0.0,0.0,0.0,0.0,2338081.407103,0.0,0.0,0.0,3872446.930386,3872446.930386,0.0,63056.135858,-3809390.794528,0.0,-3872446.930386,0.0,214190.98322,0.0,0.0,0.0,-3658256.621066,0.0,-6.759755,-6.759755,519350.0,519350.0,https://www.sedar.com/ModifyCompanyDocumentSearchForm.do?lang=EN&company_search=INTELLIPHARMACEUTICS INTERNATIO&document_selection=0&industry_group=A&FromDate=13&FromMonth=05&FromYear=2000&ToDate=13&ToMonth=11&ToYear=2020&Variable=Issuer,https://www.sedar.com/ModifyCompanyDocumentSearchForm.do?lang=EN&company_search=INTELLIPHARMACEUTICS INTERNATIO&document_selection=0&industry_group=A&FromDate=13&FromMonth=05&FromYear=2000&ToDate=13&ToMonth=11&ToYear=2020&Variable=Issuer,1620593705,16:55:05,20210509
72,2002-11-30,IPCI.TO,USD,2002-11-30,2002-11-30,Q4,0.0,0.0,0.0,0.0,2618396.570834,0.0,0.0,0.0,3814673.612133,3814673.612133,0.0,60918.056313,-3753755.55582,0.0,-3814673.612133,0.0,169790.501502,0.0,0.0,0.0,-3643882.72562,0.0,-0.1538924979689042,-0.1538924979689042,23678105.0,23678105.0,https://www.sedar.com/ModifyCompanyDocumentSearchForm.do?lang=EN&company_search=INTELLIPHARMACEUTICS INTERNATIO&document_selection=0&industry_group=A&FromDate=13&FromMonth=05&FromYear=2000&ToDate=13&ToMonth=11&ToYear=2020&Variable=Issuer,https://www.sedar.com/ModifyCompanyDocumentSearchForm.do?lang=EN&company_search=INTELLIPHARMACEUTICS INTERNATIO&document_selection=0&industry_group=A&FromDate=13&FromMonth=05&FromYear=2000&ToDate=13&ToMonth=11&ToYear=2020&Variable=Issuer,1620593705,16:55:05,20210509
73,2002-08-31,IPCI.TO,USD,2002-08-31,2002-08-31,Q3,0.0,0.0,0.0,0.0,1621464.322382,1320377.951745,0.0,0.0,2941842.274127,2941842.274127,0.0,58977.727917,-2882864.54621,0.0,-2941842.274127,0.0,220062.88501,0.0,0.0,0.0,-2721779.389117,0.0,-5.135267,-5.135267,518430.0,518430.0,https://www.sedar.com/ModifyCompanyDocumentSearchForm.do?lang=EN&company_search=INTELLIPHARMACEUTICS INTERNATIO&document_selection=0&industry_group=A&FromDate=13&FromMonth=05&FromYear=2000&ToDate=13&ToMonth=11&ToYear=2020&Variable=Issuer,https://www.sedar.com/ModifyCompanyDocumentSearchForm.do?lang=EN&company_search=INTELLIPHARMACEUTICS INTERNATIO&document_selection=0&industry_group=A&FromDate=13&FromMonth=05&FromYear=2000&ToDate=13&ToMonth=11&ToYear=2020&Variable=Issuer,1620593705,16:55:05,20210509
74,2002-05-31,IPCI.TO,USD,2002-05-31,2002-05-31,Q2,0.0,0.0,0.0,0.0,1837119.467058,1218742.638013,0.0,0.0,3055862.759469,3055862.759469,0.0,63087.346185,-2992775.413284,0.0,-3055862.759469,0.0,125075.910269,0.0,0.0,0.0,-2930786.194801,0.0,-5.885533,-5.885533,477820.0,477820.0,https://www.sedar.com/ModifyCompanyDocumentSearchForm.do?lang=EN&company_search=INTELLIPHARMACEUTICS INTERNATIO&document_selection=0&industry_group=A&FromDate=13&FromMonth=05&FromYear=2000&ToDate=13&ToMonth=11&ToYear=2020&Variable=Issuer,https://www.sedar.com/ModifyCompanyDocumentSearchForm.do?lang=EN&company_search=INTELLIPHARMACEUTICS INTERNATIO&document_selection=0&industry_group=A&FromDate=13&FromMonth=05&FromYear=2000&ToDate=13&ToMonth=11&ToYear=2020&Variable=Issuer,1620593705,16:55:05,20210509
75,2002-02-28,IPCI.TO,USD,2002-02-28,2002-02-28,Q1,0.0,0.0,0.0,0.0,2001521.816446,1243702.77471,0.0,0.0,3245225.215107,3245225.215107,0.0,57986.260599,-3187238.954508,0.0,-3245225.215107,0.0,107974.093555,0.0,0.0,0.0,-3137250.497601,0.0,-6.877749,-6.877749,464420.0,464420.0,https://www.sedar.com/ModifyCompanyDocumentSearchForm.do?lang=EN&company_search=INTELLIPHARMACEUTICS INTERNATIO&document_selection=0&industry_group=A&FromDate=13&FromMonth=05&FromYear=2000&ToDate=13&ToMonth=11&ToYear=2020&Variable=Issuer,https://www.sedar.com/ModifyCompanyDocumentSearchForm.do?lang=EN&company_search=INTELLIPHARMACEUTICS INTERNATIO&document_selection=0&industry_group=A&FromDate=13&FromMonth=05&FromYear=2000&ToDate=13&ToMonth=11&ToYear=2020&Variable=Issuer,1620593705,16:55:05,20210509
76,2001-11-30,IPCI.TO,USD,2001-11-30,2001-11-30,Q4,-0.181161,0.0,-164999.826247,910791.0987850586,1538451.779211,1198355.265987,0.0,0.0,2572807.431899,2737807.076985,0.0,54016.852578,-2683790.405568,14814393.857220925,-2737807.258146,15112564.283405371,228101.493574,0.0,0.0,0.0,-2508706.187372,13847937.40027931,-0.10595046298561477,-0.10595046298561477,23678105.0,23678105.0,https://www.sedar.com/ModifyCompanyDocumentSearchForm.do?lang=EN&company_search=INTELLIPHARMACEUTICS INTERNATIO&document_selection=0&industry_group=A&FromDate=13&FromMonth=05&FromYear=2000&ToDate=13&ToMonth=11&ToYear=2020&Variable=Issuer,https://www.sedar.com/ModifyCompanyDocumentSearchForm.do?lang=EN&company_search=INTELLIPHARMACEUTICS INTERNATIO&document_selection=0&industry_group=A&FromDate=13&FromMonth=05&FromYear=2000&ToDate=13&ToMonth=11&ToYear=2020&Variable=Issuer,1620593705,16:55:05,20210509
77,2001-08-31,IPCI.TO,USD,2001-08-31,2001-08-31,Q3,1000.212949,-56999.877393,58000.090342,57.987741910347935,1574996.612182,1095997.857608,0.0,0.0,2727994.347184,2670994.46979,0.0,56000.087356,-2613994.1694859997,-2613.4376405538815,-2669994.256842,-2669.42580528619,415998.890086,0.0,0.0,0.0,-2255995.147354,-2255.514837724821,-5.161421,-5.161421,448931.0,448931.0,https://www.sedar.com/ModifyCompanyDocumentSearchForm.do?lang=EN&company_search=INTELLIPHARMACEUTICS INTERNATIO&document_selection=0&industry_group=A&FromDate=13&FromMonth=05&FromYear=2000&ToDate=13&ToMonth=11&ToYear=2020&Variable=Issuer,https://www.sedar.com/ModifyCompanyDocumentSearchForm.do?lang=EN&company_search=INTELLIPHARMACEUTICS INTERNATIO&document_selection=0&industry_group=A&FromDate=13&FromMonth=05&FromYear=2000&ToDate=13&ToMonth=11&ToYear=2020&Variable=Issuer,1620593705,16:55:05,20210509
78,2001-05-31,IPCI.TO,USD,2001-05-31,2001-05-31,Q2,1000.312191,-54999.609761,55999.921952,55.982444736595234,1581995.030959,1315995.889484,0.0,0.0,2952991.180603,2897991.570841,0.0,53999.785509,-2842991.473141,-2842.1041937906366,-2896991.25865,-2896.0871263139493,251999.323586,0.0,0.0,0.0,-2645992.247255,-2645.166450095778,-6.033092,-6.033092,448421.0,448421.0,https://www.sedar.com/ModifyCompanyDocumentSearchForm.do?lang=EN&company_search=INTELLIPHARMACEUTICS INTERNATIO&document_selection=0&industry_group=A&FromDate=13&FromMonth=05&FromYear=2000&ToDate=13&ToMonth=11&ToYear=2020&Variable=Issuer,https://www.sedar.com/ModifyCompanyDocumentSearchForm.do?lang=EN&company_search=INTELLIPHARMACEUTICS INTERNATIO&document_selection=0&industry_group=A&FromDate=13&FromMonth=05&FromYear=2000&ToDate=13&ToMonth=11&ToYear=2020&Variable=Issuer,1620593705,16:55:05,20210509
79,2001-02-28,IPCI.TO,USD,2001-02-28,2001-02-28,Q1,1000.279844,-54999.77222,56000.052064,55.98438516971657,1181000.540164,1015000.29286,0.0,0.0,2251000.605244,2196000.833024,0.0,54999.77222,-2140000.7809599997,-2139.4020821237295,-2195000.55318,-2194.3864672934465,422999.928412,0.0,0.0,0.0,-1773000.253812,-1772.504229138501,-3.98498,-3.98498,448294.0,448294.0,https://www.sedar.com/ModifyCompanyDocumentSearchForm.do?lang=EN&company_search=INTELLIPHARMACEUTICS INTERNATIO&document_selection=0&industry_group=A&FromDate=13&FromMonth=05&FromYear=2000&ToDate=13&ToMonth=11&ToYear=2020&Variable=Issuer,https://www.sedar.com/ModifyCompanyDocumentSearchForm.do?lang=EN&company_search=INTELLIPHARMACEUTICS INTERNATIO&document_selection=0&industry_group=A&FromDate=13&FromMonth=05&FromYear=2000&ToDate=13&ToMonth=11&ToYear=2020&Variable=Issuer,1620593705,16:55:05,20210509
80,2000-11-30,IPCI.TO,USD,2000-11-30,2000-11-30,Q4,0.408033,-49116.458015,49116.866048,120374.73941568453,885203.074864,1163523.008551,0.0,0.0,2097842.54143,2048726.083415,0.0,49116.458015,-1999609.217367,-4900606.611149099,-2048725.675382,-5020980.3505647825,305375.841886,0.0,0.0,0.0,-1744348.97868,-4275019.370197998,-0.07366928133311344,-0.07366928133311344,23678105.0,23678105.0,https://www.sedar.com/ModifyCompanyDocumentSearchForm.do?lang=EN&company_search=INTELLIPHARMACEUTICS INTERNATIO&document_selection=0&industry_group=A&FromDate=13&FromMonth=05&FromYear=2000&ToDate=13&ToMonth=11&ToYear=2020&Variable=Issuer,https://www.sedar.com/ModifyCompanyDocumentSearchForm.do?lang=EN&company_search=INTELLIPHARMACEUTICS INTERNATIO&document_selection=0&industry_group=A&FromDate=13&FromMonth=05&FromYear=2000&ToDate=13&ToMonth=11&ToYear=2020&Variable=Issuer,1620593705,16:55:05,20210509
81,2000-08-31,IPCI.TO,USD,2000-08-31,2000-08-31,Q3,999.416102,-79935.63543,80935.051532,80.98233695658428,1184042.610975,926250.967505,0.0,0.0,2168247.491275,2088311.855845,0.0,58010.467879,-2029301.971864,-2030.4875694948528,-2087312.439743,-2088.5319293594894,543560.827234,0.0,0.0,0.0,-1542752.875358,-1543.6542119650578,-12.014516,-12.014516,436817.0,436817.0,https://www.sedar.com/ModifyCompanyDocumentSearchForm.do?lang=EN&company_search=INTELLIPHARMACEUTICS INTERNATIO&document_selection=0&industry_group=A&FromDate=13&FromMonth=05&FromYear=2000&ToDate=13&ToMonth=11&ToYear=2020&Variable=Issuer,https://www.sedar.com/ModifyCompanyDocumentSearchForm.do?lang=EN&company_search=INTELLIPHARMACEUTICS INTERNATIO&document_selection=0&industry_group=A&FromDate=13&FromMonth=05&FromYear=2000&ToDate=13&ToMonth=11&ToYear=2020&Variable=Issuer,1620593705,16:55:05,20210509
82,2000-05-31,IPCI.TO,USD,2000-05-31,2000-05-31,Q2,998.431608,-40945.039543,41943.471152,42.009358293472616,987669.10268,688072.880168,0.0,0.0,1727672.439684,1686727.40014,0.0,51900.002269,-1633828.966263,-1636.3954758361376,-1685728.968532,-1688.3770055204423,0.0,0.0,0.0,0.0,-1687725.831748,-1690.3770055204423,-3.998265,-3.998265,414182.0,414182.0,https://www.sedar.com/ModifyCompanyDocumentSearchForm.do?lang=EN&company_search=INTELLIPHARMACEUTICS INTERNATIO&document_selection=0&industry_group=A&FromDate=13&FromMonth=05&FromYear=2000&ToDate=13&ToMonth=11&ToYear=2020&Variable=Issuer,https://www.sedar.com/ModifyCompanyDocumentSearchForm.do?lang=EN&company_search=INTELLIPHARMACEUTICS INTERNATIO&document_selection=0&industry_group=A&FromDate=13&FromMonth=05&FromYear=2000&ToDate=13&ToMonth=11&ToYear=2020&Variable=Issuer,1620593705,16:55:05,20210509
83,2000-02-29,IPCI.TO,USD,2000-02-29,2000-02-29,Q1,999.2695,-42965.831875,43965.101374,43.99724135881261,921266.522404,580537.675906,0.0,0.0,1555761.305528,1512795.473654,0.0,53957.107218,-1457839.0969359998,-1458.904826912059,-1511796.204154,-1512.9013786110754,0.0,0.0,0.0,0.0,-1512795.473654,-1513.9013786110754,-3.999835,-3.999835,355920.0,355920.0,https://www.sedar.com/ModifyCompanyDocumentSearchForm.do?lang=EN&company_search=INTELLIPHARMACEUTICS INTERNATIO&document_selection=0&industry_group=A&FromDate=13&FromMonth=05&FromYear=2000&ToDate=13&ToMonth=11&ToYear=2020&Variable=Issuer,https://www.sedar.com/ModifyCompanyDocumentSearchForm.do?lang=EN&company_search=INTELLIPHARMACEUTICS INTERNATIO&document_selection=0&industry_group=A&FromDate=13&FromMonth=05&FromYear=2000&ToDate=13&ToMonth=11&ToYear=2020&Variable=Issuer,1620593705,16:55:05,20210509
84,1999-11-30,IPCI.TO,USD,1999-11-30,1999-11-30,Q4,193.570229,-100251.972717,100445.542946,518.9100796383311,1204572.863532,503581.97723,0.0,0.0,1808406.81348,1708154.840762,0.0,100251.972717,-1607709.297816,-8305.560757568768,-1707961.270533,-8823.470837207098,0.0,0.0,0.0,0.0,-1608289.329404,-8308.55724928651,-0.06792305927370454,-0.06792305927370454,23678105.0,23678105.0,https://www.sedar.com/ModifyCompanyDocumentSearchForm.do?lang=EN&company_search=INTELLIPHARMACEUTICS INTERNATIO&document_selection=0&industry_group=A&FromDate=13&FromMonth=05&FromYear=2000&ToDate=13&ToMonth=11&ToYear=2020&Variable=Issuer,https://www.sedar.com/ModifyCompanyDocumentSearchForm.do?lang=EN&company_search=INTELLIPHARMACEUTICS INTERNATIO&document_selection=0&industry_group=A&FromDate=13&FromMonth=05&FromYear=2000&ToDate=13&ToMonth=11&ToYear=2020&Variable=Issuer,1620593705,16:55:05,20210509
85,1999-08-31,IPCI.TO,USD,1999-08-31,1999-08-31,Q3,99865.511358,0.0,0.0,0.0,699057.24131,699057.24131,0.0,0.0,1398114.48262,1398114.48262,0.0,144.930004,-1298104.041258,-12.998521948228245,-1298248.971262,-12.999973200037093,0.0,0.0,0.0,0.0,-1398114.48262,-13.999973200037092,-4.992004,-4.992004,280071.0,280071.0,https://www.sedar.com/ModifyCompanyDocumentSearchForm.do?lang=EN&company_search=INTELLIPHARMACEUTICS INTERNATIO&document_selection=0&industry_group=A&FromDate=13&FromMonth=05&FromYear=2000&ToDate=13&ToMonth=11&ToYear=2020&Variable=Issuer,https://www.sedar.com/ModifyCompanyDocumentSearchForm.do?lang=EN&company_search=INTELLIPHARMACEUTICS INTERNATIO&document_selection=0&industry_group=A&FromDate=13&FromMonth=05&FromYear=2000&ToDate=13&ToMonth=11&ToYear=2020&Variable=Issuer,1620593705,16:55:05,20210509
86,1999-05-31,IPCI.TO,USD,1999-05-31,1999-05-31,Q2,99720.581354,0.0,0.0,0.0,698044.747675,598324.166322,0.0,0.0,1296369.592198,1296369.592198,0.0,0.0,-1196649.010844,-12.000020402969701,-1196649.010844,-12.000020402969701,0.0,0.0,0.0,0.0,-1296369.592198,-13.000020402969703,-4.00586,-4.00586,323618.0,323618.0,https://www.sedar.com/ModifyCompanyDocumentSearchForm.do?lang=EN&company_search=INTELLIPHARMACEUTICS INTERNATIO&document_selection=0&industry_group=A&FromDate=13&FromMonth=05&FromYear=2000&ToDate=13&ToMonth=11&ToYear=2020&Variable=Issuer,https://www.sedar.com/ModifyCompanyDocumentSearchForm.do?lang=EN&company_search=INTELLIPHARMACEUTICS INTERNATIO&document_selection=0&industry_group=A&FromDate=13&FromMonth=05&FromYear=2000&ToDate=13&ToMonth=11&ToYear=2020&Variable=Issuer,1620593705,16:55:05,20210509
87,1999-02-28,IPCI.TO,USD,1999-02-28,1999-02-28,Q1,100107.391448,0.0,100107.391448,1.0,600643.685781,400428.902884,0.0,0.0,1001072.588664,1001072.588664,0.0,0.0,-900965.197216,-8.999986756062857,-900965.197216,-8.999986756062857,0.0,0.0,0.0,0.0,-1001072.588664,-9.999986756062857,-4.002784,-4.002784,250094.0,250094.0,https://www.sedar.com/ModifyCompanyDocumentSearchForm.do?lang=EN&company_search=INTELLIPHARMACEUTICS INTERNATIO&document_selection=0&industry_group=A&FromDate=13&FromMonth=05&FromYear=2000&ToDate=13&ToMonth=11&ToYear=2020&Variable=Issuer,https://www.sedar.com/ModifyCompanyDocumentSearchForm.do?lang=EN&company_search=INTELLIPHARMACEUTICS INTERNATIO&document_selection=0&industry_group=A&FromDate=13&FromMonth=05&FromYear=2000&ToDate=13&ToMonth=11&ToYear=2020&Variable=Issuer,1620593705,16:55:05,20210509
88,1998-11-30,IPCI.TO,USD,1998-11-30,1998-11-30,Q4,36562.770402,0.0,136400.009986,3.730570973870701,1160152.372916,368463.360739,0.0,0.0,1728291.514905,1628453.62428,0.0,0.0,-1591890.853878,-43.53857315448183,-1591890.853878,-43.53857315448183,0.0,0.0,0.0,0.0,-1565178.504058,-42.807984374520586,-0.06610235506844825,-0.06610235506844825,23678105.0,23678105.0,https://www.sedar.com/ModifyCompanyDocumentSearchForm.do?lang=EN&company_search=INTELLIPHARMACEUTICS INTERNATIO&document_selection=0&industry_group=A&FromDate=13&FromMonth=05&FromYear=2000&ToDate=13&ToMonth=11&ToYear=2020&Variable=Issuer,https://www.sedar.com/ModifyCompanyDocumentSearchForm.do?lang=EN&company_search=INTELLIPHARMACEUTICS INTERNATIO&document_selection=0&industry_group=A&FromDate=13&FromMonth=05&FromYear=2000&ToDate=13&ToMonth=11&ToYear=2020&Variable=Issuer,1620593705,16:55:05,20210509
89,1998-08-31,IPCI.TO,USD,1998-08-31,1998-08-31,Q3,63275.120223,0.0,0.0,0.0,569476.082005,506200.961782,0.0,0.0,1075677.043786,1075677.043786,0.0,0.0,-1012401.923564,-15.999999999936785,-1012401.923564,-15.999999999936785,0.0,0.0,0.0,0.0,-1075677.043786,-16.99999999992098,-3.796507,-3.796507,283333.0,283333.0,https://www.sedar.com/ModifyCompanyDocumentSearchForm.do?lang=EN&company_search=INTELLIPHARMACEUTICS INTERNATIO&document_selection=0&industry_group=A&FromDate=13&FromMonth=05&FromYear=2000&ToDate=13&ToMonth=11&ToYear=2020&Variable=Issuer,https://www.sedar.com/ModifyCompanyDocumentSearchForm.do?lang=EN&company_search=INTELLIPHARMACEUTICS INTERNATIO&document_selection=0&industry_group=A&FromDate=13&FromMonth=05&FromYear=2000&ToDate=13&ToMonth=11&ToYear=2020&Variable=Issuer,1620593705,16:55:05,20210509
90,1998-05-31,IPCI.TO,USD,1998-05-31,1998-05-31,Q2,68653.027599,0.0,68653.027599,1.0,686530.275985,411918.165591,0.0,0.0,1098448.441576,1098448.441576,0.0,0.0,-1029795.413978,-14.99999999989804,-1029795.413978,-14.99999999989804,0.0,0.0,0.0,0.0,-1098448.441576,-15.999999999883475,-4.805712,-4.805712,228571.0,228571.0,https://www.sedar.com/ModifyCompanyDocumentSearchForm.do?lang=EN&company_search=INTELLIPHARMACEUTICS INTERNATIO&document_selection=0&industry_group=A&FromDate=13&FromMonth=05&FromYear=2000&ToDate=13&ToMonth=11&ToYear=2020&Variable=Issuer,https://www.sedar.com/ModifyCompanyDocumentSearchForm.do?lang=EN&company_search=INTELLIPHARMACEUTICS INTERNATIO&document_selection=0&industry_group=A&FromDate=13&FromMonth=05&FromYear=2000&ToDate=13&ToMonth=11&ToYear=2020&Variable=Issuer,1620593705,16:55:05,20210509
91,1998-02-28,IPCI.TO,USD,1998-02-28,1998-02-28,Q1,70264.193367,0.0,70264.193367,1.0,702641.933671,562113.546936,0.0,0.0,1264755.480607,1264755.480607,0.0,0.0,-1194491.28724,-17.000000000014232,-1194491.28724,-17.000000000014232,0.0,0.0,0.0,0.0,-1194491.28724,-17.000000000014232,-4.918494,-4.918494,242857.0,242857.0,https://www.sedar.com/ModifyCompanyDocumentSearchForm.do?lang=EN&company_search=INTELLIPHARMACEUTICS INTERNATIO&document_selection=0&industry_group=A&FromDate=13&FromMonth=05&FromYear=2000&ToDate=13&ToMonth=11&ToYear=2020&Variable=Issuer,https://www.sedar.com/ModifyCompanyDocumentSearchForm.do?lang=EN&company_search=INTELLIPHARMACEUTICS INTERNATIO&document_selection=0&industry_group=A&FromDate=13&FromMonth=05&FromYear=2000&ToDate=13&ToMonth=11&ToYear=2020&Variable=Issuer,1620593705,16:55:05,20210509
92,1997-11-30,IPCI.TO,USD,1997-11-30,1997-11-30,Q4,-1720.171592,0.0,-1720.171592,1.0,1062458.924579,459235.221829,0.0,0.0,1521694.146408,1521694.146408,0.0,0.0,-1523414.318,885.6176471492386,-1523414.318,885.6176471492386,0.0,0.0,0.0,0.0,-1521694.146408,884.6176471492387,-0.06426587543251455,-0.06426587543251455,23678105.0,23678105.0,https://www.sedar.com/ModifyCompanyDocumentSearchForm.do?lang=EN&company_search=INTELLIPHARMACEUTICS INTERNATIO&document_selection=0&industry_group=A&FromDate=13&FromMonth=05&FromYear=2000&ToDate=13&ToMonth=11&ToYear=2020&Variable=Issuer,https://www.sedar.com/ModifyCompanyDocumentSearchForm.do?lang=EN&company_search=INTELLIPHARMACEUTICS INTERNATIO&document_selection=0&industry_group=A&FromDate=13&FromMonth=05&FromYear=2000&ToDate=13&ToMonth=11&ToYear=2020&Variable=Issuer,1620593705,16:55:05,20210509
93,1997-08-31,IPCI.TO,USD,1997-08-31,1997-08-31,Q3,71994.240461,0.0,71994.240461,1.0,935925.12599,503959.683225,0.0,0.0,1439884.809215,1439884.809215,0.0,0.0,-1367890.568754,-18.99999999993055,-1367890.568754,-18.99999999993055,0.0,0.0,0.0,0.0,-1439884.809215,-19.99999999993055,-5.759539,-5.759539,250000.0,250000.0,https://www.sedar.com/ModifyCompanyDocumentSearchForm.do?lang=EN&company_search=INTELLIPHARMACEUTICS INTERNATIO&document_selection=0&industry_group=A&FromDate=13&FromMonth=05&FromYear=2000&ToDate=13&ToMonth=11&ToYear=2020&Variable=Issuer,https://www.sedar.com/ModifyCompanyDocumentSearchForm.do?lang=EN&company_search=INTELLIPHARMACEUTICS INTERNATIO&document_selection=0&industry_group=A&FromDate=13&FromMonth=05&FromYear=2000&ToDate=13&ToMonth=11&ToYear=2020&Variable=Issuer,1620593705,16:55:05,20210509
94,1997-05-31,IPCI.TO,USD,1997-05-31,1997-05-31,Q2,72558.40952,0.0,72558.40952,1.0,943259.323756,435350.457118,0.0,0.0,1378609.780874,1378609.780874,0.0,0.0,-1306051.371354,-17.999999999917307,-1306051.371354,-17.999999999917307,0.0,0.0,0.0,0.0,-1451168.190393,-19.999999999903526,-7.255841,-7.255841,200000.0,200000.0,https://www.sedar.com/ModifyCompanyDocumentSearchForm.do?lang=EN&company_search=INTELLIPHARMACEUTICS INTERNATIO&document_selection=0&industry_group=A&FromDate=13&FromMonth=05&FromYear=2000&ToDate=13&ToMonth=11&ToYear=2020&Variable=Issuer,https://www.sedar.com/ModifyCompanyDocumentSearchForm.do?lang=EN&company_search=INTELLIPHARMACEUTICS INTERNATIO&document_selection=0&industry_group=A&FromDate=13&FromMonth=05&FromYear=2000&ToDate=13&ToMonth=11&ToYear=2020&Variable=Issuer,1620593705,16:55:05,20210509
95,1997-02-28,IPCI.TO,USD,1997-02-28,1997-02-28,Q1,73067.368113,0.0,73067.368113,1.0,657606.313021,438404.20868,0.0,0.0,1096010.521701,1096010.521701,0.0,0.0,-1022943.153588,-14.000000000082116,-1022943.153588,-14.000000000082116,0.0,0.0,0.0,0.0,-1096010.521701,-15.000000000082114,-5.845389,-5.845389,187500.0,187500.0,https://www.sedar.com/ModifyCompanyDocumentSearchForm.do?lang=EN&company_search=INTELLIPHARMACEUTICS INTERNATIO&document_selection=0&industry_group=A&FromDate=13&FromMonth=05&FromYear=2000&ToDate=13&ToMonth=11&ToYear=2020&Variable=Issuer,https://www.sedar.com/ModifyCompanyDocumentSearchForm.do?lang=EN&company_search=INTELLIPHARMACEUTICS INTERNATIO&document_selection=0&industry_group=A&FromDate=13&FromMonth=05&FromYear=2000&ToDate=13&ToMonth=11&ToYear=2020&Variable=Issuer,1620593705,16:55:05,20210509
