,date,symbol,reportedCurrency,fillingDate,acceptedDate,period,revenue,costOfRevenue,grossProfit,grossProfitRatio,researchAndDevelopmentExpenses,generalAndAdministrativeExpenses,sellingAndMarketingExpenses,otherExpenses,operatingExpenses,costAndExpenses,interestExpense,depreciationAndAmortization,ebitda,ebitdaratio,operatingIncome,operatingIncomeRatio,totalOtherIncomeExpensesNet,incomeBeforeTax,incomeBeforeTaxRatio,incomeTaxExpense,netIncome,netIncomeRatio,eps,epsdiluted,weightedAverageShsOut,weightedAverageShsOutDil,link,finalLink,timestamp,est_time,est_date
0,2018-09-30,COL,USD,2018-11-26 00:00:00,2018-11-26 16:09:52,Q4,2266000000,1696000000.0,570000000,0.25154457193292146,0.0,207000000,0.0,4000000.0,207000000,1903000000,66000000.0,153000000.0,516000000,0.22771403353927624,363000000,0.16019417475728157,-17000000.0,280000000,0.1235657546337158,40000000.0,240000000,0.1059135039717564,1.4607425441265978,1.4607425441265978,164300000,164300000,https://www.sec.gov/Archives/edgar/data/1137411/000113741118000111/0001137411-18-000111-index.html,https://www.sec.gov/Archives/edgar/data/1137411/000113741118000111/col_9302018x10k.htm,1620590543,16:02:23,20210509
1,2018-06-30,COL,USD,2018-07-27 00:00:00,2018-07-27 08:49:13,Q3,2208000000,1625000000.0,583000000,0.26403985507246375,0.0,212000000,0.0,-7000000.0,212000000,1837000000,66000000.0,146000000.0,517000000,0.2341485507246377,371000000,0.16802536231884058,-36000000.0,269000000,0.12182971014492754,-6000000.0,275000000,0.12454710144927536,1.67,1.66,164300000,165900000,https://www.sec.gov/Archives/edgar/data/1137411/000113741118000071/0001137411-18-000071-index.html,https://www.sec.gov/Archives/edgar/data/1137411/000113741118000071/col_6302018x10q.htm,1620590543,16:02:23,20210509
2,2018-03-31,COL,USD,2018-04-27 00:00:00,2018-04-27 09:02:56,Q2,2180000000,1598000000.0,582000000,0.26697247706422017,0.0,194000000,0.0,19000000.0,194000000,1792000000,66000000.0,145000000.0,533000000,0.2444954128440367,388000000,0.1779816513761468,-16000000.0,306000000,0.14036697247706423,69000000.0,237000000,0.10871559633027524,1.44,1.43,164100000,165800000,https://www.sec.gov/Archives/edgar/data/1137411/000113741118000050/0001137411-18-000050-index.html,https://www.sec.gov/Archives/edgar/data/1137411/000113741118000050/col_3312018x10q.htm,1620590543,16:02:23,20210509
3,2017-12-31,COL,USD,2018-01-26 00:00:00,2018-01-26 09:10:04,Q1,2011000000,1463000000.0,548000000,0.27250124316260566,0.0,204000000,0.0,4000000.0,204000000,1667000000,64000000.0,146000000.0,490000000,0.24365987071108902,344000000,0.17105917454002983,-23000000.0,257000000,0.12779711586275486,-23000000.0,280000000,0.139234211834908,1.71,1.69,163400000,165400000,https://www.sec.gov/Archives/edgar/data/1137411/000113741118000021/0001137411-18-000021-index.html,https://www.sec.gov/Archives/edgar/data/1137411/000113741118000021/col_12312017x10q.htm,1620590543,16:02:23,20210509
4,2017-09-30,COL,USD,2017-11-14 00:00:00,2017-11-14 12:56:24,Q4,2193000000,1598000000.0,595000000,0.2713178294573643,0.0,218000000,0.0,2000000.0,218000000,1816000000,65000000.0,144000000.0,521000000,0.23757409940720475,377000000,0.1719106247150023,-38000000.0,274000000,0.12494300045599635,61000000.0,213000000,0.09712722298221614,1.307551,1.29,162900000,164700000,https://www.sec.gov/Archives/edgar/data/1137411/000113741117000126/0001137411-17-000126-index.html,https://www.sec.gov/Archives/edgar/data/1137411/000113741117000126/col_9302017x10k.htm,1620590543,16:02:23,20210509
5,2017-06-30,COL,USD,2017-07-28 00:00:00,2017-07-28 11:28:14,Q3,2094000000,1524000000.0,570000000,0.2722063037249284,0.0,213000000,0.0,5000000.0,213000000,1737000000,77000000.0,125000000.0,482000000,0.23018147086914995,357000000,0.17048710601719197,-59000000.0,221000000,0.1055396370582617,42000000.0,179000000,0.08548233046800383,1.13,1.12,158200000,159900000,https://www.sec.gov/Archives/edgar/data/1137411/000113741117000097/0001137411-17-000097-index.html,https://www.sec.gov/Archives/edgar/data/1137411/000113741117000097/col_6302017x10q.htm,1620590543,16:02:23,20210509
6,2017-03-31,COL,USD,2017-04-21 00:00:00,2017-04-21 11:34:23,Q2,1342000000,930000000.0,412000000,0.30700447093889716,0.0,158000000,0.0,4000000.0,158000000,1088000000,25000000.0,65000000.0,319000000,0.23770491803278687,254000000,0.18926974664679583,4000000.0,233000000,0.1736214605067064,65000000.0,168000000,0.12518628912071536,1.28,1.27,130900000,132400000,https://www.sec.gov/Archives/edgar/data/1137411/000113741117000072/0001137411-17-000072-index.html,https://www.sec.gov/Archives/edgar/data/1137411/000113741117000072/col_3312017x10q.htm,1620590543,16:02:23,20210509
7,2016-12-31,COL,USD,2017-02-08 00:00:00,2017-02-08 10:07:30,Q1,1193000000,816000000.0,377000000,0.3160100586756077,0.0,159000000,0.0,5000000.0,159000000,975000000,20000000.0,60000000.0,278000000,0.2330259849119866,218000000,0.18273260687342832,5000000.0,203000000,0.17015926236378875,-58000000.0,145000000,0.12154233025984912,1.108563,1.1,130800000,131900000,https://www.sec.gov/Archives/edgar/data/1137411/000113741117000037/0001137411-17-000037-index.html,https://www.sec.gov/Archives/edgar/data/1137411/000113741117000037/col_12312016x10q.htm,1620590543,16:02:23,20210509
8,2016-09-30,COL,USD,2016-11-15 00:00:00,2016-11-15 14:48:45,Q4,1445000000,984000000.0,461000000,0.3190311418685121,0.0,157000000,0.0,8000000.0,157000000,1141000000,16000000.0,63000000.0,1508000000,1.043598615916955,1445000000,1.0,8000000.0,296000000,0.20484429065743945,-88000000.0,208000000,0.1439446366782007,1.597542,1.58,130200000,131500000,https://www.sec.gov/Archives/edgar/data/1137411/000113741116000223/0001137411-16-000223-index.html,https://www.sec.gov/Archives/edgar/data/1137411/000113741116000223/col_9302016x10k.htm,1620590543,16:02:23,20210509
9,2016-06-30,COL,USD,2016-07-25 00:00:00,2016-07-25 12:51:41,Q3,1334000000,915000000.0,419000000,0.3140929535232384,0.0,158000000,0.0,2000000.0,158000000,1073000000,16000000.0,65000000.0,1399000000,1.0487256371814093,1334000000,1.0,2000000.0,247000000,0.18515742128935533,33000000.0,214000000,0.16041979010494753,1.647421,1.63,129900000,131500000,https://www.sec.gov/Archives/edgar/data/1137411/000113741116000215/0001137411-16-000215-index.html,https://www.sec.gov/Archives/edgar/data/1137411/000113741116000215/col_6302016x10q.htm,1620590543,16:02:23,20210509
10,2016-03-31,COL,USD,2016-04-21 00:00:00,2016-04-21 13:11:41,Q2,1311000000,907000000.0,404000000,0.30816170861937453,0.0,160000000,0.0,8000000.0,160000000,1067000000,17000000.0,67000000.0,311000000,0.2372234935163997,244000000,0.18611746758199849,8000000.0,235000000,0.17925247902364608,63000000.0,171000000,0.13043478260869565,1.31,1.29,130800000,132300000,https://www.sec.gov/Archives/edgar/data/1137411/000113741116000185/0001137411-16-000185-index.html,https://www.sec.gov/Archives/edgar/data/1137411/000113741116000185/col_3312016x10q.htm,1620590543,16:02:23,20210509
11,2015-12-31,COL,USD,2016-01-22 00:00:00,2016-01-22 11:27:25,Q1,1169000000,836000000.0,333000000,0.2848588537211292,0.0,163000000,0.0,2000000.0,163000000,999000000,15000000.0,58000000.0,228000000,0.19503849443969204,170000000,0.1454234388366125,2000000.0,157000000,0.1343028229255774,24000000.0,135000000,0.11548331907613345,1.03,1.02,131400000,132800000,https://www.sec.gov/Archives/edgar/data/1137411/000113741116000153/0001137411-16-000153-index.html,https://www.sec.gov/Archives/edgar/data/1137411/000113741116000153/col_12312015x10q.htm,1620590543,16:02:23,20210509
12,2015-09-30,COL,USD,2015-11-17 00:00:00,2015-11-17 11:12:33,Q4,1384000000,948000000.0,436000000,0.315028901734104,0.0,160000000,0.0,5000000.0,160000000,1108000000,16000000.0,63000000.0,1447000000,1.045520231213873,1384000000,1.0,6000000.0,266000000,0.19219653179190752,82000000.0,184000000,0.1329479768786127,1.394996,1.38,131900000,133200000,https://www.sec.gov/Archives/edgar/data/1137411/000113741115000135/0001137411-15-000135-index.html,https://www.sec.gov/Archives/edgar/data/1137411/000113741115000135/col_9302015x10k.htm,1620590543,16:02:23,20210509
13,2015-06-30,COL,USD,2015-07-24 00:00:00,2015-07-24 12:11:37,Q3,1293000000,888000000.0,405000000,0.31322505800464034,0.0,157000000,0.0,3000000.0,157000000,1045000000,15000000.0,67000000.0,1360000000,1.051817478731632,1293000000,1.0,4000000.0,237000000,0.18329466357308585,59000000.0,178000000,0.13766434648105183,1.350531,1.33,131800000,133600000,https://www.sec.gov/Archives/edgar/data/1137411/000113741115000100/0001137411-15-000100-index.html,https://www.sec.gov/Archives/edgar/data/1137411/000113741115000100/col_6302015x10q.htm,1620590543,16:02:23,20210509
14,2015-03-31,COL,USD,2015-04-23 00:00:00,2015-04-23 14:53:28,Q2,1341000000,937000000.0,404000000,0.3012677106636838,0.0,152000000,0.0,3000000.0,152000000,1089000000,15000000.0,60000000.0,312000000,0.232662192393736,252000000,0.18791946308724833,4000000.0,241000000,0.17971662938105892,78000000.0,157000000,0.11707680835197613,1.19,1.17,132200000,133700000,https://www.sec.gov/Archives/edgar/data/1137411/000113741115000070/0001137411-15-000070-index.html,https://www.sec.gov/Archives/edgar/data/1137411/000113741115000070/col_3312015x10q.htm,1620590543,16:02:23,20210509
15,2014-12-31,COL,USD,2015-01-23,2015-01-23 14:16:04,Q1,1226000000,857000000.0,369000000,0.300978792822186,0.0,137000000,0.0,1000000.0,137000000,994000000,15000000.0,62000000.0,294000000,0.2398042414355628,232000000,0.18923327895595432,1000000.0,218000000,0.17781402936378465,49000000.0,167000000,0.1362153344208809,1.26,1.24,133000000,134500000,https://www.sec.gov/Archives/edgar/data/1137411/000113741115000029/0001137411-15-000029-index.htm,https://www.sec.gov/Archives/edgar/data/1137411/000113741115000029/col_12312014x10q.htm,1620590543,16:02:23,20210509
16,2014-09-30,COL,USD,2014-11-18 00:00:00,2014-11-18 14:31:29,Q4,1402000000,974000000.0,428000000,0.30527817403708984,0.0,164000000,0.0,4000000.0,164000000,1138000000,16000000.0,62000000.0,1464000000,1.0442225392296718,1402000000,1.0,5000000.0,253000000,0.1804564907275321,80000000.0,167000000,0.11911554921540657,1.246269,1.23,134000000,136200000,https://www.sec.gov/Archives/edgar/data/1137411/000113741114000116/0001137411-14-000116-index.html,https://www.sec.gov/Archives/edgar/data/1137411/000113741114000116/col_9302014x10k.htm,1620590543,16:02:23,20210509
17,2014-06-30,COL,USD,2014-07-22 00:00:00,2014-07-22 13:04:30,Q3,1264000000,877000000.0,387000000,0.3061708860759494,0.0,148000000,0.0,3000000.0,148000000,1025000000,15000000.0,59000000.0,298000000,0.23575949367088608,239000000,0.18908227848101267,5000000.0,229000000,0.18117088607594936,66000000.0,158000000,0.125,1.17,1.15,135200000,136900000,https://www.sec.gov/Archives/edgar/data/1137411/000113741114000103/0001137411-14-000103-index.html,https://www.sec.gov/Archives/edgar/data/1137411/000113741114000103/col_6302014x10q.htm,1620590543,16:02:23,20210509
18,2014-03-31,COL,USD,2014-04-17 00:00:00,2014-04-17 11:09:19,Q2,1272000000,894000000.0,378000000,0.2971698113207547,0.0,150000000,0.0,1000000.0,150000000,1044000000,16000000.0,59000000.0,287000000,0.22562893081761007,228000000,0.1792452830188679,2000000.0,214000000,0.16823899371069181,67000000.0,148000000,0.11635220125786164,1.09,1.08,135500000,137200000,https://www.sec.gov/Archives/edgar/data/1137411/000113741114000071/0001137411-14-000071-index.html,https://www.sec.gov/Archives/edgar/data/1137411/000113741114000071/col_3312014x10q.htm,1620590543,16:02:23,20210509
19,2013-12-31,COL,USD,2014-01-22,2014-01-22 10:00:11,Q1,1071000000,756000000.0,315000000,0.29411764705882354,0.0,136000000,0.0,0.0,136000000,892000000,12000000.0,45000000.0,1116000000,1.0420168067226891,1071000000,1.0,13000000.0,180000000,0.16806722689075632,49000000.0,131000000,0.1223155929038282,0.968219,0.96,135300000,136700000,https://www.sec.gov/Archives/edgar/data/1137411/000113741114000026/0001137411-14-000026-index.htm,https://www.sec.gov/Archives/edgar/data/1137411/000113741114000026/col_12312013x10q.htm,1620590543,16:02:23,20210509
20,2013-09-30,COL,USD,2013-11-12 00:00:00,2013-11-12 13:07:18,Q4,1252000000,875000000.0,377000000,0.3011182108626198,0.0,124000000,0.0,-1000000.0,123000000,998000000,7000000.0,48000000.0,1300000000,1.038338658146965,1252000000,1.0,2000000.0,249000000,0.1988817891373802,74000000.0,175000000,0.13977635782747605,1.295337,1.28,135100000,136700000,https://www.sec.gov/Archives/edgar/data/1137411/000113741113000174/0001137411-13-000174-index.html,https://www.sec.gov/Archives/edgar/data/1137411/000113741113000174/col_9302013x10k.htm,1620590543,16:02:23,20210509
21,2013-06-30,COL,USD,2013-07-19 00:00:00,2013-07-19 12:21:49,Q3,1165000000,795000000.0,370000000,0.31759656652360513,0.0,132000000,0.0,0.0,131000000,926000000,7000000.0,44000000.0,1209000000,1.0377682403433477,1165000000,1.0,1000000.0,234000000,0.20085836909871244,70000000.0,164000000,0.1407725321888412,1.212121,1.2,135300000,137200000,https://www.sec.gov/Archives/edgar/data/1137411/000113741113000127/0001137411-13-000127-index.html,https://www.sec.gov/Archives/edgar/data/1137411/000113741113000127/col_6302013x10q.htm,1620590543,16:02:23,20210509
22,2013-03-31,COL,USD,2013-04-19 00:00:00,2013-04-19 11:34:54,Q2,1131000000,804000000.0,327000000,0.2891246684350133,0.0,126000000,0.0,0.0,126000000,930000000,8000000.0,45000000.0,246000000,0.21750663129973474,201000000,0.17771883289124668,4000000.0,197000000,0.17418213969938107,36000000.0,161000000,0.14235190097259062,1.18,1.17,136200000,137800000,https://www.sec.gov/Archives/edgar/data/1137411/000113741113000068/0001137411-13-000068-index.html,https://www.sec.gov/Archives/edgar/data/1137411/000113741113000068/col_3312013x10q.htm,1620590543,16:02:23,20210509
23,2012-12-31,COL,USD,2013-01-18 00:00:00,2013-01-18 12:43:23,Q1,1062000000,750000000.0,312000000,0.2937853107344633,0.0,124000000,0.0,-1000000.0,123000000,873000000,6000000.0,43000000.0,232000000,0.2184557438794727,189000000,0.17796610169491525,4000000.0,188000000,0.17702448210922786,56000000.0,132000000,0.12429378531073447,0.95,0.94,139400000,140700000,https://www.sec.gov/Archives/edgar/data/1137411/000113741113000015/0001137411-13-000015-index.html,https://www.sec.gov/Archives/edgar/data/1137411/000113741113000015/col_12312012x10q.htm,1620590543,16:02:23,20210509
24,2012-09-30,COL,USD,2012-11-13 00:00:00,2012-11-13 15:04:40,Q4,1266000000,894000000.0,372000000,0.2938388625592417,0.0,150000000,0.0,0.0,146000000,1040000000,7000000.0,63000000.0,1329000000,1.0497630331753554,1266000000,1.0,0.0,220000000,0.17377567140600317,68000000.0,152000000,0.12006319115323855,1.068917,1.06,142200000,143800000,https://www.sec.gov/Archives/edgar/data/1137411/000113741112000120/0001137411-12-000120-index.html,https://www.sec.gov/Archives/edgar/data/1137411/000113741112000120/col_9302012x10k.htm,1620590543,16:02:23,20210509
25,2012-06-30,COL,USD,2012-07-24 00:00:00,2012-07-24 12:42:23,Q3,1205000000,846000000.0,359000000,0.2979253112033195,0.0,132000000,0.0,0.0,132000000,978000000,7000000.0,37000000.0,264000000,0.21908713692946058,227000000,0.1883817427385892,9000000.0,230000000,0.1908713692946058,64000000.0,166000000,0.13775933609958507,1.16,1.14,143400000,145000000,https://www.sec.gov/Archives/edgar/data/1137411/000113741112000086/0001137411-12-000086-index.html,https://www.sec.gov/Archives/edgar/data/1137411/000113741112000086/col_6302012x10q.htm,1620590543,16:02:23,20210509
26,2012-03-31,COL,USD,2012-04-19,2012-04-19 14:29:00,Q2,1161000000,810000000.0,351000000,0.3023255813953488,0.0,137000000,0.0,0.0,137000000,947000000,7000000.0,37000000.0,251000000,0.21619293712316967,214000000,0.1843238587424634,5000000.0,213000000,0.1834625322997416,52000000.0,161000000,0.13867355727820843,1.1,1.09,146000000,147600000,https://www.sec.gov/Archives/edgar/data/1137411/000113741112000055/0001137411-12-000055-index.htm,https://www.sec.gov/Archives/edgar/data/1137411/000113741112000055/col_3312012x10q.htm,1620590543,16:02:23,20210509
27,2011-12-31,COL,USD,2012-01-19 00:00:00,2012-01-19 11:52:29,Q1,1094000000,876000000.0,218000000,0.19926873857404023,0.0,18000000,0.0,0.0,18000000,894000000,6000000.0,37000000.0,237000000,0.21663619744058502,200000000,0.18281535648994515,4000000.0,194000000,0.1773308957952468,64000000.0,130000000,0.11882998171846434,0.886162,0.86,146700000,151100000,https://www.sec.gov/Archives/edgar/data/1137411/000113741112000013/0001137411-12-000013-index.html,https://www.sec.gov/Archives/edgar/data/1137411/000113741112000013/col_12312011x10q.htm,1620590543,16:02:23,20210509
28,2011-09-30,COL,USD,2011-11-15 00:00:00,2011-11-15 15:03:55,Q4,1296000000,939000000.0,357000000,0.27546296296296297,0.0,142000000,0.0,0.0,142000000,1081000000,5000000.0,35000000.0,250000000,0.19290123456790123,215000000,0.16589506172839505,13000000.0,219000000,0.16898148148148148,61000000.0,175000000,0.13503086419753085,1.1929107021131562,1.1929107021131562,146700000,146700000,https://www.sec.gov/Archives/edgar/data/1137411/000120677411002553/0001206774-11-002553-index.html,https://www.sec.gov/Archives/edgar/data/1137411/000120677411002553/rockwellcollins_10k.htm,1620590543,16:02:23,20210509
29,2011-06-30,COL,USD,2011-07-25 00:00:00,2011-07-25 10:16:24,Q3,1190000000,833000000.0,357000000,0.3,0.0,131000000,0.0,0.0,131000000,964000000,5000000.0,35000000.0,261000000,0.21932773109243697,226000000,0.1899159663865546,4000000.0,227000000,0.1907563025210084,70000000.0,158000000,0.13277310924369748,1.03,1.01,153800000,155900000,https://www.sec.gov/Archives/edgar/data/1137411/000114420411041862/0001144204-11-041862-index.html,https://www.sec.gov/Archives/edgar/data/1137411/000114420411041862/v229514_10q.htm,1620590543,16:02:23,20210509
30,2011-03-31,COL,USD,2011-04-29 00:00:00,2011-04-29 11:56:25,Q2,242000000,0.0,242000000,1.0,0.0,19000000,0.0,0.0,19000000,19000000,4000000.0,37000000.0,260000000,1.0743801652892562,223000000,0.9214876033057852,4000000.0,219000000,0.9049586776859504,69000000.0,150000000,0.6198347107438017,0.972763,0.96,154200000,156500000,https://www.sec.gov/Archives/edgar/data/1137411/000114420411024855/0001144204-11-024855-index.html,https://www.sec.gov/Archives/edgar/data/1137411/000114420411024855/v219933_10q.htm,1620590543,16:02:23,20210509
31,2010-12-31,COL,USD,2011-01-28,2011-01-28 09:00:50,Q1,1110000000,0.0,1110000000,1.0,0.0,17000000,0.0,0.0,17000000,17000000,5000000.0,34000000.0,1127000000,1.0153153153153154,1093000000,0.9846846846846847,6000000.0,193000000,0.17387387387387387,42000000.0,151000000,0.13603603603603603,0.976083,0.96,154700000,157500000,https://www.sec.gov/Archives/edgar/data/1137411/000114420411004523/0001144204-11-004523-index.htm,https://www.sec.gov/Archives/edgar/data/1137411/000114420411004523/v209108_10q.htm,1620590543,16:02:23,20210509
32,2010-09-30,COL,USD,2010-11-23 00:00:00,2010-11-23 15:28:14,Q4,1282000000,927000000.0,355000000,0.27691107644305774,0.0,131000000,0.0,0.0,131000000,1058000000,5000000.0,39000000.0,263000000,0.20514820592823713,224000000,0.1747269890795632,-14000000.0,220000000,0.17160686427457097,70000000.0,150000000,0.11700468018720749,0.9696186166774402,0.9696186166774402,154700000,154700000,https://www.sec.gov/Archives/edgar/data/1137411/000104746910010012/0001047469-10-010012-index.html,https://www.sec.gov/Archives/edgar/data/1137411/000104746910010012/a2201110z10-k.htm,1620590543,16:02:23,20210509
33,2010-06-30,COL,USD,2010-07-29 00:00:00,2010-07-29 09:49:23,Q3,1214000000,0.0,1214000000,1.0,0.0,18000000,0.0,0.0,18000000,18000000,5000000.0,37000000.0,1233000000,1.0156507413509062,1196000000,0.985172981878089,4000000.0,205000000,0.16886326194398682,63000000.0,142000000,0.11696869851729819,0.902734,0.89,157100000,159500000,https://www.sec.gov/Archives/edgar/data/1137411/000114420410039945/0001144204-10-039945-index.html,https://www.sec.gov/Archives/edgar/data/1137411/000114420410039945/v191637_10q.htm,1620590543,16:02:23,20210509
34,2010-03-31,COL,USD,2010-04-23 00:00:00,2010-04-23 15:22:09,Q2,1142000000,828000000.0,314000000,0.27495621716287216,0.0,119000000,0.0,0.0,119000000,947000000,4000000.0,37000000.0,232000000,0.2031523642732049,195000000,0.17075306479859895,4000000.0,196000000,0.17162872154115585,48000000.0,148000000,0.1295971978984238,0.94,0.93,157100000,159400000,https://www.sec.gov/Archives/edgar/data/1137411/000114420410021931/0001144204-10-021931-index.html,https://www.sec.gov/Archives/edgar/data/1137411/000114420410021931/v181923_10q.htm,1620590543,16:02:23,20210509
35,2009-12-31,COL,USD,2010-01-28 00:00:00,2010-01-28 15:00:56,Q1,1027000000,734000000.0,293000000,0.28529698149951316,0.0,109000000,0.0,0.0,109000000,843000000,6000000.0,36000000.0,1063000000,1.0350535540408958,1027000000,1.0,-15000000.0,181000000,0.1762414800389484,60000000.0,121000000,0.11781888997078871,0.769231,0.76,157300000,159200000,https://www.sec.gov/Archives/edgar/data/1137411/000114420410004114/0001144204-10-004114-index.html,https://www.sec.gov/Archives/edgar/data/1137411/000114420410004114/v172298_10q.htm,1620590543,16:02:23,20210509
36,2009-09-30,COL,USD,2009-11-23 00:00:00,2009-11-23 15:53:18,Q4,1190000000,874000000.0,316000000,0.26554621848739496,0.0,127000000,0.0,0.0,127000000,1001000000,6000000.0,40000000.0,229000000,0.19243697478991598,189000000,0.1588235294117647,6000000.0,190000000,0.15966386554621848,56000000.0,134000000,0.11260504201680673,0.8518753973299428,0.8518753973299428,157300000,157300000,https://www.sec.gov/Archives/edgar/data/1137411/000114420409061465/0001144204-09-061465-index.html,https://www.sec.gov/Archives/edgar/data/1137411/000114420409061465/v166971_10k.htm,1620590543,16:02:23,20210509
37,2009-06-30,COL,USD,2009-07-30 00:00:00,2009-07-30 15:01:07,Q3,1084000000,759000000.0,325000000,0.29981549815498154,0.0,108000000,0.0,0.0,108000000,867000000,5000000.0,38000000.0,255000000,0.235239852398524,217000000,0.20018450184501846,2000000.0,215000000,0.19833948339483395,70000000.0,145000000,0.13376383763837638,0.92,0.91,158000000,159700000,https://www.sec.gov/Archives/edgar/data/1137411/000114420409039487/0001144204-09-039487-index.html,https://www.sec.gov/Archives/edgar/data/1137411/000114420409039487/v155757_10q.htm,1620590543,16:02:23,20210509
38,2009-03-31,COL,USD,2009-04-28 00:00:00,2009-04-28 16:45:21,Q2,1138000000,785000000.0,353000000,0.3101933216168717,0.0,118000000,0.0,0.0,118000000,903000000,3000000.0,34000000.0,269000000,0.23637961335676624,235000000,0.20650263620386644,7000000.0,240000000,0.210896309314587,76000000.0,164000000,0.14411247803163443,1.04,1.03,158100000,159300000,https://www.sec.gov/Archives/edgar/data/1137411/000114420409022689/0001144204-09-022689-index.html,https://www.sec.gov/Archives/edgar/data/1137411/000114420409022689/v147134_10q.htm,1620590543,16:02:23,20210509
39,2008-12-31,COL,USD,2009-02-03 00:00:00,2009-02-03 14:49:40,Q1,1058000000,732000000.0,326000000,0.30812854442344045,0.0,105000000,0.0,0.0,105000000,837000000,4000000.0,32000000.0,253000000,0.2391304347826087,221000000,0.20888468809073724,5000000.0,222000000,0.20982986767485823,71000000.0,151000000,0.14272211720226843,0.96,0.95,158100000,159200000,https://www.sec.gov/Archives/edgar/data/1137411/000114420409004891/0001144204-09-004891-index.html,https://www.sec.gov/Archives/edgar/data/1137411/000114420409004891/v138394_10q.htm,1620590543,16:02:23,20210509
40,2008-09-30,COL,USD,2008-11-25 00:00:00,2008-11-25 16:44:00,Q4,1277000000,898000000.0,379000000,0.29678935003915424,0.0,135000000,0.0,0.0,135000000,1033000000,6000000.0,35000000.0,279000000,0.21848081440877057,244000000,0.19107282693813626,-5000000.0,241000000,0.18872357086922475,59000000.0,182000000,0.14252153484729835,1.1511701454775458,1.1511701454775458,158100000,158100000,https://www.sec.gov/Archives/edgar/data/1137411/000104746908012565/0001047469-08-012565-index.html,https://www.sec.gov/Archives/edgar/data/1137411/000104746908012565/a2189301z10-k.htm,1620590543,16:02:23,20210509
41,2008-06-30,COL,USD,2008-07-23 00:00:00,2008-07-23 09:33:47,Q3,1194000000,827000000.0,367000000,0.3073701842546064,0.0,119000000,0.0,0.0,119000000,946000000,5000000.0,32000000.0,280000000,0.23450586264656617,248000000,0.20770519262981574,5000000.0,248000000,0.20770519262981574,74000000.0,174000000,0.1457286432160804,1.09,1.07,160300000,162400000,https://www.sec.gov/Archives/edgar/data/1137411/000114420408041259/0001144204-08-041259-index.html,https://www.sec.gov/Archives/edgar/data/1137411/000114420408041259/v120268_10q.htm,1620590543,16:02:23,20210509
42,2008-03-31,COL,USD,2008-04-24 00:00:00,2008-04-24 16:10:44,Q2,1186000000,840000000.0,346000000,0.2917369308600337,0.0,120000000,0.0,0.0,120000000,960000000,5000000.0,31000000.0,257000000,0.2166947723440135,226000000,0.1905564924114671,9000000.0,232000000,0.19561551433389546,64000000.0,168000000,0.14165261382799327,1.04,1.03,161100000,163200000,https://www.sec.gov/Archives/edgar/data/1137411/000114420408024059/0001144204-08-024059-index.html,https://www.sec.gov/Archives/edgar/data/1137411/000114420408024059/v111380_10q.htm,1620590543,16:02:23,20210509
43,2007-12-31,COL,USD,2008-01-24,2008-01-24 14:37:37,Q1,1112000000,769000000.0,343000000,0.30845323741007197,0.0,111000000,0.0,0.0,111000000,880000000,5000000.0,31000000.0,263000000,0.23651079136690648,232000000,0.20863309352517986,3000000.0,232000000,0.20863309352517986,78000000.0,154000000,0.13848920863309352,0.95,0.93,162900000,165300000,https://www.sec.gov/Archives/edgar/data/1137411/000114420408003760/0001144204-08-003760-index.htm,https://www.sec.gov/Archives/edgar/data/1137411/000114420408003760/v100327_10q.htm,1620590543,16:02:23,20210509
44,2007-09-30,COL,USD,2007-11-16 00:00:00,2007-11-16 17:17:13,Q4,1226000000,866000000.0,360000000,0.2936378466557912,0.0,130000000,0.0,0.0,130000000,996000000,3000000.0,31000000.0,261000000,0.2128874388254486,230000000,0.18760195758564438,4000000.0,229000000,0.1867862969004894,73000000.0,156000000,0.1272430668841762,0.9576427255985267,0.9576427255985267,162900000,162900000,https://www.sec.gov/Archives/edgar/data/1137411/000095013707017412/0000950137-07-017412-index.html,https://www.sec.gov/Archives/edgar/data/1137411/000095013707017412/c21596e10vk.htm,1620590543,16:02:23,20210509
45,2007-06-30,COL,USD,2007-07-26 00:00:00,2007-07-26 16:47:14,Q3,1113000000,780000000.0,333000000,0.2991913746630728,0.0,124000000,0.0,0.0,124000000,904000000,3000000.0,30000000.0,239000000,0.21473495058400718,209000000,0.18778077268643306,2000000.0,209000000,0.18778077268643306,63000000.0,146000000,0.13117699910152741,0.87,0.86,167000000,169600000,https://www.sec.gov/Archives/edgar/data/1137411/000114420407038521/0001144204-07-038521-index.html,https://www.sec.gov/Archives/edgar/data/1137411/000114420407038521/v081791_10q.htm,1620590543,16:02:23,20210509
46,2007-03-31,COL,USD,2007-04-25 00:00:00,2007-04-25 10:19:56,Q2,1083000000,756000000.0,327000000,0.30193905817174516,0.0,119000000,0.0,0.0,119000000,875000000,3000000.0,28000000.0,236000000,0.21791320406278855,208000000,0.19205909510618652,5000000.0,210000000,0.19390581717451524,70000000.0,140000000,0.12927054478301014,0.83,0.82,167900000,170600000,https://www.sec.gov/Archives/edgar/data/1137411/000119312507089680/0001193125-07-089680-index.html,https://www.sec.gov/Archives/edgar/data/1137411/000119312507089680/d10q.htm,1620590543,16:02:23,20210509
47,2006-12-31,COL,USD,2007-01-25,2007-01-25 12:54:05,Q1,993000000,690000000.0,303000000,0.30513595166163143,0.0,109000000,0.0,0.0,109000000,799000000,4000000.0,29000000.0,223000000,0.22457200402819738,194000000,0.19536757301107754,3000000.0,195000000,0.19637462235649547,52000000.0,143000000,0.14400805639476336,0.85,0.84,167400000,170100000,https://www.sec.gov/Archives/edgar/data/1137411/000119312507012806/0001193125-07-012806-index.htm,https://www.sec.gov/Archives/edgar/data/1137411/000119312507012806/d10q.htm,1620590543,16:02:23,20210509
48,2006-09-30,COL,USD,2006-11-13,2006-11-13 16:19:01,Q4,1061000000,765000000.0,296000000,0.27898209236569277,0.0,120000000,0.0,0.0,120000000,885000000,4000000.0,30000000.0,206000000,0.1941564561734213,176000000,0.16588124410933083,20000000.0,197000000,0.18567389255419417,59000000.0,138000000,0.13006597549481622,0.8243727598566308,0.8243727598566308,167400000,167400000,https://www.sec.gov/Archives/edgar/data/1137411/000119312506232904/0001193125-06-232904-index.htm,https://www.sec.gov/Archives/edgar/data/1137411/000119312506232904/d10k.htm,1620590543,16:02:23,20210509
49,2006-06-30,COL,USD,2006-07-27,2006-07-27 12:43:09,Q3,964000000,676000000.0,288000000,0.2987551867219917,0.0,112000000,0.0,0.0,112000000,788000000,3000000.0,27000000.0,203000000,0.21058091286307054,176000000,0.1825726141078838,4000000.0,177000000,0.18360995850622408,56000000.0,121000000,0.12551867219917012,0.71,0.7,171200000,173800000,https://www.sec.gov/Archives/edgar/data/1137411/000119312506154665/0001193125-06-154665-index.htm,https://www.sec.gov/Archives/edgar/data/1137411/000119312506154665/d10q.htm,1620590543,16:02:23,20210509
50,2006-03-31,COL,USD,2006-04-26,2006-04-26 11:13:42,Q2,957000000,681000000.0,276000000,0.2884012539184953,0.0,112000000,0.0,0.0,112000000,793000000,3000000.0,25000000.0,189000000,0.1974921630094044,164000000,0.17136886102403343,1000000.0,162000000,0.16927899686520376,48000000.0,114000000,0.11912225705329153,0.66,0.65,172500000,175900000,https://www.sec.gov/Archives/edgar/data/1137411/000119312506088929/0001193125-06-088929-index.htm,https://www.sec.gov/Archives/edgar/data/1137411/000119312506088929/d10q.htm,1620590543,16:02:23,20210509
51,2005-12-31,COL,USD,2006-01-26,2006-01-26 16:26:54,Q1,881000000,630000000.0,251000000,0.2849035187287174,0.0,97000000,0.0,0.0,97000000,727000000,3000000.0,24000000.0,178000000,0.20204313280363223,154000000,0.17480136208853575,2000000.0,153000000,0.17366628830874006,49000000.0,104000000,0.11804767309875142,0.6,0.59,172800000,175500000,https://www.sec.gov/Archives/edgar/data/1137411/000119312506012817/0001193125-06-012817-index.htm,https://www.sec.gov/Archives/edgar/data/1137411/000119312506012817/d10q.htm,1620590543,16:02:23,20210509
52,2005-09-30,COL,USD,2005-11-21,2005-11-21 17:02:16,Q4,963000000,716000000.0,247000000,0.2564901349948079,0.0,111000000,0.0,0.0,111000000,827000000,3000000.0,41000000.0,177000000,0.1838006230529595,136000000,0.14122533748701974,3000000.0,141000000,0.14641744548286603,31000000.0,110000000,0.1142263759086189,0.6365740740740741,0.6365740740740741,172800000,172800000,https://www.sec.gov/Archives/edgar/data/1137411/000119312505230287/0001193125-05-230287-index.htm,https://www.sec.gov/Archives/edgar/data/1137411/000119312505230287/d10k.htm,1620590543,16:02:23,20210509
53,2005-06-30,COL,USD,2005-07-28,2005-07-28 16:58:12,Q3,890000000,641000000.0,249000000,0.2797752808988764,0.0,107000000,0.0,0.0,107000000,748000000,3000000.0,26000000.0,168000000,0.18876404494382024,142000000,0.15955056179775282,5000000.0,144000000,0.16179775280898875,43000000.0,101000000,0.11348314606741573,0.57,0.56,177500000,180700000,https://www.sec.gov/Archives/edgar/data/1137411/000119312505151485/0001193125-05-151485-index.htm,https://www.sec.gov/Archives/edgar/data/1137411/000119312505151485/d10q.htm,1620590543,16:02:23,20210509
54,2005-03-31,COL,USD,2005-04-27,2005-04-27 16:58:44,Q2,829000000,600000000.0,229000000,0.2762364294330519,0.0,97000000,0.0,0.0,97000000,697000000,2000000.0,27000000.0,159000000,0.19179734620024125,132000000,0.15922798552472858,3000000.0,133000000,0.16043425814234016,38000000.0,95000000,0.11459589867310012,0.53,0.52,178800000,182000000,https://www.sec.gov/Archives/edgar/data/1137411/000119312505086893/0001193125-05-086893-index.htm,https://www.sec.gov/Archives/edgar/data/1137411/000119312505086893/d10q.htm,1620590543,16:02:23,20210509
55,2004-12-31,COL,USD,2005-01-26,2005-01-26 12:40:07,Q1,763000000,545000000.0,218000000,0.2857142857142857,0.0,87000000,0.0,0.0,87000000,632000000,3000000.0,25000000.0,156000000,0.20445609436435125,131000000,0.17169069462647443,-1000000.0,129000000,0.1690694626474443,39000000.0,90000000,0.11795543905635648,0.51,0.5,177200000,180200000,https://www.sec.gov/Archives/edgar/data/1137411/000119312505012057/0001193125-05-012057-index.htm,https://www.sec.gov/Archives/edgar/data/1137411/000119312505012057/d10q.htm,1620590543,16:02:23,20210509
56,2004-09-30,COL,USD,2004-12-08 00:00:00,2004-12-08 14:46:05,Q4,839000000,616000000.0,223000000,0.265792610250298,0.0,101000000,0.0,0.0,101000000,717000000,2000000.0,28000000.0,150000000,0.17878426698450536,122000000,0.14541120381406436,1000000.0,123000000,0.1466030989272944,37000000.0,86000000,0.10250297973778308,0.4853273137697517,0.4853273137697517,177200000,177200000,https://www.sec.gov/Archives/edgar/data/1137411/000119312504209373/0001193125-04-209373-index.html,https://www.sec.gov/Archives/edgar/data/1137411/000119312504209373/d10k.htm,1620590543,16:02:23,20210509
57,2004-06-30,COL,USD,2004-08-03 00:00:00,2004-08-03 17:08:48,Q3,744000000,547000000.0,197000000,0.2647849462365591,0.0,88000000,0.0,0.0,88000000,635000000,2000000.0,26000000.0,135000000,0.1814516129032258,109000000,0.14650537634408603,1000000.0,108000000,0.14516129032258066,32000000.0,76000000,0.10215053763440861,0.43,0.42,176800000,179300000,https://www.sec.gov/Archives/edgar/data/1137411/000119312504130301/0001193125-04-130301-index.html,https://www.sec.gov/Archives/edgar/data/1137411/000119312504130301/d10q.htm,1620590543,16:02:23,20210509
58,2004-03-31,COL,USD,2004-04-27 00:00:00,2004-04-27 12:04:45,Q2,719000000,526000000.0,193000000,0.26842837273991654,0.0,87000000,0.0,0.0,87000000,613000000,2000000.0,28000000.0,134000000,0.18636995827538247,106000000,0.1474269819193324,-2000000.0,102000000,0.14186369958275383,31000000.0,71000000,0.09874826147426982,0.4,0.39,178500000,181100000,https://www.sec.gov/Archives/edgar/data/1137411/000119312504070532/0001193125-04-070532-index.html,https://www.sec.gov/Archives/edgar/data/1137411/000119312504070532/d10q.htm,1620590543,16:02:23,20210509
59,2003-12-31,COL,USD,2004-01-27,2004-01-27 17:27:26,Q1,628000000,455000000.0,173000000,0.2754777070063694,0.0,80000000,0.0,0.0,80000000,535000000,2000000.0,27000000.0,120000000,0.1910828025477707,93000000,0.1480891719745223,6000000.0,97000000,0.15445859872611464,29000000.0,68000000,0.10828025477707007,0.38309859154929576,0.3792526491912995,177500000,179300000,https://www.sec.gov/Archives/edgar/data/1137411/000119312504009860/0001193125-04-009860-index.htm,https://www.sec.gov/Archives/edgar/data/1137411/000119312504009860/d10q.htm,1620590543,16:02:23,20210509
60,2003-09-30,COL,USD,2003-11-13 00:00:00,2003-11-13 17:17:16,Q4,743000000,547000000.0,196000000,0.26379542395693134,0.0,96000000,0.0,0.0,96000000,643000000,0.0,26000000.0,126000000,0.1695827725437416,100000000,0.13458950201884254,2000000.0,104000000,0.13997308209959622,31000000.0,73000000,0.09825033647375504,0.4112676056338028,0.4112676056338028,177500000,177500000,https://www.sec.gov/Archives/edgar/data/1137411/000119312503080343/0001193125-03-080343-index.html,https://www.sec.gov/Archives/edgar/data/1137411/000119312503080343/d10k.htm,1620590543,16:02:23,20210509
61,2003-06-30,COL,USD,2003-08-12 00:00:00,2003-08-12 12:39:55,Q3,620000000,450000000.0,170000000,0.27419354838709675,0.0,81000000,0.0,0.0,81000000,531000000,1000000.0,29000000.0,118000000,0.19032258064516128,89000000,0.1435483870967742,22000000.0,110000000,0.1774193548387097,33000000.0,77000000,0.12419354838709677,0.43185642176107686,0.42992741485203795,178300000,179100000,https://www.sec.gov/Archives/edgar/data/1137411/000110465903017674/0001104659-03-017674-index.html,https://www.sec.gov/Archives/edgar/data/1137411/000110465903017674/a03-2158_110q.htm,1620590543,16:02:23,20210509
62,2003-03-31,COL,USD,2003-05-13 00:00:00,2003-05-13 14:44:34,Q2,618000000,454000000.0,164000000,0.26537216828478966,0.0,86000000,0.0,0.0,86000000,540000000,1000000.0,25000000.0,103000000,0.16666666666666666,78000000,0.1262135922330097,7000000.0,84000000,0.13592233009708737,25000000.0,59000000,0.09546925566343042,0.329608938547486,0.3285077951002227,179000000,179600000,https://www.sec.gov/Archives/edgar/data/1137411/000110465903009413/0001104659-03-009413-index.html,https://www.sec.gov/Archives/edgar/data/1137411/000110465903009413/j0339_10q.htm,1620590543,16:02:23,20210509
63,2002-12-31,COL,USD,2003-02-14 00:00:00,2003-02-14 10:07:41,Q1,561000000,416000000.0,145000000,0.25846702317290554,0.0,77000000,0.0,0.0,77000000,493000000,1000000.0,25000000.0,93000000,0.1657754010695187,68000000,0.12121212121212122,3000000.0,70000000,0.12477718360071301,21000000.0,49000000,0.0873440285204991,0.27192008879023305,0.27056874654886803,180200000,181100000,https://www.sec.gov/Archives/edgar/data/1137411/000110465903002326/0001104659-03-002326-index.html,https://www.sec.gov/Archives/edgar/data/1137411/000110465903002326/j7129_10q.htm,1620590543,16:02:23,20210509
64,2002-09-30,COL,USD,2002-12-19 00:00:00,2002-12-19 16:24:58,Q4,698000000,525000000.0,173000000,0.24785100286532952,0.0,92000000,0.0,0.0,92000000,617000000,2000000.0,42000000.0,123000000,0.17621776504297995,81000000,0.11604584527220631,19000000.0,100000000,0.14326647564469913,30000000.0,70000000,0.10028653295128939,0.38845726970033295,0.38845726970033295,180200000,180200000,https://www.sec.gov/Archives/edgar/data/1137411/000104746902007649/0001047469-02-007649-index.html,https://www.sec.gov/Archives/edgar/data/1137411/000104746902007649/a2095618z10-k.htm,1620590543,16:02:23,20210509
65,2002-06-30,COL,USD,2002-08-05 00:00:00,2002-08-05 17:31:06,Q3,623000000,460000000.0,163000000,0.26163723916532905,0.0,74000000,0.0,0.0,74000000,534000000,1000000.0,21000000.0,110000000,0.17656500802568217,89000000,0.14285714285714285,0.0,88000000,0.14125200642054575,28000000.0,60000000,0.09630818619582665,0.32786885245901637,0.3246753246753247,183000000,184800000,https://www.sec.gov/Archives/edgar/data/1137411/000091205702029919/0000912057-02-029919-index.html,https://www.sec.gov/Archives/edgar/data/1137411/000091205702029919/j4586_10q.htm,1620590543,16:02:23,20210509
66,2002-03-31,COL,USD,2002-05-07 00:00:00,2002-05-07 15:44:56,Q2,608000000,458000000.0,150000000,0.24671052631578946,0.0,72000000,0.0,0.0,72000000,530000000,1000000.0,22000000.0,100000000,0.16447368421052633,78000000,0.12828947368421054,4000000.0,81000000,0.13322368421052633,23000000.0,58000000,0.09539473684210527,0.31642116748499727,0.31453362255965295,183300000,184400000,https://www.sec.gov/Archives/edgar/data/1137411/000110465902001681/0001104659-02-001681-index.html,https://www.sec.gov/Archives/edgar/data/1137411/000110465902001681/j3549_10q.htm,1620590543,16:02:23,20210509
67,2001-12-31,COL,USD,2001-12-31,2001-12-31,Q1,563000000,420000000.0,143000000,0.2539964476021314,0.0,69000000,0.0,0.0,69000000,489000000,2000000.0,20000000.0,94000000,0.1669626998223801,74000000,0.13143872113676733,-1000000.0,72000000,0.12788632326820604,24000000.0,48000000,0.0852575488454707,0.26143790849673204,0.2611534276387378,183600000,183800000,,,1620590543,16:02:23,20210509
68,2001-06-30,COL,USD,2001-06-30,2001-06-30,Q3,727000000,535000000.0,192000000,0.2640990371389271,0.0,89000000,0.0,0.0,89000000,624000000,0.0,0.0,101000000,0.13892709766162312,103000000,0.14167812929848694,1000000.0,104000000,0.14305364511691884,36000000.0,68000000,0.09353507565337002,0.37,0.36,183100000,186000000,,,1620590543,16:02:23,20210509
