,date,symbol,reportedCurrency,fillingDate,acceptedDate,period,revenue,costOfRevenue,grossProfit,grossProfitRatio,researchAndDevelopmentExpenses,generalAndAdministrativeExpenses,sellingAndMarketingExpenses,otherExpenses,operatingExpenses,costAndExpenses,interestExpense,depreciationAndAmortization,ebitda,ebitdaratio,operatingIncome,operatingIncomeRatio,totalOtherIncomeExpensesNet,incomeBeforeTax,incomeBeforeTaxRatio,incomeTaxExpense,netIncome,netIncomeRatio,eps,epsdiluted,weightedAverageShsOut,weightedAverageShsOutDil,link,finalLink,timestamp,est_time,est_date
0,2020-09-30,WOR.AX,AUD,2020-09-30,2020-09-30,Q3,3258500000.0,3061000000.0,197500000.0,0.060610710449593375,0.0,0.0,0.0,-7000000.0,42250000.0,0.0,33000000.0,0.0,149250000.0,21.832495812395308,155250000.0,0.04764462175847783,-58000000.0,66750000.0,0.020484885683596746,19750000.0,42750000.0,0.013119533527696793,0.082,0.08175,521055017,522935780,,,1620599897,18:38:17,20210509
1,2020-06-30,WOR.AX,AUD,2020-06-30,2020-06-30,Q2,3258500000.0,3061000000.0,197500000.0,0.060610710449593375,0.0,0.0,0.0,-7000000.0,42250000.0,0.0,33000000.0,0.0,149250000.0,21.832495812395308,155250000.0,0.04764462175847783,-58000000.0,66750000.0,0.020484885683596746,19750000.0,42750000.0,0.013119533527696793,0.082,0.08175,521055017,522935780,,,1620599897,18:38:17,20210509
2,2020-03-31,WOR.AX,AUD,2020-03-31,2020-03-31,Q1,3258500000.0,3061000000.0,197500000.0,0.060610710449593375,0.0,0.0,0.0,-7000000.0,42250000.0,0.0,33000000.0,0.0,149250000.0,21.832495812395308,155250000.0,0.04764462175847783,-58000000.0,66750000.0,0.020484885683596746,19750000.0,42750000.0,0.013119533527696793,0.082,0.08175,521055017,522935780,,,1620599897,18:38:17,20210509
3,2020-01-31,WOR.AX,AUD,2020-01-31,2020-01-31,Q1,3258500000.0,3061000000.0,197500000.0,0.060610710449593375,0.0,0.0,0.0,-7000000.0,42250000.0,0.0,33000000.0,0.0,149250000.0,21.832495812395308,155250000.0,0.04764462175847783,-58000000.0,66750000.0,0.020484885683596746,19750000.0,42750000.0,0.013119533527696793,0.082,0.08175,521055017,522935780,,,1620599897,18:38:17,20210509
4,2019-06-30,WOR.AX,AUD,2019-06-30,2019-06-30,Q2,1720025000.0,1591025000.0,129000000.0,0.07499890989956541,0.0,0.0,0.0,-12100000.0,40450000.0,0.0,17925000.0,0.0,88200000.0,19.50141723356009,88550000.0,0.051481809857414865,-18400000.0,61350000.0,0.03566808621967704,20350000.0,37975000.0,0.0220781674684961,0.091,0.0905,417630937,419613260,,,1620599897,18:38:17,20210509
5,2019-03-31,WOR.AX,AUD,2019-03-31,2019-03-31,Q1,1720025000.0,1591025000.0,129000000.0,0.07499890989956541,0.0,0.0,0.0,-12100000.0,40450000.0,0.0,17925000.0,0.0,88200000.0,19.50141723356009,88550000.0,0.051481809857414865,-18400000.0,61350000.0,0.03566808621967704,20350000.0,37975000.0,0.0220781674684961,0.091,0.0905,417630937,419613260,,,1620599897,18:38:17,20210509
6,2019-01-31,WOR.AX,AUD,2019-01-31,2019-01-31,Q1,1720025000.0,1591025000.0,129000000.0,0.07499890989956541,0.0,0.0,0.0,-12100000.0,40450000.0,0.0,17925000.0,0.0,88200000.0,19.50141723356009,88550000.0,0.051481809857414865,-18400000.0,61350000.0,0.03566808621967704,20350000.0,37975000.0,0.0220781674684961,0.091,0.0905,417630937,419613260,,,1620599897,18:38:17,20210509
7,2018-06-30,WOR.AX,AUD,2018-06-30,2018-06-30,Q2,1205525000.0,1111350000.0,94175000.0,0.07811949150784928,0.0,798050000.0,0.0,575000.0,27675000.0,0.0,15975000.0,17000000.0,83500000.0,0.0692644283610875,66500000.0,0.05516268845523734,-550000.0,51350000.0,0.04259554965678854,32425000.0,15550000.0,0.012898944443292341,0.055236,0.054762,281287581,283956463,,,1620599897,18:38:17,20210509
8,2018-03-31,WOR.AX,AUD,2018-03-31,2018-03-31,Q1,1205525000.0,1111350000.0,94175000.0,0.07811949150784928,0.0,798050000.0,0.0,575000.0,27675000.0,0.0,15975000.0,17000000.0,83500000.0,0.0692644283610875,66500000.0,0.05516268845523734,-550000.0,51350000.0,0.04259554965678854,32425000.0,15550000.0,0.012898944443292341,0.055236,0.054762,281287581,283956463,,,1620599897,18:38:17,20210509
9,2018-01-31,WOR.AX,AUD,2018-01-31,2018-01-31,Q1,1205525000.0,1111350000.0,94175000.0,0.07811949150784928,0.0,798050000.0,0.0,575000.0,27675000.0,0.0,15975000.0,17000000.0,83500000.0,0.0692644283610875,66500000.0,0.05516268845523734,-550000.0,51350000.0,0.04259554965678854,32425000.0,15550000.0,0.012898944443292341,0.055236,0.054762,281287581,283956463,,,1620599897,18:38:17,20210509
10,2017-06-30,WOR.AX,AUD,2017-06-30,2017-06-30,Q2,1300975000.0,1236000000.0,64975000.0,0.04994331174695901,0.0,760575000.0,0.0,2400000.0,24175000.0,0.0,18975000.0,20200000.0,61000000.0,0.046887910989834546,40800000.0,0.03136109456369261,-8400000.0,15200000.0,0.011683545033532543,1150000.0,8375000.0,0.006437479582620727,0.0317505,0.03151525,263699451,265744844,,,1620599897,18:38:17,20210509
11,2017-03-31,WOR.AX,AUD,2017-03-31,2017-03-31,Q1,1300975000.0,1236000000.0,64975000.0,0.04994331174695901,0.0,760575000.0,0.0,2400000.0,24175000.0,0.0,18975000.0,20200000.0,61000000.0,0.046887910989834546,40800000.0,0.03136109456369261,-8400000.0,15200000.0,0.011683545033532543,1150000.0,8375000.0,0.006437479582620727,0.0317505,0.03151525,263699451,265744844,,,1620599897,18:38:17,20210509
12,2017-01-31,WOR.AX,AUD,2017-01-31,2017-01-31,Q1,1300975000.0,1236000000.0,64975000.0,0.04994331174695901,0.0,760575000.0,0.0,2400000.0,24175000.0,0.0,18975000.0,20200000.0,61000000.0,0.046887910989834546,40800000.0,0.03136109456369261,-8400000.0,15200000.0,0.011683545033532543,1150000.0,8375000.0,0.006437479582620727,0.0317505,0.03151525,263699451,265744844,,,1620599897,18:38:17,20210509
13,2016-06-30,WOR.AX,AUD,2016-06-30,2016-06-30,Q2,1943775000.0,1882200000.0,61575000.0,0.03167804915692403,0.0,996150000.0,0.0,1550000.0,27300000.0,0.0,17200000.0,22525000.0,56800000.0,0.029221489112680223,34275000.0,0.01763321372072385,-2050000.0,17225000.0,0.008861622358554875,5075000.0,5875000.0,0.003022469164383738,0.02234275,0.02234275,263275384,263275384,,,1620599897,18:38:17,20210509
14,2016-03-31,WOR.AX,AUD,2016-03-31,2016-03-31,Q1,1943775000.0,1882200000.0,61575000.0,0.03167804915692403,0.0,996150000.0,0.0,1550000.0,27300000.0,0.0,17200000.0,22525000.0,56800000.0,0.029221489112680223,34275000.0,0.01763321372072385,-2050000.0,17225000.0,0.008861622358554875,5075000.0,5875000.0,0.003022469164383738,0.02234275,0.02234275,263275384,263275384,,,1620599897,18:38:17,20210509
15,2016-01-31,WOR.AX,AUD,2016-01-31,2016-01-31,Q1,1943775000.0,1882200000.0,61575000.0,0.03167804915692403,0.0,996150000.0,0.0,1550000.0,27300000.0,0.0,17200000.0,22525000.0,56800000.0,0.029221489112680223,34275000.0,0.01763321372072385,-2050000.0,17225000.0,0.008861622358554875,5075000.0,5875000.0,0.003022469164383738,0.02234275,0.02234275,263275384,263275384,,,1620599897,18:38:17,20210509
16,2015-09-30,WOR.AX,AUD,2015-09-30,2015-09-30,Q3,2186675000.0,2063525000.0,123150000.0,0.05631838293299187,0.0,1171375000.0,0.0,-16450000.0,37975000.0,0.0,15500000.0,27500000.0,112675000.0,0.051528004847542504,85175000.0,0.038951833262830554,-63400000.0,7925000.0,0.003624223993048807,17675000.0,-13725000.0,-0.006276652909097145,-0.05225875,-0.05225875,262639875,262639875,,,1620599897,18:38:17,20210509
17,2015-06-30,WOR.AX,AUD,2015-06-30,2015-06-30,Q2,2186675000.0,2063525000.0,123150000.0,0.05631838293299187,0.0,1171375000.0,0.0,-16450000.0,37975000.0,0.0,15500000.0,27500000.0,112675000.0,0.051528004847542504,85175000.0,0.038951833262830554,-63400000.0,7925000.0,0.003624223993048807,17675000.0,-13725000.0,-0.006276652909097145,-0.05225875,-0.05225875,262639875,262639875,,,1620599897,18:38:17,20210509
18,2015-03-31,WOR.AX,AUD,2015-03-31,2015-03-31,Q1,2186675000.0,2063525000.0,123150000.0,0.05631838293299187,0.0,1171375000.0,0.0,-16450000.0,37975000.0,0.0,15500000.0,27500000.0,112675000.0,0.051528004847542504,85175000.0,0.038951833262830554,-63400000.0,7925000.0,0.003624223993048807,17675000.0,-13725000.0,-0.006276652909097145,-0.05225875,-0.05225875,262639875,262639875,,,1620599897,18:38:17,20210509
19,2015-01-31,WOR.AX,AUD,2015-01-31,2015-01-31,Q1,2186675000.0,2063525000.0,123150000.0,0.05631838293299187,0.0,1171375000.0,0.0,-16450000.0,37975000.0,0.0,15500000.0,27500000.0,112675000.0,0.051528004847542504,85175000.0,0.038951833262830554,-63400000.0,7925000.0,0.003624223993048807,17675000.0,-13725000.0,-0.006276652909097145,-0.05225875,-0.05225875,262639875,262639875,,,1620599897,18:38:17,20210509
20,2014-09-30,WOR.AX,AUD,2014-09-30,2014-09-30,Q3,2390125000.0,2202475000.0,187650000.0,0.07851053815177031,0.0,1187975000.0,0.0,4175000.0,89275000.0,0.0,16225000.0,27375000.0,125750000.0,0.052612311071596675,98375000.0,0.04115893520213378,8675000.0,92150000.0,0.03855446890852989,25000000.0,62275000.0,0.026055122640029287,0.23754,0.2358935,262055098,263996174,,,1620599897,18:38:17,20210509
21,2014-06-30,WOR.AX,AUD,2014-06-30,2014-06-30,Q2,2390125000.0,2202475000.0,187650000.0,0.07851053815177031,0.0,1187975000.0,0.0,4175000.0,89275000.0,0.0,16225000.0,27375000.0,125750000.0,0.052612311071596675,98375000.0,0.04115893520213378,8675000.0,92150000.0,0.03855446890852989,25000000.0,62275000.0,0.026055122640029287,0.23754,0.2358935,262055098,263996174,,,1620599897,18:38:17,20210509
22,2014-03-31,WOR.AX,AUD,2014-03-31,2014-03-31,Q1,2390125000.0,2202475000.0,187650000.0,0.07851053815177031,0.0,1187975000.0,0.0,4175000.0,89275000.0,0.0,16225000.0,27375000.0,125750000.0,0.052612311071596675,98375000.0,0.04115893520213378,8675000.0,92150000.0,0.03855446890852989,25000000.0,62275000.0,0.026055122640029287,0.23754,0.2358935,262055098,263996174,,,1620599897,18:38:17,20210509
23,2014-01-31,WOR.AX,AUD,2014-01-31,2014-01-31,Q1,2390125000.0,2202475000.0,187650000.0,0.07851053815177031,0.0,1187975000.0,0.0,4175000.0,89275000.0,0.0,16225000.0,27375000.0,125750000.0,0.052612311071596675,98375000.0,0.04115893520213378,8675000.0,92150000.0,0.03855446890852989,25000000.0,62275000.0,0.026055122640029287,0.23754,0.2358935,262055098,263996174,,,1620599897,18:38:17,20210509
24,2013-09-30,WOR.AX,AUD,2013-09-30,2013-09-30,Q3,2206375000.0,1886500000.0,319875000.0,0.14497762166449493,0.0,144825000.0,0.0,147950000.0,23575000.0,0.0,14850000.0,25575000.0,151475000.0,0.06865333408872018,125900000.0,0.05706192283723302,5850000.0,118400000.0,0.05366268200101977,32350000.0,80525000.0,0.036496515778142884,0.307626,0.30550925,261796768,263576333,,,1620599897,18:38:17,20210509
25,2013-06-30,WOR.AX,AUD,2013-06-30,2013-06-30,Q2,2206375000.0,1886500000.0,319875000.0,0.14497762166449493,0.0,144825000.0,0.0,147950000.0,23575000.0,0.0,14850000.0,25575000.0,151475000.0,0.06865333408872018,125900000.0,0.05706192283723302,5850000.0,118400000.0,0.05366268200101977,32350000.0,80525000.0,0.036496515778142884,0.307626,0.30550925,261796768,263576333,,,1620599897,18:38:17,20210509
26,2013-03-31,WOR.AX,AUD,2013-03-31,2013-03-31,Q1,2206375000.0,1886500000.0,319875000.0,0.14497762166449493,0.0,144825000.0,0.0,147950000.0,23575000.0,0.0,14850000.0,25575000.0,151475000.0,0.06865333408872018,125900000.0,0.05706192283723302,5850000.0,118400000.0,0.05366268200101977,32350000.0,80525000.0,0.036496515778142884,0.307626,0.30550925,261796768,263576333,,,1620599897,18:38:17,20210509
27,2013-01-31,WOR.AX,AUD,2013-01-31,2013-01-31,Q1,2206375000.0,1886500000.0,319875000.0,0.14497762166449493,0.0,144825000.0,0.0,147950000.0,23575000.0,0.0,14850000.0,25575000.0,151475000.0,0.06865333408872018,125900000.0,0.05706192283723302,5850000.0,118400000.0,0.05366268200101977,32350000.0,80525000.0,0.036496515778142884,0.307626,0.30550925,261796768,263576333,,,1620599897,18:38:17,20210509
28,2012-09-30,WOR.AX,AUD,2012-09-30,2012-09-30,Q3,1848450000.0,1536625000.0,311825000.0,0.16869539343774514,0.0,123000000.0,0.0,1900000.0,37400000.0,0.0,12775000.0,25750000.0,151425000.0,0.08191998701614867,125675000.0,0.06798939652140983,8800000.0,123450000.0,0.06678568530390327,29325000.0,88300000.0,0.04776975303632773,0.33796525,0.335143,261201276,263469695,,,1620599897,18:38:17,20210509
29,2012-06-30,WOR.AX,AUD,2012-06-30,2012-06-30,Q2,1848450000.0,1536625000.0,311825000.0,0.16869539343774514,0.0,123000000.0,0.0,1900000.0,37400000.0,0.0,12775000.0,25750000.0,151425000.0,0.08191998701614867,125675000.0,0.06798939652140983,8800000.0,123450000.0,0.06678568530390327,29325000.0,88300000.0,0.04776975303632773,0.33796525,0.335143,261201276,263469695,,,1620599897,18:38:17,20210509
30,2012-03-31,WOR.AX,AUD,2012-03-31,2012-03-31,Q1,1848450000.0,1536625000.0,311825000.0,0.16869539343774514,0.0,123000000.0,0.0,1900000.0,37400000.0,0.0,12775000.0,25750000.0,151425000.0,0.08191998701614867,125675000.0,0.06798939652140983,8800000.0,123450000.0,0.06678568530390327,29325000.0,88300000.0,0.04776975303632773,0.33796525,0.335143,261201276,263469695,,,1620599897,18:38:17,20210509
31,2012-01-31,WOR.AX,AUD,2012-01-31,2012-01-31,Q1,1848450000.0,1536625000.0,311825000.0,0.16869539343774514,0.0,123000000.0,0.0,1900000.0,37400000.0,0.0,12775000.0,25750000.0,151425000.0,0.08191998701614867,125675000.0,0.06798939652140983,8800000.0,123450000.0,0.06678568530390327,29325000.0,88300000.0,0.04776975303632773,0.33796525,0.335143,261201276,263469695,,,1620599897,18:38:17,20210509
32,2011-09-30,WOR.AX,AUD,2011-09-30,2011-09-30,Q3,1402850000.0,1129750000.0,273100000.0,0.1946751256370959,0.0,107525000.0,0.0,16425000.0,30975000.0,0.0,11900000.0,23925000.0,134600000.0,0.09594753537441637,110675000.0,0.07889296788680186,24300000.0,124600000.0,0.08881918950707489,29000000.0,91050000.0,0.06490358912214421,0.34878375,0.34619675,261092163,263000739,,,1620599897,18:38:17,20210509
33,2011-06-30,WOR.AX,AUD,2011-06-30,2011-06-30,Q2,1402850000.0,1129750000.0,273100000.0,0.1946751256370959,0.0,107525000.0,0.0,16425000.0,30975000.0,0.0,11900000.0,23925000.0,134600000.0,0.09594753537441637,110675000.0,0.07889296788680186,24300000.0,124600000.0,0.08881918950707489,29000000.0,91050000.0,0.06490358912214421,0.34878375,0.34619675,261092163,263000739,,,1620599897,18:38:17,20210509
34,2011-03-31,WOR.AX,AUD,2011-03-31,2011-03-31,Q1,1402850000.0,1129750000.0,273100000.0,0.1946751256370959,0.0,107525000.0,0.0,16425000.0,30975000.0,0.0,11900000.0,23925000.0,134600000.0,0.09594753537441637,110675000.0,0.07889296788680186,24300000.0,124600000.0,0.08881918950707489,29000000.0,91050000.0,0.06490358912214421,0.34878375,0.34619675,261092163,263000739,,,1620599897,18:38:17,20210509
35,2011-01-31,WOR.AX,AUD,2011-01-31,2011-01-31,Q1,1402850000.0,1129750000.0,273100000.0,0.1946751256370959,0.0,107525000.0,0.0,16425000.0,30975000.0,0.0,11900000.0,23925000.0,134600000.0,0.09594753537441637,110675000.0,0.07889296788680186,24300000.0,124600000.0,0.08881918950707489,29000000.0,91050000.0,0.06490358912214421,0.34878375,0.34619675,261092163,263000739,,,1620599897,18:38:17,20210509
36,2010-09-30,WOR.AX,AUD,2010-09-30,2010-09-30,Q3,1266150000.0,1003075000.0,263075000.0,0.20777554002290408,0.0,106275000.0,0.0,0.0,40575000.0,0.0,9750000.0,22975000.0,116225000.0,0.09179402124550803,93250000.0,0.07364846187260593,13600000.0,98325000.0,0.0776566757493188,22575000.0,72775000.0,0.05747739209414367,0.27869775,0.276346,261105906,263347486,,,1620599897,18:38:17,20210509
37,2010-06-30,WOR.AX,AUD,2010-06-30,2010-06-30,Q2,1266150000.0,1003075000.0,263075000.0,0.20777554002290408,0.0,106275000.0,0.0,0.0,40575000.0,0.0,9750000.0,22975000.0,116225000.0,0.09179402124550803,93250000.0,0.07364846187260593,13600000.0,98325000.0,0.0776566757493188,22575000.0,72775000.0,0.05747739209414367,0.27869775,0.276346,261105906,263347486,,,1620599897,18:38:17,20210509
38,2010-03-31,WOR.AX,AUD,2010-03-31,2010-03-31,Q1,1266150000.0,1003075000.0,263075000.0,0.20777554002290408,0.0,106275000.0,0.0,0.0,40575000.0,0.0,9750000.0,22975000.0,116225000.0,0.09179402124550803,93250000.0,0.07364846187260593,13600000.0,98325000.0,0.0776566757493188,22575000.0,72775000.0,0.05747739209414367,0.27869775,0.276346,261105906,263347486,,,1620599897,18:38:17,20210509
39,2010-01-31,WOR.AX,AUD,2010-01-31,2010-01-31,Q1,1266150000.0,1003075000.0,263075000.0,0.20777554002290408,0.0,106275000.0,0.0,0.0,40575000.0,0.0,9750000.0,22975000.0,116225000.0,0.09179402124550803,93250000.0,0.07364846187260593,13600000.0,98325000.0,0.0776566757493188,22575000.0,72775000.0,0.05747739209414367,0.27869775,0.276346,261105906,263347486,,,1620599897,18:38:17,20210509
40,2009-09-30,WOR.AX,AUD,2009-09-30,2009-09-30,Q3,1450500000.0,1116225000.0,334275000.0,0.23045501551189246,0.0,114400000.0,0.0,0.0,57600000.0,0.0,12325000.0,21975000.0,162275000.0,0.1118752154429507,140300000.0,0.09672526714925887,11025000.0,140425000.0,0.09681144432954154,40200000.0,97625000.0,0.06730437780075836,0.378888,0.37488975,257691213,260409941,,,1620599897,18:38:17,20210509
41,2009-06-30,WOR.AX,AUD,2009-06-30,2009-06-30,Q2,1450500000.0,1116225000.0,334275000.0,0.23045501551189246,0.0,114400000.0,0.0,0.0,57600000.0,0.0,12325000.0,21975000.0,162275000.0,0.1118752154429507,140300000.0,0.09672526714925887,11025000.0,140425000.0,0.09681144432954154,40200000.0,97625000.0,0.06730437780075836,0.378888,0.37488975,257691213,260409941,,,1620599897,18:38:17,20210509
42,2009-03-31,WOR.AX,AUD,2009-03-31,2009-03-31,Q1,1450500000.0,1116225000.0,334275000.0,0.23045501551189246,0.0,114400000.0,0.0,0.0,57600000.0,0.0,12325000.0,21975000.0,162275000.0,0.1118752154429507,140300000.0,0.09672526714925887,11025000.0,140425000.0,0.09681144432954154,40200000.0,97625000.0,0.06730437780075836,0.378888,0.37488975,257691213,260409941,,,1620599897,18:38:17,20210509
43,2009-01-31,WOR.AX,AUD,2009-01-31,2009-01-31,Q1,1450500000.0,1116225000.0,334275000.0,0.23045501551189246,0.0,114400000.0,0.0,0.0,57600000.0,0.0,12325000.0,21975000.0,162275000.0,0.1118752154429507,140300000.0,0.09672526714925887,11025000.0,140425000.0,0.09681144432954154,40200000.0,97625000.0,0.06730437780075836,0.378888,0.37488975,257691213,260409941,,,1620599897,18:38:17,20210509
44,2008-09-30,WOR.AX,AUD,2008-09-30,2008-09-30,Q3,1153825000.0,898850000.0,254975000.0,0.22098238467705242,0.0,68075000.0,0.0,0.0,49275000.0,0.0,12500000.0,16750000.0,137625000.0,0.11927718674842372,120875000.0,0.10476025393798886,9125000.0,122075000.0,0.1058002730050051,35250000.0,85975000.0,0.07451303273893355,0.335143,0.33114475,256614207,259629692,,,1620599897,18:38:17,20210509
45,2008-06-30,WOR.AX,AUD,2008-06-30,2008-06-30,Q2,1153825000.0,898850000.0,254975000.0,0.22098238467705242,0.0,68075000.0,0.0,0.0,49275000.0,0.0,12500000.0,16750000.0,137625000.0,0.11927718674842372,120875000.0,0.10476025393798886,9125000.0,122075000.0,0.1058002730050051,35250000.0,85975000.0,0.07451303273893355,0.335143,0.33114475,256614207,259629692,,,1620599897,18:38:17,20210509
46,2008-03-31,WOR.AX,AUD,2008-03-31,2008-03-31,Q1,1153825000.0,898850000.0,254975000.0,0.22098238467705242,0.0,68075000.0,0.0,0.0,49275000.0,0.0,12500000.0,16750000.0,137625000.0,0.11927718674842372,120875000.0,0.10476025393798886,9125000.0,122075000.0,0.1058002730050051,35250000.0,85975000.0,0.07451303273893355,0.335143,0.33114475,256614207,259629692,,,1620599897,18:38:17,20210509
47,2008-01-31,WOR.AX,AUD,2008-01-31,2008-01-31,Q1,1153825000.0,898850000.0,254975000.0,0.22098238467705242,0.0,68075000.0,0.0,0.0,49275000.0,0.0,12500000.0,16750000.0,137625000.0,0.11927718674842372,120875000.0,0.10476025393798886,9125000.0,122075000.0,0.1058002730050051,35250000.0,85975000.0,0.07451303273893355,0.335143,0.33114475,256614207,259629692,,,1620599897,18:38:17,20210509
48,2007-09-30,WOR.AX,AUD,2007-09-30,2007-09-30,Q3,869441250.0,697219250.0,172222000.0,0.19808353928456926,0.0,49493750.0,0.0,1453500.0,40756500.0,0.0,5536000.0,8565000.0,81971750.0,0.09428095342842314,73406750.0,0.08442979902322324,6374750.0,76551250.0,0.08804648962767754,19971250.0,56191500.0,0.06462943873435957,0.2394215,0.23612875,234719518,237969743,,,1620599897,18:38:17,20210509
49,2007-06-30,WOR.AX,AUD,2007-06-30,2007-06-30,Q2,869441250.0,697219250.0,172222000.0,0.19808353928456926,0.0,49493750.0,0.0,1453500.0,40756500.0,0.0,5536000.0,8565000.0,81971750.0,0.09428095342842314,73406750.0,0.08442979902322324,6374750.0,76551250.0,0.08804648962767754,19971250.0,56191500.0,0.06462943873435957,0.2394215,0.23612875,234719518,237969743,,,1620599897,18:38:17,20210509
50,2007-03-31,WOR.AX,AUD,2007-03-31,2007-03-31,Q1,869441250.0,697219250.0,172222000.0,0.19808353928456926,0.0,49493750.0,0.0,1453500.0,40756500.0,0.0,5536000.0,8565000.0,81971750.0,0.09428095342842314,73406750.0,0.08442979902322324,6374750.0,76551250.0,0.08804648962767754,19971250.0,56191500.0,0.06462943873435957,0.2394215,0.23612875,234719518,237969743,,,1620599897,18:38:17,20210509
51,2007-01-31,WOR.AX,AUD,2007-01-31,2007-01-31,Q1,869441250.0,697219250.0,172222000.0,0.19808353928456926,0.0,49493750.0,0.0,1453500.0,40756500.0,0.0,5536000.0,8565000.0,81971750.0,0.09428095342842314,73406750.0,0.08442979902322324,6374750.0,76551250.0,0.08804648962767754,19971250.0,56191500.0,0.06462943873435957,0.2394215,0.23612875,234719518,237969743,,,1620599897,18:38:17,20210509
52,2006-09-30,WOR.AX,AUD,2006-09-30,2006-09-30,Q3,599237500.0,479762000.0,599237500.0,1.0,0.0,370203250.0,0.0,562750.0,177837250.0,0.0,1980750.0,4611750.0,51197000.0,0.08543690940570309,46585250.0,0.07774087903377208,3300500.0,49221250.0,0.0821398026658879,13785750.0,34776500.0,0.05803458561922443,0.15992775,0.15969275,217441626,217771442,,,1620599897,18:38:17,20210509
53,2006-06-30,WOR.AX,AUD,2006-06-30,2006-06-30,Q2,599237500.0,479762000.0,599237500.0,1.0,0.0,370203250.0,0.0,562750.0,177837250.0,0.0,1980750.0,4611750.0,51197000.0,0.08543690940570309,46585250.0,0.07774087903377208,3300500.0,49221250.0,0.0821398026658879,13785750.0,34776500.0,0.05803458561922443,0.15992775,0.15969275,217441626,217771442,,,1620599897,18:38:17,20210509
54,2006-03-31,WOR.AX,AUD,2006-03-31,2006-03-31,Q1,599237500.0,479762000.0,599237500.0,1.0,0.0,370203250.0,0.0,562750.0,177837250.0,0.0,1980750.0,4611750.0,51197000.0,0.08543690940570309,46585250.0,0.07774087903377208,3300500.0,49221250.0,0.0821398026658879,13785750.0,34776500.0,0.05803458561922443,0.15992775,0.15969275,217441626,217771442,,,1620599897,18:38:17,20210509
55,2006-01-31,WOR.AX,AUD,2006-01-31,2006-01-31,Q1,599237500.0,479762000.0,599237500.0,1.0,0.0,370203250.0,0.0,562750.0,177837250.0,0.0,1980750.0,4611750.0,51197000.0,0.08543690940570309,46585250.0,0.07774087903377208,3300500.0,49221250.0,0.0821398026658879,13785750.0,34776500.0,0.05803458561922443,0.15992775,0.15969275,217441626,217771442,,,1620599897,18:38:17,20210509
56,2005-09-30,WOR.AX,AUD,2005-09-30,2005-09-30,Q3,311928750.0,0.0,311928750.0,1.0,0.0,215770500.0,0.0,223500.0,70188750.0,0.0,1784750.0,6722000.0,25969500.0,0.08325458938940383,19247500.0,0.061704796367760266,3061750.0,21369000.0,0.06850602902105048,21369000.0,-563250.0,-0.0018057008211009725,0.07337875,0.07337875,196527940,196527940,,,1620599897,18:38:17,20210509
57,2005-06-30,WOR.AX,AUD,2005-06-30,2005-06-30,Q2,311928750.0,0.0,311928750.0,1.0,0.0,215770500.0,0.0,223500.0,70188750.0,0.0,1784750.0,6722000.0,25969500.0,0.08325458938940383,19247500.0,0.061704796367760266,3061750.0,21369000.0,0.06850602902105048,21369000.0,-563250.0,-0.0018057008211009725,0.07337875,0.07337875,196527940,196527940,,,1620599897,18:38:17,20210509
58,2005-03-31,WOR.AX,AUD,2005-03-31,2005-03-31,Q1,311928750.0,0.0,311928750.0,1.0,0.0,215770500.0,0.0,223500.0,70188750.0,0.0,1784750.0,6722000.0,25969500.0,0.08325458938940383,19247500.0,0.061704796367760266,3061750.0,21369000.0,0.06850602902105048,21369000.0,-563250.0,-0.0018057008211009725,0.07337875,0.07337875,196527940,196527940,,,1620599897,18:38:17,20210509
59,2005-01-31,WOR.AX,AUD,2005-01-31,2005-01-31,Q1,311928750.0,0.0,311928750.0,1.0,0.0,215770500.0,0.0,223500.0,70188750.0,0.0,1784750.0,6722000.0,25969500.0,0.08325458938940383,19247500.0,0.061704796367760266,3061750.0,21369000.0,0.06850602902105048,21369000.0,-563250.0,-0.0018057008211009725,0.07337875,0.07337875,196527940,196527940,,,1620599897,18:38:17,20210509
60,2004-09-30,WOR.AX,AUD,2004-09-30,2004-09-30,Q3,93329750.0,0.0,93329750.0,1.0,0.0,67722500.0,0.0,223250.0,16016500.0,0.0,230750.0,2144000.0,9590750.0,0.10276198104034351,7446750.0,0.07978967049627798,2659500.0,10184000.0,0.10911847508431127,10184000.0,19250.0,0.00020625791883081224,0.04844875,0.04844875,158763103,158763103,,,1620599897,18:38:17,20210509
61,2004-06-30,WOR.AX,AUD,2004-06-30,2004-06-30,Q2,93329750.0,0.0,93329750.0,1.0,0.0,67722500.0,0.0,223250.0,16016500.0,0.0,230750.0,2144000.0,9590750.0,0.10276198104034351,7446750.0,0.07978967049627798,2659500.0,10184000.0,0.10911847508431127,10184000.0,19250.0,0.00020625791883081224,0.04844875,0.04844875,158763103,158763103,,,1620599897,18:38:17,20210509
62,2004-03-31,WOR.AX,AUD,2004-03-31,2004-03-31,Q1,93329750.0,0.0,93329750.0,1.0,0.0,67722500.0,0.0,223250.0,16016500.0,0.0,230750.0,2144000.0,9590750.0,0.10276198104034351,7446750.0,0.07978967049627798,2659500.0,10184000.0,0.10911847508431127,10184000.0,19250.0,0.00020625791883081224,0.04844875,0.04844875,158763103,158763103,,,1620599897,18:38:17,20210509
63,2004-01-31,WOR.AX,AUD,2004-01-31,2004-01-31,Q1,93329750.0,0.0,93329750.0,1.0,0.0,67722500.0,0.0,223250.0,16016500.0,0.0,230750.0,2144000.0,9590750.0,0.10276198104034351,7446750.0,0.07978967049627798,2659500.0,10184000.0,0.10911847508431127,10184000.0,19250.0,0.00020625791883081224,0.04844875,0.04844875,158763103,158763103,,,1620599897,18:38:17,20210509
64,2003-09-30,WOR.AX,AUD,2003-09-30,2003-09-30,Q3,93857750.0,0.0,93857750.0,1.0,0.0,69044250.0,0.0,426250.0,16269250.0,0.0,67750.0,2330000.0,8544250.0,0.09103403821208159,6214250.0,0.06620923685044655,1823000.0,8098500.0,0.08628482996875592,8098500.0,75500.0,0.0008044087994864569,0.042569,0.0418635,152213024,152213024,,,1620599897,18:38:17,20210509
65,2003-06-30,WOR.AX,AUD,2003-06-30,2003-06-30,Q2,93857750.0,0.0,93857750.0,1.0,0.0,69044250.0,0.0,426250.0,16269250.0,0.0,67750.0,2330000.0,8544250.0,0.09103403821208159,6214250.0,0.06620923685044655,1823000.0,8098500.0,0.08628482996875592,8098500.0,75500.0,0.0008044087994864569,0.042569,0.0418635,152213024,152213024,,,1620599897,18:38:17,20210509
66,2003-03-31,WOR.AX,AUD,2003-03-31,2003-03-31,Q1,93857750.0,0.0,93857750.0,1.0,0.0,69044250.0,0.0,426250.0,16269250.0,0.0,67750.0,2330000.0,8544250.0,0.09103403821208159,6214250.0,0.06620923685044655,1823000.0,8098500.0,0.08628482996875592,8098500.0,75500.0,0.0008044087994864569,0.042569,0.0418635,152213024,152213024,,,1620599897,18:38:17,20210509
67,2003-01-31,WOR.AX,AUD,2003-01-31,2003-01-31,Q1,93857750.0,0.0,93857750.0,1.0,0.0,69044250.0,0.0,426250.0,16269250.0,0.0,67750.0,2330000.0,8544250.0,0.09103403821208159,6214250.0,0.06620923685044655,1823000.0,8098500.0,0.08628482996875592,8098500.0,75500.0,0.0008044087994864569,0.042569,0.0418635,152213024,152213024,,,1620599897,18:38:17,20210509
68,2001-09-30,WOR.AX,AUD,2001-09-30,2001-09-30,Q3,70152250.0,0.0,70152250.0,1.0,0.0,49412250.0,0.0,-15462500.0,0.0,0.0,0.0,1654250.0,20740000.0,0.29564269143185,19085750.0,0.27206183693324165,778750.0,0.0,0.0,0.0,0.0,0.0,0.0,0.0,158763103,158763103,,,1620599897,18:38:17,20210509
69,2001-06-30,WOR.AX,AUD,2001-06-30,2001-06-30,Q2,70152250.0,0.0,70152250.0,1.0,0.0,49412250.0,0.0,-15462500.0,0.0,0.0,0.0,1654250.0,20740000.0,0.29564269143185,19085750.0,0.27206183693324165,778750.0,0.0,0.0,0.0,0.0,0.0,0.0,0.0,158763103,158763103,,,1620599897,18:38:17,20210509
70,2001-03-31,WOR.AX,AUD,2001-03-31,2001-03-31,Q1,70152250.0,0.0,70152250.0,1.0,0.0,49412250.0,0.0,-15462500.0,0.0,0.0,0.0,1654250.0,20740000.0,0.29564269143185,19085750.0,0.27206183693324165,778750.0,0.0,0.0,0.0,0.0,0.0,0.0,0.0,158763103,158763103,,,1620599897,18:38:17,20210509
71,2001-01-31,WOR.AX,AUD,2001-01-31,2001-01-31,Q1,70152250.0,0.0,70152250.0,1.0,0.0,49412250.0,0.0,-15462500.0,0.0,0.0,0.0,1654250.0,20740000.0,0.29564269143185,19085750.0,0.27206183693324165,778750.0,0.0,0.0,0.0,0.0,0.0,0.0,0.0,158763103,158763103,,,1620599897,18:38:17,20210509
72,2000-09-30,WOR.AX,AUD,2000-09-30,2000-09-30,Q3,0.0,0.0,0.0,0.0,0.0,0.0,0.0,0.0,0.0,0.0,0.0,0.0,0.0,0.0,0.0,0.0,309500.0,0.0,0.0,0.0,0.0,0.0,0.0,0.0,158763103,158763103,,,1620599897,18:38:17,20210509
73,2000-06-30,WOR.AX,AUD,2000-06-30,2000-06-30,Q2,0.0,0.0,0.0,0.0,0.0,0.0,0.0,0.0,0.0,0.0,0.0,0.0,0.0,0.0,0.0,0.0,309500.0,0.0,0.0,0.0,0.0,0.0,0.0,0.0,158763103,158763103,,,1620599897,18:38:17,20210509
74,2000-03-31,WOR.AX,AUD,2000-03-31,2000-03-31,Q1,0.0,0.0,0.0,0.0,0.0,0.0,0.0,0.0,0.0,0.0,0.0,0.0,0.0,0.0,0.0,0.0,309500.0,0.0,0.0,0.0,0.0,0.0,0.0,0.0,158763103,158763103,,,1620599897,18:38:17,20210509
75,2000-01-31,WOR.AX,AUD,2000-01-31,2000-01-31,Q1,0.0,0.0,0.0,0.0,0.0,0.0,0.0,0.0,0.0,0.0,0.0,0.0,0.0,0.0,0.0,0.0,309500.0,0.0,0.0,0.0,0.0,0.0,0.0,0.0,158763103,158763103,,,1620599897,18:38:17,20210509
