,date,symbol,reportedCurrency,fillingDate,acceptedDate,period,revenue,costOfRevenue,grossProfit,grossProfitRatio,researchAndDevelopmentExpenses,generalAndAdministrativeExpenses,sellingAndMarketingExpenses,otherExpenses,operatingExpenses,costAndExpenses,interestExpense,depreciationAndAmortization,ebitda,ebitdaratio,operatingIncome,operatingIncomeRatio,totalOtherIncomeExpensesNet,incomeBeforeTax,incomeBeforeTaxRatio,incomeTaxExpense,netIncome,netIncomeRatio,eps,epsdiluted,weightedAverageShsOut,weightedAverageShsOutDil,link,finalLink,timestamp,est_time,est_date
0,2020-12-31,ZDPY,USD,2021-03-31,2021-03-31 09:16:22,Q4,308977.0,-62891.0,371868.0,1.2035458950018934,0.0,154496.0,0.0,986.903,330937.0,268046.0,29100.0,90747.0,131678.0,0.42617411651999987,40931.0,0.13247264359483069,0.0,12270.0,0.03971169375066753,0.0,12270.0,0.03971169375066753,0.0010215169601786548,0.0010215169601786548,12011548.0,12011548.0,https://www.sec.gov/Archives/edgar/data/1279620/000121390021018993/0001213900-21-018993-index.htm,https://www.sec.gov/Archives/edgar/data/1279620/000121390021018993/f10k2020_zonedproperties.htm,1620600126,18:42:06,20210509
1,2020-09-30,ZDPY,USD,2020-11-12,2020-11-12 16:37:16,Q3,302772.0,20963.0,281809.0,0.9307630824514816,0.0,137397.0,0.0,206.742,228058.0,249021.0,30300.0,90662.0,144413.0,0.476969468775184,53751.0,0.17752962625341842,-28662.0,25089.0,0.08286433355792477,0.0,25089.0,0.08286433355792477,0.002089,0.002089,12011548.0,12011548.0,https://www.sec.gov/Archives/edgar/data/1279620/000121390020036577/0001213900-20-036577-index.htm,https://www.sec.gov/Archives/edgar/data/1279620/000121390020036577/f10q0920_zonedproperties.htm,1620600126,18:42:06,20210509
2,2020-06-30,ZDPY,USD,2020-08-13,2020-08-13 16:12:21,Q2,299824.0,20964.0,278860.0,0.930078979668072,0.0,178266.0,0.0,0.0,269107.0,290071.0,30300.0,90840.0,100593.0,0.3355068306739954,9753.0,0.03252908372912108,0.0,-18927.0,-0.06312703452692246,0.0,-18927.0,-0.06312703452692246,-0.001576,-0.001576,12011548.0,12011548.0,https://www.sec.gov/Archives/edgar/data/1279620/000121390020021875/0001213900-20-021875-index.htm,https://www.sec.gov/Archives/edgar/data/1279620/000121390020021875/f10q0620_zonedproperties.htm,1620600126,18:42:06,20210509
3,2020-03-31,ZDPY,USD,2020-05-14 00:00:00,2020-05-14 16:14:28,Q1,303869.0,20964.0,282905.0,0.9310097443306161,0.0,259023.0,0.0,0.0,349607.0,370571.0,30300.0,90584.0,23882.0,0.07859307793819047,-66702.0,-0.2195090647614597,0.0,-96770.0,-0.31845959936683244,0.0,-96770.0,-0.31845959936683244,-0.01,-0.01,12004295.0,12004295.0,https://www.sec.gov/Archives/edgar/data/1279620/000121390020012267/0001213900-20-012267-index.html,https://www.sec.gov/Archives/edgar/data/1279620/000121390020012267/f10q0320_zonedproperties.htm,1620600126,18:42:06,20210509
4,2019-12-31,ZDPY,USD,2020-03-26,2020-03-26 16:18:23,Q4,319905.0,16530.0,303375.0,0.9483284099967177,0.0,201850.0,0.0,0.0,292234.0,308764.0,30300.0,90385.0,101526.0,0.317362967130867,11141.0,0.034825963958050044,0.0,-19159.0,-0.05988965474125131,0.0,-19159.0,-0.05988965474125131,-0.0015960120940046874,-0.0015960120940046874,12004295.0,12004295.0,https://www.sec.gov/Archives/edgar/data/1279620/000121390020007509/0001213900-20-007509-index.htm,https://www.sec.gov/Archives/edgar/data/1279620/000109690608001713/vanguard10ksba123107.htm,1620600126,18:42:06,20210509
5,2019-09-30,ZDPY,USD,2019-11-12 00:00:00,2019-11-12 16:10:05,Q3,338339.0,23529.0,314810.0,0.9304573223896743,0.0,190023.0,0.0,0.0,280523.0,304052.0,30300.0,90499.0,124786.0,0.3688194384921632,34287.0,0.10133918939288701,0.0,3987.0,0.011784039085059659,0.0,3987.0,0.011784039085059659,0.000335,0.000335,11901548.0,11901548.0,https://www.sec.gov/Archives/edgar/data/1279620/000121390019022912/0001213900-19-022912-index.html,https://www.sec.gov/Archives/edgar/data/1279620/000121390019022912/f10q0919_zonedproper.htm,1620600126,18:42:06,20210509
6,2019-06-30,ZDPY,USD,2019-08-08,2019-08-08,Q2,324441.0,23530.0,300911.0,0.9274752574428016,0.0,170435.0,0.0,0.0,260933.0,284463.0,30300.0,90498.0,130476.0,0.4021563242623466,39978.0,0.12322117118366667,0.0,9678.0,0.029829768740695536,0.0,9678.0,0.029829768740695536,0.000813,0.000813,11901548.0,11901548.0,https://www.sec.gov/Archives/edgar/data/1279620/000121390019014949/0001213900-19-014949-index.htm,https://www.sec.gov/Archives/edgar/data/1279620/000121390019014949/f10q0619_zonedproperties.htm,1620600126,18:42:06,20210509
7,2019-03-31,ZDPY,USD,2019-05-13 00:00:00,2019-05-13 16:11:52,Q1,277736.0,23530.0,254206.0,0.9152792580004032,0.0,248339.0,0.0,108204.0,338897.0,362427.0,30300.0,90558.0,5867.0,0.02112437710631679,-84691.0,-0.3049334619926837,108204.0,-6787.0,-0.02443687530604603,0.0,-6787.0,-0.02443687530604603,-0.000568,-0.000568,11948659.0,11948659.0,https://www.sec.gov/Archives/edgar/data/1279620/000121390019008428/0001213900-19-008428-index.html,https://www.sec.gov/Archives/edgar/data/1279620/000121390019008428/f10q0319_zonedproperties.htm,1620600126,18:42:06,20210509
8,2018-12-31,ZDPY,USD,2019-03-28 00:00:00,2019-03-28 16:13:33,Q4,262514.0,25430.0,237084.0,0.903128975978424,0.0,276306.0,0.0,0.0,351869.0,377299.0,30300.0,75563.0,-39222.0,-0.14940917436784323,-114785.0,-0.43725287032310656,0.0,-144589.0,-0.5507858628492195,0.0,-144589.0,-0.5507858628492195,-0.012100855836625683,-0.012100855836625683,11948659.0,11948659.0,https://www.sec.gov/Archives/edgar/data/1279620/000121390019005101/0001213900-19-005101-index.html,https://www.sec.gov/Archives/edgar/data/1279620/000121390019005101/f10k2018_zonedproperties.htm,1620600126,18:42:06,20210509
9,2018-09-30,ZDPY,USD,2018-11-13 00:00:00,2018-11-13 16:22:51,Q3,262514.0,23009.0,239505.0,0.9123513412617994,0.0,172864.0,0.0,50000.0,247062.0,270071.0,30300.0,74198.0,66641.0,0.253856937153828,-7557.0,-0.028787036119978363,50000.0,13372.0,0.05093823567504971,0.0,13372.0,0.05093823567504971,0.000684,0.000684,17436253.0,17436253.0,https://www.sec.gov/Archives/edgar/data/1279620/000121390018015501/0001213900-18-015501-index.html,https://www.sec.gov/Archives/edgar/data/1279620/000121390018015501/f10q0918_zonedproperties.htm,1620600126,18:42:06,20210509
10,2018-06-30,ZDPY,USD,2018-08-13 00:00:00,2018-08-13 16:54:04,Q2,178641.0,33047.0,145594.0,0.8150088725432572,0.0,219058.0,0.0,0.0,282543.0,315590.0,30300.0,63485.0,-73464.0,-0.4112381816044469,-136949.0,-0.7666157265129505,-1853539.0,-2018837.0,-11.301084297557672,0.0,-2018837.0,-11.301084297557672,-0.12,-0.12,17433667.0,17433667.0,https://www.sec.gov/Archives/edgar/data/1279620/000121390018010838/0001213900-18-010838-index.html,https://www.sec.gov/Archives/edgar/data/1279620/000121390018010838/f10q0618_zonedproperties.htm,1620600126,18:42:06,20210509
11,2018-03-31,ZDPY,USD,2018-05-10 00:00:00,2018-05-10 17:20:43,Q1,533261.0,47546.0,485715.0,0.9108391575607442,0.0,270949.0,0.0,0.0,334368.0,381914.0,30300.0,63419.0,214766.0,0.4027408717307285,151347.0,0.2838141172896574,0.0,122776.0,0.2302362257881225,0.0,122776.0,0.2302362257881225,0.007057682771944343,0.007054987483568665,17396078.0,17402724.0,https://www.sec.gov/Archives/edgar/data/1279620/000121390018005864/0001213900-18-005864-index.html,https://www.sec.gov/Archives/edgar/data/1279620/000121390018005864/f10q0318_zonedproperties.htm,1620600126,18:42:06,20210509
12,2017-12-31,ZDPY,USD,2018-03-13 00:00:00,2018-03-13 14:22:01,Q4,533262.0,46366.0,486896.0,0.9130521207211465,0.0,225500.0,0.0,0.0,282955.0,329321.0,30300.0,57455.0,261396.0,0.4901830619845404,203941.0,0.3824405264204087,12750.0,189273.0,0.35493434746897395,0.0,189273.0,0.35493434746897395,0.010880211045271239,0.010880211045271239,17396078.0,17396078.0,https://www.sec.gov/Archives/edgar/data/1279620/000121390018002876/0001213900-18-002876-index.html,https://www.sec.gov/Archives/edgar/data/1279620/000121390018002876/f10k2017_zonedproperties.htm,1620600126,18:42:06,20210509
13,2017-09-30,ZDPY,USD,2017-11-13 00:00:00,2017-11-13 16:47:12,Q3,535394.0,49369.0,486025.0,0.907789403691487,0.0,196672.0,0.0,0.0,256252.0,305621.0,30300.0,59580.0,289353.0,0.5404487162725021,229773.0,0.42916618415596736,-20500.0,181809.0,0.33957982345711757,0.0,181809.0,0.33957982345711757,0.010498190104611768,0.010139672370944618,17318128.0,17930461.0,https://www.sec.gov/Archives/edgar/data/1279620/000121390017011869/0001213900-17-011869-index.html,https://www.sec.gov/Archives/edgar/data/1279620/000121390017011869/f10q0917_zonedproperties.htm,1620600126,18:42:06,20210509
14,2017-06-30,ZDPY,USD,2017-08-14 00:00:00,2017-08-14 16:28:58,Q2,504941.0,62292.0,442649.0,0.8766350920206519,0.0,243285.0,0.0,0.0,292790.0,355082.0,34189.0,49505.0,199364.0,0.3948263262440562,149859.0,0.29678516896033397,0.0,118153.0,0.23399367450850694,0.0,118153.0,0.23399367450850694,0.0068246609200033155,0.006591524268159942,17312655.0,17924989.0,https://www.sec.gov/Archives/edgar/data/1279620/000121390017008671/0001213900-17-008671-index.html,https://www.sec.gov/Archives/edgar/data/1279620/000121390017008671/f10q0617_zonedproperties.htm,1620600126,18:42:06,20210509
15,2017-03-31,ZDPY,USD,2017-05-11 00:00:00,2017-05-11 16:28:26,Q1,540267.0,45349.0,494918.0,0.9160618731108877,0.0,302145.0,0.0,0.0,360825.0,406174.0,77482.0,58680.0,192773.0,0.3568106140112204,134093.0,0.24819765042099554,831753.0,888667.0,1.6448663346086287,0.0,888667.0,1.6448663346086287,0.051463396653556245,0.04813866226319051,17267943.0,18460567.0,https://www.sec.gov/Archives/edgar/data/1279620/000121390017004952/0001213900-17-004952-index.html,https://www.sec.gov/Archives/edgar/data/1279620/000121390017004952/f10q0317_zonedproperties.htm,1620600126,18:42:06,20210509
16,2016-12-31,ZDPY,USD,2017-03-27 00:00:00,2017-03-27 16:12:31,Q4,562415.0,71364.0,491051.0,0.8731114924032966,0.0,543834.0,0.0,0.0,599823.0,671187.0,56873.0,55989.0,-52783.0,-0.09385062631686567,-108772.0,-0.19340166958562627,0.0,-165645.0,-0.29452450592533985,0.0,-165645.0,-0.29452450592533985,-0.009592630691449468,-0.009592630691449468,17267943.0,17267943.0,https://www.sec.gov/Archives/edgar/data/1279620/000121390017002827/0001213900-17-002827-index.html,https://www.sec.gov/Archives/edgar/data/1279620/000121390017002827/f10k2016_zonedproperties.htm,1620600126,18:42:06,20210509
17,2016-09-30,ZDPY,USD,2016-11-14 00:00:00,2016-11-14 16:50:38,Q3,481211.0,45073.0,436138.0,0.9063342276049384,0.0,262544.0,0.0,0.0,305683.0,350756.0,56873.0,43139.0,173594.0,0.36074403951696865,130455.0,0.2710972941183805,0.0,73582.0,0.1529100540095717,0.0,73582.0,0.1529100540095717,0.004288,0.004288,17160228.0,17160228.0,https://www.sec.gov/Archives/edgar/data/1279620/000121390016018483/0001213900-16-018483-index.html,https://www.sec.gov/Archives/edgar/data/1279620/000121390016018483/f10q0916_zonedproperties.htm,1620600126,18:42:06,20210509
18,2016-06-30,ZDPY,USD,2016-06-30,2016-06-30,Q2,403676.0,36729.0,366947.0,0.9090136644239439,0.0,351918.0,0.0,0.0,393591.0,430320.0,56873.0,41673.0,15029.0,0.03723035305542068,-26644.0,-0.06600342849215708,-89343.0,-172860.0,-0.4282147068441027,0.0,-172860.0,-0.4282147068441027,-0.01,-0.01,17135809.0,17135809.0,,,1620600126,18:42:06,20210509
19,2016-03-31,ZDPY,USD,2016-05-12 00:00:00,2016-05-12 17:08:09,Q1,406406.0,37121.0,369285.0,0.9086603052120293,0.0,507967.0,0.0,0.0,549065.0,586186.0,56873.0,41098.0,-138682.0,-0.3412400407474299,-179780.0,-0.4423655162571419,0.0,-236653.0,-0.5823068557058705,0.0,-236653.0,-0.5823068557058705,-0.01,-0.01,17112141.0,17112141.0,https://www.sec.gov/Archives/edgar/data/1279620/000121390016013223/0001213900-16-013223-index.html,https://www.sec.gov/Archives/edgar/data/1279620/000121390016013223/f10q0316_zonedproperties.htm,1620600126,18:42:06,20210509
20,2015-12-31,ZDPY,USD,2016-03-09 00:00:00,2016-03-09 16:36:00,Q4,472229.0,46573.0,425656.0,0.901376239070451,0.0,555335.0,0.0,0.0,595643.0,642216.0,56873.0,40309.0,-129678.0,-0.27460829385742935,-169987.0,-0.35996730399869553,0.0,-226860.0,-0.4804025165756444,0.0,-226860.0,-0.4804025165756444,-0.013257254016315083,-0.013257254016315083,17112141.0,17112141.0,https://www.sec.gov/Archives/edgar/data/1279620/000121390016011468/0001213900-16-011468-index.html,https://www.sec.gov/Archives/edgar/data/1279620/000121390016011468/f10k2015_zonedproperties.htm,1620600126,18:42:06,20210509
21,2015-09-30,ZDPY,USD,2015-09-30,2015-09-30,Q3,408078.0,93625.0,314453.0,0.7705708222447669,0.0,567785.0,0.0,0.0,603383.0,697008.0,57829.0,35598.0,-253332.0,-0.6207930836751797,-288930.0,-0.7080264067163631,0.0,-346759.0,-0.849737060071849,0.0,-346759.0,-0.849737060071849,-0.02,-0.02,17920100.0,17920100.0,,,1620600126,18:42:06,20210509
22,2015-06-30,ZDPY,USD,2015-06-30,2015-06-30,Q2,287701.0,37789.0,249912.0,0.8686518295035471,0.0,722344.0,0.0,0.0,759620.0,797409.0,56873.0,37276.0,-472432.0,-1.6420937014469883,-509708.0,-1.7716587707376756,-50000.0,-613845.0,-2.1336213638464936,0.0,-613845.0,-2.1336213638464936,-0.03,-0.03,19031853.0,19031853.0,,,1620600126,18:42:06,20210509
23,2015-03-31,ZDPY,USD,2015-03-31,2015-03-31,Q1,227286.0,29224.0,198062.0,0.8714219089605167,0.0,271352.0,0.0,0.0,308538.0,337762.0,56873.0,37186.0,-73290.0,-0.3224571685013595,-110476.0,-0.4860660137447973,-17500.0,-184566.0,-0.8120429766901613,0.0,-184566.0,-0.8120429766901613,-0.01,-0.01,18527971.0,18527971.0,,,1620600126,18:42:06,20210509
24,2014-12-31,ZDPY,USD,2014-12-31,2014-12-31,Q4,200000.0,-40000.0,240000.0,1.2,0.0,3050000.0,0.0,0.0,3750000.0,3710000.0,-200000.0,0.0,-3790000.0,-18.95,-3510000.0,-17.55,120000.0,-3590000.0,-17.95,0.0,-3590000.0,-17.95,-0.18835,-0.18835,19060000.0,19060000.0,,,1620600126,18:42:06,20210509
25,2014-09-30,ZDPY,USD,2014-09-30,2014-09-30,Q3,130000.0,50000.0,80000.0,0.6153846153846154,0.0,110000.0,0.0,0.0,159999.99999999997,209999.99999999997,-40000.0,70000.0,-10000.0,-0.07692307692307693,-80000.0,-0.6153846153846154,0.0,-130000.0,-1.0,0.0,-130000.0,-1.0,-0.01036,-0.01036,12550000.0,12550000.0,,,1620600126,18:42:06,20210509
26,2014-06-30,ZDPY,USD,2014-06-30,2014-06-30,Q2,110000.0,0.0,0.0,0.0,0.0,-50000.0,0.0,0.0,-100000.0,-100000.0,-50000.0,19999.999999999996,230000.0,2.090909090909091,210000.0,1.9090909090909092,0.0,310000.0,2.8181818181818183,0.0,310000.0,2.8181818181818183,0.01839,0.01839,16860000.0,16860000.0,,,1620600126,18:42:06,20210509
27,2014-03-31,ZDPY,USD,2014-03-31,2014-03-31,Q1,20000.0,0.0,0.0,0.0,0.0,1980000.0,0.0,0.0,1990000.0,1990000.0,-160000.0,10000.0,-1960000.0,-98.0,-1970000.0,-98.5,-210000.0,-2330000.0,-116.5,0.0,-2330000.0,-116.5,-1414.3,-1414.3,16860000.0,16860000.0,,,1620600126,18:42:06,20210509
28,2013-12-31,ZDPY,USD,2013-12-31,2013-12-31,Q4,0.0,0.0,0.0,0.0,0.0,150000.0,0.0,0.0,150000.0,150000.0,0.0,0.0,-210000.0,0.0,-150000.0,0.0,-50000.0,-210000.0,0.0,0.0,-210000.0,0.0,-1.5,-1.5,140000.0,140000.0,,,1620600126,18:42:06,20210509
29,2013-09-30,ZDPY,USD,2013-09-30,2013-09-30,Q3,0.0,0.0,0.0,0.0,0.0,0.0,0.0,0.0,0.0,0.0,0.0,0.0,0.0,0.0,0.0,0.0,0.0,0.0,0.0,0.0,0.0,0.0,0.0,0.0,4220000.0,4220000.0,,,1620600126,18:42:06,20210509
30,2013-06-30,ZDPY,USD,2013-06-30,2013-06-30,Q2,0.0,0.0,0.0,0.0,0.0,0.0,0.0,0.0,0.0,0.0,0.0,0.0,0.0,0.0,0.0,0.0,0.0,0.0,0.0,0.0,0.0,0.0,0.0,0.0,4220000.0,4220000.0,,,1620600126,18:42:06,20210509
31,2013-03-31,ZDPY,USD,2013-03-31,2013-03-31,Q1,0.0,0.0,0.0,0.0,0.0,0.0,0.0,0.0,0.0,0.0,0.0,0.0,0.0,0.0,0.0,0.0,0.0,0.0,0.0,0.0,0.0,0.0,0.0,0.0,4220000.0,4220000.0,,,1620600126,18:42:06,20210509
32,2012-12-31,ZDPY,USD,2012-12-31,2012-12-31,Q4,0.0,0.0,0.0,0.0,0.0,230000.0,0.0,0.0,230000.0,230000.0,0.0,0.0,-200000.0,0.0,-230000.0,0.0,30000.0,-200000.0,0.0,0.0,-200000.0,0.0,-20.0,-20.0,10000.0,10000.0,,,1620600126,18:42:06,20210509
33,2012-09-30,ZDPY,USD,2012-11-20 00:00:00,2012-11-20 15:26:38,Q3,0.0,0.0,0.0,0.0,0.0,19610.0,0.0,0.0,10610.0,10610.0,0.0,0.0,17390.0,0.0,-10610.0,0.0,-28000.0,-38610.0,0.0,0.0,-38610.0,0.0,-3.600144,-3.600144,12244.0,12244.0,https://www.sec.gov/Archives/edgar/data/1279620/000155475712000418/0001554757-12-000418-index.html,https://www.sec.gov/Archives/edgar/data/1279620/000155475712000418/vanguard_10q.htm,1620600126,18:42:06,20210509
34,2012-06-30,ZDPY,USD,2012-08-20 00:00:00,2012-08-20 17:28:03,Q2,0.0,0.0,0.0,0.0,0.0,5432.0,0.0,0.0,5432.0,5432.0,0.0,0.0,-46578.0,0.0,-5432.0,0.0,41146.0,35714.0,0.0,0.0,35714.0,0.0,2.400096,2.400096,13494.0,13494.0,https://www.sec.gov/Archives/edgar/data/1279620/000125529412000628/0001255294-12-000628-index.html,https://www.sec.gov/Archives/edgar/data/1279620/000125529412000628/mainbody.htm,1620600126,18:42:06,20210509
35,2012-03-31,ZDPY,USD,2012-03-31,2012-03-31,Q1,0.0,0.0,0.0,0.0,0.0,2000.0,0.0,0.0,2000.0,2000.0,0.0,0.0,-2000.0,0.0,-2000.0,0.0,0.0,-2000.0,0.0,0.0,-2000.0,0.0,-0.14821402104639098,-0.14821402104639098,13494.0,13494.0,,,1620600126,18:42:06,20210509
36,2011-12-31,ZDPY,USD,2011-12-31,2011-12-31,Q4,0.0,0.0,0.0,0.0,0.0,20442.0,0.0,0.0,20442.0,20442.0,0.0,0.0,-20442.0,0.0,-20442.0,0.0,0.0,-20442.0,0.0,0.0,-20442.0,0.0,-1.5148955091151624,-1.5148955091151624,13494.0,13494.0,,,1620600126,18:42:06,20210509
37,2011-09-30,ZDPY,USD,2011-11-18 00:00:00,2011-11-18 15:34:59,Q3,0.0,0.0,0.0,0.0,0.0,2500.0,0.0,0.0,2500.0,2500.0,0.0,0.0,-2500.0,0.0,-2500.0,0.0,0.0,-2500.0,0.0,0.0,-2500.0,0.0,-0.18526752630798873,-0.18526752630798873,13494.0,13494.0,https://www.sec.gov/Archives/edgar/data/1279620/000109690611002879/0001096906-11-002879-index.html,https://www.sec.gov/Archives/edgar/data/1279620/000109690611002879/vanguard10q20110930.htm,1620600126,18:42:06,20210509
38,2011-06-30,ZDPY,USD,2011-08-15 00:00:00,2011-08-15 15:12:07,Q2,0.0,0.0,0.0,0.0,0.0,4000.0,0.0,0.0,4000.0,4000.0,0.0,0.0,-1024000.0,0.0,-4000.0,0.0,1020000.0,1016000.0,0.0,0.0,1016000.0,0.0,80.403216,80.403216,12661.0,12661.0,https://www.sec.gov/Archives/edgar/data/1279620/000109690611001920/0001096906-11-001920-index.html,https://www.sec.gov/Archives/edgar/data/1279620/000109690611001920/vngm10q20110630.htm,1620600126,18:42:06,20210509
39,2011-03-31,ZDPY,USD,2011-05-13 00:00:00,2011-05-13 16:48:53,Q1,0.0,0.0,0.0,0.0,0.0,1545.0,0.0,0.0,1545.0,1545.0,0.0,0.0,-1545.0,0.0,-1545.0,0.0,0.0,-1545.0,0.0,0.0,-1545.0,0.0,-0.12618425351192422,-0.12618425351192422,12244.0,12244.0,https://www.sec.gov/Archives/edgar/data/1279620/000109690611000891/0001096906-11-000891-index.html,https://www.sec.gov/Archives/edgar/data/1279620/000109690611000891/vngm10k20101231.htm,1620600126,18:42:06,20210509
40,2010-12-31,ZDPY,USD,2010-12-31,2010-12-31,Q4,44000.0,0.0,44000.0,1.0,0.0,13160.0,0.0,0.0,13160.0,13160.0,0.0,0.0,1148840.0,26.11,30840.0,0.7009090909090909,-1118000.0,-1087160.0,-24.708181818181817,0.0,-1087160.0,-24.708181818181817,-88.79124469127736,-88.79124469127736,12244.0,12244.0,,,1620600126,18:42:06,20210509
41,2010-09-30,ZDPY,USD,2010-11-22 00:00:00,2010-11-22 10:00:52,Q3,61500.0,0.0,61500.0,1.0,0.0,89048.0,0.0,0.0,89247.0,89247.0,0.0,0.0,-27747.0,-0.4511707317073171,-27747.0,-0.4511707317073171,0.0,-27747.0,-0.4511707317073171,0.0,-27747.0,-0.4511707317073171,-2.400096,-2.400096,13281.0,13281.0,https://www.sec.gov/Archives/edgar/data/1279620/000109690610001575/0001096906-10-001575-index.html,https://www.sec.gov/Archives/edgar/data/1279620/000109690610001575/vngm10q20100930.htm,1620600126,18:42:06,20210509
42,2010-06-30,ZDPY,USD,2010-08-20 00:00:00,2010-08-20 16:00:16,Q2,58000.0,0.0,58000.0,1.0,0.0,6856.0,0.0,0.0,6856.0,6856.0,0.0,0.0,51144.0,0.8817931034482759,51144.0,0.8817931034482759,0.0,51144.0,0.8817931034482759,0.0,51144.0,0.8817931034482759,3.600144,3.600144,12934.0,12934.0,https://www.sec.gov/Archives/edgar/data/1279620/000109690610001108/0001096906-10-001108-index.html,https://www.sec.gov/Archives/edgar/data/1279620/000109690610001108/vngm10q2010-630.htm,1620600126,18:42:06,20210509
43,2010-03-31,ZDPY,USD,2010-04-15 00:00:00,2010-04-15 17:12:11,Q1,0.0,0.0,0.0,0.0,0.0,537.0,0.0,0.0,537.0,537.0,0.0,0.0,-537.0,0.0,-537.0,0.0,0.0,-537.0,0.0,0.0,-537.0,0.0,-0.22870528109028962,-0.22870528109028962,2348.0,2348.0,https://www.sec.gov/Archives/edgar/data/1279620/000109690610000468/0001096906-10-000468-index.html,https://www.sec.gov/Archives/edgar/data/1279620/000109690610000468/vngm10k20091231.htm,1620600126,18:42:06,20210509
44,2009-12-31,ZDPY,USD,2009-12-31,2009-12-31,Q4,0.0,0.0,0.0,0.0,0.0,24959.0,0.0,0.0,19660.0,19660.0,0.0,-5359.0,-25019.0,0.0,-19660.0,0.0,40282.0,20622.0,0.0,0.0,20622.0,0.0,8.782793867120954,8.782793867120954,2348.0,2348.0,,,1620600126,18:42:06,20210509
45,2009-09-30,ZDPY,USD,2009-11-13 00:00:00,2009-11-13 08:49:28,Q3,0.0,0.0,0.0,0.0,0.0,1540.0,0.0,0.0,3206.0,3206.0,0.0,1666.0,-1540.0,0.0,-3206.0,0.0,-5294.0,-8500.0,0.0,0.0,-8500.0,0.0,-3.799731783638802,-3.799731783638802,2237.0,2237.0,https://www.sec.gov/Archives/edgar/data/1279620/000109690609001331/0001096906-09-001331-index.html,https://www.sec.gov/Archives/edgar/data/1279620/000109690609001331/vngm10q20090930.htm,1620600126,18:42:06,20210509
46,2009-06-30,ZDPY,USD,2009-08-19 00:00:00,2009-08-19 16:49:53,Q2,0.0,0.0,0.0,0.0,0.0,21667.0,0.0,0.0,23514.0,23514.0,0.0,1847.0,-21667.0,0.0,-23514.0,0.0,-37958.0,-61472.0,0.0,0.0,-61472.0,0.0,-1080.151217,-1080.151217,2237.0,2237.0,https://www.sec.gov/Archives/edgar/data/1279620/000109690609001025/0001096906-09-001025-index.html,https://www.sec.gov/Archives/edgar/data/1279620/000109690609001025/vngm10q20090630.htm,1620600126,18:42:06,20210509
47,2009-03-31,ZDPY,USD,2009-04-15 00:00:00,2009-04-15 16:26:53,Q1,0.0,0.0,0.0,0.0,0.0,10833.0,0.0,0.0,25360.0,25360.0,0.0,1847.0,-23513.0,0.0,-25360.0,0.0,3030.0,-9650.0,0.0,0.0,-9650.0,0.0,-4.313813142601699,-4.313813142601699,2237.0,2237.0,https://www.sec.gov/Archives/edgar/data/1279620/000109690609000397/0001096906-09-000397-index.html,https://www.sec.gov/Archives/edgar/data/1279620/000109690609000397/vanguard10k123108.htm,1620600126,18:42:06,20210509
48,2007-12-31,ZDPY,USD,2008-09-05,2008-09-05,Q4,0.0,0.0,0.0,0.0,0.0,0.0,0.0,0.0,1086102.0,1086102.0,0.0,645.0,-1085457.0,0.0,-1086102.0,0.0,0.0,0.0,0.0,0.0,-1133266.0,0.0,-506.6008046490836,-506.6008046490836,2237.0,2237.0,https://www.sec.gov/Archives/edgar/data/1279620/000109690608001713/0001096906-08-001713-index.htm,https://www.sec.gov/Archives/edgar/data/1279620/000109690608001713/vanguard10ksba123107.htm,1620600126,18:42:06,20210509
