,date,symbol,reportedCurrency,fillingDate,acceptedDate,period,revenue,costOfRevenue,grossProfit,grossProfitRatio,researchAndDevelopmentExpenses,generalAndAdministrativeExpenses,sellingAndMarketingExpenses,otherExpenses,operatingExpenses,costAndExpenses,interestExpense,depreciationAndAmortization,ebitda,ebitdaratio,operatingIncome,operatingIncomeRatio,totalOtherIncomeExpensesNet,incomeBeforeTax,incomeBeforeTaxRatio,incomeTaxExpense,netIncome,netIncomeRatio,eps,epsdiluted,weightedAverageShsOut,weightedAverageShsOutDil,link,finalLink,timestamp,est_time,est_date
0,2020-12-31,CERN,USD,2021-02-19,2021-02-19 16:06:55,Q4,1395025000.0,234673000.0,1160352000.0,0.8317786419598215,197906000.0,100586000.0,675477000.0,-76996000.0,986533000.0,1221206000.0,0.0,178436000.0,352255000.0,0.2525080195695418,173819000.0,0.12459920073116969,2492000.0,176132000.0,0.1262572355334134,34627000.0,141505000.0,0.10143545814591136,0.46279913265022454,0.46279913265022454,305759000,305759000,https://www.sec.gov/Archives/edgar/data/804753/000080475321000009/0000804753-21-000009-index.htm,https://www.sec.gov/Archives/edgar/data/804753/000080475321000009/cern-20201231.htm,1620590136,15:55:36,20210509
1,2020-09-30,CERN,USD,2020-10-29,2020-10-29 16:03:55,Q3,1368673000.0,231889000.0,1136784000.0,0.8305738478073287,186826000.0,116816000.0,625402000.0,48020000.0,941833000.0,1173722000.0,0.0,175046000.0,369997000.0,0.2703326506769696,194951000.0,0.1424379672865615,264889000.0,459840000.0,0.3359750648986281,103164000.0,356676000.0,0.26059986570934035,1.17,1.16,305759000,308366000,https://www.sec.gov/Archives/edgar/data/804753/000080475320000054/0000804753-20-000054-index.htm,https://www.sec.gov/Archives/edgar/data/804753/000080475320000054/cern-20200930.htm,1620590136,15:55:36,20210509
2,2020-06-30,CERN,USD,2020-07-30,2020-07-30 18:44:06,Q2,1330349000.0,211963000.0,1118386000.0,0.8406711321615606,178955000.0,134332000.0,645087000.0,24632000.0,971488000.0,1183451000.0,0.0,171295000.0,318193000.0,0.23918009484729194,146898000.0,0.11042064901766378,24632000.0,171530000.0,0.12893609120614213,36782000.0,134748000.0,0.10128770721066427,0.44212142688400663,0.43932354580932914,304776000,306717000,https://www.sec.gov/Archives/edgar/data/804753/000080475320000045/0000804753-20-000045-index.htm,https://www.sec.gov/Archives/edgar/data/804753/000080475320000045/cern-20200630.htm,1620590136,15:55:36,20210509
3,2020-03-31,CERN,USD,2020-04-29 00:00:00,2020-04-29 16:02:47,Q1,1411741000.0,254416000.0,1157325000.0,0.8197856405672145,185320000.0,139852000.0,636649000.0,5595000.0,978949000.0,1233365000.0,0.0,172646000.0,351022000.0,0.24864475849323636,178376000.0,0.12635178832377894,5595000.0,183971000.0,0.13031497987237037,36812000.0,147159000.0,0.10423937535284447,0.48,0.47,309657000,312240000,https://www.sec.gov/Archives/edgar/data/804753/000080475320000031/0000804753-20-000031-index.html,https://www.sec.gov/Archives/edgar/data/804753/000080475320000031/cern-20200331.htm,1620590136,15:55:36,20210509
4,2019-12-28,CERN,USD,2020-02-10 00:00:00,2020-02-10 16:03:23,Q4,1442232000.0,277386000.0,1164846000.0,0.8076689464663106,129824000.0,770805000.0,0.0,648512000.0,982015000.0000001,1259401000.0,14469000.0,178406999.99999997,361238000.0,0.2504714914105359,182831000.0,0.12676947952895234,8870000.0,191701000.0,0.13291966895756022,37370000.0,154331000.0,0.10700844246972747,0.49016,0.49016,314857000,314857000,https://www.sec.gov/Archives/edgar/data/804753/000080475320000007/0000804753-20-000007-index.html,https://www.sec.gov/Archives/edgar/data/804753/000080475320000007/a201910-k.htm,1620590136,15:55:36,20210509
5,2019-09-28,CERN,USD,2019-10-25 00:00:00,2019-10-25 08:13:26,Q3,1429428000.0,271778000.0,1157650000.0,0.809869402306377,130740000.0,860064000.0,0.0,707743000.0,1068873000.0,1340651000.0,0.0,173073000.00000003,261850000.00000003,0.18318516217675884,88777000.0,0.062106660846156646,13535000.0,102312000.0,0.07157548334018922,20377000.0,81935000.0,0.057320130849542614,0.25676,0.25676,319113000,319113000,https://www.sec.gov/Archives/edgar/data/804753/000080475319000062/0000804753-19-000062-index.html,https://www.sec.gov/Archives/edgar/data/804753/000080475319000062/q3201910-q.htm,1620590136,15:55:36,20210509
6,2019-06-29,CERN,USD,2019-07-25 00:00:00,2019-07-25 16:03:06,Q2,1431061000.0,268673000.0,1162388000.0,0.8122560813270713,125042000.0,828683000.0,0.0,678895000.0,1031271000.0,1299944000.0,0.0,169815000.0,300932000.0,0.21028593470159554,131117000.0,0.09162222993988377,23006000.0,154123000.0,0.10769841397396757,27154000.0,126969000.0,0.08872368124070183,0.39108,0.39108,324662000,324662000,https://www.sec.gov/Archives/edgar/data/804753/000080475319000043/0000804753-19-000043-index.html,https://www.sec.gov/Archives/edgar/data/804753/000080475319000043/q2201910-q.htm,1620590136,15:55:36,20210509
7,2019-03-30,CERN,USD,2019-04-26 00:00:00,2019-04-26 16:03:24,Q1,1389877000.0,253204000.0,1136673000.0,0.8178227281982506,124116000.0,736383000.0,0.0,640187000.0,938729000.0,1191933000.0,0.0,166671000.0,364615000.0,0.262336163559797,197944000.0,0.14241835788346738,8432000.0,206376000.0,0.14848508177342312,40157000.0,166219000.0,0.1195925970427599,0.50831,0.50831,327003000,327003000,https://www.sec.gov/Archives/edgar/data/804753/000080475319000019/0000804753-19-000019-index.html,https://www.sec.gov/Archives/edgar/data/804753/000080475319000019/q1201910-q.htm,1620590136,15:55:36,20210509
8,2018-12-29,CERN,USD,2019-02-08 00:00:00,2019-02-08 16:51:02,Q4,1365664000.0,236955000.0,1128709000.0,0.8264909963212035,126814000.0,761619000.0,0.0,662697000.0,964582000.0,1201537000.0,7987000.0,168891000.00000003,333018000.0,0.243850610399044,164127000.0,0.12018109871827917,7662000.0,171789000.0,0.12579155634182346,40469000.0,131320000.0,0.09615835227405863,0.39697,0.39697,330809000,330809000,https://www.sec.gov/Archives/edgar/data/804753/000080475319000009/0000804753-19-000009-index.html,https://www.sec.gov/Archives/edgar/data/804753/000080475319000009/a201810-k.htm,1620590136,15:55:36,20210509
9,2018-09-29,CERN,USD,2018-10-26 00:00:00,2018-10-26 16:03:28,Q3,1340100000.0,230300000.0,1109700000.0,0.8280725319006045,118900000.0,708700000.0,0.0,605946000.0,902600000.0000001,1132900000.0,0.0,161099999.99999997,368300000.0,0.2748302365495112,207200000.0,0.15461532721438698,6900000.0,214100000.0,0.15976419670173866,44700000.0,169400000.0,0.12640847697932991,0.50886,0.50886,332900000,332900000,https://www.sec.gov/Archives/edgar/data/804753/000080475318000039/0000804753-18-000039-index.html,https://www.sec.gov/Archives/edgar/data/804753/000080475318000039/q3201810-q.htm,1620590136,15:55:36,20210509
10,2018-06-30,CERN,USD,2018-08-03 00:00:00,2018-08-03 16:06:19,Q2,1367727000.0,238783000.0,1128944000.0,0.8254161832003024,168278000.0,95464000.0,635105000.0,6597000.0,920657000.0,1159440000.0,0.0,160053000.0,368340000.0,0.26930812947320626,208287000.0,0.15228696954874768,6597000.0,214884000.0,0.1571103005204986,45527000.0,169357000.0,0.12382368703695987,0.5128828670587452,0.5077227022262728,330206000,333562000,https://www.sec.gov/Archives/edgar/data/804753/000080475318000033/0000804753-18-000033-index.html,https://www.sec.gov/Archives/edgar/data/804753/000080475318000033/q2201810-q.htm,1620590136,15:55:36,20210509
11,2018-03-31,CERN,USD,2018-05-03 00:00:00,2018-05-03 07:19:23,Q1,1292861000.0,231278000.0,1061583000.0,0.8211114729270973,161617000.0,92294000.0,589948000.0,4864000.0,866368000.0,1097646000.0,0.0,152592000.0,347807000.0,0.2690211863456319,195215000.0,0.1509945771432505,4864000.0,200079000.0,0.15475677586376263,40078000.0,160001000.0,0.12375731033730618,0.4813580228342785,0.47543784580458437,332395000,336534000,https://www.sec.gov/Archives/edgar/data/804753/000080475318000018/0000804753-18-000018-index.html,https://www.sec.gov/Archives/edgar/data/804753/000080475318000018/q1201810-q.htm,1620590136,15:55:36,20210509
12,2017-12-30,CERN,USD,2018-02-12 00:00:00,2018-02-12 17:17:03,Q4,1313800000.0,229100000.0,1084700000.0,0.8256203379509819,115600000.0,680700000.0,0.0,616757000.0,865600000.0,1094700000.0,8012000.0,155500000.00000006,374600000.00000006,0.28512711219363684,219100000.0,0.1667681534480134,2600000.0,221700000.0,0.16874714568427462,30900000.0,336700000.0,0.2562794945958289,0.99556,0.99556,338200000,338200000,https://www.sec.gov/Archives/edgar/data/804753/000080475318000006/0000804753-18-000006-index.html,https://www.sec.gov/Archives/edgar/data/804753/000080475318000006/a201710-k.htm,1620590136,15:55:36,20210509
13,2017-09-30,CERN,USD,2017-10-27 00:00:00,2017-10-27 16:02:31,Q3,1276007000.0,202904000.0,1073103000.0,0.8409851983570623,153834000.0,84178000.0,564621000.0,2509000.0,825197000.0,1028101000.0,0.0,146352000.0,394258000.0,0.3089779288044658,247906000.0,0.19428263324574238,2509000.0,250415000.0,0.19624892339932304,72991000.0,177424000.0,0.13904625915061594,0.53,0.52,331993000,338780000,https://www.sec.gov/Archives/edgar/data/804753/000080475317000039/0000804753-17-000039-index.html,https://www.sec.gov/Archives/edgar/data/804753/000080475317000039/q3201710-q.htm,1620590136,15:55:36,20210509
14,2017-07-01,CERN,USD,2017-07-28 00:00:00,2017-07-28 16:02:18,Q2,1292000000.0,223100000.0,1068900000.0,0.8273219814241486,101400000.0,654000000.0,0.0,590157000.0,819499999.9999999,1042599999.9999999,0.0,144099999.99999997,393500000.0,0.3045665634674923,249400000.0,0.19303405572755417,2700000.0,252000000.0,0.19504643962848298,72400000.0,179700000.0,0.13908668730650156,0.53181,0.53181,337900000,337900000,https://www.sec.gov/Archives/edgar/data/804753/000080475317000029/0000804753-17-000029-index.html,https://www.sec.gov/Archives/edgar/data/804753/000080475317000029/q2201710-q.htm,1620590136,15:55:36,20210509
15,2017-04-01,CERN,USD,2017-04-28 00:00:00,2017-04-28 16:02:26,Q1,1260500000.0,199000000.0,1061500000.0,0.8421261404204681,105300000.0,648600000.0,0.0,582592000.0,817400000.0,1016400000.0,0.0,134800000.0,378900000.0,0.30059500198333994,244100000.0,0.19365331217770726,-1100000.0,243000000.0,0.192780642602142,69800000.0,173200000.0,0.13740579135263783,0.51517,0.51517,336200000,336200000,https://www.sec.gov/Archives/edgar/data/804753/000080475317000016/0000804753-17-000016-index.html,https://www.sec.gov/Archives/edgar/data/804753/000080475317000016/q1201710-q.htm,1620590136,15:55:36,20210509
16,2016-12-31,CERN,USD,2017-02-10 00:00:00,2017-02-10 16:47:44,Q4,1257819000.0,214997000.0,1042822000.0,0.8290715913815899,145967000.0,125222000.0,537163000.0,-7086000.0,830794000.0,1045791000.0,0.0,132851000.0,344879000.0,0.2741880986056022,212028000.0,0.16856797361146555,-7086000.0,215715000.0,0.17149923796667088,66024000.0,149691000.0,0.11900837878899906,0.45,0.44,334931000,339890000,https://www.sec.gov/Archives/edgar/data/804753/000080475317000004/0000804753-17-000004-index.html,https://www.sec.gov/Archives/edgar/data/804753/000080475317000004/a201610-k.htm,1620590136,15:55:36,20210509
17,2016-10-01,CERN,USD,2016-11-02 00:00:00,2016-11-02 16:02:33,Q3,1184600000.0,183000000.0,1001600000.0,0.8455174742529123,101200000.0,599700000.0,0.0,534891000.0,759300000.0,942300000.0,0.0,127299999.99999999,369500000.0,0.3119196353199392,242200000.0,0.2044572007428668,-400000.0,241800000.0,0.20411953401992233,71800000.0,170000000.0,0.14350835725139288,0.49304,0.49304,344800000,344800000,https://www.sec.gov/Archives/edgar/data/804753/000080475316000092/0000804753-16-000092-index.html,https://www.sec.gov/Archives/edgar/data/804753/000080475316000092/q3201610-q.htm,1620590136,15:55:36,20210509
18,2016-07-02,CERN,USD,2016-08-03,2016-08-03 16:02:50,Q2,1216000000.0,205600000.0,1010400000.0,0.8309210526315789,100900000.0,610300000.0,0.0,542372000.0,769100000.0,974700000.0,0.0,125000000.0,366300000.0,0.30123355263157897,241300000.0,0.1984375,2500000.0,243800000.0,0.20049342105263157,77300000.0,166500000.0,0.13692434210526316,0.48401,0.48401,344000000,344000000,https://www.sec.gov/Archives/edgar/data/804753/000080475316000086/q2201610-q.htm,https://www.sec.gov/Archives/edgar/data/804753/000080475316000086/q2201610-q.htm,1620590136,15:55:36,20210509
19,2016-04-02,CERN,USD,2016-05-06 00:00:00,2016-05-06 16:02:36,Q1,1138100000.0,175600000.0,962500000.0,0.8457077585449433,100900000.0,592000000.0,0.0,520970000.0,747100000.0,922700000.0,0.0,119100000.0,334500000.0,0.2939109041384764,215400000.0,0.18926280643177226,1700000.0,217100000.0,0.1907565240312802,66800000.0,150400000.0,0.13215007468587997,0.43481,0.43481,345900000,345900000,https://www.sec.gov/Archives/edgar/data/804753/000080475316000074/0000804753-16-000074-index.html,https://www.sec.gov/Archives/edgar/data/804753/000080475316000074/q1201610-q.htm,1620590136,15:55:36,20210509
20,2016-01-02,CERN,USD,2016-02-17 00:00:00,2016-02-17 16:03:22,Q4,1175300000.0,199200000.0,976100000.0,0.830511358802008,110500000.0,583500000.0,0.0,506768000.0,749000000.0,948200000.0,11820000.0,123099999.99999997,350200000.0,0.297966476644261,227100000.0,0.1932272611248192,800000.0,227900000.0,0.1939079383987067,61800000.0,166100000.0,0.14132561899089593,0.4773,0.4773,348000000,348000000,https://www.sec.gov/Archives/edgar/data/804753/000080475316000061/0000804753-16-000061-index.html,https://www.sec.gov/Archives/edgar/data/804753/000080475316000061/a201510-k.htm,1620590136,15:55:36,20210509
21,2015-10-03,CERN,USD,2015-11-04 00:00:00,2015-11-04 17:03:45,Q3,1127900000.0,190600000.0,937300000.0,0.8310133877116765,103100000.0,564600000.0,0.0,484806000.0,721900000.0,912500000.0,0.0,115600000.00000001,331000000.0,0.2934657327777285,215400000.0,0.19097437716109583,300000.0,215700000.0,0.1912403581877826,68400000.0,147300000.0,0.13059668410320063,0.41918,0.41918,351400000,351400000,https://www.sec.gov/Archives/edgar/data/804753/000080475315000050/0000804753-15-000050-index.html,https://www.sec.gov/Archives/edgar/data/804753/000080475315000050/q3201510-q.htm,1620590136,15:55:36,20210509
22,2015-07-04,CERN,USD,2015-08-05 00:00:00,2015-08-05 16:01:39,Q2,1126000000.0,192300000.0,933700000.0,0.8292184724689166,108800000.0,599000000.0,0.0,481496000.0,762000000.0,954300000.0,0.0,113100000.0,284800000.0,0.25293072824156304,171700000.0,0.15248667850799288,-1100000.0,170700000.0,0.15159857904085258,55600000.0,115000000.0,0.10213143872113677,0.32624,0.32624,352500000,352500000,https://www.sec.gov/Archives/edgar/data/804753/000080475315000036/0000804753-15-000036-index.html,https://www.sec.gov/Archives/edgar/data/804753/000080475315000036/q2201510-q.htm,1620590136,15:55:36,20210509
23,2015-04-04,CERN,USD,2015-05-08 00:00:00,2015-05-08 16:01:42,Q1,996100000.0,168700000.0,827400000.0,0.8306394940267041,98200000.0,533200000.0,0.0,438332000.0,660500000.0,829200000.0,0.0,100400000.0,267300000.0,0.2683465515510491,166900000.0,0.1675534584881036,200000.0,167100000.0,0.16775424154201385,56200000.0,110900000.0,0.1113342033932336,0.31533,0.31533,351700000,351700000,https://www.sec.gov/Archives/edgar/data/804753/000080475315000024/0000804753-15-000024-index.html,https://www.sec.gov/Archives/edgar/data/804753/000080475315000024/q1201510-q.htm,1620590136,15:55:36,20210509
24,2015-01-03,CERN,USD,2015-02-11,2015-02-11 16:02:16,Q4,926000000.0,172800000.0,753200000.0,0.813390928725702,78900000.0,451100000.0,0.0,-10100000.0,547900000.0000001,720700000.0000001,3993000.0,85199999.99999999,290500000.0,0.31371490280777536,205300000.0,0.2217062634989201,3200000.0,208500000.0,0.2251619870410367,60600000.0,147900000.0,0.15971922246220302,0.42245,0.42245,350100000,350100000,https://www.sec.gov/Archives/edgar/data/804753/000080475315000009/a201410-k.htm,https://www.sec.gov/Archives/edgar/data/804753/000080475315000009/a201410-k.htm,1620590136,15:55:36,20210509
25,2014-09-27,CERN,USD,2014-10-24 00:00:00,2014-10-24 16:03:06,Q3,840100000.0,140100000.0,700100000.0,0.8333531722413998,71700000.0,411300000.0,0.0,369153000.0,511900000.0,652000000.0,0.0,75399999.99999999,263600000.0,0.3137721699797643,188200000.0,0.22402094988691823,2200000.0,190300000.0,0.22652065230329724,61300000.0,129000000.0,0.15355314843471016,0.36931,0.36931,349300000,349300000,https://www.sec.gov/Archives/edgar/data/804753/000080475314000041/0000804753-14-000041-index.html,https://www.sec.gov/Archives/edgar/data/804753/000080475314000041/q3201410-q.htm,1620590136,15:55:36,20210509
26,2014-06-28,CERN,USD,2014-07-25 00:00:00,2014-07-25 16:27:11,Q2,851800000.0,162400000.0,689400000.0,0.8093449166471003,72400000.0,397200000.0,0.0,372266000.0,497700000.00000006,660100000.0,0.0,71700000.00000001,263300000.0,0.30911011974641933,191600000.0,0.22493543085231274,2700000.0,194400000.0,0.2282225874618455,65300000.0,129000000.0,0.1514440009391876,0.36878,0.36878,349800000,349800000,https://www.sec.gov/Archives/edgar/data/804753/000080475314000033/0000804753-14-000033-index.html,https://www.sec.gov/Archives/edgar/data/804753/000080475314000033/q2201410-q.htm,1620590136,15:55:36,20210509
27,2014-03-29,CERN,USD,2014-04-25 00:00:00,2014-04-25 16:04:49,Q1,784800000.0,129100000.0,655700000.0,0.8354994903160041,66400000.0,386100000.0,0.0,351546000.0,477699999.99999994,606799999.9999999,0.0,70100000.0,248100000.0,0.316131498470948,178000000.0,0.22680937818552496,3000000.0,181000000.0,0.23063200815494395,61500000.0,119500000.0,0.15226809378185524,0.3393,0.3393,352200000,352200000,https://www.sec.gov/Archives/edgar/data/804753/000080475314000017/0000804753-14-000017-index.html,https://www.sec.gov/Archives/edgar/data/804753/000080475314000017/q1201410-q.htm,1620590136,15:55:36,20210509
28,2013-12-28,CERN,USD,2014-02-05,2014-02-05 16:05:13,Q4,795300000.0,142100000.0,653200000.0,0.8213252860555765,67100000.0,477000000.0,0.0,338287000.0,569500000.0,711600000.0,4226000.0,74000000.0,157700000.0,0.19828995347667547,83700000.0,0.1052433044134289,2800000.0,86500000.0,0.10876398843203823,26400000.0,60100000.0,0.07556896768515026,0.17069,0.17069,352100000,352100000,https://www.sec.gov/Archives/edgar/data/804753/000080475314000006/a201310-k.htm,https://www.sec.gov/Archives/edgar/data/804753/000080475314000006/a201310-k.htm,1620590136,15:55:36,20210509
29,2013-09-28,CERN,USD,2013-10-25 00:00:00,2013-10-25 16:07:36,Q3,727800000.0,119600000.0,608300000.0,0.8358065402583127,58900000.0,356000000.0,0.0,321343000.0,439000000.0,558600000.0,0.0,67300000.0,236500000.0,0.3249519098653476,169200000.0,0.23248145094806266,3500000.0,172700000.0,0.23729046441330034,57400000.0,115300000.0,0.15842264358340202,0.32812,0.32812,351400000,351400000,https://www.sec.gov/Archives/edgar/data/804753/000080475313000045/0000804753-13-000045-index.html,https://www.sec.gov/Archives/edgar/data/804753/000080475313000045/q3201310-q.htm,1620590136,15:55:36,20210509
30,2013-06-29,CERN,USD,2013-07-26 00:00:00,2013-07-26 16:04:42,Q2,707600000.0,125800000.0,581800000.0,0.822215941209723,82300000.0,333000000.0,0.0,301603000.0,415300000.0,541100000.0,2800000.0,62900000.00000001,229400000.0,0.32419446014697567,166500000.0,0.23530243075183718,-100000.0,169200000.0,0.23911814584511024,56300000.0,112900000.0,0.15955342001130582,0.16014,0.16014,705000000,705000000,https://www.sec.gov/Archives/edgar/data/804753/000080475313000037/0000804753-13-000037-index.html,https://www.sec.gov/Archives/edgar/data/804753/000080475313000037/q2201310-q.htm,1620590136,15:55:36,20210509
31,2013-03-30,CERN,USD,2013-04-26 00:00:00,2013-04-26 16:04:21,Q1,680000000.0,127200000.0,552800000.0,0.8129411764705883,59000000.0,315200000.0,0.0,281927000.0,396300000.0,523500000.0,0.0,59300000.0,215900000.0,0.3175,156600000.0,0.23029411764705882,3000000.0,159600000.0,0.23470588235294118,49600000.0,110000000.0,0.16176470588235295,0.31179,0.31179,352800000,352800000,https://www.sec.gov/Archives/edgar/data/804753/000080475313000021/0000804753-13-000021-index.html,https://www.sec.gov/Archives/edgar/data/804753/000080475313000021/q1201310-q.htm,1620590136,15:55:36,20210509
32,2012-12-29,CERN,USD,2013-02-08 00:00:00,2013-02-08 16:05:05,Q4,710400000.0,153100000.0,557300000.0,0.7844876126126126,57200000.0,318200000.0,0.0,288077000.0,396799999.99999994,549900000.0,5068000.0,60299999.99999998,220699999.99999997,0.31067004504504503,160400000.0,0.22578828828828829,-1600000.0,167700000.0,0.2360641891891892,55900000.0,111800000.0,0.15737612612612611,0.31716,0.31716,352500000,352500000,https://www.sec.gov/Archives/edgar/data/804753/000080475313000004/0000804753-13-000004-index.html,https://www.sec.gov/Archives/edgar/data/804753/000080475313000004/a201210-k.htm,1620590136,15:55:36,20210509
33,2012-09-29,CERN,USD,2012-10-26 00:00:00,2012-10-26 16:04:38,Q3,676500000.0,149600000.0,526900000.0,0.7788617886178861,57200000.0,301100000.0,0.0,273417000.0,379199999.99999994,528799999.99999994,0.0,56100000.00000001,203800000.0,0.30125646711012566,147700000.0,0.21832963784183296,3400000.0,151000000.0,0.22320768662232077,52200000.0,98900000.0,0.14619364375461935,0.28121,0.28121,351700000,351700000,https://www.sec.gov/Archives/edgar/data/804753/000080475312000011/0000804753-12-000011-index.html,https://www.sec.gov/Archives/edgar/data/804753/000080475312000011/q3201210-q.htm,1620590136,15:55:36,20210509
34,2012-06-30,CERN,USD,2012-07-27 00:00:00,2012-07-27 16:09:22,Q2,637358000.0,147500000.0,489858000.0,0.768575902397083,73507000.0,38393000.0,241875000.0,0.0,353775000.0,501275000.0,0.0,53426000.0,189509000.0,0.29733524957716073,136083000.0,0.2135110879599848,2814000.0,138897000.0,0.2179261890491686,41068000.0,97829000.0,0.1534914443687849,0.285,0.28,341426000,351268000,https://www.sec.gov/Archives/edgar/data/804753/000080475312000007/0000804753-12-000007-index.html,https://www.sec.gov/Archives/edgar/data/804753/000080475312000007/cern-2012630x10q.htm,1620590136,15:55:36,20210509
35,2012-03-31,CERN,USD,2012-04-27,2012-04-27 16:01:36,Q1,641212000.0,158008000.0,483204000.0,0.7535791594667598,71145000.0,39546000.0,245074000.0,0.0,355765000.0,513773000.0,1500000.0,52789000.0,180228000.0,0.28107396617655317,127439000.0,0.19874706025464278,5000.0,130063000.0,0.20283931055563525,41355000.0,88708000.0,0.13834426055657098,0.26,0.255,339936000,350054000,https://www.sec.gov/Archives/edgar/data/804753/000119312512063585/d267045d10k.htm,https://www.sec.gov/Archives/edgar/data/804753/000119312512063585/d267045d10k.htm,1620590136,15:55:36,20210509
36,2011-12-31,CERN,USD,2012-02-15 00:00:00,2012-02-15 17:10:03,Q4,615626000.0,132046000.0,483580000.0,0.7855093839441479,73323000.0,34299000.0,238224000.0,0.0,345846000.0,477892000.0,1441000.0,55715000.0,193449000.0,0.31423136774600163,137734000.0,0.22372999191067303,1000.0,139964000.0,0.22735232105206732,48772000.0,91192000.0,0.14812889644037128,0.27,0.26,338944000,348976000,https://www.sec.gov/Archives/edgar/data/804753/000119312512063585/0001193125-12-063585-index.html,https://www.sec.gov/Archives/edgar/data/804753/000119312512063585/d267045d10k.htm,1620590136,15:55:36,20210509
37,2011-10-01,CERN,USD,2011-10-28 00:00:00,2011-10-28 16:03:54,Q3,571600000.0,120500000.0,451200000.0,0.7893631910426872,51600000.0,258200000.0,0.0,234422000.0,330700000.0,451200000.0,2800000.0,54100000.00000001,174500000.0,0.3052834149755074,120400000.0,0.2106368089573128,0.0,123200000.0,0.21553533939818054,44300000.0,78800000.0,0.13785864240727783,0.22605,0.22605,348600000,348600000,https://www.sec.gov/Archives/edgar/data/804753/000119312511286181/0001193125-11-286181-index.html,https://www.sec.gov/Archives/edgar/data/804753/000119312511286181/d225422d10q.htm,1620590136,15:55:36,20210509
38,2011-07-02,CERN,USD,2011-08-01 00:00:00,2011-08-01 16:24:30,Q2,524200000.0,98500000.0,425700000.0,0.8120946203739031,49900000.0,248000000.0,0.0,438451000.0,317800000.0,416300000.0,2900000.0,52600000.0,160600000.0,0.3063716138878291,108000000.0,0.20602823349866464,0.0,110900000.0,0.2115604731018695,38800000.0,72000000.0,0.1373521556657764,0.20737,0.20737,347200000,347200000,https://www.sec.gov/Archives/edgar/data/804753/000095012311071072/0000950123-11-071072-index.html,https://www.sec.gov/Archives/edgar/data/804753/000095012311071072/c65170e10vq.htm,1620590136,15:55:36,20210509
39,2011-04-02,CERN,USD,2011-04-29 00:00:00,2011-04-29 16:18:56,Q1,491700000.0,90700000.0,401000000.0,0.8155379296318893,52100000.0,236100000.0,0.0,35000.0,307300000.0,398000000.0,2000000.0,50100000.0,143800000.0,0.29245474883058775,93700000.0,0.19056335163717714,0.0,95700000.0,0.19463087248322147,31200000.0,64600000.0,0.13138092332723206,0.18708,0.18708,345300000,345300000,https://www.sec.gov/Archives/edgar/data/804753/000095012311042049/0000950123-11-042049-index.html,https://www.sec.gov/Archives/edgar/data/804753/000095012311042049/c64012e10vq.htm,1620590136,15:55:36,20210509
40,2011-01-01,CERN,USD,2011-02-16,2011-02-16 17:16:58,Q4,500200000.0,94900000.0,405300000.0,0.8102758896441423,51800000.0,231100000.0,0.0,6000.0,302000000.0,396900000.0,1100000.0,52400000.00000001,155700000.0,0.3112754898040784,103300000.0,0.20651739304278288,0.0,104500000.0,0.20891643342662936,33900000.0,70600000.0,0.14114354258296682,0.20559,0.20559,343400000,343400000,https://www.sec.gov/Archives/edgar/data/804753/000095012311014774/c62126e10vk.htm,https://www.sec.gov/Archives/edgar/data/804753/000095012311014774/c62126e10vk.htm,1620590136,15:55:36,20210509
41,2010-10-02,CERN,USD,2010-10-29 00:00:00,2010-10-29 16:01:46,Q3,462700000.0,79100000.0,383500000.0,0.8288307758807002,49500000.0,222300000.0,0.0,5000.0,289600000.0,368700000.0,100000.0,49400000.00000001,143400000.0,0.30992003457964123,94000000.0,0.20315539226280527,0.0,94100000.0,0.20337151502053166,33200000.0,60900000.0,0.13161875945537066,0.17838,0.17838,341400000,341400000,https://www.sec.gov/Archives/edgar/data/804753/000095012310098142/0000950123-10-098142-index.html,https://www.sec.gov/Archives/edgar/data/804753/000095012310098142/c60360e10vq.htm,1620590136,15:55:36,20210509
42,2010-07-03,CERN,USD,2010-07-30 00:00:00,2010-07-30 16:39:52,Q2,456000000.0,78200000.0,377800000.0,0.8285087719298245,51600000.0,223500000.0,0.0,-495000.0,291400000.00000006,369600000.00000006,400000.0,46700000.0,133100000.0,0.2918859649122807,86400000.0,0.18947368421052632,-500000.0,86300000.0,0.1892543859649123,30800000.0,55500000.0,0.12171052631578948,0.16261,0.16261,341300000,341300000,https://www.sec.gov/Archives/edgar/data/804753/000095012310070540/0000950123-10-070540-index.html,https://www.sec.gov/Archives/edgar/data/804753/000095012310070540/c58968e10vq.htm,1620590136,15:55:36,20210509
43,2010-04-03,CERN,USD,2010-04-30 00:00:00,2010-04-30 16:53:21,Q1,431300000.0,68100000.0,363300000.0,0.8423371203338743,50900000.0,220800000.0,0.0,-76000.0,287600000.0,355700000.0,-1783000.0,44800000.0,120500000.0,0.2793878970554139,75700000.0,0.1755158822165546,-100000.0,77400000.0,0.17945745420820775,27100000.0,50300000.0,0.11662415951773708,0.14777,0.14777,340400000,340400000,https://www.sec.gov/Archives/edgar/data/804753/000095012310041993/0000950123-10-041993-index.html,https://www.sec.gov/Archives/edgar/data/804753/000095012310041993/c57785e10vq.htm,1620590136,15:55:36,20210509
44,2010-01-02,CERN,USD,2010-02-22 00:00:00,2010-02-22 17:16:58,Q4,466300000.0,79300000.0,387000000.0,0.8299378082779326,74500000.0,219400000.0,0.0,-47000.0,293900000.0,373200000.0,-595000.0,52000000.0,145200000.0,0.31138751876474374,93200000.0,0.19987132747158481,0.0,93700000.0,0.20094359854171134,33200000.0,60500000.0,0.1297447994853099,0.17831,0.17831,339300000,339300000,https://www.sec.gov/Archives/edgar/data/804753/000095012310015243/0000950123-10-015243-index.html,https://www.sec.gov/Archives/edgar/data/804753/000095012310015243/c56132e10vk.htm,1620590136,15:55:36,20210509
45,2009-10-03,CERN,USD,2009-11-04 00:00:00,2009-11-04 16:11:25,Q3,409400000.0,69500000.0,339900000.0,0.8302393746946751,66800000.0,202500000.0,0.0,-3000.0,269200000.0,338700000.0,-180000.0,48500000.0,119200000.0,0.29115779189057156,70700000.0,0.17269174401563264,0.0,70900000.0,0.17318026380068394,22500000.0,48400000.0,0.11822178798241328,0.14375,0.14375,336700000,336700000,https://www.sec.gov/Archives/edgar/data/804753/000095012309057585/0000950123-09-057585-index.html,https://www.sec.gov/Archives/edgar/data/804753/000095012309057585/c54426e10vq.htm,1620590136,15:55:36,20210509
46,2009-07-04,CERN,USD,2009-08-05 00:00:00,2009-08-05 08:41:40,Q2,403800000.0,66900000.0,336900000.0,0.8343239227340268,65100000.0,205700000.0,0.0,213000.0,270799999.99999994,337699999.99999994,146000.0,46399999.99999999,112600000.0,0.27885091629519565,66200000.0,0.16394254581475978,200000.0,66200000.0,0.16394254581475978,22500000.0,43700000.0,0.10822189202575533,0.13068,0.13068,334400000,334400000,https://www.sec.gov/Archives/edgar/data/804753/000095012309029993/0000950123-09-029993-index.html,https://www.sec.gov/Archives/edgar/data/804753/000095012309029993/c52753e10vq.htm,1620590136,15:55:36,20210509
47,2009-04-04,CERN,USD,2009-05-08 00:00:00,2009-05-08 16:14:19,Q1,392300000.0,65500000.0,326800000.0,0.8330359418812133,64700000.0,200100000.0,0.0,204000.0,264800000.0,330300000.0,321000.0,42700000.0,104700000.0,0.26688758603109863,62000000.0,0.15804231455518736,200000.0,61900000.0,0.15778740759622736,21000000.0,40800000.0,0.10400203925567168,0.12311,0.12311,331400000,331400000,https://www.sec.gov/Archives/edgar/data/804753/000095013709003776/0000950137-09-003776-index.html,https://www.sec.gov/Archives/edgar/data/804753/000095013709003776/c51140e10vq.htm,1620590136,15:55:36,20210509
48,2009-01-03,CERN,USD,2009-03-02 00:00:00,2009-03-02 16:29:59,Q4,465700000.0,87600000.0,378100000.0,0.8118960704316084,69400000.0,207300000.0,0.0,-118000.0,276700000.00000006,364300000.00000006,-1137000.0,46800000.0,148200000.0,0.3182306205711832,101400000.0,0.21773674039080954,-100000.0,102500000.0,0.22009877603607472,30900000.0,71500000.0,0.15353231694223748,0.21549,0.21549,331800000,331800000,https://www.sec.gov/Archives/edgar/data/804753/000095013709001436/0000950137-09-001436-index.html,https://www.sec.gov/Archives/edgar/data/804753/000095013709001436/c49133e10vk.htm,1620590136,15:55:36,20210509
49,2008-09-27,CERN,USD,2008-11-05 00:00:00,2008-11-05 16:41:12,Q3,422700000.0,72300000.0,350400000.0,0.8289567068843151,68100000.0,214600000.0,0.0,-221000.0,282700000.0,355000000.0,-1919000.0,43300000.0,111100000.0,0.2628341613437426,67800000.0,0.1603974449964514,-200000.0,68000000.0,0.16087059380175064,22900000.0,45000000.0,0.10645848119233499,0.13445,0.13445,334700000,334700000,https://www.sec.gov/Archives/edgar/data/804753/000095013708013448/0000950137-08-013448-index.html,https://www.sec.gov/Archives/edgar/data/804753/000095013708013448/c47452e10vq.htm,1620590136,15:55:36,20210509
50,2008-06-28,CERN,USD,2008-08-07 00:00:00,2008-08-07 16:29:01,Q2,402800000.0,71800000.0,331000000.0,0.8217477656405164,65900000.0,211900000.0,0.0,42000.0,277800000.0,349600000.0,500000.0,41800000.00000001,95000000.0,0.2358490566037736,53200000.0,0.1320754716981132,0.0,53700000.0,0.1333167825223436,18400000.0,35300000.0,0.08763654419066534,0.10559,0.10559,334300000,334300000,https://www.sec.gov/Archives/edgar/data/804753/000095013708010388/0000950137-08-010388-index.html,https://www.sec.gov/Archives/edgar/data/804753/000095013708010388/c34421e10vq.htm,1620590136,15:55:36,20210509
51,2008-03-29,CERN,USD,2008-05-08 00:00:00,2008-05-08 16:13:58,Q1,384800000.0,64400000.0,320400000.0,0.8326403326403327,69200000.0,194800000.0,0.0,-213000.0,263900000.0,328300000.0,1000000.0,38600000.0,95100000.0,0.24714137214137213,56500000.0,0.14682952182952183,-200000.0,57300000.0,0.1489085239085239,20500000.0,36800000.0,0.09563409563409564,0.11015,0.11015,334100000,334100000,https://www.sec.gov/Archives/edgar/data/804753/000095013708007057/0000950137-08-007057-index.html,https://www.sec.gov/Archives/edgar/data/804753/000095013708007057/c26490e10vq.htm,1620590136,15:55:36,20210509
52,2007-12-29,CERN,USD,2008-02-27,2008-02-27 15:55:39,Q4,394500000.0,68900000.0,325600000.0,0.8253485424588086,72200000.0,194800000.0,0.0,-245000.0,267000000.0,335900000.0,-915000.0,41900000.00000001,100500000.0,0.25475285171102663,58600000.0,0.1485424588086185,-200000.0,59200000.0,0.15006337135614703,17900000.0,41300000.0,0.1046894803548796,0.12343,0.12343,334600000,334600000,https://www.sec.gov/Archives/edgar/data/804753/000095013708002851/c24264e10vk.htm,https://www.sec.gov/Archives/edgar/data/804753/000095013708002851/c24264e10vk.htm,1620590136,15:55:36,20210509
53,2007-09-29,CERN,USD,2007-11-08 00:00:00,2007-11-08 16:34:48,Q3,372900000.0,57800000.0,315100000.0,0.8449986591579512,68000000.0,192900000.0,0.0,-403000.0,261000000.0,318800000.0,190000.0,38900000.00000001,93100000.0,0.24966478948779833,54200000.0,0.14534727809064094,-400000.0,53600000.0,0.14373826763207295,22300000.0,31200000.0,0.083668543845535,0.09355,0.09355,333500000,333500000,https://www.sec.gov/Archives/edgar/data/804753/000095013707016829/0000950137-07-016829-index.html,https://www.sec.gov/Archives/edgar/data/804753/000095013707016829/c21307e10vq.htm,1620590136,15:55:36,20210509
54,2007-06-30,CERN,USD,2007-08-09 00:00:00,2007-08-09 16:18:05,Q2,386588000.0,80962000.0,305626000.0,0.790572909660931,62873000.0,193731000.0,0.0,0.0,256604000.0,337566000.0,0.0,37304000.0,86326000.0,0.2233023270251534,49022000.0,0.12680683311432325,-415000.0,49031000.0,0.12683011371278985,17916000.0,31115000.0,0.0804862023653088,0.0975,0.0925,316892000,332368000,https://www.sec.gov/Archives/edgar/data/804753/000095013707011805/0000950137-07-011805-index.html,https://www.sec.gov/Archives/edgar/data/804753/000095013707011805/c17598e10vq.htm,1620590136,15:55:36,20210509
55,2007-03-31,CERN,USD,2007-05-10 00:00:00,2007-05-10 16:05:39,Q1,365852000.0,72463000.0,293389000.0,0.8019335687655117,65823000.0,183613000.0,0.0,0.0,249436000.0,321899000.0,0.0,34671000.0,78624000.0,0.21490657424313656,43953000.0,0.12013874462897565,-322000.0,43751000.0,0.11958660879262653,16171000.0,27580000.0,0.07538567508172704,0.0875,0.0825,314844000,330592000,https://www.sec.gov/Archives/edgar/data/804753/000095013707007233/0000950137-07-007233-index.html,https://www.sec.gov/Archives/edgar/data/804753/000095013707007233/c15087e10vq.htm,1620590136,15:55:36,20210509
56,2006-12-30,CERN,USD,2007-02-28,2007-02-28 16:29:46,Q4,380800000.0,89000000.0,291800000.0,0.7662815126050421,64900000.0,176500000.0,0.0,535000.0,241399999.99999997,330400000.0,-487000.0,36200000.0,86600000.0,0.22741596638655462,50400000.0,0.1323529411764706,0.0,50900000.0,0.13366596638655462,11800000.0,39100000.0,0.10267857142857142,0.11884,0.11884,329000000,329000000,https://www.sec.gov/Archives/edgar/data/804753/000095013707002997/c12737e10vk.htm,https://www.sec.gov/Archives/edgar/data/804753/000095013707002997/c12737e10vk.htm,1620590136,15:55:36,20210509
57,2006-09-30,CERN,USD,2006-11-09,2006-11-09 16:49:29,Q3,345452000.0,69803000.0,275649000.0,0.7979371953267024,62160000.0,169612000.0,0.0,0.0,231772000.0,301575000.0,0.0,29697000.0,73574000.0,0.21297893773954124,43877000.0,0.12701330430855806,-33000.0,43831000.0,0.12688014543265055,17103000.0,26728000.0,0.07737109641860519,0.085,0.0825,311376000,327184000,https://www.sec.gov/Archives/edgar/data/804753/000095013706012180/c09894e10vq.htm,https://www.sec.gov/Archives/edgar/data/804753/000095013706012180/c09894e10vq.htm,1620590136,15:55:36,20210509
58,2006-07-01,CERN,USD,2006-08-10,2006-08-10 17:20:22,Q2,330600000.0,64200000.0,266400000.0,0.8058076225045372,60900000.0,165600000.0,0.0,-545000.0,226500000.0,290700000.0,478000.0,29500000.0,69400000.0,0.20992135511191773,39900000.0,0.1206896551724138,-100000.0,39400000.0,0.1191772534785239,15500000.0,23900000.0,0.07229280096793708,0.07338,0.07338,325700000,325700000,https://www.sec.gov/Archives/edgar/data/804753/000095013706009002/c07701e10vq.htm,https://www.sec.gov/Archives/edgar/data/804753/000095013706009002/c07701e10vq.htm,1620590136,15:55:36,20210509
59,2006-04-01,CERN,USD,2006-05-11,2006-05-11 17:15:04,Q1,321200000.0,68000000.0,253200000.0,0.788293897882939,59000000.0,162200000.0,0.0,1432000.0,221200000.0,289200000.0,693000.0,29900000.0,61900000.0,0.1927148194271482,32000000.0,0.099626400996264,2100000.0,33400000.0,0.10398505603985056,13300000.0,20100000.0,0.06257783312577833,0.06173,0.06173,325600000,325600000,https://www.sec.gov/Archives/edgar/data/804753/000095013706003137/c03479e10vk.htm,https://www.sec.gov/Archives/edgar/data/804753/000095013706003137/c03479e10vk.htm,1620590136,15:55:36,20210509
60,2005-12-31,CERN,USD,2006-03-16,2006-03-16 13:55:50,Q4,325814000.0,74372000.0,251442000.0,0.7717347934711215,59456000.0,145608000.0,0.0,0.0,205064000.0,279436000.0,0.0,17738000.0,64116000.0,0.19678712394188094,46378000.0,0.142345018937185,279000.0,45265000.0,0.13892895946767173,17893000.0,27372000.0,0.08401112291061771,0.08575187969924812,0.08575187969924812,319200000,319200000,https://www.sec.gov/Archives/edgar/data/804753/000095013706003137/c03479e10vk.htm,https://www.sec.gov/Archives/edgar/data/804753/000095013706003137/c03479e10vk.htm,1620590136,15:55:36,20210509
61,2005-10-01,CERN,USD,2005-11-10,2005-11-10 16:03:22,Q3,294600000.0,65300000.0,229300000.0,0.7783435166327224,54000000.0,138200000.0,0.0,-1048000.0,192099999.99999997,257399999.99999997,1358000.0,42199999.99999999,79400000.0,0.2695179904955872,37200000.0,0.12627291242362526,300000.0,36100000.0,0.12253903598099117,9600000.0,26600000.0,0.09029192124915139,0.08333,0.08333,319200000,319200000,https://www.sec.gov/Archives/edgar/data/804753/000095013705013662/c99961e10vq.htm,https://www.sec.gov/Archives/edgar/data/804753/000095013705013662/c99961e10vq.htm,1620590136,15:55:36,20210509
62,2005-07-02,CERN,USD,2005-08-11,2005-08-11 15:53:41,Q2,277800000.0,59600000.0,218200000.0,0.7854571634269258,48700000.0,135300000.0,0.0,-1319000.0,184000000.0,243600000.0,1366000.0,27400000.000000004,61600000.0,0.22174226061915048,34200000.0,0.12311015118790497,0.0,32900000.0,0.11843052555795536,13100000.0,19800000.0,0.07127429805615551,0.06348,0.06348,311900000,311900000,https://www.sec.gov/Archives/edgar/data/804753/000095013705010087/c97665e10vq.htm,https://www.sec.gov/Archives/edgar/data/804753/000095013705010087/c97665e10vq.htm,1620590136,15:55:36,20210509
63,2005-04-02,CERN,USD,2005-05-12,2005-05-12 14:54:58,Q1,262500000.0,55400000.0,207100000.0,0.788952380952381,49300000.0,128800000.0,0.0,-1712000.0,184500000.0,239900000.0,1742000.0,26700000.0,49400000.0,0.18819047619047619,22700000.0,0.08647619047619047,0.0,20900000.0,0.07961904761904762,8400000.0,12500000.0,0.047619047619047616,0.0408,0.0408,306400000,306400000,https://www.sec.gov/Archives/edgar/data/804753/000095013705003217/c93199e10vk.htm,https://www.sec.gov/Archives/edgar/data/804753/000095013705003217/c93199e10vk.htm,1620590136,15:55:36,20210509
64,2005-01-01,CERN,USD,2005-03-17,2005-03-17 15:48:16,Q4,248200000.0,54100000.0,194100000.0,0.782030620467365,43400000.0,114000000.0,0.0,-3544000.0,157400000.0,211500000.0,660000.0,24899999.99999999,61599999.999999985,0.24818694601128116,36700000.0,0.14786462530217567,-300000.0,35700000.0,0.14383561643835616,14300000.0,21400000.0,0.0862207896857373,0.0703,0.0703,304400000,304400000,https://www.sec.gov/Archives/edgar/data/804753/000095013705003217/c93199e10vk.htm,https://www.sec.gov/Archives/edgar/data/804753/000095013705003217/c93199e10vk.htm,1620590136,15:55:36,20210509
65,2004-10-02,CERN,USD,2004-11-10,2004-11-10 16:27:51,Q3,231100000.0,45000000.0,186100000.0,0.8052790999567286,42800000.0,116900000.0,0.0,0.0,159700000.0,204700000.0,1585000.0,22900000.000000007,49300000.00000001,0.21332756382518395,26400000.0,0.11423626135871917,100000.0,24800000.0,0.10731285157940286,10000000.0,14800000.0,0.0640415404586759,0.04914,0.04914,301200000,301200000,https://www.sec.gov/Archives/edgar/data/804753/000095013704009747/c89623e10vq.htm,https://www.sec.gov/Archives/edgar/data/804753/000095013704009747/c89623e10vq.htm,1620590136,15:55:36,20210509
66,2004-07-03,CERN,USD,2004-08-12,2004-08-12 14:51:04,Q2,228400000.0,50600000.0,177800000.0,0.7784588441330998,42800000.0,109200000.0,0.0,0.0,151900000.0,202500000.0,1792000.0,21700000.0,47600000.0,0.2084063047285464,25900000.0,0.11339754816112084,-200000.0,23900000.0,0.10464098073555167,9600000.0,14300000.0,0.06260945709281962,0.04765,0.04765,300100000,300100000,https://www.sec.gov/Archives/edgar/data/804753/000095013704006665/c87538e10vq.htm,https://www.sec.gov/Archives/edgar/data/804753/000095013704006665/c87538e10vq.htm,1620590136,15:55:36,20210509
67,2004-04-03,CERN,USD,2004-05-13,2004-05-13 17:13:31,Q1,218700000.0,46700000.0,172100000.0,0.7869227251943302,42600000.0,107000000.0,0.0,0.0,149500000.0,196200000.0,2115000.0,21300000.0,43800000.0,0.20027434842249658,22500000.0,0.102880658436214,3000000.0,23400000.0,0.10699588477366255,9300000.0,14100000.0,0.0644718792866941,0.04735,0.04735,297800000,297800000,https://www.sec.gov/Archives/edgar/data/804753/000095013704001988/c83827e10vk.htm,https://www.sec.gov/Archives/edgar/data/804753/000095013704001988/c83827e10vk.htm,1620590136,15:55:36,20210509
68,2004-01-03,CERN,USD,2004-03-18,2004-03-18 12:35:34,Q4,227400000.0,47500000.0,179900000.0,0.7911169744942832,41100000.0,110100000.0,0.0,-6875000.0,151100000.0,198600000.0,1865000.0,19099999.999999993,47899999.99999999,0.21064204045734386,28800000.0,0.1266490765171504,0.0,26900000.0,0.11829375549692173,10700000.0,16200000.0,0.0712401055408971,0.05482,0.05482,295500000,295500000,https://www.sec.gov/Archives/edgar/data/804753/000095013704001988/c83827e10vk.htm,https://www.sec.gov/Archives/edgar/data/804753/000095013704001988/c83827e10vk.htm,1620590136,15:55:36,20210509
69,2003-09-27,CERN,USD,2003-11-05,2003-11-05 10:40:18,Q3,206300000.0,45400000.0,160900000.0,0.7799321376635967,39300000.0,99900000.0,0.0,0.0,139200000.0,184600000.0,1703000.0,17200000.000000004,38900000.0,0.1885603490063015,21700000.0,0.10518662142510907,0.0,20000000.0,0.09694619486185167,8000000.0,12000000.0,0.058167716917111006,0.04125,0.04125,290900000,290900000,https://www.sec.gov/Archives/edgar/data/804753/000095013403014430/c80513e10vq.htm,https://www.sec.gov/Archives/edgar/data/804753/000095013403014430/c80513e10vq.htm,1620590136,15:55:36,20210509
70,2003-06-28,CERN,USD,2003-08-01,2003-08-01 17:22:08,Q2,207700000.0,53100000.0,154600000.0,0.7443428021184401,38500000.0,99800000.0,0.0,0.0,138200000.00000003,191300000.00000003,1603000.0,16600000.0,32900000.0,0.15840154068367837,16300000.0,0.0784785748675975,100000.0,14900000.0,0.07173808377467501,5900000.0,8900000.0,0.04285026480500722,0.03114,0.03114,285800000,285800000,https://www.sec.gov/Archives/edgar/data/804753/000095013403010859/c78682e10vq.htm,https://www.sec.gov/Archives/edgar/data/804753/000095013403010859/c78682e10vq.htm,1620590136,15:55:36,20210509
71,2003-03-29,CERN,USD,2003-05-05,2003-05-05 17:24:41,Q1,198200000.0,48300000.0,149900000.0,0.7563067608476287,37500000.0,101200000.0,0.0,0.0,138600000.00000003,186900000.00000003,1846000.0,16400000.0,27600000.0,0.13925327951564076,11200000.0,0.056508577194752774,0.0,9400000.0,0.04742684157416751,3800000.0,5600000.0,0.028254288597376387,0.01907,0.01907,293700000,293700000,https://www.sec.gov/Archives/edgar/data/804753/000095013403003674/c75354e10vk.htm,https://www.sec.gov/Archives/edgar/data/804753/000095013403003674/c75354e10vk.htm,1620590136,15:55:36,20210509
72,2002-12-28,CERN,USD,2003-03-12,2003-03-11 18:04:08,Q4,215000000.0,140700000.0,74300000.0,0.3455813953488372,34500000.0,12400000.0,0.0,-10259000.0,56900000.00000001,197600000.0,1414000.0,15799999.999999996,33199999.999999996,0.15441860465116278,17400000.0,0.08093023255813954,0.0,16900000.0,0.0786046511627907,7000000.0,9900000.0,0.046046511627906975,0.03381,0.03381,292800000,292800000,https://www.sec.gov/Archives/edgar/data/804753/000095013403003674/c75354e10vk.htm,https://www.sec.gov/Archives/edgar/data/804753/000095013403003674/c75354e10vk.htm,1620590136,15:55:36,20210509
73,2002-09-28,CERN,USD,2002-11-06,2002-11-06 15:52:39,Q3,197000000.0,43800000.0,153200000.0,0.7776649746192893,33900000.0,95400000.0,0.0,64000.0,129300000.0,173100000.0,1245000.0,14300000.0,38200000.0,0.19390862944162437,23900000.0,0.12131979695431472,0.0,22700000.0,0.11522842639593908,8900000.0,13800000.0,0.0700507614213198,0.04673,0.04673,295300000,295300000,https://www.sec.gov/Archives/edgar/data/804753/000095013402013498/c72829e10vq.htm,https://www.sec.gov/Archives/edgar/data/804753/000095013402013498/c72829e10vq.htm,1620590136,15:55:36,20210509
74,2002-06-29,CERN,USD,2002-08-13 00:00:00,2002-08-13 17:28:54,Q2,186800000.0,45200000.0,141600000.0,0.7580299785867237,31600000.0,89100000.0,0.0,0.0,120800000.0,166000000.0,2900000.0,13799999.999999998,34700000.0,0.18576017130620984,20900000.0,0.11188436830835118,0.0,23800000.0,0.12740899357601712,9100000.0,14700000.0,0.07869379014989293,0.04903,0.04903,299800000,299800000,https://www.sec.gov/Archives/edgar/data/804753/000095013402009781/0000950134-02-009781-index.html,https://www.sec.gov/Archives/edgar/data/804753/000095013402009781/c71236e10vq.htm,1620590136,15:55:36,20210509
75,2002-03-30,CERN,USD,2002-03-30,2002-03-30,Q1,181400000.0,46600000.0,134800000.0,0.743109151047409,29700000.0,86500000.0,0.0,0.0,116100000.0,162700000.0,-1500000.0,13400000.0,32100000.0,0.17695700110253584,18700000.0,0.10308710033076075,0.0,17200000.0,0.09481808158765159,6800000.0,9600000.0,0.05292171995589857,0.03225,0.03225,297700000,297700000,,,1620590136,15:55:36,20210509
76,2001-12-29,CERN,USD,2001-12-29,2001-12-29,Q4,151800000.0,31700000.0,120100000.0,0.7911725955204216,26300000.0,74100000.0,0.0,0.0,100399999.99999999,132099999.99999999,-1500000.0,10799999.999999996,30499999.999999996,0.2009222661396574,19700000.0,0.1297760210803689,0.0,18300000.0,0.12055335968379446,7200000.0,11000000.0,0.07246376811594203,0.03706,0.03706,296800000,296800000,,,1620590136,15:55:36,20210509
77,2001-09-29,CERN,USD,2001-11-13 00:00:00,2001-11-13 00:00:00,Q3,139900000.0,28400000.0,111500000.0,0.7969978556111508,25500000.0,69200000.0,0.0,0.0,94600000.0,123000000.0,-1300000.0,12899999.999999998,29700000.0,0.21229449606862044,16800000.0,0.12008577555396711,0.0,15500000.0,0.11079342387419586,6200000.0,9200000.0,0.06576125804145819,0.03125,0.03125,294400000,294400000,https://www.sec.gov/Archives/edgar/data/804753/000095012401503911/0000950124-01-503911-index.html,https://www.sec.gov/Archives/edgar/data/804753/000095012401503911/c65980e10-q.htm,1620590136,15:55:36,20210509
78,2001-06-30,CERN,USD,2001-08-14 00:00:00,2001-08-14 00:00:00,Q2,129986000.0,83049000.0,46937000.0,0.3610927330635607,24366000.0,8982000.0,0.0,0.0,33348000.0,116397000.0,0.0,11857000.0,25446000.0,0.19575954333543613,13589000.0,0.10454202760297263,-120036000.0,-107470000.0,-0.8267813456833812,-38487000.0,-68983000.0,-0.5306956133737479,-0.2475,-0.2475,278848000,278848000,https://www.sec.gov/Archives/edgar/data/804753/000095012401502855/0000950124-01-502855-index.html,https://www.sec.gov/Archives/edgar/data/804753/000095012401502855/c64511e10-q.htm,1620590136,15:55:36,20210509
79,2001-03-31,CERN,USD,2001-05-15 00:00:00,2001-05-15 00:00:00,Q1,120996000.0,75893000.0,45103000.0,0.37276438890541835,24005000.0,9673000.0,0.0,0.0,33678000.0,109571000.0,0.0,11723000.0,23148000.0,0.19131210949122285,11425000.0,0.09442460907798605,-385000.0,10428000.0,0.08618466726172766,4100000.0,6328000.0,0.05229924956196899,0.0225,0.02125,278360000,294120000,https://www.sec.gov/Archives/edgar/data/804753/000095012401501177/0000950124-01-501177-index.html,https://www.sec.gov/Archives/edgar/data/804753/000095012401501177/c62547e10-q.htm,1620590136,15:55:36,20210509
80,2000-12-30,CERN,USD,2000-12-30,2000-12-30,Q4,119600000.0,28400000.0,84400000.0,0.705685618729097,21800000.0,55800000.0,0.0,0.0,79300000.00000001,107700000.00000001,-39400000.0,10500000.0,22400000.0,0.18729096989966554,11900000.0,0.09949832775919733,0.0,-27500000.0,-0.229933110367893,-9600000.0,-17900000.0,-0.1496655518394649,-0.06448,-0.06448,277600000,277600000,,,1620590136,15:55:36,20210509
81,2000-09-30,CERN,USD,2000-11-13 00:00:00,2000-11-13 00:00:00,Q3,104325000.0,57135000.0,47190000.0,0.4523364485981308,19064000.0,10512000.0,0.0,0.0,39319000.0,96454000.0,0.0,9743000.0,17614000.0,0.16883776659477595,7871000.0,0.07544692068056554,188654000.0,195588000.0,1.8747951114306254,72252000.0,123336000.0,1.1822286125089863,0.45125,0.43125,273504000,286056000,https://www.sec.gov/Archives/edgar/data/804753/000080475300000132/0000804753-00-000132-index.html,https://www.sec.gov/Archives/edgar/data/804753/000080475300000132/0000804753-00-000132-0001.txt,1620590136,15:55:36,20210509
82,2000-07-01,CERN,USD,2000-08-15 00:00:00,2000-08-15 00:00:00,Q2,93500000.0,19500000.0,67600000.0,0.7229946524064171,18100000.0,48400000.0,0.0,0.0,73100000.0,92600000.0,-800000.0,9000000.0,9900000.0,0.10588235294117647,900000.0,0.009625668449197862,0.0,0.0,0.0,2700000.0,-2600000.0,-0.027807486631016044,-0.00961,-0.00961,270600000,270600000,https://www.sec.gov/Archives/edgar/data/804753/000080475300000106/0000804753-00-000106-index.html,https://www.sec.gov/Archives/edgar/data/804753/000080475300000106/0000804753-00-000106-0001.txt,1620590136,15:55:36,20210509
83,2000-04-01,CERN,USD,2000-05-15 00:00:00,2000-05-15 00:00:00,Q1,87100000.0,18400000.0,62200000.0,0.7141216991963261,19500000.0,44300000.0,0.0,0.0,63800000.00000001,82200000.0,-900000.0,8800000.0,13700000.0,0.15729047072330654,4900000.0,0.05625717566016074,0.0,4000000.0,0.045924225028702644,1600000.0,2400000.0,0.027554535017221583,0.00865,0.00865,277600000,277600000,https://www.sec.gov/Archives/edgar/data/804753/000080475300000062/0000804753-00-000062-index.html,https://www.sec.gov/Archives/edgar/data/804753/0000804753-00-000062.txt,1620590136,15:55:36,20210509
84,2000-01-01,CERN,USD,2000-01-01,2000-01-01,Q4,89800000.0,31600000.0,51100000.0,0.5690423162583519,18400000.0,44400000.0,0.0,0.0,62900000.0,94500000.0,-1100000.0,8200000.0,3500000.0,0.03897550111358575,-4700000.0,-0.052338530066815145,0.0,-5800000.0,-0.0645879732739421,-2200000.0,-3600000.0,-0.0400890868596882,-0.01335,-0.01335,269600000,269600000,,,1620590136,15:55:36,20210509
85,1999-10-02,CERN,USD,1999-10-02,1999-10-02,Q3,80900000.0,17900000.0,57700000.0,0.7132262051915945,18200000.0,42700000.0,0.0,0.0,60900000.0,78800000.0,-1000000.0,7600000.0,9800000.0,0.1211372064276885,2200000.0,0.027194066749072928,0.0,1100000.0,0.013597033374536464,500000.0,700000.0,0.00865265760197775,0.00258,0.00258,270900000,270900000,,,1620590136,15:55:36,20210509
86,1999-07-03,CERN,USD,1999-07-03,1999-07-03,Q2,82800000.0,21900000.0,55200000.0,0.6666666666666666,18500000.0,40900000.0,0.0,0.0,59500000.00000001,81400000.00000001,-1000000.0,8000000.0,9400000.0,0.11352657004830918,1400000.0,0.016908212560386472,0.0,400000.0,0.004830917874396135,200000.0,-1100000.0,-0.013285024154589372,-0.00405,-0.00405,271300000,271300000,,,1620590136,15:55:36,20210509
87,1999-04-03,CERN,USD,1999-04-03,1999-04-03,Q1,86800000.0,23600000.0,59600000.0,0.6866359447004609,17500000.0,40800000.0,0.0,0.0,58300000.00000001,81900000.0,-300000.0,7600000.0,12500000.0,0.14400921658986174,4900000.0,0.056451612903225805,0.0,4500000.0,0.05184331797235023,1700000.0,2800000.0,0.03225806451612903,0.01032,0.01032,271400000,271400000,,,1620590136,15:55:36,20210509
88,1999-01-02,CERN,USD,1999-01-02,1999-01-02,Q4,95200000.0,26100000.0,67500000.0,0.7090336134453782,16000000.0,39800000.0,0.0,0.0,55699999.99999999,81800000.0,-200000.0,6899999.999999999,20300000.0,0.21323529411764705,13400000.0,0.1407563025210084,0.0,13300000.0,0.13970588235294118,5100000.0,8200000.0,0.0861344537815126,0.03022,0.03022,271300000,271300000,,,1620590136,15:55:36,20210509
89,1998-10-03,CERN,USD,1998-11-16,1998-11-16,Q3,82800000.0,20200000.0,60200000.0,0.7270531400966184,15600000.0,36700000.0,0.0,0.0,52300000.0,72500000.0,-100000.0,6500000.0,16800000.0,0.2028985507246377,10300000.0,0.12439613526570048,0.0,10200000.0,0.12318840579710146,3800000.0,6300000.0,0.07608695652173914,0.02334,0.02334,269900000,269900000,https://www.sec.gov/Archives/edgar/data/804753/0000804753-98-000028-index.html,https://www.sec.gov/Archives/edgar/data/804753/,1620590136,15:55:36,20210509
90,1998-07-04,CERN,USD,1998-08-10,1998-08-10,Q2,79100000.0,21200000.0,55700000.0,0.7041719342604298,14500000.0,34600000.0,0.0,0.0,49099999.99999999,70300000.0,-100000.0,6100000.0,14900000.0,0.18836915297092288,8800000.0,0.11125158027812895,0.0,8700000.0,0.10998735777496839,3400000.0,5400000.0,0.06826801517067003,0.02005,0.02005,269300000,269300000,https://www.sec.gov/Archives/edgar/data/804753/0000804753-98-000024-index.html,https://www.sec.gov/Archives/edgar/data/804753/,1620590136,15:55:36,20210509
91,1998-04-04,CERN,USD,1998-04-04,1998-04-04,Q1,73700000.0,22100000.0,49300000.0,0.6689280868385346,13600000.0,32000000.0,0.0,0.0,50600000.0,72700000.0,200000.0,5900000.0,6800000.0,0.09226594301221167,900000.0,0.012211668928086838,0.0,1100000.0,0.014925373134328358,400000.0,700000.0,0.009497964721845319,0.00262,0.00262,266800000,266800000,,,1620590136,15:55:36,20210509
92,1998-01-03,CERN,USD,1998-01-03,1998-01-03,Q4,69900000.0,19100000.0,49300000.0,0.7052932761087267,11800000.0,30800000.0,0.0,0.0,42699999.99999999,61799999.99999999,600000.0,4700000.000000001,12800000.0,0.18311874105865522,8100000.0,0.11587982832618025,0.0,8700000.0,0.12446351931330472,3200000.0,5400000.0,0.07725321888412018,0.02034,0.02034,265500000,265500000,,,1620590136,15:55:36,20210509
93,1997-09-27,CERN,USD,1997-11-12 00:00:00,1997-11-12 00:00:00,Q3,60800000.0,15800000.0,43800000.0,0.7203947368421053,12000000.0,26300000.0,0.0,0.0,38300000.0,54100000.0,500000.0,4700000.000000001,11400000.0,0.1875,6700000.0,0.11019736842105263,0.0,7200000.0,0.11842105263157894,2800000.0,4400000.0,0.07236842105263158,0.01594,0.01594,276100000,276100000,https://www.sec.gov/Archives/edgar/data/804753/000080475397000028/0000804753-97-000028-index.html,https://www.sec.gov/Archives/edgar/data/804753/0000804753-97-000028.txt,1620590136,15:55:36,20210509
94,1997-06-28,CERN,USD,1997-08-12 00:00:00,1997-08-12 00:00:00,Q2,63300000.0,21900000.0,39900000.0,0.6303317535545023,10600000.0,25900000.0,0.0,0.0,36500000.0,58400000.0,600000.0,4600000.0,9500000.0,0.1500789889415482,4900000.0,0.07740916271721959,0.0,5500000.0,0.08688783570300158,2200000.0,3300000.0,0.052132701421800945,0.01231,0.01231,268000000,268000000,https://www.sec.gov/Archives/edgar/data/804753/000080475397000026/0000804753-97-000026-index.html,https://www.sec.gov/Archives/edgar/data/804753/0000804753-97-000026.txt,1620590136,15:55:36,20210509
95,1997-03-29,CERN,USD,1997-05-13 00:00:00,1997-05-13 00:00:00,Q1,51100000.0,15100000.0,34700000.0,0.6790606653620352,9600000.0,23800000.0,0.0,0.0,33500000.0,48600000.0,600000.0,4100000.0,6600000.0,0.12915851272015655,2500000.0,0.04892367906066536,0.0,3100000.0,0.060665362035225046,1200000.0,1900000.0,0.03718199608610567,0.00709,0.00709,267800000,267800000,https://www.sec.gov/Archives/edgar/data/804753/000080475397000016/0000804753-97-000016-index.html,https://www.sec.gov/Archives/edgar/data/804753/0000804753-97-000016.txt,1620590136,15:55:36,20210509
96,1996-12-28,CERN,USD,1996-12-28,1996-12-28,Q4,46400000.0,13900000.0,30800000.0,0.6637931034482759,9400000.0,21400000.0,0.0,0.0,30800000.000000004,44700000.00000001,500000.0,3599999.9999999995,5300000.0,0.11422413793103449,1700000.0,0.036637931034482756,0.0,2200000.0,0.04741379310344827,600000.0,1600000.0,0.034482758620689655,0.00595,0.00595,268900000,268900000,,,1620590136,15:55:36,20210509
97,1996-09-28,CERN,USD,1996-11-12 00:00:00,1996-11-12 00:00:00,Q3,43400000.0,13800000.0,27000000.0,0.6221198156682027,9200000.0,20000000.0,0.0,0.0,29200000.0,43000000.0,500000.0,4600000.000000001,5000000.000000001,0.11520737327188942,400000.0,0.009216589861751152,0.0,900000.0,0.020737327188940093,100000.0,800000.0,0.018433179723502304,0.00299,0.00299,267900000,267900000,https://www.sec.gov/Archives/edgar/data/804753/000080475396000035/0000804753-96-000035-index.html,https://www.sec.gov/Archives/edgar/data/804753/0000804753-96-000035.txt,1620590136,15:55:36,20210509
98,1996-06-29,CERN,USD,1996-08-13 00:00:00,1996-08-13 00:00:00,Q2,46700000.0,13900000.0,30100000.0,0.6445396145610278,8700000.0,21900000.0,0.0,0.0,30600000.0,44500000.0,600000.0,3699999.9999999995,5900000.0,0.12633832976445397,2200000.0,0.047109207708779445,0.0,2800000.0,0.059957173447537475,1100000.0,1700000.0,0.03640256959314775,0.00631,0.00631,269500000,269500000,https://www.sec.gov/Archives/edgar/data/804753/000080475396000033/0000804753-96-000033-index.html,https://www.sec.gov/Archives/edgar/data/804753/0000804753-96-000033.txt,1620590136,15:55:36,20210509
99,1996-03-30,CERN,USD,1996-05-14 00:00:00,1996-05-14 00:00:00,Q1,52500000.0,17300000.0,33500000.0,0.638095238095238,8500000.0,20500000.0,0.0,0.0,28999999.999999996,46299999.99999999,700000.0,3600000.0,9900000.0,0.18857142857142858,6300000.0,0.12,0.0,7000000.0,0.13333333333333333,2700000.0,4200000.0,0.08,0.01558,0.01558,269600000,269600000,https://www.sec.gov/Archives/edgar/data/804753/000080475396000027/0000804753-96-000027-index.html,https://www.sec.gov/Archives/edgar/data/804753/0000804753-96-000027.txt,1620590136,15:55:36,20210509
100,1995-12-31,CERN,USD,1995-12-31,1995-12-31,Q4,53000000.0,24900000.0,28100000.0,0.530188679245283,7700000.0,5100000.0,0.0,0.0,15500000.0,40400000.0,0.0,2700000.0,15300000.0,0.28867924528301886,12600000.0,0.23773584905660378,0.0,13400000.0,0.2528301886792453,5100000.0,8300000.0,0.15660377358490565,0.030786350148367954,0.030786350148367954,269600000,269600000,,,1620590136,15:55:36,20210509
101,1995-09-30,CERN,USD,1995-11-14 00:00:00,1995-11-14 00:00:00,Q3,41700000.0,21000000.0,20700000.0,0.49640287769784175,7400000.0,4400000.0,0.0,0.0,15200000.0,36200000.0,0.0,3400000.0,8900000.0,0.21342925659472423,5500000.0,0.13189448441247004,300000.0,5800000.0,0.13908872901678657,2300000.0,3500000.0,0.08393285371702638,0.006875,0.006875,259912000,259912000,https://www.sec.gov/Archives/edgar/data/804753/000092702595000035/0000927025-95-000035-index.html,https://www.sec.gov/Archives/edgar/data/804753/0000927025-95-000035.txt,1620590136,15:55:36,20210509
102,1995-07-01,CERN,USD,1995-07-25 00:00:00,1995-07-25 00:00:00,Q2,49000000.0,14200000.0,32800000.0,0.6693877551020408,7400000.0,16600000.0,0.0,0.0,24000000.000000004,38200000.00000001,-500000.0,2999999.9999999995,13800000.0,0.2816326530612245,10800000.0,0.22040816326530613,0.0,10300000.0,0.21020408163265306,4100000.0,6200000.0,0.12653061224489795,0.02589,0.02589,239500000,239500000,https://www.sec.gov/Archives/edgar/data/804753/000095013195001938/0000950131-95-001938-index.html,https://www.sec.gov/Archives/edgar/data/804753/0000950131-95-001938.txt,1620590136,15:55:36,20210509
103,1995-04-01,CERN,USD,1995-05-16 00:00:00,1995-05-16 00:00:00,Q1,43200000.0,12100000.0,29600000.0,0.6851851851851852,7600000.0,15200000.0,0.0,0.0,22799999.999999996,34900000.0,-500000.0,3100000.0,11400000.0,0.2638888888888889,8300000.0,0.19212962962962962,0.0,7800000.0,0.18055555555555555,3300000.0,4500000.0,0.10416666666666667,0.01882,0.01882,239100000,239100000,https://www.sec.gov/Archives/edgar/data/804753/000080475395000030/0000804753-95-000030-index.html,https://www.sec.gov/Archives/edgar/data/804753/0000804753-95-000030.txt,1620590136,15:55:36,20210509
104,1994-09-30,CERN,USD,1994-09-30,1994-09-30,Q3,40900000.0,17600000.0,23300000.0,0.5696821515892421,5900000.0,6400000.0,0.0,0.0,14700000.0,32300000.0,0.0,2600000.0,11200000.0,0.27383863080684595,8600000.0,0.21026894865525672,0.0,8400000.0,0.20537897310513448,3300000.0,5100000.0,0.12469437652811736,0.005313,0.005313,223152000,223152000,,,1620590136,15:55:36,20210509
105,1994-06-30,CERN,USD,1994-06-30,1994-06-30,Q1,39800000.0,17300000.0,22500000.0,0.5653266331658291,5400000.0,6200000.0,0.0,0.0,13900000.0,31200000.0,0.0,2200000.0,10800000.0,0.271356783919598,8600000.0,0.21608040201005024,0.0,8300000.0,0.20854271356783918,3400000.0,4900000.0,0.12311557788944724,0.005313,0.005313,221664000,221664000,,,1620590136,15:55:36,20210509
106,1994-03-31,CERN,USD,1994-03-31,1994-03-31,Q1,30500000.0,12800000.0,17700000.0,0.580327868852459,5100000.0,5500000.0,0.0,0.0,13000000.0,25800000.0,0.0,2400000.0,7100000.0,0.23278688524590163,4700000.0,0.1540983606557377,0.0,4700000.0,0.1540983606557377,1700000.0,3000000.0,0.09836065573770492,0.003125,0.003125,218720000,218720000,,,1620590136,15:55:36,20210509
107,1993-09-30,CERN,USD,1993-09-30,1993-09-30,Q3,32300000.0,19700000.0,12600000.0,0.39009287925696595,0.0,4200000.0,0.0,0.0,5700000.0,25400000.0,0.0,1500000.0,8400000.0,0.26006191950464397,6900000.0,0.21362229102167182,0.0,6800000.0,0.21052631578947367,2700000.0,4100000.0,0.12693498452012383,0.004375,0.004375,212656000,212656000,,,1620590136,15:55:36,20210509
108,1993-06-30,CERN,USD,1993-06-30,1993-06-30,Q1,29800000.0,18800000.0,11000000.0,0.3691275167785235,0.0,4000000.0,0.0,0.0,5500000.0,24300000.0,0.0,1500000.0,7000000.0,0.2348993288590604,5500000.0,0.18456375838926176,0.0,5600000.0,0.18791946308724833,2300000.0,3300000.0,0.11073825503355705,0.00375,0.00375,209248000,209248000,,,1620590136,15:55:36,20210509
109,1993-03-31,CERN,USD,1993-03-31,1993-03-31,Q1,24100000.0,15000000.0,9100000.0,0.3775933609958506,0.0,3500000.0,0.0,0.0,4900000.0,19900000.0,0.0,1400000.0,5600000.0,0.23236514522821577,4200000.0,0.17427385892116182,0.0,4400000.0,0.1825726141078838,1800000.0,2600000.0,0.1078838174273859,0.002813,0.002813,206704000,206704000,,,1620590136,15:55:36,20210509
110,1992-09-30,CERN,USD,1992-09-30,1992-09-30,Q3,27800000.0,18100000.0,9700000.0,0.3489208633093525,0.0,3500000.0,0.0,0.0,4800000.0,22900000.0,0.0,1300000.0,6200000.0,0.22302158273381295,4900000.0,0.17625899280575538,0.0,4900000.0,0.17625899280575538,1900000.0,3000000.0,0.1079136690647482,0.001719,0.001719,204512000,204512000,,,1620590136,15:55:36,20210509
111,1992-06-30,CERN,USD,1992-06-30,1992-06-30,Q1,26300000.0,17900000.0,8400000.0,0.3193916349809886,0.0,3300000.0,0.0,0.0,4700000.0,22600000.0,0.0,1400000.0,5100000.0,0.19391634980988592,3700000.0,0.14068441064638784,0.0,3600000.0,0.13688212927756654,1400000.0,2200000.0,0.08365019011406843,0.00125,0.00125,203264000,203264000,,,1620590136,15:55:36,20210509
112,1992-03-31,CERN,USD,1992-03-31,1992-03-31,Q1,20200000.0,13600000.0,6600000.0,0.32673267326732675,0.0,3000000.0,0.0,0.0,4100000.0,17700000.0,0.0,1100000.0,3600000.0,0.1782178217821782,2500000.0,0.12376237623762376,0.0,2400000.0,0.1188118811881188,900000.0,1500000.0,0.07425742574257425,0.000469,0.000469,202992000,202992000,,,1620590136,15:55:36,20210509
113,1991-09-30,CERN,USD,1991-09-30,1991-09-30,Q3,18300000.0,13500000.0,4800000.0,0.26229508196721313,0.0,1900000.0,0.0,0.0,2800000.0,16300000.0,0.0,1000000.0,3000000.0,0.16393442622950818,2000000.0,0.1092896174863388,0.0,1900000.0,0.10382513661202186,700000.0,1200000.0,0.06557377049180328,0.000391,0.000391,201680000,201680000,,,1620590136,15:55:36,20210509
114,1991-06-30,CERN,USD,1991-06-30,1991-06-30,Q1,18100000.0,13700000.0,4400000.0,0.2430939226519337,0.0,1600000.0,0.0,0.0,2500000.0,16200000.0,0.0,900000.0,2800000.0,0.15469613259668508,1900000.0,0.10497237569060773,0.0,1700000.0,0.09392265193370165,700000.0,1000000.0,0.055248618784530384,0.000313,0.000313,201312000,201312000,,,1620590136,15:55:36,20210509
115,1991-03-31,CERN,USD,1991-03-31,1991-03-31,Q1,14900000.0,6700000.0,8200000.0,0.5503355704697986,0.0,6600000.0,0.0,0.0,7400000.0,14100000.0,0.0,800000.0,1600000.0,0.10738255033557047,800000.0,0.053691275167785234,0.0,700000.0,0.04697986577181208,300000.0,400000.0,0.026845637583892617,0.000156,0.000156,201264000,201264000,,,1620590136,15:55:36,20210509
116,1990-09-30,CERN,USD,1990-09-30,1990-09-30,Q3,12900000.0,5100000.0,7800000.0,0.6046511627906976,0.0,5800000.0,0.0,0.0,6500000.0,11600000.0,0.0,700000.0,2000000.0,0.15503875968992248,1300000.0,0.10077519379844961,0.0,1200000.0,0.09302325581395349,400000.0,800000.0,0.06201550387596899,0.000234,0.000234,200928000,200928000,,,1620590136,15:55:36,20210509
117,1990-06-30,CERN,USD,1990-06-30,1990-06-30,Q1,15200000.0,6700000.0,8500000.0,0.5592105263157895,0.0,5800000.0,0.0,0.0,6500000.0,13200000.0,0.0,700000.0,2700000.0,0.17763157894736842,2000000.0,0.13157894736842105,100000.0,2100000.0,0.13815789473684212,800000.0,1300000.0,0.08552631578947369,0.000391,0.000391,200912000,200912000,,,1620590136,15:55:36,20210509
118,1990-03-31,CERN,USD,1990-03-31,1990-03-31,Q1,9100000.0,4000000.0,5100000.0,0.5604395604395604,0.0,5100000.0,0.0,0.0,5700000.0,9700000.0,0.0,600000.0,0.0,0.0,-600000.0,-0.06593406593406594,0.0,-600000.0,-0.06593406593406594,-200000.0,-400000.0,-0.04395604395604396,-0.000156,-0.000156,231984000,231984000,,,1620590136,15:55:36,20210509
119,1989-09-30,CERN,USD,1989-09-30,1989-09-30,Q3,12300000.0,0.0,0.0,0.0,0.0,0.0,0.0,0.0,0.0,0.0,0.0,0.0,12300000.0,1.0,12300000.0,1.0,0.0,0.0,0.0,0.0,0.0,0.0,0.000313,0.000313,240128000,240128000,,,1620590136,15:55:36,20210509
120,1989-06-30,CERN,USD,1989-06-30,1989-06-30,Q1,12600000.0,0.0,0.0,0.0,0.0,0.0,0.0,0.0,0.0,0.0,0.0,0.0,12600000.0,1.0,12600000.0,1.0,0.0,0.0,0.0,0.0,0.0,0.0,0.000234,0.000234,229952000,229952000,,,1620590136,15:55:36,20210509
121,1989-03-31,CERN,USD,1989-03-31,1989-03-31,Q1,13300000.0,0.0,0.0,0.0,0.0,0.0,0.0,0.0,0.0,0.0,0.0,0.0,13300000.0,1.0,13300000.0,1.0,0.0,0.0,0.0,0.0,0.0,0.0,0.000156,0.000156,239296000,239296000,,,1620590136,15:55:36,20210509
122,1988-09-30,CERN,USD,1988-09-30,1988-09-30,Q3,10000000.0,0.0,0.0,0.0,0.0,0.0,0.0,0.0,0.0,0.0,0.0,0.0,10000000.0,1.0,10000000.0,1.0,0.0,0.0,0.0,0.0,0.0,0.0,0.000234,0.000234,230208000,230208000,,,1620590136,15:55:36,20210509
123,1988-06-30,CERN,USD,1988-06-30,1988-06-30,Q1,10000000.0,0.0,0.0,0.0,0.0,0.0,0.0,0.0,0.0,0.0,0.0,0.0,10000000.0,1.0,10000000.0,1.0,0.0,0.0,0.0,0.0,0.0,0.0,0.000313,0.000313,230016000,230016000,,,1620590136,15:55:36,20210509
124,1988-03-31,CERN,USD,1988-03-31,1988-03-31,Q1,11400000.0,0.0,0.0,0.0,0.0,0.0,0.0,0.0,0.0,0.0,0.0,0.0,11400000.0,1.0,11400000.0,1.0,0.0,0.0,0.0,0.0,0.0,0.0,0.000313,0.000313,229120000,229120000,,,1620590136,15:55:36,20210509
125,1987-09-30,CERN,USD,1987-09-30,1987-09-30,Q3,8300000.0,0.0,0.0,0.0,0.0,0.0,0.0,0.0,0.0,0.0,0.0,0.0,8300000.0,1.0,8300000.0,1.0,0.0,0.0,0.0,0.0,0.0,0.0,0.000313,0.000313,238912000,238912000,,,1620590136,15:55:36,20210509
126,1987-06-30,CERN,USD,1987-06-30,1987-06-30,Q1,7100000.0,0.0,0.0,0.0,0.0,0.0,0.0,0.0,0.0,0.0,0.0,0.0,7100000.0,1.0,7100000.0,1.0,0.0,0.0,0.0,0.0,0.0,0.0,0.000234,0.000234,214912000,214912000,,,1620590136,15:55:36,20210509
127,1987-03-31,CERN,USD,1987-03-31,1987-03-31,Q1,5400000.0,0.0,0.0,0.0,0.0,0.0,0.0,0.0,0.0,0.0,0.0,0.0,5400000.0,1.0,5400000.0,1.0,0.0,0.0,0.0,0.0,0.0,0.0,0.000234,0.000234,214912000,214912000,,,1620590136,15:55:36,20210509
128,1986-09-30,CERN,USD,1986-09-30,1986-09-30,Q3,4300000.0,0.0,0.0,0.0,0.0,0.0,0.0,0.0,0.0,0.0,0.0,0.0,4300000.0,1.0,4300000.0,1.0,0.0,0.0,0.0,0.0,0.0,0.0,0.000156,0.000156,220480000,220480000,,,1620590136,15:55:36,20210509
129,1986-06-30,CERN,USD,1986-06-30,1986-06-30,Q1,4300000.0,0.0,0.0,0.0,0.0,0.0,0.0,0.0,0.0,0.0,0.0,0.0,4300000.0,1.0,4300000.0,1.0,0.0,0.0,0.0,0.0,0.0,0.0,0.000156,0.000156,220480000,220480000,,,1620590136,15:55:36,20210509
130,1986-03-31,CERN,USD,1986-03-31,1986-03-31,Q1,4300000.0,0.0,0.0,0.0,0.0,0.0,0.0,0.0,0.0,0.0,0.0,0.0,4300000.0,1.0,4300000.0,1.0,0.0,0.0,0.0,0.0,0.0,0.0,0.000156,0.000156,220480000,220480000,,,1620590136,15:55:36,20210509
