,date,symbol,reportedCurrency,fillingDate,acceptedDate,period,revenue,costOfRevenue,grossProfit,grossProfitRatio,researchAndDevelopmentExpenses,generalAndAdministrativeExpenses,sellingAndMarketingExpenses,otherExpenses,operatingExpenses,costAndExpenses,interestExpense,depreciationAndAmortization,ebitda,ebitdaratio,operatingIncome,operatingIncomeRatio,totalOtherIncomeExpensesNet,incomeBeforeTax,incomeBeforeTaxRatio,incomeTaxExpense,netIncome,netIncomeRatio,eps,epsdiluted,weightedAverageShsOut,weightedAverageShsOutDil,link,finalLink,timestamp,est_time,est_date
0,2021-03-31,XPO,USD,2021-05-04,2021-05-04,Q1,4774000000.0,3984000000.0,790000000.0,0.16547968160871387,0.0,0.0,0.0,26000000.0,588000000.0,4572000000.0,69000000.0,192000000.0,394000000.0,0.0825303728529535,202000000.0,0.0320485965647256,20000000.0,153000000.0,0.0320485965647256,35000000.0,115000000.0,0.024088814411395057,1.08,1.02,106000000.0,112000000.0,https://www.sec.gov/Archives/edgar/data/1166003/000116600321000058/0001166003-21-000058-index.htm,https://www.sec.gov/Archives/edgar/data/1166003/000116600321000058/xpo-20210331.htm,1620600043,18:40:43,20210509
1,2020-12-31,XPO,USD,2021-02-12,2021-02-12 07:01:10,Q4,4665000000.0,1916000000.0,2749000000.0,0.5892818863879957,0.0,2172000000.0,0.0,3606000.0,4181000.0,2265000000.0,-565000000.0,194000000.0,422000000.0,0.09046087888531619,228000000.0,0.04887459807073955,-143000000.0,161000000.0,0.034512325830653806,33000000.0,132000000.0,0.02829581993569132,1.4505494505494505,1.2941176470588236,91000000.0,102000000.0,https://www.sec.gov/Archives/edgar/data/1166003/000116600321000023/0001166003-21-000023-index.htm,https://www.sec.gov/Archives/edgar/data/1166003/000116600321000023/xpo-20201231.htm,1620600043,18:40:43,20210509
2,2020-09-30,XPO,USD,2020-11-06,2020-11-06 16:16:06,Q3,4221000000.0,3499000000.0,722000000.0,0.17104951433309643,0.0,0.0,0.0,20000000.0,499000000.0,3998000000.0,86000000.0,193000000.0,416000000.0,0.09855484482350153,223000000.0,0.05283108268182895,20000000.0,157000000.0,0.03719497749348496,59000000.0,93000000.0,0.02203269367448472,0.93,0.83,91000000.0,102000000.0,https://www.sec.gov/Archives/edgar/data/1166003/000116600320000057/0001166003-20-000057-index.htm,https://www.sec.gov/Archives/edgar/data/1166003/000116600320000057/xpo-20200930.htm,1620600043,18:40:43,20210509
3,2020-06-30,XPO,USD,2020-08-03,2020-08-03 07:01:21,Q2,3502000000.0,3011000000.0,491000000.0,0.14020559680182754,0.0,0.0,0.0,21000000.0,632000000.0,3643000000.0,82000000.0,196000000.0,55000000.0,0.015705311250713876,-141000000.0,-0.04026270702455739,18000000.0,-205000000.0,-0.05853797829811536,-71000000.0,-131000000.0,-0.03740719588806397,-1.45,-1.45,91000000.0,91000000.0,https://www.sec.gov/Archives/edgar/data/1166003/000116600320000047/0001166003-20-000047-index.htm,https://www.sec.gov/Archives/edgar/data/1166003/000116600320000047/xpo-20200630.htm,1620600043,18:40:43,20210509
4,2020-03-31,XPO,USD,2020-05-05 00:00:00,2020-05-05 16:19:27,Q1,3864000000.0,3258000000.0,606000000.0,0.15683229813664595,0.0,0.0,0.0,18000000.0,525000000.0,3783000000.0,72000000.0,183000000.0,264000000.0,0.06832298136645963,81000000.0,0.02096273291925466,26000000.0,35000000.0,0.009057971014492754,10000000.0,23000000.0,0.005952380952380952,0.23,0.2,92000000.0,103000000.0,https://www.sec.gov/Archives/edgar/data/1166003/000116600320000039/0001166003-20-000039-index.html,https://www.sec.gov/Archives/edgar/data/1166003/000116600320000039/xpo2020q110-q.htm,1620600043,18:40:43,20210509
5,2019-12-31,XPO,USD,2020-02-10 00:00:00,2020-02-10 17:26:06,Q4,4136000000.0,3486000000.0,650000000.0,0.15715667311411993,0.0,0.0,0.0,13000000.0,448000000.0,3934000000.0,74000000.0,193000000.0,395000000.0,0.09550290135396518,202000000.0,0.0488394584139265,9000000.0,137000000.0,0.033123791102514503,30000000.0,107000000.0,0.025870406189555127,1.04,0.93,92000000.0,103000000.0,https://www.sec.gov/Archives/edgar/data/1166003/000116600320000028/0001166003-20-000028-index.html,https://www.sec.gov/Archives/edgar/data/1166003/000116600320000028/xpo201910-k.htm,1620600043,18:40:43,20210509
6,2019-09-30,XPO,USD,2019-10-28 00:00:00,2019-10-28 16:28:06,Q3,4154000000.0,3469000000.0,685000000.0,0.16490129995185362,0.0,0.0,0.0,11000000.0,456000000.0,3925000000.0,75000000.0,186000000.0,415000000.0,0.0999037072701011,229000000.0,0.05512758786711603,16000000.0,170000000.0,0.04092441020702937,34000000.0,130000000.0,0.031295137217140105,1.27,1.14,92000000.0,102000000.0,https://www.sec.gov/Archives/edgar/data/1166003/000116600319000049/0001166003-19-000049-index.html,https://www.sec.gov/Archives/edgar/data/1166003/000116600319000049/xpo2019q310-q.htm,1620600043,18:40:43,20210509
7,2019-06-30,XPO,USD,2019-08-01,2019-08-01 17:13:05,Q2,4238000000.0,3525000000.0,713000000.0,0.1682397357243983,0.0,0.0,0.0,13000000.0,455000000.0,3980000000.0,72000000.0,180000000.0,438000000.0,0.10335063709296838,258000000.0,0.06087777253421425,5000000.0,191000000.0,0.045068428504011326,46000000.0,135000000.0,0.031854648419065594,1.32,1.19,92000000.0,102000000.0,https://www.sec.gov/Archives/edgar/data/1166003/000116600319000041/xpo2019q210-q.htm,https://www.sec.gov/Archives/edgar/data/1166003/000116600319000041/xpo2019q210-q.htm,1620600043,18:40:43,20210509
8,2019-03-31,XPO,USD,2019-05-01 00:00:00,2019-05-01 16:47:34,Q1,4120000000.0,3502000000.0,618000000.0,0.15,0.0,0.0,0.0,17000000.0,486000000.0,3988000000.0,71000000.0,180000000.0,312000000.0,0.07572815533980583,132000000.0,0.03203883495145631,10000000.0,71000000.0,0.017233009708737864,19000000.0,47000000.0,0.011407766990291262,0.4,0.37,107000000.0,117000000.0,https://www.sec.gov/Archives/edgar/data/1166003/000116600319000030/0001166003-19-000030-index.html,https://www.sec.gov/Archives/edgar/data/1166003/000116600319000030/xpo2019q110-q.htm,1620600043,18:40:43,20210509
9,2018-12-31,XPO,USD,2019-02-14 00:00:00,2019-02-14 16:25:05,Q4,4388900000.0,3777600000.0,611300000.0,0.1392831916881223,0.0,0.0,0.0,40900000.0,485300000.0,4262900000.0,51700000.0,188800000.0,314800000.0,0.07172640069265647,126000000.0,0.02870878807901752,43300000.0,117600000.0,0.026794868873749687,27000000.0,91400000.0,0.020825263733509534,0.67,0.62,126000000.0,137000000.0,https://www.sec.gov/Archives/edgar/data/1166003/000116600319000021/0001166003-19-000021-index.html,https://www.sec.gov/Archives/edgar/data/1166003/000116600319000021/xpo201810-k.htm,1620600043,18:40:43,20210509
10,2018-09-30,XPO,USD,2018-11-05 00:00:00,2018-11-05 07:59:33,Q3,4335100000.0,3678900000.0,656200000.0,0.15136905723051372,0.0,0.0,0.0,18300000.0,447200000.0,4126100000.0,51000000.0,179900000.0,388900000.0,0.0897095799404858,209000000.0,0.048211113930474496,-1800000.0,156200000.0,0.03603146409540726,41000000.0,109000000.0,0.025143595303453208,0.81,0.74,125200000.0,136600000.0,https://www.sec.gov/Archives/edgar/data/1166003/000116600318000063/0001166003-18-000063-index.html,https://www.sec.gov/Archives/edgar/data/1166003/000116600318000063/xpo2018q310-q.htm,1620600043,18:40:43,20210509
11,2018-06-30,XPO,USD,2018-08-03 00:00:00,2018-08-03 08:16:19,Q2,4363500000.0,3681200000.0,682300000.0,0.156365303082388,0.0,0.0,0.0,30200000.0,454300000.0,4135500000.0,54900000.0,176400000.0,404400000.0,0.09267789618425576,228000000.0,0.052251632863526985,40200000.0,213300000.0,0.04888277758679959,54200000.0,149000000.0,0.03414690042397158,1.14,1.03,120700000.0,134100000.0,https://www.sec.gov/Archives/edgar/data/1166003/000116600318000055/0001166003-18-000055-index.html,https://www.sec.gov/Archives/edgar/data/1166003/000116600318000055/xpo2018q210-q.htm,1620600043,18:40:43,20210509
12,2018-03-31,XPO,USD,2018-05-07 00:00:00,2018-05-07 16:18:16,Q1,4191500000.0,3600300000.0,591200000.0,0.14104735774782298,0.0,0.0,0.0,19600000.0,450200000.0,4050500000.0,59400000.0,170900000.0,311900000.0,0.07441250149111296,141000000.0,0.03363950852916617,-2700000.0,78900000.0,0.01882381009185256,-200000.0,72600000.0,0.017320768221400454,0.56,0.5,120200000.0,133400000.0,https://www.sec.gov/Archives/edgar/data/1166003/000116600318000047/0001166003-18-000047-index.html,https://www.sec.gov/Archives/edgar/data/1166003/000116600318000047/xpo2018q110-q.htm,1620600043,18:40:43,20210509
13,2017-12-31,XPO,USD,2018-02-12 00:00:00,2018-02-12 16:14:32,Q4,4193900000.0,3610900000.0,583000000.0,0.13901142135005604,0.0,0.0,0.0,9400000.0,445200000.0,4056100000.0,61900000.0,169300000.0,307100000.0,0.07322539879348577,137800000.0,0.03285724504637688,-16700000.0,59200000.0,0.01411573952645509,-147900000.0,204500000.0,0.04876129616824435,1.57,1.42,119900000.0,132900000.0,https://www.sec.gov/Archives/edgar/data/1166003/000116600318000022/0001166003-18-000022-index.html,https://www.sec.gov/Archives/edgar/data/1166003/000116600318000022/xpo201710-k.htm,1620600043,18:40:43,20210509
14,2017-09-30,XPO,USD,2017-11-06 00:00:00,2017-11-06 08:15:42,Q3,3887100000.0,3301400000.0,585700000.0,0.15067788325486867,0.0,0.0,0.0,6700000.0,398900000.0,3700300000.0,72500000.0,167300000.0,354100000.0,0.09109618996166809,186800000.0,0.04805639165444676,-12900000.0,101400000.0,0.026086285405572278,30400000.0,62500000.0,0.01607882483085076,0.49,0.44,117500000.0,129800000.0,https://www.sec.gov/Archives/edgar/data/1166003/000116600317000038/0001166003-17-000038-index.html,https://www.sec.gov/Archives/edgar/data/1166003/000116600317000038/xpo2017q310-q.htm,1620600043,18:40:43,20210509
15,2017-06-30,XPO,USD,2017-08-04 00:00:00,2017-08-04 16:16:19,Q2,3760300000.0,3163800000.0,596500000.0,0.15863096029572107,0.0,0.0,0.0,2600000.0,411500000.0,3575300000.0,74300000.0,164400000.0,349400000.0,0.09291811823524719,185000000.0,0.04919820227109539,-25700000.0,85000000.0,0.022604579421854638,27800000.0,51900000.0,0.01380209025875595,0.43,0.38,111800000.0,124700000.0,https://www.sec.gov/Archives/edgar/data/1166003/000116600317000027/0001166003-17-000027-index.html,https://www.sec.gov/Archives/edgar/data/1166003/000116600317000027/xpo2017q210-q.htm,1620600043,18:40:43,20210509
16,2017-03-31,XPO,USD,2017-05-09 00:00:00,2017-05-09 17:10:18,Q1,3539500000.0,3025000000.0,514500000.0,0.14535951405565758,0.0,0.0,0.0,-3300000.0,400900000.0,3425900000.0,75600000.0,157400000.0,271000000.0,0.07656448650939399,113600000.0,0.03209492866224043,-22900000.0,15100000.0,0.0042661392852097755,-9800000.0,21300000.0,0.00601779912417008,0.18,0.16,111400000.0,124400000.0,https://www.sec.gov/Archives/edgar/data/1166003/000162828017005262/0001628280-17-005262-index.html,https://www.sec.gov/Archives/edgar/data/1166003/000162828017005262/xpo2017q110-q.htm,1620600043,18:40:43,20210509
17,2016-12-31,XPO,USD,2017-02-28 00:00:00,2017-02-28 16:36:40,Q4,3676600000.0,2112200000.0,1564400000.0,0.42550182233585376,0.0,0.0,0.0,-200000.0,1477800000.0,3590000000.0,80300000.0,158000000.0,244600000.0,0.06652885818419192,86600000.0,0.02355437088614481,28100000.0,34400000.0,0.00935647065223304,2300000.0,29800000.0,0.008105314692922808,0.25,0.22,111000000.0,124200000.0,https://www.sec.gov/Archives/edgar/data/1166003/000162828017001912/0001628280-17-001912-index.html,https://www.sec.gov/Archives/edgar/data/1166003/000162828017001912/xpo201610-k.htm,1620600043,18:40:43,20210509
18,2016-09-30,XPO,USD,2016-11-08 00:00:00,2016-11-08 17:12:34,Q3,3713800000.0,3495200000.0,218600000.0,0.05886154343260273,0.0,49800000.0,0.0,2700000.0,49800000.0,3545000000.0,93000000.0,161800000.0,330600000.0,0.0890193332974312,168800000.0,0.045452097581991494,-51800000.0,24000000.0,0.006462383542463245,2700000.0,15100000.0,0.004065916312133125,0.13,0.11,110300000.0,122900000.0,https://www.sec.gov/Archives/edgar/data/1166003/000162828016021034/0001628280-16-021034-index.html,https://www.sec.gov/Archives/edgar/data/1166003/000162828016021034/xpo2016q310-q.htm,1620600043,18:40:43,20210509
19,2016-06-30,XPO,USD,2016-08-08 00:00:00,2016-08-08 17:12:37,Q2,3683300000.0,3447500000.0,235800000.0,0.06401867890207151,0.0,65000000.0,0.0,7900000.0,65000000.0,3512500000.0,94700000.0,161500000.0,332300000.0,0.09021801102272418,170800000.0,0.046371460375207015,7800000.0,83400000.0,0.02264273884831537,33000000.0,46600000.0,0.012651698205413623,0.39,0.35,110000000.0,122300000.0,https://www.sec.gov/Archives/edgar/data/1166003/000162828016018720/0001628280-16-018720-index.html,https://www.sec.gov/Archives/edgar/data/1166003/000162828016018720/xpo2016q210-q.htm,1620600043,18:40:43,20210509
20,2016-03-31,XPO,USD,2016-05-05 00:00:00,2016-05-05 17:08:54,Q1,3545700000.0,3424400000.0,121300000.0,0.03421045209690611,0.0,58900000.0,0.0,-1200000.0,58900000.0,3483300000.0,93100000.0,162100000.0,224500000.0,0.06331612939617001,62400000.0,0.017598781622810727,-4300000.0,-35000000.0,-0.009871111487153453,-15700000.0,-22500000.0,-0.006345714527455791,-0.21,-0.21,109600000.0,109600000.0,https://www.sec.gov/Archives/edgar/data/1166003/000162828016015742/0001628280-16-015742-index.html,https://www.sec.gov/Archives/edgar/data/1166003/000162828016015742/xpo2016q110-q.htm,1620600043,18:40:43,20210509
21,2015-12-31,XPO,USD,2016-02-29 00:00:00,2016-02-29 16:42:22,Q4,3342200000.0,3283700000.0,58500000.0,0.01750344084734606,0.0,96500000.0,0.0,800000.0,96500000.0,3380200000.0,95800000.0,173000000.0,135000000.0,0.04039255580156783,-38000000.0,-0.011369756447848722,1300000.0,-132500000.0,-0.0396445455089462,-69600000.0,-61800000.0,-0.018490814433606607,-0.58,-0.58,108900000.0,108900000.0,https://www.sec.gov/Archives/edgar/data/1166003/000162828016011979/0001628280-16-011979-index.html,https://www.sec.gov/Archives/edgar/data/1166003/000162828016011979/xpo201510-k.htm,1620600043,18:40:43,20210509
22,2015-09-30,XPO,USD,2015-11-09 00:00:00,2015-11-09 16:56:50,Q3,2362100000.0,2280300000.0,81800000.0,0.03463020193895263,0.0,37700000.0,0.0,-1600000.0,37700000.0,2318000000.0,61500000.0,102000000.0,146100000.0,0.061851742093899494,44100000.0,0.01866982769569451,-16100000.0,-33500000.0,-0.014182295415096736,1900000.0,-40400000.0,-0.01710342491850472,-0.94,-0.94,98600000.0,98600000.0,https://www.sec.gov/Archives/edgar/data/1166003/000162828015008570/0001628280-15-008570-index.html,https://www.sec.gov/Archives/edgar/data/1166003/000162828015008570/xpo2015q310-q.htm,1620600043,18:40:43,20210509
23,2015-06-30,XPO,USD,2015-08-10 00:00:00,2015-08-10 16:10:29,Q2,1215900000.0,1214700000.0,1200000.0,0.0009869232667160128,0.0,31300000.0,0.0,-21900000.0,31300000.0,1246000000.0,36300000.0,56100000.0,26000000.0,0.02138333744551361,-30100000.0,-0.02475532527345999,-21900000.0,-88300000.0,-0.0726211037091866,-9500000.0,-74400000.0,-0.061189242536392796,-0.89,-0.89,84300000.0,84300000.0,https://www.sec.gov/Archives/edgar/data/1166003/000162828015006381/0001628280-15-006381-index.html,https://www.sec.gov/Archives/edgar/data/1166003/000162828015006381/xpo2015q210-q.htm,1620600043,18:40:43,20210509
24,2015-03-31,XPO,USD,2015-05-07 00:00:00,2015-05-07 17:08:09,Q1,703000000.0,689200000.0,13800000.0,0.019630156472261736,0.0,18600000.0,0.0,-400000.0,18600000.0,707800000.0,23100000.0,33800000.0,29000000.0,0.041251778093883355,-4800000.0,-0.0068278805120910386,-400000.0,-28300000.0,-0.040256045519203414,-13600000.0,-14700000.0,-0.020910384068278807,-0.2,-0.2,78800000.0,78800000.0,https://www.sec.gov/Archives/edgar/data/1166003/000162828015003903/0001628280-15-003903-index.html,https://www.sec.gov/Archives/edgar/data/1166003/000162828015003903/xpo2015q110-q.htm,1620600043,18:40:43,20210509
25,2014-12-31,XPO,USD,2015-02-23 00:00:00,2015-02-23 16:10:04,Q4,830718000.0,804093000.0,26625000.0,0.03205058756401089,0.0,20632000.0,0.0,-254000.0,20632000.0,824725000.0,16697000.0,34510000.0,40503000.0,0.04875661776920688,5993000.0,0.0072142411745020575,-254000.0,-10958000.0,-0.013190998630100708,-953000.0,-10005000.0,-0.012043798256448036,-0.77,-0.77,65900000.0,65900000.0,https://www.sec.gov/Archives/edgar/data/1166003/000162828015000923/0001628280-15-000923-index.html,https://www.sec.gov/Archives/edgar/data/1166003/000162828015000923/xpo201410-k.htm,1620600043,18:40:43,20210509
26,2014-09-30,XPO,USD,2014-11-07 00:00:00,2014-11-06 20:27:22,Q3,662470000.0,657017000.0,5453000.0,0.008231316135070268,0.0,19091000.0,0.0,-296000.0,19091000.0,676108000.0,17842000.0,27247000.0,13609000.0,0.020542817033224147,-13638000.0,-0.020586592600419642,-296000.0,-31776000.0,-0.04796594562772654,-20077000.0,-11699000.0,-0.017659667607589778,-0.23,-0.23,54470000.0,54470000.0,https://www.sec.gov/Archives/edgar/data/1166003/000144530514004914/0001445305-14-004914-index.html,https://www.sec.gov/Archives/edgar/data/1166003/000144530514004914/xpo2014q310-q.htm,1620600043,18:40:43,20210509
27,2014-06-30,XPO,USD,2014-07-31 00:00:00,2014-07-30 19:40:01,Q2,581009000.0,573893000.0,7116000.0,0.012247658814235236,0.0,19011000.0,0.0,-235000.0,19011000.0,592904000.0,3403000.0,25270000.0,13375000.0,0.023020297448060185,-11895000.0,-0.020473004721097265,-235000.0,-15533000.0,-0.026734525626969634,-1771000.0,-13762000.0,-0.0236863800732863,-0.28,-0.28,52565000.0,52565000.0,https://www.sec.gov/Archives/edgar/data/1166003/000119312514287471/0001193125-14-287471-index.html,https://www.sec.gov/Archives/edgar/data/1166003/000119312514287471/d752646d10q.htm,1620600043,18:40:43,20210509
28,2014-03-31,XPO,USD,2014-05-02 00:00:00,2014-05-02 17:23:04,Q1,282403000.0,290498000.0,-8095000.0,-0.028664709652517856,0.0,13266000.0,0.0,-15000.0,13266000.0,303764000.0,10058000.0,11273000.0,-10088000.0,-0.03572200012039532,-21361000.0,-0.0756401313017213,-15000.0,-31434000.0,-0.11130901583906687,-3299000.0,-28135000.0,-0.09962712860699072,-0.7,-0.7,41313000.0,41313000.0,https://www.sec.gov/Archives/edgar/data/1166003/000119312514180414/0001193125-14-180414-index.html,https://www.sec.gov/Archives/edgar/data/1166003/000119312514180414/d708078d10q.htm,1620600043,18:40:43,20210509
29,2013-12-31,XPO,USD,2014-02-26,2014-02-25 21:49:28,Q4,257232000.0,255376000.0,1856000.0,0.0072152764819307085,0.0,10380000.0,0.0,-184000.0,10380000.0,265756000.0,5584000.0,9052000.0,528000.0,0.0020526217577906325,-8524000.0,-0.03313740125645332,-184000.0,-14292000.0,-0.0555607389438328,-3694000.0,-10598000.0,-0.04120016172171425,-0.37,-0.37,30423000.0,30423000.0,https://www.sec.gov/Archives/edgar/data/1166003/000119312514067991/d660394d10k.htm,https://www.sec.gov/Archives/edgar/data/1166003/000119312514067991/d660394d10k.htm,1620600043,18:40:43,20210509
30,2013-09-30,XPO,USD,2013-11-05 00:00:00,2013-11-05 17:28:29,Q3,193982000.0,202880000.0,-8898000.0,-0.04587023538266437,0.0,9521000.0,0.0,-235000.0,9521000.0,212401000.0,6415000.0,8394000.0,-10025000.0,-0.05168005278840305,-18419000.0,-0.09495210895856317,-235000.0,-25069000.0,-0.12923364023466094,-19044000.0,-6025000.0,-0.031059582847893105,-0.28,-0.28,24222000.0,24222000.0,https://www.sec.gov/Archives/edgar/data/1166003/000119312513427995/0001193125-13-427995-index.html,https://www.sec.gov/Archives/edgar/data/1166003/000119312513427995/d617334d10q.htm,1620600043,18:40:43,20210509
31,2013-06-30,XPO,USD,2013-08-01 00:00:00,2013-07-31 21:49:56,Q2,137091000.0,145908000.0,-8817000.0,-0.06431494408823336,0.0,5198000.0,0.0,-167000.0,5198000.0,151106000.0,3106000.0,1795000.0,-12220000.0,-0.08913787192448812,-14015000.0,-0.10223136456806063,-167000.0,-17288000.0,-0.12610601717107614,74000.0,-17362000.0,-0.1266458046115354,-1.0,-1.0,18180000.0,18180000.0,https://www.sec.gov/Archives/edgar/data/1166003/000119312513313456/0001193125-13-313456-index.html,https://www.sec.gov/Archives/edgar/data/1166003/000119312513313456/d567835d10q.htm,1620600043,18:40:43,20210509
32,2013-03-31,XPO,USD,2013-05-08 00:00:00,2013-05-08 17:25:10,Q1,113999000.0,121104000.0,-7105000.0,-0.062325108114983464,0.0,4262000.0,0.0,109000.0,4262000.0,125366000.0,3064000.0,1554000.0,-9813000.0,-0.08607970245353029,-11367000.0,-0.09971140097720155,109000.0,-14322000.0,-0.12563268098842972,222000.0,-14544000.0,-0.12758006649181133,-0.85,-0.85,18032000.0,18032000.0,https://www.sec.gov/Archives/edgar/data/1166003/000119312513207880/0001193125-13-207880-index.html,https://www.sec.gov/Archives/edgar/data/1166003/000119312513207880/d522082d10q.htm,1620600043,18:40:43,20210509
33,2012-12-31,XPO,USD,2013-03-12 00:00:00,2013-03-12 17:25:58,Q4,108503000.0,150014000.0,-41511000.0,-0.3825792835221146,0.0,0.0,0.0,-44000.0,-30419000.0,119595000.0,3177000.0,1250000.0,-9842000.0,-0.09070716938702156,-11092000.0,-0.10222758817728542,-44000.0,-14313000.0,-0.13191340331603735,-4994000.0,-9319000.0,-0.08588702616517516,-0.57,-0.57,17702000.0,17702000.0,https://www.sec.gov/Archives/edgar/data/1166003/000119312513103438/0001193125-13-103438-index.html,https://www.sec.gov/Archives/edgar/data/1166003/000119312513103438/d495733d10k.htm,1620600043,18:40:43,20210509
34,2012-09-30,XPO,USD,2012-11-06 00:00:00,2012-11-06 17:20:38,Q3,70988000.0,61064000.0,9924000.0,0.13979827576491802,0.0,0.0,0.0,-314000.0,19204000.0,80268000.0,15000.0,722000.0,-8558000.0,-0.12055558685975094,-9280000.0,-0.13072631994139855,-314000.0,-9609000.0,-0.13536090606863133,-6460000.0,-3149000.0,-0.04435961007494224,-0.22,-0.22,17663000.0,17663000.0,https://www.sec.gov/Archives/edgar/data/1166003/000119312512454863/0001193125-12-454863-index.html,https://www.sec.gov/Archives/edgar/data/1166003/000119312512454863/d435137d10q.htm,1620600043,18:40:43,20210509
35,2012-06-30,XPO,USD,2012-08-07 00:00:00,2012-08-07 17:11:00,Q2,54540000.0,46074000.0,8466000.0,0.15522552255225522,0.0,11461000.0,0.0,0.0,11834000.0,57908000.0,3000.0,424000.0,-2944000.0,-0.05397873120645398,-3368000.0,-0.06175284195086175,-26000.0,-3397000.0,-0.062284561789512284,1780000.0,-5177000.0,-0.09492115878254492,-0.34,-0.34,17637000.0,17637000.0,https://www.sec.gov/Archives/edgar/data/1166003/000119312512341222/0001193125-12-341222-index.html,https://www.sec.gov/Archives/edgar/data/1166003/000119312512341222/d391339d10q.htm,1620600043,18:40:43,20210509
36,2012-03-31,XPO,USD,2012-05-10,2012-05-10 16:19:24,Q1,44560000.0,37787000.0,6773000.0,0.15199730700179534,0.0,0.0,0.0,0.0,10997000.0,48784000.0,12000.0,317000.0,-3907000.0,-0.08767953321364452,-4224000.0,-0.0947935368043088,21000.0,-4215000.0,-0.09459156193895871,-1521000.0,-2694000.0,-0.060457809694793536,-0.36,-0.36,9501000.0,9501000.0,https://www.sec.gov/Archives/edgar/data/1166003/000119312512090969/d306070d10k.htm,https://www.sec.gov/Archives/edgar/data/1166003/000119312512090969/d306070d10k.htm,1620600043,18:40:43,20210509
37,2011-12-31,XPO,USD,2012-03-01 00:00:00,2012-03-01 09:23:07,Q4,44085000.0,36914000.0,7171000.0,0.16266303731427922,0.0,0.0,0.0,0.0,9560000.0,46474000.0,46000.0,296000.0,-2093000.0,-0.047476465918112734,-2389000.0,-0.05419076783486446,6000.0,-2429000.0,-0.05509810593172281,-967000.0,-1462000.0,-0.03316320744017239,-0.15387853910114724,-0.15387853910114724,9501000.0,9501000.0,https://www.sec.gov/Archives/edgar/data/1166003/000119312512090969/0001193125-12-090969-index.html,https://www.sec.gov/Archives/edgar/data/1166003/000119312512090969/d306070d10k.htm,1620600043,18:40:43,20210509
38,2011-09-30,XPO,USD,2011-11-10 00:00:00,2011-11-10 16:40:40,Q3,47389000.0,39169000.0,8220000.0,0.17345797547954167,0.0,0.0,0.0,0.0,7750000.0,46919000.0,49000.0,305000.0,775000.0,0.016354006203971386,470000.0,0.009917913439827808,0.0,421000.0,0.008883918208867036,231000.0,190000.0,0.004009369262909114,-5.38,-5.38,8252891.0,8252891.0,https://www.sec.gov/Archives/edgar/data/1166003/000119312511307055/0001193125-11-307055-index.html,https://www.sec.gov/Archives/edgar/data/1166003/000119312511307055/d253555d10q.htm,1620600043,18:40:43,20210509
39,2011-06-30,XPO,USD,2011-08-15 00:00:00,2011-08-15 17:09:22,Q2,44094000.0,36914000.0,7180000.0,0.16283394566154125,0.0,0.0,0.0,0.0,5537000.0,42451000.0,47000.0,323000.0,1966000.0,0.044586565065541796,1643000.0,0.037261305393024,-33000.0,1563000.0,0.03544699959178119,649000.0,914000.0,0.020728443779198982,0.11075136439864675,0.10648443614627,8252720.0,8583414.0,https://www.sec.gov/Archives/edgar/data/1166003/000095012311077677/0000950123-11-077677-index.html,https://www.sec.gov/Archives/edgar/data/1166003/000095012311077677/k50649e10vq.htm,1620600043,18:40:43,20210509
40,2011-03-31,XPO,USD,2011-05-13 00:00:00,2011-05-13 08:01:27,Q1,41508000.0,34301000.0,7207000.0,0.1736291799171244,0.0,0.0,0.0,0.0,5207000.0,39508000.0,49000.0,316000.0,2316000.0,0.0557964729690662,2000000.0,0.04818348270212971,-29000.0,1922000.0,0.046304326876746654,805000.0,1117000.0,0.026910475089139442,0.13662470441300242,0.13107996276718836,8175681.0,8521516.0,https://www.sec.gov/Archives/edgar/data/1166003/000143774911003192/0001437749-11-003192-index.html,https://www.sec.gov/Archives/edgar/data/1166003/000143774911003192/express1_10q-033111.htm,1620600043,18:40:43,20210509
41,2010-12-31,XPO,USD,2011-03-25,2011-03-25 16:23:54,Q4,41557000.0,35134000.0,6423000.0,0.15455879875833192,0.0,0.0,0.0,0.0,5062000.0,40196000.0,65000.0,264000.0,1625000.0,0.039102918882498734,1361000.0,0.03275019852251125,-38000.0,1258000.0,0.030271675048728252,438000.0,820000.0,0.019731934451476286,0.10029745534347537,0.10029745534347537,8175681.0,8175681.0,https://www.sec.gov/Archives/edgar/data/1166003/000143774911001752/express_10k-123110.htm,https://www.sec.gov/Archives/edgar/data/1166003/000143774911001752/express_10k-123110.htm,1620600043,18:40:43,20210509
42,2010-09-30,XPO,USD,2010-11-12 00:00:00,2010-11-12 16:32:00,Q3,44448000.0,36309000.0,8139000.0,0.18311285097192226,0.0,0.0,0.0,0.0,5219000.0,41528000.0,32000.0,325000.0,3245000.0,0.07300665946724262,2920000.0,0.06569474442044636,-48000.0,2840000.0,0.06389488840892729,1110000.0,1730000.0,0.03892188624910007,0.21370226827046307,0.20964144647750868,8095375.0,8252185.0,https://www.sec.gov/Archives/edgar/data/1166003/000095012310104984/0000950123-10-104984-index.html,https://www.sec.gov/Archives/edgar/data/1166003/000095012310104984/k49786e10vq.htm,1620600043,18:40:43,20210509
43,2010-06-30,XPO,USD,2010-08-13 00:00:00,2010-08-13 10:47:01,Q2,40340000.0,33101000.0,7239000.0,0.17944967773921666,0.0,0.0,0.0,0.0,4598000.0,37699000.0,88000.0,316000.0,2957000.0,0.07330193356470005,2641000.0,0.06546851760039663,-34000.0,2519000.0,0.062444224095190876,1015000.0,1504000.0,0.03728309370352008,0.18774117532217147,0.18428326003458498,8011029.0,8161349.0,https://www.sec.gov/Archives/edgar/data/1166003/000095012310077087/0000950123-10-077087-index.html,https://www.sec.gov/Archives/edgar/data/1166003/000095012310077087/k49527e10vq.htm,1620600043,18:40:43,20210509
44,2010-03-31,XPO,USD,2010-05-12 00:00:00,2010-05-12 16:13:38,Q1,31642000.0,26043000.0,5599000.0,0.1769483597749826,0.0,0.0,0.0,0.0,4075000.0,30118000.0,20000.0,385000.0,1909000.0,0.060331205359964606,1524000.0,0.0481638328803489,-20000.0,1484000.0,0.046899690285064154,650000.0,834000.0,0.026357373111687,0.10413539899340775,0.10240242976163318,8008804.0,8144338.0,https://www.sec.gov/Archives/edgar/data/1166003/000095012310048462/0000950123-10-048462-index.html,https://www.sec.gov/Archives/edgar/data/1166003/000095012310048462/k49228e10vq.htm,1620600043,18:40:43,20210509
45,2009-12-31,XPO,USD,2010-03-26 00:00:00,2010-03-26 17:26:17,Q4,31610000.0,26452000.0,5158000.0,0.16317621006010757,0.0,0.0,0.0,0.0,4036000.0,30488000.0,31000.0,356000.0,1478000.0,0.046757355267320465,1122000.0,0.03549509648845302,-23000.0,1068000.0,0.03378677633660234,467000.0,601000.0,0.019012970578930716,0.07504241582138856,0.07504241582138856,8008804.0,8008804.0,https://www.sec.gov/Archives/edgar/data/1166003/000095012310028925/0000950123-10-028925-index.html,https://www.sec.gov/Archives/edgar/data/1166003/000095012310028925/k48989e10vk.htm,1620600043,18:40:43,20210509
46,2009-09-30,XPO,USD,2009-11-09 00:00:00,2009-11-09 11:29:49,Q3,26211000.0,21482000.0,4729000.0,0.1804204341688604,0.0,0.0,0.0,0.0,3284000.0,24766000.0,26000.0,278000.0,1723000.0,0.06573575979550571,1445000.0,0.0551295257716226,-19000.0,1400000.0,0.05341268932890771,599000.0,811000.0,0.030941207889817253,0.10126355945282217,0.10093692114511506,8008804.0,8034721.0,https://www.sec.gov/Archives/edgar/data/1166003/000095012309059880/0000950123-09-059880-index.html,https://www.sec.gov/Archives/edgar/data/1166003/000095012309059880/k48526e10vq.htm,1620600043,18:40:43,20210509
47,2009-06-30,XPO,USD,2009-08-14 00:00:00,2009-08-14 09:18:16,Q2,22243000.0,18606000.0,3637000.0,0.16351211617137976,0.0,0.0,0.0,0.0,3006000.0,21612000.0,26000.0,281000.0,912000.0,0.041001663444679225,631000.0,0.028368475475430473,-19000.0,586000.0,0.026345367081778537,273000.0,288000.0,0.012947893719372387,0.03596042555168038,0.03583465888390964,8008804.0,8036912.0,https://www.sec.gov/Archives/edgar/data/1166003/000095012309035033/0000950123-09-035033-index.html,https://www.sec.gov/Archives/edgar/data/1166003/000095012309035033/k48206e10vq.htm,1620600043,18:40:43,20210509
48,2009-03-31,XPO,USD,2009-05-15 00:00:00,2009-05-15 13:32:31,Q1,20072000.0,16856000.0,3216000.0,0.16022319649262654,0.0,0.0,0.0,0.0,3243000.0,20099000.0,22000.0,276000.0,249000.0,0.01240534077321642,-27000.0,-0.0013451574332403347,10000.0,-39000.0,-0.0019430051813471502,-14000.0,5000.0,0.0002491032283778398,0.0006243129436055621,0.0006220723718997468,8008804.0,8037650.0,https://www.sec.gov/Archives/edgar/data/1166003/000095015209005283/0000950152-09-005283-index.html,https://www.sec.gov/Archives/edgar/data/1166003/000095015209005283/k47852e10vq.htm,1620600043,18:40:43,20210509
49,2008-12-31,XPO,USD,2009-03-30 00:00:00,2009-03-30 16:34:26,Q4,21093000.0,17927000.0,3166000.0,0.1500971886407813,0.0,0.0,0.0,0.0,2584000.0,20511000.0,81000.0,267000.0,849000.0,0.04025032001137818,582000.0,0.027592092163276915,-69000.0,432000.0,0.020480728203669463,184000.0,587000.0,0.027829137628597164,0.07329433957929299,0.07329433957929299,8008804.0,8008804.0,https://www.sec.gov/Archives/edgar/data/1166003/000095012409000088/0000950124-09-000088-index.html,https://www.sec.gov/Archives/edgar/data/1166003/000095012409000088/k47621e10vk.htm,1620600043,18:40:43,20210509
50,2008-09-30,XPO,USD,2008-11-14 00:00:00,2008-11-14 14:30:47,Q3,32438000.0,27136000.0,5302000.0,0.16345027436956655,0.0,0.0,0.0,0.0,3276000.0,30412000.0,94000.0,288000.0,2314000.0,0.07133608730501263,2026000.0,0.062457611443368886,-21000.0,1911000.0,0.05891238670694864,759000.0,1152000.0,0.035513903446575006,0.14422869262073676,0.1425787041873088,7987315.0,8079748.0,https://www.sec.gov/Archives/edgar/data/1166003/000095015208009329/0000950152-08-009329-index.html,https://www.sec.gov/Archives/edgar/data/1166003/000095015208009329/k46969e10vq.htm,1620600043,18:40:43,20210509
51,2008-06-30,XPO,USD,2008-08-14 00:00:00,2008-08-14 13:49:05,Q2,30925000.0,25985000.0,4940000.0,0.1597413096200485,0.0,0.0,0.0,0.0,3524000.0,29509000.0,99000.0,317000.0,1733000.0,0.05603880355699272,1416000.0,0.04578819725141471,-12000.0,1305000.0,0.04219886822958771,531000.0,774000.0,0.025028294260307195,0.09759239313948172,0.09654492650798123,7930946.0,8016993.0,https://www.sec.gov/Archives/edgar/data/1166003/000095013708010765/0000950137-08-010765-index.html,https://www.sec.gov/Archives/edgar/data/1166003/000095013708010765/k34847e10vq.htm,1620600043,18:40:43,20210509
52,2008-03-31,XPO,USD,2008-05-15 00:00:00,2008-05-15 16:07:36,Q1,25006000.0,20580000.0,4426000.0,0.1769975205950572,0.0,0.0,0.0,0.0,20580000.0,41160000.0,80000.0,242000.0,-15912000.0,-0.6363272814524514,-16154000.0,-0.6460049588098856,3000.0,1063000.0,0.04250979764856434,420000.0,643000.0,0.025713828681116532,0.08654822526335966,0.08553819220418485,7429384.0,7517110.0,https://www.sec.gov/Archives/edgar/data/1166003/000095013708007493/0000950137-08-007493-index.html,https://www.sec.gov/Archives/edgar/data/1166003/000095013708007493/k26720e10vq.htm,1620600043,18:40:43,20210509
53,2007-12-31,XPO,USD,2008-03-27,2008-03-27 15:00:35,Q4,14095000.0,10800000.0,3295000.0,0.23377084072366086,0.0,0.0,0.0,0.0,2579000.0,13379000.0,0.0,-1492000.0,-776000.0,-0.05505498403689252,716000.0,0.05079815537424619,0.0,723000.0,0.051294785384888256,266000.0,457000.0,0.032422844980489536,0.061512502247831044,0.061512502247831044,7429384.0,7429384.0,https://www.sec.gov/Archives/edgar/data/1166003/000095012408001571/k25117e10vk.htm,https://www.sec.gov/Archives/edgar/data/1166003/000095012408001571/k25117e10vk.htm,1620600043,18:40:43,20210509
54,2007-09-30,XPO,USD,2007-11-13 00:00:00,2007-11-13 12:37:54,Q3,13359000.0,10310000.0,3049000.0,0.2282356463807171,0.0,0.0,0.0,0.0,2271000.0,12581000.0,0.0,198000.0,976000.0,0.0730593607305936,778000.0,0.05823789205778876,-33000.0,798000.0,0.05973501010554682,299000.0,499000.0,0.03735309529156374,0.07465158355606633,0.07305564380469108,6684386.0,6830410.0,https://www.sec.gov/Archives/edgar/data/1166003/000095012407005788/0000950124-07-005788-index.html,https://www.sec.gov/Archives/edgar/data/1166003/000095012407005788/k21372e10vq.htm,1620600043,18:40:43,20210509
55,2007-06-30,XPO,USD,2007-08-14 00:00:00,2007-08-14 17:10:32,Q2,13842000.0,10328000.0,3514000.0,0.2538650484034099,0.0,0.0,0.0,0.0,2269000.0,12597000.0,0.0,220000.0,1465000.0,0.10583730674757982,1245000.0,0.08994364976159515,0.0,1211000.0,0.0874873573183066,457000.0,754000.0,0.05447189712469296,0.11293300032576827,0.10963394476310344,6676525.0,6877432.0,https://www.sec.gov/Archives/edgar/data/1166003/000095012407004281/0000950124-07-004281-index.html,https://www.sec.gov/Archives/edgar/data/1166003/000095012407004281/k17740e10vq.htm,1620600043,18:40:43,20210509
56,2007-03-31,XPO,USD,2007-05-15 00:00:00,2007-05-15 11:33:46,Q1,11493000.0,8473000.0,3020000.0,0.26276864178195425,0.0,0.0,0.0,0.0,4500000.0,12973000.0,0.0,231000.0,-1249000.0,-0.10867484555816584,-1480000.0,-0.12877403636996432,2243000.0,739000.0,0.0643000087009484,278000.0,461000.0,0.040111372139563214,0.0697508231277994,0.06770193349966568,6609241.0,6809259.0,https://www.sec.gov/Archives/edgar/data/1166003/000095012407002905/0000950124-07-002905-index.html,https://www.sec.gov/Archives/edgar/data/1166003/000095012407002905/k15081e10vq.htm,1620600043,18:40:43,20210509
57,2006-12-31,XPO,USD,2007-03-29 00:00:00,2007-03-29 12:45:00,Q4,10665000.0,8005000.0,2660000.0,0.24941397093295828,0.0,0.0,0.0,0.0,2103000.0,10108000.0,0.0,305000.0,862000.0,0.08082512892639475,557000.0,0.05222691045475856,364000.0,466000.0,0.04369432723863104,-1128000.0,1594000.0,0.14946085325832162,0.24117746651998315,0.24117746651998315,6609241.0,6609241.0,https://www.sec.gov/Archives/edgar/data/1166003/000095012407001822/0000950124-07-001822-index.html,https://www.sec.gov/Archives/edgar/data/1166003/000095012407001822/k13506e10vk.htm,1620600043,18:40:43,20210509
58,2006-09-30,XPO,USD,2006-11-14,2006-11-14 13:59:02,Q3,10851000.0,8005000.0,2846000.0,0.26227997419592664,0.0,0.0,0.0,0.0,1861000.0,9866000.0,0.0,236000.0,1221000.0,0.11252419131877246,985000.0,0.0907750437747673,-26000.0,905000.0,0.08340245138696895,0.0,905000.0,0.08340245138696895,0.13771987624994103,0.13550673154020246,6571310.0,6678635.0,https://www.sec.gov/Archives/edgar/data/1166003/000095012406006879/k10002e10vq.htm,https://www.sec.gov/Archives/edgar/data/1166003/000095012406006879/k10002e10vq.htm,1620600043,18:40:43,20210509
59,2006-06-30,XPO,USD,2006-08-14,2006-08-14 14:18:17,Q2,11120000.0,8257000.0,2863000.0,0.25746402877697844,0.0,0.0,0.0,0.0,1923000.0,10180000.0,0.0,254000.0,1194000.0,0.10737410071942446,940000.0,0.08453237410071943,-29000.0,848000.0,0.07625899280575539,0.0,848000.0,0.07625899280575539,0.12904682786766247,0.12828169692480937,6571258.0,6610452.0,https://www.sec.gov/Archives/edgar/data/1166003/000095012406004524/k07671e10vq.htm,https://www.sec.gov/Archives/edgar/data/1166003/000095012406004524/k07671e10vq.htm,1620600043,18:40:43,20210509
60,2006-03-31,XPO,USD,2006-05-15,2006-05-15 17:05:22,Q1,9555000.0,7129000.0,2426000.0,0.25389848246991104,0.0,0.0,0.0,0.0,7129000.0,14258000.0,0.0,259000.0,-4444000.0,-0.4650968079539508,-4703000.0,-0.49220303506017793,-1824000.0,557000.0,0.05829408686551544,0.0,557000.0,0.05829408686551544,0.08476306971967924,0.08458583389255656,6571258.0,6585027.0,https://www.sec.gov/Archives/edgar/data/1166003/000095012406001658/k03323e10ksb.htm,https://www.sec.gov/Archives/edgar/data/1166003/000095012406001658/k03323e10ksb.htm,1620600043,18:40:43,20210509
61,2005-12-31,XPO,USD,2006-03-31,2006-03-31 15:58:39,Q4,9697630.0,6954135.0,2743495.0,0.2829036579040446,0.0,0.0,0.0,0.0,6954174.0,13908309.0,0.0,259541.0,-3951138.0,-0.4074333625844665,-4210679.0,-0.4341967057930649,12532006.0,597570.0,0.06162021029880497,0.0,597570.0,0.06162021029880497,0.09093692562367814,0.09093692562367814,6571258.0,6571258.0,https://www.sec.gov/Archives/edgar/data/1166003/000095012406001658/k03323e10ksb.htm,https://www.sec.gov/Archives/edgar/data/1166003/000095012406001658/k03323e10ksb.htm,1620600043,18:40:43,20210509
62,2005-09-30,XPO,USD,2005-11-14,2005-11-14 15:36:17,Q3,9511754.0,7447718.0,2064036.0,0.21699846316462768,0.0,0.0,0.0,0.0,6957679.0,14405397.0,0.0,314459.0,-4579184.0,-0.4814237205882322,-4893643.0,-0.5144837639829626,-3048348.0,-550697.0,-0.05789647209126729,0.0,-550697.0,-0.05789647209126729,-0.08,-0.08,6596500.0,6596500.0,https://www.sec.gov/Archives/edgar/data/1166003/000095012405006415/k99817e10qsb.htm,https://www.sec.gov/Archives/edgar/data/1166003/000095012405006415/k99817e10qsb.htm,1620600043,18:40:43,20210509
63,2005-06-30,XPO,USD,2005-08-15,2005-08-15 15:12:45,Q2,10290000.0,8057000.0,2233000.0,0.21700680272108844,0.0,0.0,0.0,0.0,7682000.0,15739000.0,0.0,414000.0,-5035000.0,-0.48931000971817296,-5449000.0,-0.5295432458697765,-261000.0,-1211000.0,-0.11768707482993197,0.0,-1211000.0,-0.11768707482993197,-0.2,-0.2,6682508.0,6682508.0,https://www.sec.gov/Archives/edgar/data/1166003/000119312505168402/d10qsb.htm,https://www.sec.gov/Archives/edgar/data/1166003/000119312505168402/d10qsb.htm,1620600043,18:40:43,20210509
64,2005-03-31,XPO,USD,2005-05-12,2005-05-12 17:04:05,Q1,10349000.0,8378000.0,1971000.0,0.19045318388250074,0.0,0.0,0.0,0.0,4795000.0,13173000.0,0.0,447000.0,-2377000.0,-0.22968402744226496,-2824000.0,-0.2728766064354044,-3578000.0,-4650000.0,-0.4493187747608465,0.0,-4650000.0,-0.4493187747608465,-0.68,-0.68,6676327.0,6676327.0,https://www.sec.gov/Archives/edgar/data/1166003/000119312505065283/d10ksb.htm,https://www.sec.gov/Archives/edgar/data/1166003/000119312505065283/d10ksb.htm,1620600043,18:40:43,20210509
65,2004-12-31,XPO,USD,2005-03-30,2005-03-30 17:24:11,Q4,13930782.0,10516704.0,3414078.0,0.24507439711568238,0.0,0.0,0.0,0.0,1607559.0,12124263.0,0.0,431422.0,2237941.0,0.16064719123449064,1806519.0,0.12967821906910898,0.0,-3470835.0,-0.24914861204489452,-1320000.0,-2150835.0,-0.15439441949489985,-0.32215842633232317,-0.32215842633232317,6676327.0,6676327.0,https://www.sec.gov/Archives/edgar/data/1166003/000119312505065283/d10ksb.htm,https://www.sec.gov/Archives/edgar/data/1166003/000119312505065283/d10ksb.htm,1620600043,18:40:43,20210509
66,2004-09-30,XPO,USD,2004-11-15,2004-11-15 16:07:36,Q3,14361376.0,12113206.0,2248170.0,0.15654279924152115,0.0,0.0,0.0,0.0,14804569.0,26917775.0,0.0,293871.0,-12262528.0,-0.8538546724213613,-12556399.0,-0.8743172659778562,0.0,-454783.0,-0.03166709095284463,-166000.0,-288783.0,-0.020108309955814817,-0.04,-0.04,6571924.0,6571924.0,https://www.sec.gov/Archives/edgar/data/1166003/000119312504197306/d10qsb.htm,https://www.sec.gov/Archives/edgar/data/1166003/000119312504197306/d10qsb.htm,1620600043,18:40:43,20210509
67,2004-06-30,XPO,USD,2004-08-16,2004-08-16 12:13:38,Q2,7568090.0,6219169.0,1348921.0,0.1782379702144134,0.0,0.0,0.0,0.0,8166189.0,14385358.0,0.0,289411.0,-6527857.0,-0.86255012823579,-6817268.0,-0.9007910846726188,0.0,-609351.0,-0.08051582367545841,-215000.0,-394351.0,-0.05210707060830408,-0.08,-0.08,5990206.0,5990206.0,https://www.sec.gov/Archives/edgar/data/1166003/000119312504141409/d10qsb.htm,https://www.sec.gov/Archives/edgar/data/1166003/000119312504141409/d10qsb.htm,1620600043,18:40:43,20210509
68,2004-03-31,XPO,USD,2004-05-17,2004-05-17 09:28:52,Q1,6620752.0,5470921.0,1149831.0,0.1736707552253883,0.0,0.0,0.0,0.0,1702762.0,7173683.0,0.0,239296.0,-313635.0,-0.047371507043308676,-552931.0,-0.08351483336031919,0.0,-624031.0,-0.09425379473509958,-220000.0,-404031.0,-0.0610249409734725,-0.08,-0.08,4731687.0,4731687.0,https://www.sec.gov/Archives/edgar/data/1166003/000119312504089519/d10qsb.htm,https://www.sec.gov/Archives/edgar/data/1166003/000119312504089519/d10qsb.htm,1620600043,18:40:43,20210509
69,2003-12-31,XPO,USD,2003-12-31,2003-12-31,Q4,4453477.0,0.0,0.0,0.0,0.0,0.0,0.0,0.0,11913853.0,4477969.0,0.0,73382.0,48890.0,0.010977939259594244,-24492.0,-0.005499523181550056,0.0,-282013.0,-0.06332422958510844,-159465.0,-122548.0,-0.027517375749330244,-0.02589943079497862,-0.02589943079497862,4731687.0,4731687.0,,,1620600043,18:40:43,20210509
70,2003-09-30,XPO,USD,2003-09-30,2003-09-30,Q3,4026245.0,2860157.0,1166088.0,0.2896217194929767,0.0,0.0,0.0,0.0,1092846.0,3953003.0,0.0,69653.0,142895.0,0.035490885427985626,73242.0,0.0181911433606251,0.0,73242.0,0.0181911433606251,21200.0,52042.0,0.012925691307906002,0.04,0.018730337770160522,2478127.0,2778487.0,,,1620600043,18:40:43,20210509
71,2003-06-30,XPO,USD,2003-06-30,2003-06-30,Q2,3320310.0,2385537.0,934773.0,0.281531844918095,0.0,0.0,0.0,0.0,733146.0,3118683.0,0.0,14610.0,216237.0,0.06512554550629308,201627.0,0.06072535395791357,0.0,201627.0,0.06072535395791357,58800.0,142827.0,0.04301616415334713,0.08249877834781795,0.070303028513121,1731262.0,2031591.0,,,1620600043,18:40:43,20210509
72,2003-03-31,XPO,USD,2003-05-21,2003-05-21,Q1,2887722.0,0.0,0.0,0.0,0.0,0.0,0.0,0.0,2692927.0,2692927.0,0.0,21526.0,216321.0,0.07491060427561932,194795.0,0.06745628561198065,0.0,184342.0,0.06383647733403701,53500.0,130842.0,0.0453097631974269,0.08048209786630973,0.05877567522039418,1625728.0,2226125.0,https://www.sec.gov/Archives/edgar/data/1166003/000116600303000005/0001166003-03-000005-index.htm,https://www.sec.gov/Archives/edgar/data/1166003/000116600303000005/marchqsbformfinal.htm,1620600043,18:40:43,20210509
73,2002-12-31,XPO,USD,2003-03-31,2003-03-31,Q4,3844155.0,0.0,0.0,0.0,0.0,0.0,0.0,0.0,-4165294.0,3616338.0,0.0,34084.0,261901.0,0.06812966698793363,227817.0,0.059263219094963654,0.0,88704.0,0.023075032094179344,0.0,88704.0,0.023075032094179344,0.05456263286355405,0.05456263286355405,1625728.0,1625728.0,https://www.sec.gov/Archives/edgar/data/1166003/000116600303000002/0001166003-03-000002-index.htm,https://www.sec.gov/Archives/edgar/data/1166003/000116600303000002/ksb.htm,1620600043,18:40:43,20210509
74,2002-09-30,XPO,USD,2002-12-11,2002-12-11,Q3,2217430.0,0.0,0.0,0.0,0.0,354785.0,0.0,0.0,2091344.0,2091344.0,0.0,23930.0,150016.0,0.06765309389698886,126086.0,0.05686132143968468,0.0,126086.0,0.05686132143968468,0.0,126086.0,0.05686132143968468,0.08,0.04,1625728.0,2228854.0,https://www.sec.gov/Archives/edgar/data/1166003/000116600302000023/0001166003-02-000023-index.htm,https://www.sec.gov/Archives/edgar/data/1166003/000116600302000023/qsbseptemberamend.htm,1620600043,18:40:43,20210509
75,2002-06-30,XPO,USD,2002-08-19,2002-08-19,Q2,1782541.0,0.0,0.0,0.0,0.0,463108.0,0.0,0.0,1746576.0,1746576.0,0.0,18816.0,54781.0,0.03073197194342234,35965.0,0.02017625401042669,0.0,35965.0,0.02017625401042669,0.0,35965.0,0.02017625401042669,0.04,0.016155876242349373,1625728.0,2226125.0,https://www.sec.gov/Archives/edgar/data/1166003/000116600302000020/0001166003-02-000020-index.htm,https://www.sec.gov/Archives/edgar/data/1166003/000116600302000020/qsbjune.htm,1620600043,18:40:43,20210509
76,2002-03-31,XPO,USD,2002-03-31,2002-03-31,Q1,2150380.0,0.0,0.0,0.0,0.0,361843.0,0.0,0.0,2027020.0,2027020.0,0.0,24934.0,148294.0,0.06896176489736698,123360.0,0.05736660497214446,0.0,123360.0,0.05736660497214446,25000.0,98360.0,0.04574075279718003,0.08,0.04,1625728.0,1625728.0,,,1620600043,18:40:43,20210509
