,date,symbol,reportedCurrency,fillingDate,acceptedDate,period,revenue,costOfRevenue,grossProfit,grossProfitRatio,researchAndDevelopmentExpenses,generalAndAdministrativeExpenses,sellingAndMarketingExpenses,otherExpenses,operatingExpenses,costAndExpenses,interestExpense,depreciationAndAmortization,ebitda,ebitdaratio,operatingIncome,operatingIncomeRatio,totalOtherIncomeExpensesNet,incomeBeforeTax,incomeBeforeTaxRatio,incomeTaxExpense,netIncome,netIncomeRatio,eps,epsdiluted,weightedAverageShsOut,weightedAverageShsOutDil,link,finalLink,timestamp,est_time,est_date
0,2020-06-30,TGP,USD,2020-08-13 00:00:00,2020-08-13 14:18:23,Q2,148205000,5329000.0,142876000,0.9640430484801458,0.0,13251000.0,0.0,28407000.0,13251000.0,78616000.0,-21431000.0,31628999.999999996,101218000.0,0.6829594143247528,69589000,0.46954556189062446,-679000.0,47479000.0,0.3203603117303735,-1804000.0,44934000.0,0.3031881515468439,0.54623,0.54623,82262240,82262240,https://www.sec.gov/Archives/edgar/data/1308106/000162828020012603/0001628280-20-012603-index.htm,https://www.sec.gov/Archives/edgar/data/1308106/000162828020012603/tgpq2-20erdocument.htm,1620598760,18:19:20,20210509
1,2020-03-31,TGP,USD,2020-04-09 00:00:00,2020-04-09 15:17:51,Q1,139887000,2317000.0,137570000,0.9834366309950174,0.0,12089000.0,0.0,26104000.0,12089000.0,118149000.0,-49693000.0,32639000.0,54377000.0,0.38872089615189404,21738000,0.1553968560337987,-361000.0,-28316000.0,-0.2024205251381472,2512000.0,-32994000.0,-0.23586180274078364,-0.4281,-0.4281,77071650,77071650,https://www.sec.gov/Archives/edgar/data/1308106/000162828020004841/0001628280-20-004841-index.html,https://www.sec.gov/Archives/edgar/data/1308106/000162828020004841/tgp201920-fdoc.htm,1620598760,18:19:20,20210509
2,2019-12-31,TGP,USD,2020-02-27 00:00:00,2020-02-27 13:48:00,Q4,148797000,4628000.0,144169000,0.9688972223902363,0.0,10816000.0,0.0,30706000.0,10816000.0,65193000.0,-9776000.0,33052999.99999998,116656999.99999999,0.7840010215259715,83604000,0.5618661666565858,-1767000.0,72061000.0,0.48429067790345237,985000.0,67370000.0,0.4527645046607122,0.86807,0.86807,77608660,77608660,https://www.sec.gov/Archives/edgar/data/1308106/000162828020002403/0001628280-20-002403-index.html,https://www.sec.gov/Archives/edgar/data/1308106/000162828020002403/tgpq4-19erdocument.htm,1620598760,18:19:20,20210509
3,2019-09-30,TGP,USD,2019-11-13 00:00:00,2019-11-13 16:51:38,Q3,149655000,4961000.0,144694000,0.9668504226387358,0.0,10729000.0,0.0,27321000.0,10729000.0,78044000.0,-18644000.0,34248000.00000001,105859000.0,0.7073535799004377,71611000,0.47850723330326417,-1174000.0,51793000.0,0.34608265677725436,1442000.0,47368000.0,0.3165146503625004,0.60645,0.60645,78106770,78106770,https://www.sec.gov/Archives/edgar/data/1308106/000162828019014121/0001628280-19-014121-index.html,https://www.sec.gov/Archives/edgar/data/1308106/000162828019014121/tgpq3-19erdocument.htm,1620598760,18:19:20,20210509
4,2019-06-30,TGP,USD,2019-06-30,2019-06-30,Q2,153060000,6023000.0,147037000,0.9606494185286816,0.0,8747000.0,0.0,27457000.0,8747000.0,78383000.0,-53389000.0,35338000.0,110015000.0,0.7187704168300013,74677000,0.4878936364824252,236000.0,21524000.0,0.14062459166339997,2472000.0,16435000.0,0.10737619234287207,0.20887,0.20887,78685540,78685540,,,1620598760,18:19:20,20210509
5,2019-03-31,TGP,USD,2019-04-05 00:00:00,2019-04-05 17:00:27,Q1,149744000,5775000.0,143969000,0.9614341810022439,0.0,12223000.0,0.0,26101000.0,12223000.0,80382999.99999999,-42909000.0,34126000.0,103487000.0,0.6910927983758949,69361000,0.4631971898707127,251000.0,26703000.0,0.1783243402072871,2578000.0,21617000.0,0.1443597072336788,0.27474,0.27474,78680660,78680660,https://www.sec.gov/Archives/edgar/data/1308106/000162828019003955/0001628280-19-003955-index.html,https://www.sec.gov/Archives/edgar/data/1308106/000162828019003955/tgp201820-fdoc.htm,1620598760,18:19:20,20210509
6,2018-12-31,TGP,USD,2019-01-04 00:00:00,2019-01-04 16:31:37,Q4,149805000,6529000.0,143276000,0.9564166750108475,0.0,13789000.0,0.0,27601000.0,13789000.0,84641000.00000001,-56422000.0,33078999.99999999,98242999.99999999,0.6558058809786054,65164000,0.4349921564700778,545000.0,9287000.0,0.06199392543640066,42000.0,6579000.0,0.04391709221988585,0.08237,0.08237,79870380,79870380,https://www.sec.gov/Archives/edgar/data/1308106/000119312519002562/0001193125-19-002562-index.html,https://www.sec.gov/Archives/edgar/data/1308106/000119312519002562/d684102d6k.htm,1620598760,18:19:20,20210509
7,2018-09-30,TGP,USD,2018-11-15 00:00:00,2018-11-15 16:15:07,Q3,123336000,7956000.0,115380000,0.9354932866316404,0.0,5873000.0,0.0,27621000.0,5873000.0,76337999.99999999,-16256000.0,32199000.000000004,79197000.0,0.6421239540766686,46998000,0.38105662580268534,314000.0,31056000.0,0.25179996108192254,1549000.0,25950000.0,0.21040085619770382,0.32495,0.32495,79859470,79859470,https://www.sec.gov/Archives/edgar/data/1308106/000162828018014409/0001628280-18-014409-index.html,https://www.sec.gov/Archives/edgar/data/1308106/000162828018014409/tgpq3-18erdocument.htm,1620598760,18:19:20,20210509
8,2018-06-30,TGP,USD,2018-08-02 00:00:00,2018-08-02 15:23:43,Q2,122300000,8000000.0,114400000,0.9354047424366312,0.0,7096000.0,0.0,34000000.0,7096000.0,111800000.0,-3300000.0,29800000.0,40300000.0,0.3295175797219951,10500000,0.08585445625511039,400000.0,7500000.0,0.06132461161079313,800000.0,2700000.0,0.022076860179885527,0.03388,0.03388,79700000,79700000,https://www.sec.gov/Archives/edgar/data/1308106/000162828018010319/0001628280-18-010319-index.html,https://www.sec.gov/Archives/edgar/data/1308106/000162828018010319/tgpq2-18erdocument.htm,1620598760,18:19:20,20210509
9,2018-03-31,TGP,USD,2018-04-16 00:00:00,2018-04-16 14:51:58,Q1,115300000,5800000.0,109500000,0.9496964440589766,0.0,6571000.0,0.0,28500000.0,6571000.0,90200000.0,9700000.0,29300000.0,54400000.0,0.47181266261925414,25100000,0.21769297484822203,-52600000.0,-17800000.0,-0.15437987857762359,800000.0,-6900000.0,-0.0598438855160451,-0.08668,-0.08668,79600000,79600000,https://www.sec.gov/Archives/edgar/data/1308106/000162828018004282/0001628280-18-004282-index.html,https://www.sec.gov/Archives/edgar/data/1308106/000162828018004282/tgp201720-fdoc.htm,1620598760,18:19:20,20210509
10,2017-12-31,TGP,USD,2018-02-22 00:00:00,2018-02-22 16:08:02,Q4,126300000,4300000.0,122000000,0.9659540775930324,0.0,4949000.0,0.0,27000000.0,4949000.0,63900000.0,-18800000.0,27599999.999999993,90000000.0,0.7125890736342043,62400000,0.49406175771971494,400000.0,44000000.0,0.34837688044338877,-300000.0,39900000.0,0.3159144893111639,0.49689,0.49689,80300000,80300000,https://www.sec.gov/Archives/edgar/data/1308106/000162828018002051/0001628280-18-002051-index.html,https://www.sec.gov/Archives/edgar/data/1308106/000162828018002051/tgpq4-17erdocument.htm,1620598760,18:19:20,20210509
11,2017-09-30,TGP,USD,2017-10-16 00:00:00,2017-10-16 09:40:35,Q3,104300000,1500000.0,102800000,0.9856184084372004,0.0,2793000.0,0.0,26700000.0,2793000.0,94000000.0,-25400000.0,25000000.000000007,35300000.00000001,0.3384467881112177,10300000,0.0987535953978907,400000.0,-14700000.0,-0.14093959731543623,800000.0,-18900000.0,-0.18120805369127516,-0.23744,-0.23744,79600000,79600000,https://www.sec.gov/Archives/edgar/data/1308106/000119312517310480/0001193125-17-310480-index.html,https://www.sec.gov/Archives/edgar/data/1308106/000119312517310480/d473253d6k.htm,1620598760,18:19:20,20210509
12,2017-06-30,TGP,USD,2017-08-03 00:00:00,2017-08-03 17:09:28,Q2,100900000,1000000.0,99900000,0.9900891972249752,0.0,4642000.0,0.0,26000000.0,4642000.0,71000000.0,-43700000.0,26799999.999999996,56700000.0,0.5619425173439049,29900000,0.29633300297324083,400000.0,-13400000.0,-0.13280475718533202,200000.0,-16100000.0,-0.1595639246778989,-0.20226,-0.20226,79600000,79600000,https://www.sec.gov/Archives/edgar/data/1308106/000162828017008041/0001628280-17-008041-index.html,https://www.sec.gov/Archives/edgar/data/1308106/000162828017008041/tgpq2-17erdocument.htm,1620598760,18:19:20,20210509
13,2017-03-31,TGP,USD,2017-04-26 00:00:00,2017-04-25 20:44:40,Q1,101200000,1400000.0,99700000,0.9851778656126482,0.0,4157000.0,0.0,23400000.0,4157000.0,55100000.0,-12600000.0,26100000.0,72200000.0,0.7134387351778656,46100000,0.45553359683794464,400000.0,33800000.0,0.3339920948616601,200000.0,29100000.0,0.2875494071146245,0.36512,0.36512,79700000,79700000,https://www.sec.gov/Archives/edgar/data/1308106/000162828017004290/0001628280-17-004290-index.html,https://www.sec.gov/Archives/edgar/data/1308106/000162828017004290/tgp201620-fdoc.htm,1620598760,18:19:20,20210509
14,2016-12-31,TGP,USD,2017-02-24 00:00:00,2017-02-24 15:23:47,Q4,100800000,300000.0,100500000,0.9970238095238095,0.0,3634000.0,0.0,22300000.0,3634000.0,62800000.0,53300000.0,25000000.0,63000000.0,0.625,38000000,0.376984126984127,300000.0,91600000.0,0.9087301587301587,300000.0,84400000.0,0.8373015873015873,1.05897,1.05897,79700000,79700000,https://www.sec.gov/Archives/edgar/data/1308106/000162828017001714/0001628280-17-001714-index.html,https://www.sec.gov/Archives/edgar/data/1308106/000162828017001714/tgpq4-16erdocument.htm,1620598760,18:19:20,20210509
15,2016-09-30,TGP,USD,2016-10-05 00:00:00,2016-10-05 10:42:02,Q3,100700000,400000.0,100300000,0.9960278053624627,0.0,3573000.0,0.0,22100000.0,3573000.0,50000000.0,4000000.0,24000000.0,74600000.0,0.7408142999006951,50600000,0.5024826216484608,400000.0,55100000.0,0.5471698113207547,200000.0,50100000.0,0.49751737835153925,0.62861,0.62861,79700000,79700000,https://www.sec.gov/Archives/edgar/data/1308106/000119312516731194/0001193125-16-731194-index.html,https://www.sec.gov/Archives/edgar/data/1308106/000119312516731194/d214743d6k.htm,1620598760,18:19:20,20210509
16,2016-06-30,TGP,USD,2016-09-28 00:00:00,2016-09-28 10:21:56,Q2,99200000,500000.0,98700000,0.9949596774193549,0.0,5864000.0,0.0,22400000.0,5864000.0,51700000.0,-1000000.0,22900000.0,70500000.0,0.7106854838709677,47600000,0.4798387096774194,400000.0,47000000.0,0.4737903225806452,300000.0,43100000.0,0.4344758064516129,0.54078,0.54078,79700000,79700000,https://www.sec.gov/Archives/edgar/data/1308106/000119312516722654/0001193125-16-722654-index.html,https://www.sec.gov/Archives/edgar/data/1308106/000119312516722654/d264428d6k.htm,1620598760,18:19:20,20210509
17,2016-03-31,TGP,USD,2016-04-27 00:00:00,2016-04-27 16:48:48,Q1,95800000,500000.0,95300000,0.9947807933194155,0.0,5428000.0,0.0,21900000.0,5428000.0,78800000.0,-52100000.0,23600000.0,40600000.0,0.42379958246346555,17000000,0.17745302713987474,400000.0,-34700000.0,-0.36221294363256784,300000.0,-37100000.0,-0.3872651356993737,-0.46608,-0.46608,79600000,79600000,https://www.sec.gov/Archives/edgar/data/1308106/000119312516559694/0001193125-16-559694-index.html,https://www.sec.gov/Archives/edgar/data/1308106/000119312516559694/d123686d20f.htm,1620598760,18:19:20,20210509
18,2015-12-31,TGP,USD,2016-02-19 00:00:00,2016-02-19 16:49:41,Q4,103600000,200000.0,103400000,0.9980694980694981,0.0,5666000.0,0.0,24000000.0,5666000.0,53399999.99999999,29000000.0,23000000.0,73200000.0,0.7065637065637066,50200000,0.48455598455598453,400000.0,79500000.0,0.7673745173745173,2400000.0,72200000.0,0.696911196911197,0.90704,0.90704,79600000,79600000,https://www.sec.gov/Archives/edgar/data/1308106/000119312516470101/0001193125-16-470101-index.html,https://www.sec.gov/Archives/edgar/data/1308106/000119312516470101/d131030d6k.htm,1620598760,18:19:20,20210509
19,2015-09-30,TGP,USD,2015-11-05 00:00:00,2015-11-05 16:40:02,Q3,98400000,200000.0,98200000,0.9979674796747967,0.0,5676000.0,0.0,24300000.0,5676000.0,56200000.0,-32000000.0,22500000.0,64700000.0,0.657520325203252,42200000,0.42886178861788615,400000.0,10600000.0,0.10772357723577236,300000.0,7500000.0,0.07621951219512195,0.09506,0.09506,78900000,78900000,https://www.sec.gov/Archives/edgar/data/1308106/000119312515368401/0001193125-15-368401-index.html,https://www.sec.gov/Archives/edgar/data/1308106/000119312515368401/d61168d6k.htm,1620598760,18:19:20,20210509
20,2015-06-30,TGP,USD,2015-08-14 00:00:00,2015-08-14 15:04:07,Q2,98600000,400000.0,98200000,0.9959432048681541,0.0,7068000.0,0.0,24100000.0,7068000.0,54800000.0,19800000.0,23199999.999999996,67100000.0,0.6805273833671399,43900000,0.44523326572008115,300000.0,64000000.0,0.6490872210953347,300000.0,58100000.0,0.5892494929006086,0.73825,0.73825,78700000,78700000,https://www.sec.gov/Archives/edgar/data/1308106/000119312515291605/0001193125-15-291605-index.html,https://www.sec.gov/Archives/edgar/data/1308106/000119312515291605/d23601d6k.htm,1620598760,18:19:20,20210509
21,2015-03-31,TGP,USD,2015-04-23 00:00:00,2015-04-22 18:20:55,Q1,97300000,300000.0,97000000,0.9969167523124358,0.0,6708000.0,0.0,21600000.0,6708000.0,52200000.00000001,20600000.0,23600000.0,68700000.0,0.7060637204522097,45100000,0.4635149023638232,400000.0,66100000.0,0.6793422404933196,-200000.0,63100000.0,0.6485097636176773,0.8028,0.8028,78600000,78600000,https://www.sec.gov/Archives/edgar/data/1308106/000119312515142266/0001193125-15-142266-index.html,https://www.sec.gov/Archives/edgar/data/1308106/000119312515142266/d849729d20f.htm,1620598760,18:19:20,20210509
22,2014-12-31,TGP,USD,2014-12-31,2014-12-31,Q4,99300000,400000.0,99000000,0.9969788519637462,0.0,5619000.0,0.0,23700000.0,5619000.0,52600000.0,-9300000.0,23199999.99999999,69899999.99999999,0.7039274924471297,46700000,0.4702920443101712,200000.0,37600000.0,0.37865055387714,6400000.0,33000000.0,0.3323262839879154,0.42581,0.42581,77500000,77500000,,,1620598760,18:19:20,20210509
23,2014-09-30,TGP,USD,2014-11-14 00:00:00,2014-11-14 14:18:53,Q3,100800000,400000.0,100300000,0.9950396825396826,0.0,5579000.0,0.0,23500000.0,5579000.0,55100000.0,51300000.0,23300000.000000004,69000000.0,0.6845238095238095,45700000,0.45337301587301587,200000.0,97100000.0,0.9632936507936508,400000.0,90600000.0,0.8988095238095238,1.17969,1.17969,76800000,76800000,https://www.sec.gov/Archives/edgar/data/1308106/000119312514412900/0001193125-14-412900-index.html,https://www.sec.gov/Archives/edgar/data/1308106/000119312514412900/d820788d6k.htm,1620598760,18:19:20,20210509
24,2014-06-30,TGP,USD,2014-07-17 00:00:00,2014-07-17 16:22:07,Q2,101300000,1200000.0,100200000,0.9891411648568608,0.0,6254000.0,0.0,24300000.0,6254000.0,55299999.99999999,2000000.0,23500000.0,69600000.0,0.6870681145113524,46100000,0.4550839091806515,200000.0,48300000.0,0.4768015794669299,400000.0,43600000.0,0.43040473840078974,0.58681,0.58681,74300000,74300000,https://www.sec.gov/Archives/edgar/data/1308106/000119312514271654/0001193125-14-271654-index.html,https://www.sec.gov/Archives/edgar/data/1308106/000119312514271654/d758728d6k.htm,1620598760,18:19:20,20210509
25,2014-03-31,TGP,USD,2014-04-29 00:00:00,2014-04-29 17:11:11,Q1,101500000,1300000.0,100200000,0.987192118226601,0.0,6408000.0,0.0,24300000.0,6408000.0,56100000.00000001,-2100000.0,24100000.0,69500000.0,0.6847290640394089,45400000,0.44729064039408867,200000.0,43500000.0,0.42857142857142855,400000.0,38200000.0,0.37635467980295567,0.51482,0.51482,74200000,74200000,https://www.sec.gov/Archives/edgar/data/1308106/000119312514167574/0001193125-14-167574-index.html,https://www.sec.gov/Archives/edgar/data/1308106/000119312514167574/d676032d20f.htm,1620598760,18:19:20,20210509
26,2013-12-31,TGP,USD,2013-12-31,2013-12-31,Q4,104900000,900000.0,104000000,0.9914204003813155,0.0,5438000.0,0.0,21400000.0,1634000.0,53600000.0,3400000.0,24200000.000000004,75500000.0,0.7197330791229742,51300000,0.4890371782650143,200000.0,54900000.0,0.5233555767397522,2700000.0,47500000.0,0.45281220209723544,0.64103,0.64103,74100000,74100000,,,1620598760,18:19:20,20210509
27,2013-09-30,TGP,USD,2013-10-01 00:00:00,2013-10-01 16:20:53,Q3,100700000,400000.0,100300000,0.9960278053624627,0.0,4793000.0,0.0,28500000.0,8597000.0,58100000.0,-11300000.0,24400000.000000007,67000000.00000001,0.6653426017874876,42600000,0.423038728897716,300000.0,31700000.0,0.31479642502482624,800000.0,29600000.0,0.2939424031777557,0.41986,0.41986,70500000,70500000,https://www.sec.gov/Archives/edgar/data/1308106/000119312513387211/0001193125-13-387211-index.html,https://www.sec.gov/Archives/edgar/data/1308106/000119312513387211/d605635d6k.htm,1620598760,18:19:20,20210509
28,2013-06-30,TGP,USD,2013-07-31 00:00:00,2013-07-31 16:38:59,Q2,96600000,1200000.0,95400000,0.9875776397515528,0.0,4744000.0,0.0,24800000.0,4744000.0,55899999.99999999,35000000.0,25199999.999999996,65900000.0,0.6821946169772257,40700000,0.42132505175983437,400000.0,76000000.0,0.7867494824016563,800000.0,69700000.0,0.7215320910973085,1.0,1.0,69700000,69700000,https://www.sec.gov/Archives/edgar/data/1308106/000119312513312667/0001193125-13-312667-index.html,https://www.sec.gov/Archives/edgar/data/1308106/000119312513312667/d577325d6k.htm,1620598760,18:19:20,20210509
29,2013-03-31,TGP,USD,2013-04-16 00:00:00,2013-04-16 16:32:08,Q1,97100000,400000.0,96700000,0.995880535530381,0.0,5469000.0,0.0,25300000.0,5469000.0,55300000.0,13600000.0,24100000.0,65900000.0,0.678681771369722,41800000,0.43048403707518024,500000.0,55900000.0,0.5756951596292482,800000.0,54400000.0,0.5602471678681772,0.78049,0.78049,69700000,69700000,https://www.sec.gov/Archives/edgar/data/1308106/000119312513156888/0001193125-13-156888-index.html,https://www.sec.gov/Archives/edgar/data/1308106/000119312513156888/d455612d20f.htm,1620598760,18:19:20,20210509
30,2012-12-31,TGP,USD,2013-02-26 00:00:00,2013-02-26 12:01:30,Q4,98600000,300000.0,98300000,0.9969574036511156,0.0,7273000.0,0.0,31900000.0,-66603000.0,87300000.0,25300000.0,25899999.99999999,37199999.999999985,0.37728194726166314,11300000,0.11460446247464504,600000.0,37200000.0,0.3772819472616633,100000.0,28200000.0,0.28600405679513186,0.40459,0.40459,69700000,69700000,https://www.sec.gov/Archives/edgar/data/1308106/000119312513075942/0001193125-13-075942-index.html,https://www.sec.gov/Archives/edgar/data/1308106/000119312513075942/d492709d6k.htm,1620598760,18:19:20,20210509
31,2012-09-30,TGP,USD,2012-11-19 00:00:00,2012-11-19 14:08:28,Q3,98700000,900000.0,97900000,0.9918946301925026,0.0,0.0,0.0,22000000.0,30824000.0,53700000.00000001,-8700000.0,24600000.00000001,69600000.00000001,0.7051671732522797,45000000,0.45592705167173253,400000.0,36800000.0,0.3728470111448835,700000.0,33100000.0,0.3353596757852077,0.50534,0.50534,65500000,65500000,https://www.sec.gov/Archives/edgar/data/1308106/000119312512475338/0001193125-12-475338-index.html,https://www.sec.gov/Archives/edgar/data/1308106/000119312512475338/d439091d6k.htm,1620598760,18:19:20,20210509
32,2012-06-30,TGP,USD,2012-08-22 00:00:00,2012-08-22 13:47:08,Q2,96500000,200000.0,96200000,0.9968911917098445,0.0,0.0,0.0,22200000.0,31179000.0,51600000.0,-5900000.0,24499999.999999996,69300000.0,0.7181347150259068,44800000,0.46424870466321244,500000.0,39400000.0,0.4082901554404145,100000.0,37700000.0,0.39067357512953366,0.58089,0.58089,64900000,64900000,https://www.sec.gov/Archives/edgar/data/1308106/000119312512365105/0001193125-12-365105-index.html,https://www.sec.gov/Archives/edgar/data/1308106/000119312512365105/d395985d6k.htm,1620598760,18:19:20,20210509
33,2012-03-31,TGP,USD,2012-05-29 00:00:00,2012-05-29 13:11:10,Q1,99300000,300000.0,99000000,0.9969788519637462,0.0,0.0,0.0,22400000.0,31749000.0,52700000.00000001,-20400000.0,24800000.0,71400000.0,0.7190332326283988,46600000,0.4692849949647533,200000.0,26400000.0,0.26586102719033233,-300000.0,24700000.0,0.24874118831822759,0.38059,0.38059,64900000,64900000,https://www.sec.gov/Archives/edgar/data/1308106/000119312512250765/0001193125-12-250765-index.html,https://www.sec.gov/Archives/edgar/data/1308106/000119312512250765/d358771d6k.htm,1620598760,18:19:20,20210509
34,2011-12-31,TGP,USD,2011-12-31,2011-12-31,Q4,97300000,0.0,97200000,0.998972250770812,0.0,0.0,0.0,22500000.0,29822000.0,52300000.0,-1900000.0,24300000.00000001,69200000.00000001,0.7112024665981502,44900000,0.4614594039054471,900000.0,43900000.0,0.4511819116135663,800000.0,40300000.0,0.4141829393627955,0.63968,0.63968,63000000,63000000,,,1620598760,18:19:20,20210509
35,2011-09-30,TGP,USD,2011-11-02 00:00:00,2011-11-02 16:51:43,Q3,97300000,300000.0,96900000,0.9958890030832477,0.0,0.0,0.0,22400000.0,28836000.0,51500000.0,-17900000.0,23099999.999999993,68800000.0,0.7070914696813977,45700000,0.4696813977389517,100000.0,28000000.0,0.28776978417266186,-200000.0,27600000.0,0.28365878725590954,0.46465,0.46465,59400000,59400000,https://www.sec.gov/Archives/edgar/data/1308106/000095012311094395/0000950123-11-094395-index.html,https://www.sec.gov/Archives/edgar/data/1308106/000095012311094395/c23907e6vk.htm,1620598760,18:19:20,20210509
36,2011-06-30,TGP,USD,2011-08-16 00:00:00,2011-08-16 15:02:16,Q2,92200000,700000.0,91600000,0.9934924078091106,0.0,0.0,0.0,23400000.0,28706000.0,52799999.99999999,-43200000.0,22200000.0,61700000.0,0.6691973969631236,39500000,0.4284164859002169,100000.0,-3600000.0,-0.039045553145336226,100000.0,-3100000.0,-0.033622559652928416,-0.05236,-0.05236,59200000,59200000,https://www.sec.gov/Archives/edgar/data/1308106/000095012311077928/0000950123-11-077928-index.html,https://www.sec.gov/Archives/edgar/data/1308106/000095012311077928/c21360e6vk.htm,1620598760,18:19:20,20210509
37,2011-03-31,TGP,USD,2011-04-04 00:00:00,2011-04-04 17:20:19,Q1,93200000,400000.0,92800000,0.9957081545064378,0.0,0.0,0.0,20800000.0,28675000.0,49900000.0,-12400000.0,22300000.0,65700000.0,0.7049356223175965,43400000,0.4656652360515021,-400000.0,30600000.0,0.3283261802575107,800000.0,25000000.0,0.26824034334763946,0.45372,0.45372,55100000,55100000,https://www.sec.gov/Archives/edgar/data/1308106/000095012311032585/0000950123-11-032585-index.html,https://www.sec.gov/Archives/edgar/data/1308106/000095012311032585/c15133e6vk.htm,1620598760,18:19:20,20210509
38,2010-12-31,TGP,USD,2010-12-31,2010-12-31,Q4,97500000,700000.0,96800000,0.9928205128205129,0.0,0.0,0.0,20500000.0,25884000.0,47100000.0,34700000.0,22599999.999999993,73000000.0,0.7487179487179487,50400000,0.5169230769230769,200000.0,85300000.0,0.8748717948717949,1700000.0,76400000.0,0.7835897435897435,1.39416,1.39416,54800000,54800000,,,1620598760,18:19:20,20210509
39,2010-09-30,TGP,USD,2010-11-15 00:00:00,2010-11-15 12:17:39,Q3,92200000,700000.0,91400000,0.9913232104121475,0.0,0.0,0.0,21000000.0,27378000.0,49100000.0,-84800000.0,66700000.0,109800000.0,1.1908893709327548,43100000,0.46746203904555317,0.0,-41600000.0,-0.4511930585683297,0.0,-40000000.0,-0.43383947939262474,-0.74349,-0.74349,53800000,53800000,https://www.sec.gov/Archives/edgar/data/1308106/000095012310105457/0000950123-10-105457-index.html,https://www.sec.gov/Archives/edgar/data/1308106/000095012310105457/c08231e6vk.htm,1620598760,18:19:20,20210509
40,2010-06-30,TGP,USD,2010-07-15 00:00:00,2010-07-15 17:22:56,Q2,91800000,500000.0,91400000,0.9956427015250545,0.0,0.0,0.0,22000000.0,27444000.0,50100000.0,-21700000.0,0.0,1100000.0,0.011983,41700000,0.4542483660130719,-100000.0,19900000.0,0.2167755991285403,0.0,22800000.0,0.24836601307189543,0.43595,0.43595,52300000,52300000,https://www.sec.gov/Archives/edgar/data/1308106/000095012310065794/0000950123-10-065794-index.html,https://www.sec.gov/Archives/edgar/data/1308106/000095012310065794/o63683e6vk.htm,1620598760,18:19:20,20210509
41,2009-12-31,TGP,USD,2010-03-08 00:00:00,2010-03-08 06:01:16,Q1,95800000,500000.0,95300000,0.9947807933194155,0.0,0.0,0.0,24800000.0,25954000.0,54200000.0,6300000.0,22300000.000000004,63900000.0,0.6670146137787056,41600000,0.4342379958246347,200000.0,48000000.0,0.5010438413361169,700000.0,43400000.0,0.453027139874739,0.79197,0.79197,54800000,54800000,https://www.sec.gov/Archives/edgar/data/1308106/000095012310021799/0000950123-10-021799-index.html,https://www.sec.gov/Archives/edgar/data/1308106/000095012310021799/c97391e6vk.htm,1620598760,18:19:20,20210509
42,2009-09-30,TGP,USD,2009-11-16 00:00:00,2009-11-16 16:51:13,Q4,88400000,800000.0,87600000,0.9909502262443439,0.0,0.0,0.0,20400000.0,23853000.0,47700000.00000001,-62700000.0,20900000.0,61600000.0,0.6968325791855203,40700000,0.4604072398190045,100000.0,-22000000.0,-0.248868778280543,0.0,-24800000.0,-0.28054298642533937,-0.5124,-0.5124,48400000,48400000,https://www.sec.gov/Archives/edgar/data/1308106/000095012309063119/0000950123-09-063119-index.html,https://www.sec.gov/Archives/edgar/data/1308106/000095012309063119/o57661e6vk.htm,1620598760,18:19:20,20210509
43,2009-06-30,TGP,USD,2009-07-24 00:00:00,2009-07-24 13:16:04,Q3,82400000,200000.0,82200000,0.9975728155339806,0.0,0.0,0.0,18500000.0,24216000.0,44100000.0,-14500000.0,20200000.0,58600000.0,0.7111650485436893,38400000,0.46601941747572817,0.0,23900000.0,0.29004854368932037,0.0,6700000.0,0.08131067961165049,0.14076,0.14076,47600000,47600000,https://www.sec.gov/Archives/edgar/data/1308106/000095012309025197/0000950123-09-025197-index.html,https://www.sec.gov/Archives/edgar/data/1308106/000095012309025197/o56388e6vk.htm,1620598760,18:19:20,20210509
44,2009-03-31,TGP,USD,2009-05-26 00:00:00,2009-05-22 20:32:38,Q2,76400000,500000.0,75900000,0.993455497382199,0.0,0.0,0.0,18700000.0,22881000.0,44100000.0,200000.0,19300000.0,51600000.0,0.675392670157068,32300000,0.42277486910994766,200000.0,32700000.0,0.4280104712041885,0.0,27300000.0,0.35732984293193715,0.61486,0.61486,44400000,44400000,https://www.sec.gov/Archives/edgar/data/1308106/000094523409000127/0000945234-09-000127-index.html,https://www.sec.gov/Archives/edgar/data/1308106/000094523409000127/o55434e6vk.htm,1620598760,18:19:20,20210509
45,2008-12-31,TGP,USD,2009-03-20 00:00:00,2009-03-20 17:13:19,Q1,89000000,1600000.0,87400000,0.9820224719101124,0.0,0.0,0.0,20400000.0,25947000.0,47900000.0,-87200000.0,20100000.00000001,61200000.000000015,0.6876404494382025,41100000,0.46179775280898877,100000.0,-46100000.0,-0.5179775280898876,200000.0,-15900000.0,-0.17865168539325843,-0.36384,-0.36384,43700000,43700000,https://www.sec.gov/Archives/edgar/data/1308106/000136231009004153/0001362310-09-004153-index.html,https://www.sec.gov/Archives/edgar/data/1308106/000136231009004153/c81125e6vk.htm,1620598760,18:19:20,20210509
46,2008-09-30,TGP,USD,2008-11-03 00:00:00,2008-11-03 15:24:28,Q4,77500000,600000.0,76900000,0.9922580645161291,0.0,0.0,0.0,17500000.0,23272000.0,45000000.0,7600000.0,19099999.999999993,51599999.99999999,0.6658064516129031,32500000,0.41935483870967744,-100000.0,40000000.0,0.5161290322580645,-300000.0,45900000.0,0.5922580645161291,1.03378,1.03378,44400000,44400000,https://www.sec.gov/Archives/edgar/data/1308106/000090956708001114/0000909567-08-001114-index.html,https://www.sec.gov/Archives/edgar/data/1308106/000090956708001114/o42303e6vk.htm,1620598760,18:19:20,20210509
47,2008-06-30,TGP,USD,2008-08-01 00:00:00,2008-08-01 16:06:37,Q3,71600000,600000.0,70900000,0.9902234636871509,0.0,0.0,0.0,20800000.0,24617000.0,46100000.0,23400000.0,37700000.0,63200000.0,0.88268156424581,25500000,0.35614525139664804,1100000.0,50100000.0,0.6997206703910615,0.0,31700000.0,0.44273743016759776,0.7925,0.7925,40000000,40000000,https://www.sec.gov/Archives/edgar/data/1308106/000094523408000342/0000945234-08-000342-index.html,https://www.sec.gov/Archives/edgar/data/1308106/000094523408000342/o41517e6vk.htm,1620598760,18:19:20,20210509
48,2008-03-31,TGP,USD,2008-04-11 00:00:00,2008-04-11 16:34:36,Q2,76300000,400000.0,75900000,0.9947575360419397,0.0,0.0,0.0,18400000.0,35727000.0,42100000.0,-99400000.0,0.0,-141500000.0,-1.854522,34200000,0.44823066841415465,0.0,-65100000.0,-0.8532110091743119,100000.0,-42200000.0,-0.5530799475753604,-1.13137,-1.13137,37300000,37300000,https://www.sec.gov/Archives/edgar/data/1308106/000136231008001927/0001362310-08-001927-index.html,https://www.sec.gov/Archives/edgar/data/1308106/000136231008001927/c72957e20vf.htm,1620598760,18:19:20,20210509
49,2007-12-31,TGP,USD,2007-12-31,2007-12-31,Q1,69000000,300000.0,68700000,0.9956521739130435,0.0,0.0,0.0,15200000.0,-21635000.0,37000000.0,-48600000.0,17100000.0,49100000.0,0.7115942028985507,32000000,0.463768115942029,-1300000.0,-18000000.0,-0.2608695652173913,-1200000.0,-600000.0,-0.008695652173913044,-0.01622,-0.01622,37000000,37000000,,,1620598760,18:19:20,20210509
50,2007-09-30,TGP,USD,2007-10-25 00:00:00,2007-10-24 18:04:00,Q4,62900000,300000.0,62600000,0.9952305246422893,0.0,0.0,0.0,13900000.0,34284000.0,34300000.0,-63900000.0,16500000.0,45100000.0,0.7170111287758346,28600000,0.4546899841017488,0.0,-35300000.0,-0.56120826709062,-200000.0,-21600000.0,-0.34340222575516693,-0.57909,-0.57909,37300000,37300000,https://www.sec.gov/Archives/edgar/data/1308106/000130810607000036/0001308106-07-000036-index.html,https://www.sec.gov/Archives/edgar/data/1308106/000130810607000036/form6k.htm,1620598760,18:19:20,20210509
51,2007-06-30,TGP,USD,2007-07-25 00:00:00,2007-07-25 14:51:17,Q3,78300000,300000.0,78000000,0.9961685823754789,0.0,0.0,0.0,13900000.0,34518000.0,34500000.0,11300000.0,16599999.999999998,60400000.0,0.7713920817369093,43800000,0.5593869731800766,0.0,55100000.0,0.7037037037037037,800000.0,41400000.0,0.5287356321839081,1.1728,1.1728,35300000,35300000,https://www.sec.gov/Archives/edgar/data/1308106/000130810607000027/0001308106-07-000027-index.html,https://www.sec.gov/Archives/edgar/data/1308106/000130810607000027/form6k.htm,1620598760,18:19:20,20210509
52,2007-03-31,TGP,USD,2007-04-19 00:00:00,2007-04-19 16:43:57,Q2,59700000,300000.0,59400000,0.9949748743718593,0.0,0.0,0.0,13800000.0,33424000.0,33400000.0,-19100000.0,15800000.0,42100000.0,0.7051926298157454,26300000,0.440536013400335,-100000.0,7100000.0,0.11892797319932999,600000.0,6500000.0,0.10887772194304858,0.18571,0.18571,35000000,35000000,https://www.sec.gov/Archives/edgar/data/1308106/000130810607000009/0001308106-07-000009-index.html,https://www.sec.gov/Archives/edgar/data/1308106/000130810607000009/form20f.htm,1620598760,18:19:20,20210509
53,2006-12-31,TGP,USD,2006-12-31,2006-12-31,Q1,49400000,400000.0,49000000,0.9919028340080972,0.0,0.0,0.0,10500000.0,-12001000.0,28800000.000000004,-27600000.0,14700000.000000004,35300000.0,0.7145748987854251,20600000,0.41700404858299595,-400000.0,-7400000.0,-0.14979757085020243,0.0,-7400000.0,-0.14979757085020243,-0.21143,-0.21143,35000000,35000000,,,1620598760,18:19:20,20210509
54,2006-09-30,TGP,USD,2006-09-30,2006-09-30,Q4,46700000,700000.0,46000000,0.9850107066381156,0.0,0.0,0.0,9500000.0,26031000.0,26000000.0,-8300000.0,13000000.0,33700000.0,0.721627408993576,20700000,0.44325481798715205,0.0,12400000.0,0.26552462526766596,-200000.0,12600000.0,0.2698072805139186,0.36,0.36,35000000,35000000,,,1620598760,18:19:20,20210509
55,2006-06-30,TGP,USD,2006-06-30,2006-06-30,Q3,42500000,700000.0,41900000,0.9858823529411764,0.0,0.0,0.0,9800000.0,26158000.0,26200000.0,-32000000.0,12700000.0,29100000.0,0.6847058823529412,16400000,0.38588235294117645,0.0,-15600000.0,-0.36705882352941177,-100000.0,-15500000.0,-0.36470588235294116,-0.44286,-0.44286,35000000,35000000,,,1620598760,18:19:20,20210509
56,2006-03-31,TGP,USD,2006-03-31,2006-03-31,Q2,44100000,300000.0,43900000,0.9954648526077098,0.0,0.0,0.0,9000000.0,24992000.0,25000000.0,-19000000.0,12700000.0,31800000.0,0.7210884353741497,19100000,0.4331065759637188,300000.0,500000.0,0.011337868480725623,-300000.0,800000.0,0.018140589569160998,0.02286,0.02286,35000000,35000000,,,1620598760,18:19:20,20210509
57,2005-12-31,TGP,USD,2005-12-31,2005-12-31,Q1,40200000,200000.0,40000000,0.9950248756218906,0.0,0.0,0.0,7500000.0,21950000.0,22700000.0,-4400000.0,19500000.000000004,37000000.0,0.9203980099502488,17500000,0.43532338308457713,0.0,13100000.0,0.32587064676616917,300000.0,12700000.0,0.31592039800995025,0.38485,0.38485,33000000,33000000,,,1620598760,18:19:20,20210509
58,2005-09-30,TGP,USD,2005-09-30,2005-09-30,Q4,34800000,100000.0,34600000,0.9942528735632183,0.0,0.0,0.0,6600000.0,20046000.0,20000000.0,-7400000.0,10599999.999999998,25300000.0,0.7270114942528736,14700000,0.4224137931034483,0.0,7300000.0,0.20977011494252873,-1600000.0,8900000.0,0.2557471264367816,0.29276,0.29276,30400000,30400000,,,1620598760,18:19:20,20210509
59,2005-06-30,TGP,USD,2005-06-30,2005-06-30,Q3,35700000,100000.0,35600000,0.9971988795518207,0.0,0.0,0.0,6700000.0,20400000.0,20500000.0,17900000.0,10400000.000000002,25600000.0,0.7170868347338936,15200000,0.4257703081232493,-7700000.0,25400000.0,0.711484593837535,2300000.0,23000000.0,0.6442577030812325,0.83942,0.83942,27400000,27400000,,,1620598760,18:19:20,20210509
60,2005-03-31,TGP,USD,2005-03-31,2005-03-31,Q2,34800000,200000.0,34600000,0.9942528735632183,0.0,0.0,0.0,8000000.0,19700000.0,19900000.0,25700000.0,10200000.0,25100000.0,0.7212643678160919,14900000,0.4281609195402299,0.0,40600000.0,1.1666666666666667,-1400000.0,41900000.0,1.2040229885057472,1.78298,1.78298,23500000,23500000,,,1620598760,18:19:20,20210509
61,2004-12-31,TGP,USD,2004-12-31,2004-12-31,Q1,32300000,200000.0,32000000,0.9907120743034056,0.0,2600000.0,0.0,7600000.0,14900000.0,15100000.0,-19300000.0,0.0,-21500000.0,-0.665635,17200000,0.5325077399380805,-100000.0,-2200000.0,-0.06811145510835913,2300000.0,-4500000.0,-0.1393188854489164,-0.19149,-0.19149,23500000,23500000,,,1620598760,18:19:20,20210509
