,date,symbol,reportedCurrency,fillingDate,acceptedDate,period,revenue,costOfRevenue,grossProfit,grossProfitRatio,researchAndDevelopmentExpenses,generalAndAdministrativeExpenses,sellingAndMarketingExpenses,otherExpenses,operatingExpenses,costAndExpenses,interestExpense,depreciationAndAmortization,ebitda,ebitdaratio,operatingIncome,operatingIncomeRatio,totalOtherIncomeExpensesNet,incomeBeforeTax,incomeBeforeTaxRatio,incomeTaxExpense,netIncome,netIncomeRatio,eps,epsdiluted,weightedAverageShsOut,weightedAverageShsOutDil,link,finalLink,timestamp,est_time,est_date
0,2020-12-31,APM.DE,EUR,2020-12-31,2020-12-31,Q4,-42544000.0,-49867000.0,7323000.0,-0.17212767957878902,0.0,-2010000.0,-8126000.0,0.0,5186000.0,-44681000.0,28000.0,304000.0,2441000.0,-0.05737589319292967,2137000.0,-0.050230349755547195,0.0,1914000.0,-0.04498871756299361,678000.0,917000.0,-0.021554155697630688,0.043665194525822654,0.043665194525822654,21000708,21000708,https://www.bundesanzeiger.de/pub/de/suche;wwwsid=627BFD7A56A5CB624C47FDDEAB2FC509.web07-pub?0,https://www.bundesanzeiger.de/pub/de/suche;wwwsid=627BFD7A56A5CB624C47FDDEAB2FC509.web07-pub?0,1620588626,15:30:26,20210509
1,2020-09-30,APM.DE,EUR,2020-09-30,2020-09-30,Q3,23152000.0,17357000.0,5795000.0,0.25030234968901177,0.0,1412000.0,3349000.0,0.0,4548000.0,21905000.0,29000.0,262000.0,1509000.0,0.06517795438838977,1247000.0,0.05386143745680719,0.0,1219000.0,0.05265203870076019,144000.0,896000.0,0.038700760193503804,0.04266522823897175,0.042245194408754225,21000708,21209513,https://www.bundesanzeiger.de/pub/de/suche;wwwsid=627BFD7A56A5CB624C47FDDEAB2FC509.web07-pub?0,https://www.bundesanzeiger.de/pub/de/suche;wwwsid=627BFD7A56A5CB624C47FDDEAB2FC509.web07-pub?0,1620588626,15:30:26,20210509
2,2020-06-30,APM.DE,EUR,2020-06-30,2020-06-30,Q2,23357000.0,17491000.0,5866000.0,0.25114526694352873,0.0,2102000.0,3183000.0,0.0,4446000.0,21937000.0,32000.0,264000.0,1684000.0,0.07209830029541466,1420000.0,0.06079547887143041,0.0,1390000.0,0.05951106734597765,90000.0,1204000.0,0.05154771588817057,0.05733140044611829,0.0568100505472615,21000708,21193433,https://www.bundesanzeiger.de/pub/de/suche;wwwsid=627BFD7A56A5CB624C47FDDEAB2FC509.web07-pub?0,https://www.bundesanzeiger.de/pub/de/suche;wwwsid=627BFD7A56A5CB624C47FDDEAB2FC509.web07-pub?0,1620588626,15:30:26,20210509
3,2020-03-31,APM.DE,EUR,2020-03-31,2020-03-31,Q1,21649000.0,15946000.0,5703000.0,0.2634301815326343,0.0,1743000.0,3143000.0,0.0,4864000.0,20810000.0,32000.0,281000.0,1120000.0,0.051734491200517346,839000.0,0.03875467689038755,0.0,809000.0,0.03736893159037369,79000.0,647000.0,0.02988590697029886,0.030808485123453935,0.030507419008225026,21000708,21207956,https://www.bundesanzeiger.de/pub/de/suche;wwwsid=627BFD7A56A5CB624C47FDDEAB2FC509.web07-pub?0,https://www.bundesanzeiger.de/pub/de/suche;wwwsid=627BFD7A56A5CB624C47FDDEAB2FC509.web07-pub?0,1620588626,15:30:26,20210509
4,2019-12-31,APM.DE,EUR,2019-12-31,2019-12-31,Q4,-37871000.0,-43597000.0,5726000.0,-0.15119748620316337,0.0,-2087000.0,-7511000.0,0.0,4416000.0,-39181000.0,-92000.0,259000.0,1569000.0,-0.041430118032267434,1310000.0,-0.03459111193261335,0.0,1068000.0,-0.028200998125214545,132000.0,769000.0,-0.02030577486731272,0.03661781307563536,0.03661781307563536,21000708,21000708,https://www.bundesanzeiger.de/pub/de/suche;wwwsid=627BFD7A56A5CB624C47FDDEAB2FC509.web07-pub?0,https://www.bundesanzeiger.de/pub/de/suche;wwwsid=627BFD7A56A5CB624C47FDDEAB2FC509.web07-pub?0,1620588626,15:30:26,20210509
5,2019-09-30,APM.DE,EUR,2019-09-30,2019-09-30,Q3,18834000.0,14026000.0,4808000.0,0.25528299883189975,0.0,1557000.0,3046000.0,0.0,4492000.0,18518000.0,11000.0,249000.0,565000.0,0.029998938090687054,316000.0,0.016778167144525857,0.0,310000.0,0.016459594350642454,164000.0,-16000.0,-0.0008495274503557397,-0.0007618790756959242,-0.0007548510027912503,21000708,21196236,https://www.bundesanzeiger.de/pub/de/suche;wwwsid=627BFD7A56A5CB624C47FDDEAB2FC509.web07-pub?0,https://www.bundesanzeiger.de/pub/de/suche;wwwsid=627BFD7A56A5CB624C47FDDEAB2FC509.web07-pub?0,1620588626,15:30:26,20210509
6,2019-06-30,APM.DE,EUR,2019-06-30,2019-06-30,Q2,5743000.0,228000.0,5515000.0,0.9602994950374368,0.0,2119000.0,3105000.0,0.0,4881000.0,5109000.0,39000.0,249000.0,883000.0,0.15375239421904927,634000.0,0.11039526379940798,0.0,598000.0,0.10412676301584538,142000.0,314000.0,0.054675256834407104,0.014951876860532511,0.014841966615406736,21000708,21156226,https://www.bundesanzeiger.de/pub/de/suche;wwwsid=627BFD7A56A5CB624C47FDDEAB2FC509.web07-pub?0,https://www.bundesanzeiger.de/pub/de/suche;wwwsid=627BFD7A56A5CB624C47FDDEAB2FC509.web07-pub?0,1620588626,15:30:26,20210509
7,2019-03-31,APM.DE,EUR,2019-03-31,2019-03-31,Q1,5048000.0,130000.0,4918000.0,0.9742472266244057,0.0,1586000.0,2852000.0,0.0,4446000.0,4576000.0,151000.0,236000.0,708000.0,0.14025356576862125,472000.0,0.09350237717908082,0.0,334000.0,0.06616481774960381,-48000.0,285000.0,0.056458003169572106,0.01357097103583365,0.013469934538953916,21000708,21158232,https://www.bundesanzeiger.de/pub/de/suche;wwwsid=627BFD7A56A5CB624C47FDDEAB2FC509.web07-pub?0,https://www.bundesanzeiger.de/pub/de/suche;wwwsid=627BFD7A56A5CB624C47FDDEAB2FC509.web07-pub?0,1620588626,15:30:26,20210509
8,2018-12-31,APM.DE,EUR,2018-12-31,2018-12-31,Q4,-7370000.0,-12631000.0,5261000.0,-0.7138398914518318,0.0,-145000.0,-7618000.0,0.0,4462000.0,-8169000.0,-2000.0,83000.0,882000.0,-0.11967435549525102,799000.0,-0.10841248303934871,0.0,105000.0,-0.014246947082767978,87000.0,-50000.0,0.0067842605156037995,-0.002380872111549763,-0.002380872111549763,21000708,21000708,https://www.bundesanzeiger.de/pub/de/suche;wwwsid=627BFD7A56A5CB624C47FDDEAB2FC509.web07-pub?0,https://www.bundesanzeiger.de/pub/de/suche;wwwsid=627BFD7A56A5CB624C47FDDEAB2FC509.web07-pub?0,1620588626,15:30:26,20210509
9,2018-09-30,APM.DE,EUR,2018-09-30,2018-09-30,Q3,9547000.0,4662000.0,4884000.0,0.511574316539227,0.0,1400000.0,3251000.0,0.0,4642000.0,9304000.0,16000.0,81000.0,323000.0,0.03383261757620195,242000.0,0.025348276945637373,0.0,237000.0,0.024824552215355608,69000.0,95000.0,0.009950769875353514,0.004524,0.00445,21000708,21350222,https://www.bundesanzeiger.de/pub/de/suche;wwwsid=627BFD7A56A5CB624C47FDDEAB2FC509.web07-pub?0,https://www.bundesanzeiger.de/pub/de/suche;wwwsid=627BFD7A56A5CB624C47FDDEAB2FC509.web07-pub?0,1620588626,15:30:26,20210509
10,2018-06-30,APM.DE,EUR,2018-06-30,2018-06-30,Q2,9100000.0,4419000.0,4681000.0,0.5143956043956044,0.0,1433000.0,3092000.0,0.0,4472000.0,8891000.0,24000.0,82000.0,291000.0,0.03197802197802198,209000.0,0.022967032967032966,0.0,263000.0,0.0289010989010989,63000.0,137000.0,0.015054945054945056,0.006523589585646351,0.006416628904571379,21000708,21350775,https://www.bundesanzeiger.de/pub/de/suche;wwwsid=627BFD7A56A5CB624C47FDDEAB2FC509.web07-pub?0,https://www.bundesanzeiger.de/pub/de/suche;wwwsid=627BFD7A56A5CB624C47FDDEAB2FC509.web07-pub?0,1620588626,15:30:26,20210509
11,2018-03-31,APM.DE,EUR,2018-03-31,2018-03-31,Q1,8996000.0,4276000.0,4720000.0,0.5246776345042241,0.0,1561000.0,2914000.0,0.0,4490000.0,8766000.0,7000.0,81000.0,311000.0,0.0345709204090707,230000.0,0.025566918630502446,0.0,232000.0,0.02578923966207203,84000.0,65000.0,0.0072254335260115606,0.003095,0.003039,21000708,21388966,https://www.bundesanzeiger.de/pub/de/suche;wwwsid=627BFD7A56A5CB624C47FDDEAB2FC509.web07-pub?0,https://www.bundesanzeiger.de/pub/de/suche;wwwsid=627BFD7A56A5CB624C47FDDEAB2FC509.web07-pub?0,1620588626,15:30:26,20210509
12,2017-12-31,APM.DE,EUR,2017-12-31,2017-12-31,Q4,23526000.0,18244000.0,5282000.0,0.2245175550454816,0.0,-1324000.0,-6180000.0,0.0,3761000.0,22005000.0,13000.0,88000.0,1609000.0,0.06839241690045056,1521000.0,0.06465187452180567,0.0,1160000.0,0.04930714953668282,220000.0,742000.0,0.031539573238119525,0.03533214213539848,0.03533214213539848,21000708,21000708,https://www.bundesanzeiger.de/pub/de/suche;wwwsid=627BFD7A56A5CB624C47FDDEAB2FC509.web07-pub?0,https://www.bundesanzeiger.de/pub/de/suche;wwwsid=627BFD7A56A5CB624C47FDDEAB2FC509.web07-pub?0,1620588626,15:30:26,20210509
13,2017-09-30,APM.DE,EUR,2017-09-30,2017-09-30,Q3,18242000.0,13839000.0,4403000.0,0.24136607828089024,0.0,1364000.0,2725000.0,0.0,4053000.0,17892000.0,10000.0,104000.0,454000.0,0.02488762197127508,350000.0,0.01918649270913277,0.0,347000.0,0.019022037057340204,169000.0,20000.0,0.001096371011950444,0.000955,0.000944,20953235,21176109,https://www.bundesanzeiger.de/pub/de/suche;wwwsid=627BFD7A56A5CB624C47FDDEAB2FC509.web07-pub?0,https://www.bundesanzeiger.de/pub/de/suche;wwwsid=627BFD7A56A5CB624C47FDDEAB2FC509.web07-pub?0,1620588626,15:30:26,20210509
14,2017-06-30,APM.DE,EUR,2017-06-30,2017-06-30,Q2,17428000.0,12881000.0,4548000.0,0.26095937571723665,0.0,1534000.0,2603000.0,0.0,3897000.0,16778000.0,16000.0,95000.0,746000.0,0.04280468212072527,651000.0,0.03735368372733532,0.0,641000.0,0.03677989442276796,114000.0,414000.0,0.023754877209088823,0.019791107253173103,0.019641036805737384,20918486,21078317,https://www.bundesanzeiger.de/pub/de/suche;wwwsid=627BFD7A56A5CB624C47FDDEAB2FC509.web07-pub?0,https://www.bundesanzeiger.de/pub/de/suche;wwwsid=627BFD7A56A5CB624C47FDDEAB2FC509.web07-pub?0,1620588626,15:30:26,20210509
15,2017-03-31,APM.DE,EUR,2017-03-31,2017-03-31,Q1,16367000.0,12251000.0,4116000.0,0.2514816398851347,0.0,1958000.0,2434000.0,0.0,4465000.0,16716000.0,4000.0,104000.0,-245000.0,-0.01496914523125802,-349000.0,-0.021323394635547138,0.0,-347000.0,-0.0212011975316185,161000.0,-596000.0,-0.036414736970733795,-0.028531731713828837,-0.028293995501444607,20889023,21064540,https://www.bundesanzeiger.de/pub/de/suche;wwwsid=627BFD7A56A5CB624C47FDDEAB2FC509.web07-pub?0,https://www.bundesanzeiger.de/pub/de/suche;wwwsid=627BFD7A56A5CB624C47FDDEAB2FC509.web07-pub?0,1620588626,15:30:26,20210509
16,2016-12-31,APM.DE,EUR,2016-12-31,2016-12-31,Q4,19334000.0,14706000.0,4628000.0,0.23937105617047688,0.0,-906000.0,-5443000.0,0.0,4179000.0,18885000.0,-62000.0,70000.0,519000.0,0.026843901934416055,449000.0,0.02322333712630599,0.0,428000.0,0.02213716768387297,301000.0,-46000.0,-0.0023792283024723286,-0.002190402342625782,-0.002190402342625782,21000708,21000708,https://www.bundesanzeiger.de/pub/de/suche;wwwsid=627BFD7A56A5CB624C47FDDEAB2FC509.web07-pub?0,https://www.bundesanzeiger.de/pub/de/suche;wwwsid=627BFD7A56A5CB624C47FDDEAB2FC509.web07-pub?0,1620588626,15:30:26,20210509
17,2016-09-30,APM.DE,EUR,2016-09-30,2016-09-30,Q3,13530000.0,9819000.0,3711000.0,0.27427937915742795,0.0,1342000.0,2245000.0,0.0,3541000.0,13360000.0,0.0,56000.0,226000.0,0.016703621581670363,170000.0,0.012564671101256468,0.0,176000.0,0.013008130081300813,136000.0,-85000.0,-0.006282335550628234,-0.004085819514450822,-0.003999202417889552,20803660,21254238,https://www.bundesanzeiger.de/pub/de/suche;wwwsid=627BFD7A56A5CB624C47FDDEAB2FC509.web07-pub?0,https://www.bundesanzeiger.de/pub/de/suche;wwwsid=627BFD7A56A5CB624C47FDDEAB2FC509.web07-pub?0,1620588626,15:30:26,20210509
18,2016-06-30,APM.DE,EUR,2016-06-30,2016-06-30,Q2,13882000.0,9926000.0,3956000.0,0.28497334678000286,0.0,1509000.0,2290000.0,0.0,3502000.0,13428000.0,0.0,56000.0,510000.0,0.03673822215819046,454000.0,0.03270422129376171,0.0,461000.0,0.0332084714018153,76000.0,292000.0,0.021034433078807088,0.013879992067489464,0.013499545407431536,21037476,21630358,https://www.bundesanzeiger.de/pub/de/suche;wwwsid=627BFD7A56A5CB624C47FDDEAB2FC509.web07-pub?0,https://www.bundesanzeiger.de/pub/de/suche;wwwsid=627BFD7A56A5CB624C47FDDEAB2FC509.web07-pub?0,1620588626,15:30:26,20210509
19,2016-03-31,APM.DE,EUR,2016-03-31,2016-03-31,Q1,14418000.0,10624000.0,3793000.0,0.26307393535857954,0.0,1472000.0,2145000.0,0.0,3233000.0,13857000.0,64000.0,-42000.0,518000.0,0.03592731308087113,560000.0,0.03884033846580663,0.0,626000.0,0.043417949784990986,81000.0,468000.0,0.03245942571785269,0.021892877867914374,0.021452948618400313,21376815,21815183,https://www.bundesanzeiger.de/pub/de/suche;wwwsid=627BFD7A56A5CB624C47FDDEAB2FC509.web07-pub?0,https://www.bundesanzeiger.de/pub/de/suche;wwwsid=627BFD7A56A5CB624C47FDDEAB2FC509.web07-pub?0,1620588626,15:30:26,20210509
20,2015-12-31,APM.DE,EUR,2015-12-31,2015-12-31,Q4,18860000.0,14419000.0,4441000.0,0.23547189819724285,0.0,-1181000.0,-6712000.0,0.0,4052000.0,18471000.0,-54000.0,84000.0,473000.0,0.025079533404029693,389000.0,0.020625662778366916,0.0,726000.0,0.038494167550371154,285000.0,323000.0,0.017126193001060445,0.015380433840611468,0.015380433840611468,21000708,21000708,https://www.bundesanzeiger.de/pub/de/suche;wwwsid=627BFD7A56A5CB624C47FDDEAB2FC509.web07-pub?0,https://www.bundesanzeiger.de/pub/de/suche;wwwsid=627BFD7A56A5CB624C47FDDEAB2FC509.web07-pub?0,1620588626,15:30:26,20210509
21,2015-09-30,APM.DE,EUR,2015-09-30,2015-09-30,Q3,12769000.0,8986000.0,3783000.0,0.296264390320307,0.0,1668000.0,2519000.0,0.0,3851000.0,12837000.0,6000.0,59000.0,-9000.0,-0.0007048320150364163,-68000.0,-0.0053253974469418125,0.0,21000.0,0.0016446080350849715,-9000.0,-3000.0,-0.00023494400501213877,-0.00014064804430300877,-0.00013981671520015555,21329838,21456662,https://www.bundesanzeiger.de/pub/de/suche;wwwsid=627BFD7A56A5CB624C47FDDEAB2FC509.web07-pub?0,https://www.bundesanzeiger.de/pub/de/suche;wwwsid=627BFD7A56A5CB624C47FDDEAB2FC509.web07-pub?0,1620588626,15:30:26,20210509
22,2015-06-30,APM.DE,EUR,2015-06-30,2015-06-30,Q2,12781000.0,8920000.0,3861000.0,0.30208903841639934,0.0,1531000.0,2802000.0,0.0,3852000.0,12772000.0,58000.0,88000.0,97000.0,0.007589390501525703,9000.0,0.0007041702527188796,0.0,3000.0,0.00023472341757295988,32000.0,-27000.0,-0.0021125107581566388,-0.0012711440692089924,-0.0012711401793145665,21240708,21240773,https://www.bundesanzeiger.de/pub/de/suche;wwwsid=627BFD7A56A5CB624C47FDDEAB2FC509.web07-pub?0,https://www.bundesanzeiger.de/pub/de/suche;wwwsid=627BFD7A56A5CB624C47FDDEAB2FC509.web07-pub?0,1620588626,15:30:26,20210509
23,2015-03-31,APM.DE,EUR,2015-03-31,2015-03-31,Q1,11599000.0,7840000.0,3759000.0,0.324079662039831,0.0,1347000.0,2861000.0,0.0,4117000.0,11957000.0,9000.0,65000.0,-293000.0,-0.025260798344684886,-358000.0,-0.030864729718079145,0.0,-307000.0,-0.026467798948185187,1000.0,-326000.0,-0.02810587119579274,-0.015347887650449317,-0.015347839238445866,21240708,21240775,https://www.bundesanzeiger.de/pub/de/suche;wwwsid=627BFD7A56A5CB624C47FDDEAB2FC509.web07-pub?0,https://www.bundesanzeiger.de/pub/de/suche;wwwsid=627BFD7A56A5CB624C47FDDEAB2FC509.web07-pub?0,1620588626,15:30:26,20210509
24,2014-12-31,APM.DE,EUR,2014-12-31,2014-12-31,Q4,13391000.0,9218000.0,4173000.0,0.3116272123067732,0.0,-1472000.0,-7987000.0,0.0,5223000.0,14441000.0,0.0,57000.0,-993000.0,-0.07415428272720484,-1050000.0,-0.07841087297438579,0.0,-2780000.0,-0.2076021208274214,129000.0,-2964000.0,-0.22134269285340902,-0.14113809877266995,-0.14113809877266995,21000708,21000708,https://www.bundesanzeiger.de/pub/de/suche;wwwsid=627BFD7A56A5CB624C47FDDEAB2FC509.web07-pub?0,https://www.bundesanzeiger.de/pub/de/suche;wwwsid=627BFD7A56A5CB624C47FDDEAB2FC509.web07-pub?0,1620588626,15:30:26,20210509
25,2014-09-30,APM.DE,EUR,2014-09-30,2014-09-30,Q3,11639000.0,7541000.0,4098000.0,0.35209210413265746,0.0,1984000.0,3162000.0,0.0,4753000.0,12294000.0,53000.0,46000.0,-609000.0,-0.05232408282498496,-655000.0,-0.05627631239797234,0.0,-632000.0,-0.05430019761147865,-26000.0,-612000.0,-0.052581836927571096,-0.028812598902070496,-0.028650869862880308,21240708,21360608,https://www.bundesanzeiger.de/pub/de/suche;wwwsid=627BFD7A56A5CB624C47FDDEAB2FC509.web07-pub?0,https://www.bundesanzeiger.de/pub/de/suche;wwwsid=627BFD7A56A5CB624C47FDDEAB2FC509.web07-pub?0,1620588626,15:30:26,20210509
26,2014-06-30,APM.DE,EUR,2014-06-30,2014-06-30,Q2,10672000.0,6950000.0,3722000.0,0.3487631184407796,0.0,1924000.0,3060000.0,0.0,4972000.0,11922000.0,31000.0,52000.0,-1198000.0,-0.11225637181409295,-1250000.0,-0.11712893553223389,0.0,-1127000.0,-0.10560344827586207,3000.0,-1163000.0,-0.1089767616191904,-0.054753353795928085,-0.05414108795096372,21240708,21480913,https://www.bundesanzeiger.de/pub/de/suche;wwwsid=627BFD7A56A5CB624C47FDDEAB2FC509.web07-pub?0,https://www.bundesanzeiger.de/pub/de/suche;wwwsid=627BFD7A56A5CB624C47FDDEAB2FC509.web07-pub?0,1620588626,15:30:26,20210509
27,2014-03-31,APM.DE,EUR,2014-03-31,2014-03-31,Q1,11579000.0,7442000.0,4137000.0,0.35728473961481994,0.0,1897000.0,3291000.0,0.0,5128000.0,12570000.0,22000.0,56000.0,-935000.0,-0.08074963295621383,-991000.0,-0.08558597460920632,0.0,-687000.0,-0.0593315484929614,3000.0,-693000.0,-0.05984972795578202,-0.03,-0.03,21240708,21240708,https://www.bundesanzeiger.de/pub/de/suche;wwwsid=627BFD7A56A5CB624C47FDDEAB2FC509.web07-pub?0,https://www.bundesanzeiger.de/pub/de/suche;wwwsid=627BFD7A56A5CB624C47FDDEAB2FC509.web07-pub?0,1620588626,15:30:26,20210509
28,2013-12-31,APM.DE,EUR,2013-12-31,2013-12-31,Q4,13193000.0,8284000.0,4909000.0,0.3720912605169408,0.0,-1634000.0,-9125000.0,0.0,7051000.0,15335000.0,34000.0,60000.0,-2082000.0,-0.15781096035776548,-2142000.0,-0.16235882665049647,0.0,6096000.0,0.46206321534146894,696000.0,5367000.0,0.4068066398847874,0.25556281245375156,0.25556281245375156,21000708,21000708,https://www.bundesanzeiger.de/pub/de/suche;wwwsid=627BFD7A56A5CB624C47FDDEAB2FC509.web07-pub?0,https://www.bundesanzeiger.de/pub/de/suche;wwwsid=627BFD7A56A5CB624C47FDDEAB2FC509.web07-pub?0,1620588626,15:30:26,20210509
29,2013-09-30,APM.DE,EUR,2013-09-30,2013-09-30,Q3,11290000.0,6595000.0,4695000.0,0.4158547387068202,0.0,2232000.0,3494000.0,0.0,5325000.0,11920000.0,10000.0,83000.0,-547000.0,-0.048449955713020375,-630000.0,-0.05580159433126661,0.0,-263000.0,-0.02329495128432241,-590000.0,296000.0,0.026217891939769707,0.013935505351328214,0.013914354141748533,21240708,21272996,https://www.bundesanzeiger.de/pub/de/suche;wwwsid=627BFD7A56A5CB624C47FDDEAB2FC509.web07-pub?0,https://www.bundesanzeiger.de/pub/de/suche;wwwsid=627BFD7A56A5CB624C47FDDEAB2FC509.web07-pub?0,1620588626,15:30:26,20210509
30,2013-06-30,APM.DE,EUR,2013-06-30,2013-06-30,Q2,12148000.0,6792000.0,5356000.0,0.44089562067830096,0.0,2233000.0,3907000.0,0.0,6138000.0,12930000.0,17000.0,65000.0,-717000.0,-0.05902206124464932,-782000.0,-0.06437273625288113,0.0,-646000.0,-0.05317747777411919,27000.0,-696000.0,-0.0572933816266052,-0.03,-0.03,21240708,21240708,https://www.bundesanzeiger.de/pub/de/suche;wwwsid=627BFD7A56A5CB624C47FDDEAB2FC509.web07-pub?0,https://www.bundesanzeiger.de/pub/de/suche;wwwsid=627BFD7A56A5CB624C47FDDEAB2FC509.web07-pub?0,1620588626,15:30:26,20210509
31,2013-03-31,APM.DE,EUR,2013-03-31,2013-03-31,Q1,12996000.0,7255000.0,5741000.0,0.4417513080947984,0.0,2240000.0,3831000.0,0.0,5673000.0,12928000.0,29000.0,66000.0,134000.0,0.010310864881502001,68000.0,0.0052323791935980305,0.0,106000.0,0.008156355801785165,63000.0,1000.0,7.694675284702985e-05,4.7e-05,4.7e-05,21240708,21240708,https://www.bundesanzeiger.de/pub/de/suche;wwwsid=627BFD7A56A5CB624C47FDDEAB2FC509.web07-pub?0,https://www.bundesanzeiger.de/pub/de/suche;wwwsid=627BFD7A56A5CB624C47FDDEAB2FC509.web07-pub?0,1620588626,15:30:26,20210509
32,2012-12-31,APM.DE,EUR,2012-12-31,2012-12-31,Q4,15667000.0,8897000.0,6770000.0,0.43211846556456246,0.0,244000.0,4141000.0,0.0,6531000.0,15428000.0,0.0,116000.0,355000.0,0.022659092359737027,239000.0,0.015254994574583519,0.0,-3353000.0,-0.21401672304844577,113000.0,-3525000.0,-0.22499521286781132,-0.1678514838642583,-0.1678514838642583,21000708,21000708,https://www.bundesanzeiger.de/pub/de/suche;wwwsid=627BFD7A56A5CB624C47FDDEAB2FC509.web07-pub?0,https://www.bundesanzeiger.de/pub/de/suche;wwwsid=627BFD7A56A5CB624C47FDDEAB2FC509.web07-pub?0,1620588626,15:30:26,20210509
33,2012-09-30,APM.DE,EUR,2012-09-30,2012-09-30,Q3,12714000.0,7076000.0,5638000.0,0.44344816737454773,0.0,2356000.0,3799000.0,0.0,6312000.0,13388000.0,0.0,119000.0,-555000.0,-0.04365266635205285,-674000.0,-0.05301242724555608,0.0,-540000.0,-0.04247286455875413,21000.0,-557000.0,-0.04380997325782602,-0.03,-0.03,21240708,21240708,https://www.bundesanzeiger.de/pub/de/suche;wwwsid=627BFD7A56A5CB624C47FDDEAB2FC509.web07-pub?0,https://www.bundesanzeiger.de/pub/de/suche;wwwsid=627BFD7A56A5CB624C47FDDEAB2FC509.web07-pub?0,1620588626,15:30:26,20210509
34,2012-06-30,APM.DE,EUR,2012-06-30,2012-06-30,Q2,13328000.0,7726000.0,5602000.0,0.42031812725090034,0.0,2210000.0,4001000.0,0.0,5950000.0,13676000.0,26000.0,113000.0,-235000.0,-0.017632052821128452,-348000.0,-0.02611044417767107,0.0,-289000.0,-0.021683673469387755,107000.0,-396000.0,-0.02971188475390156,-0.02,-0.02,21240708,21240708,https://www.bundesanzeiger.de/pub/de/suche;wwwsid=627BFD7A56A5CB624C47FDDEAB2FC509.web07-pub?0,https://www.bundesanzeiger.de/pub/de/suche;wwwsid=627BFD7A56A5CB624C47FDDEAB2FC509.web07-pub?0,1620588626,15:30:26,20210509
35,2012-03-31,APM.DE,EUR,2012-03-31,2012-03-31,Q1,13313000.0,8186000.0,5127000.0,0.38511229625178395,0.0,2100000.0,4017000.0,0.0,6023000.0,14209000.0,8000.0,118000.0,-778000.0,-0.05843911965747765,-896000.0,-0.06730263652069406,0.0,-551000.0,-0.04138811687823932,140000.0,-691000.0,-0.05190415383459776,-0.04,-0.04,21074511,21074511,https://www.bundesanzeiger.de/pub/de/suche;wwwsid=627BFD7A56A5CB624C47FDDEAB2FC509.web07-pub?0,https://www.bundesanzeiger.de/pub/de/suche;wwwsid=627BFD7A56A5CB624C47FDDEAB2FC509.web07-pub?0,1620588626,15:30:26,20210509
36,2011-12-31,APM.DE,EUR,2011-12-31,2011-12-31,Q4,16297000.0,9978000.0,6319000.0,0.38774007486040374,0.0,2418000.0,3903000.0,0.0,6209000.0,16187000.0,0.0,118000.0,228000.0,0.013990304964103823,110000.0,0.006749708535313248,0.0,71000.0,0.004356630054611278,-245000.0,27000.0,0.001656746640485979,0.001285670940236872,0.001285670940236872,21000708,21000708,https://www.bundesanzeiger.de/pub/de/suche;wwwsid=627BFD7A56A5CB624C47FDDEAB2FC509.web07-pub?0,https://www.bundesanzeiger.de/pub/de/suche;wwwsid=627BFD7A56A5CB624C47FDDEAB2FC509.web07-pub?0,1620588626,15:30:26,20210509
37,2011-09-30,APM.DE,EUR,2011-09-30,2011-09-30,Q3,13493000.0,7994000.0,5499000.0,0.40754465278292445,0.0,2165000.0,3933000.0,0.0,6079000.0,14073000.0,4000.0,129000.0,-451000.0,-0.033424738753427705,-580000.0,-0.04298525161194693,0.0,-451000.0,-0.033424738753427705,171000.0,-622000.0,-0.04609797672867413,-0.03,-0.03,21228840,21228840,https://www.bundesanzeiger.de/pub/de/suche;wwwsid=627BFD7A56A5CB624C47FDDEAB2FC509.web07-pub?0,https://www.bundesanzeiger.de/pub/de/suche;wwwsid=627BFD7A56A5CB624C47FDDEAB2FC509.web07-pub?0,1620588626,15:30:26,20210509
38,2011-06-30,APM.DE,EUR,2011-06-30,2011-06-30,Q2,13370000.0,7436000.0,5934000.0,0.443829468960359,0.0,2569000.0,4210000.0,0.0,6969000.0,14405000.0,5000.0,130000.0,-905000.0,-0.06768885564697083,-1035000.0,-0.07741211667913239,0.0,-846000.0,-0.06327599102468212,50000.0,-896000.0,-0.06701570680628273,-0.04,-0.04,21228840,21228840,https://www.bundesanzeiger.de/pub/de/suche;wwwsid=627BFD7A56A5CB624C47FDDEAB2FC509.web07-pub?0,https://www.bundesanzeiger.de/pub/de/suche;wwwsid=627BFD7A56A5CB624C47FDDEAB2FC509.web07-pub?0,1620588626,15:30:26,20210509
39,2011-03-31,APM.DE,EUR,2011-03-31,2011-03-31,Q1,12859000.0,7449000.0,5410000.0,0.42071700754335484,0.0,2627000.0,4070000.0,0.0,6635000.0,14084000.0,6000.0,135000.0,-1090000.0,-0.08476553386733028,-1225000.0,-0.09526401741970604,0.0,-936000.0,-0.07278948596313865,215000.0,-1151000.0,-0.08950929310210748,-0.05453131284159355,-0.05370193169720826,21107139,21433121,https://www.bundesanzeiger.de/pub/de/suche;wwwsid=627BFD7A56A5CB624C47FDDEAB2FC509.web07-pub?0,https://www.bundesanzeiger.de/pub/de/suche;wwwsid=627BFD7A56A5CB624C47FDDEAB2FC509.web07-pub?0,1620588626,15:30:26,20210509
40,2010-12-31,APM.DE,EUR,2010-12-31,2010-12-31,Q4,14517000.0,8001000.0,6516000.0,0.44885306881587106,0.0,2655000.0,3945000.0,-154000.0,6012000.0,14013000.0,-43000.0,166000.0,670000.0,0.04615278638837225,504000.0,0.0347179169249845,0.0,556000.0,0.03829992422676862,582000.0,-26000.0,-0.0017910036508920577,-0.0012380534980058768,-0.0012380534980058768,21000708,21000708,https://www.bundesanzeiger.de/pub/de/suche;wwwsid=627BFD7A56A5CB624C47FDDEAB2FC509.web07-pub?0,https://www.bundesanzeiger.de/pub/de/suche;wwwsid=627BFD7A56A5CB624C47FDDEAB2FC509.web07-pub?0,1620588626,15:30:26,20210509
41,2010-09-30,APM.DE,EUR,2010-09-30,2010-09-30,Q3,12260000.0,6688000.0,5572000.0,0.45448613376835234,0.0,2203000.0,3741000.0,889000.0,5390000.0,12078000.0,4000.0,177000.0,359000.0,0.029282218597063623,182000.0,0.014845024469820554,0.0,1444000.0,0.11778140293637847,-33000.0,1477000.0,0.12047308319738989,0.0689199782125144,0.06705336985176984,21430651,22027230,https://www.bundesanzeiger.de/pub/de/suche;wwwsid=627BFD7A56A5CB624C47FDDEAB2FC509.web07-pub?0,https://www.bundesanzeiger.de/pub/de/suche;wwwsid=627BFD7A56A5CB624C47FDDEAB2FC509.web07-pub?0,1620588626,15:30:26,20210509
42,2010-06-30,APM.DE,EUR,2010-06-30,2010-06-30,Q2,12889000.0,6854000.0,6035000.0,0.4682287221661882,0.0,2307000.0,3980000.0,0.0,5731000.0,12585000.0,31000.0,183000.0,487000.0,0.037784157033129026,304000.0,0.02358600356893475,0.0,634000.0,0.049189231127317865,2000.0,632000.0,0.04903406005120645,0.029490471381387343,0.028848217568144558,21430651,21907766,https://www.bundesanzeiger.de/pub/de/suche;wwwsid=627BFD7A56A5CB624C47FDDEAB2FC509.web07-pub?0,https://www.bundesanzeiger.de/pub/de/suche;wwwsid=627BFD7A56A5CB624C47FDDEAB2FC509.web07-pub?0,1620588626,15:30:26,20210509
43,2010-03-31,APM.DE,EUR,2010-03-31,2010-03-31,Q1,11995000.0,6704000.0,5291000.0,0.4411004585243852,0.0,1957000.0,3731000.0,0.0,5274000.0,11978000.0,59000.0,186000.0,203000.0,0.0169237182159233,17000.0,0.00141725719049604,0.0,420000.0,0.035014589412255104,1000.0,419000.0,0.03493122134222593,0.019565733181956507,0.019282411720724226,21414991,21729647,https://www.bundesanzeiger.de/pub/de/suche;wwwsid=627BFD7A56A5CB624C47FDDEAB2FC509.web07-pub?0,https://www.bundesanzeiger.de/pub/de/suche;wwwsid=627BFD7A56A5CB624C47FDDEAB2FC509.web07-pub?0,1620588626,15:30:26,20210509
44,2009-12-31,APM.DE,EUR,2009-12-31,2009-12-31,Q4,12373000.0,6926000.0,5447000.0,0.44023276489129554,0.0,0.0,14188000.0,0.0,31106000.0,38032000.0,104000.0,356000.0,-25303000.0,-2.0450173765457045,-25659000.0,-2.0737897033864057,0.0,-460000.0,-0.0371777256930413,82000.0,-542000.0,-0.043805059403539966,-0.02580865368919943,-0.02580865368919943,21000708,21000708,https://www.bundesanzeiger.de/pub/de/suche;wwwsid=627BFD7A56A5CB624C47FDDEAB2FC509.web07-pub?0,https://www.bundesanzeiger.de/pub/de/suche;wwwsid=627BFD7A56A5CB624C47FDDEAB2FC509.web07-pub?0,1620588626,15:30:26,20210509
45,2009-09-30,APM.DE,EUR,2009-09-30,2009-09-30,Q3,11438000.0,6417000.0,5021000.0,0.4389753453400944,0.0,3364000.0,4239000.0,-3119000.0,9543000.0,15960000.0,84000.0,557000.0,-3965000.0,-0.3466515125021857,-4522000.0,-0.3953488372093023,0.0,-31320000.0,-2.7382409512152472,-1000.0,-31782000.0,-2.7786326280818323,-1.4898261077329624,-1.4687320478099963,21332691,21639073,https://www.bundesanzeiger.de/pub/de/suche;wwwsid=627BFD7A56A5CB624C47FDDEAB2FC509.web07-pub?0,https://www.bundesanzeiger.de/pub/de/suche;wwwsid=627BFD7A56A5CB624C47FDDEAB2FC509.web07-pub?0,1620588626,15:30:26,20210509
46,2009-06-30,APM.DE,EUR,2009-06-30,2009-06-30,Q2,11468000.0,6180000.0,5288000.0,0.4611091733519358,0.0,2508000.0,4277000.0,0.0,7058000.0,13238000.0,75000.0,661000.0,-1109000.0,-0.09670387164283223,-1770000.0,-0.15434251831182422,0.0,-1087000.0,-0.09478549005929543,33000.0,-1120000.0,-0.09766306243460063,-0.051477562309452586,-0.05127207388672076,21757052,21844250,https://www.bundesanzeiger.de/pub/de/suche;wwwsid=627BFD7A56A5CB624C47FDDEAB2FC509.web07-pub?0,https://www.bundesanzeiger.de/pub/de/suche;wwwsid=627BFD7A56A5CB624C47FDDEAB2FC509.web07-pub?0,1620588626,15:30:26,20210509
47,2009-03-31,APM.DE,EUR,2009-03-31,2009-03-31,Q1,11619000.0,6396000.0,5223000.0,0.4495223341079267,0.0,2583000.0,4075000.0,0.0,6432000.0,12828000.0,13000.0,621000.0,-588000.0,-0.050606764781822876,-1209000.0,-0.10405370513813582,0.0,-903000.0,-0.077717531629228,-25000.0,-878000.0,-0.07556588346673553,-0.040041530089932914,-0.04003377427936698,21927234,21931482,https://www.bundesanzeiger.de/pub/de/suche;wwwsid=627BFD7A56A5CB624C47FDDEAB2FC509.web07-pub?0,https://www.bundesanzeiger.de/pub/de/suche;wwwsid=627BFD7A56A5CB624C47FDDEAB2FC509.web07-pub?0,1620588626,15:30:26,20210509
