,date,symbol,reportedCurrency,fillingDate,acceptedDate,period,revenue,costOfRevenue,grossProfit,grossProfitRatio,researchAndDevelopmentExpenses,generalAndAdministrativeExpenses,sellingAndMarketingExpenses,otherExpenses,operatingExpenses,costAndExpenses,interestExpense,depreciationAndAmortization,ebitda,ebitdaratio,operatingIncome,operatingIncomeRatio,totalOtherIncomeExpensesNet,incomeBeforeTax,incomeBeforeTaxRatio,incomeTaxExpense,netIncome,netIncomeRatio,eps,epsdiluted,weightedAverageShsOut,weightedAverageShsOutDil,link,finalLink,timestamp,est_time,est_date
0,2013-12-31,ROST.ME,RUB,2013-12-31,2013-12-31,Q4,2184596000,1763669000,420927000,0.1926795618045625,0.0,318172000,0.0,0.0,541847000,2305516000,0.0,277215000,156295000.0,0.0715441207436066,-120920000,-0.055351195369761734,0.0,-73957000.0,-0.0338538567314048,-1043000.0,-288670000.0,-0.13213884855598015,-18.5258774425959,-18.5258774425959,15581988,15581988,http://www.cbr.ru/eng/search/?text=ROST&category=Any&time=Any&dateFrom=&dateTo=,http://www.cbr.ru/eng/search/?text=ROST&category=Any&time=Any&dateFrom=&dateTo=,1620597388,17:56:28,20210509
1,2013-09-30,ROST.ME,RUB,2013-09-30,2013-09-30,Q3,2469883000,2115851000,354032000,0.14333958329200208,0.0,362433000,0.0,0.0,427846000,2543697000,0.0,78224000,4410000.0,0.0017855096779887953,-73814000,-0.029885626161239215,0.0,-139121000.0,-0.056326959617115466,-8641000.0,-129993000.0,-0.05263123799791326,-8.342517013875252,-8.342517013875252,15581988,15581988,http://www.cbr.ru/eng/search/?text=ROST&category=Any&time=Any&dateFrom=&dateTo=,http://www.cbr.ru/eng/search/?text=ROST&category=Any&time=Any&dateFrom=&dateTo=,1620597388,17:56:28,20210509
2,2013-06-30,ROST.ME,RUB,2013-06-30,2013-06-30,Q2,2628030000,2146547000,481483000,0.18321061783921797,0.0,377986000,0.0,0.0,422769000,2569316000,0.0,73308000,132022000.0,0.05023610841580956,58714000,0.02234144967903715,0.0,-19437000.0,-0.007396034291845983,-1572000.0,-18149000.0,-0.0069059333417046224,-1.1647422652359891,-1.1647422652359891,15581988,15581988,http://www.cbr.ru/eng/search/?text=ROST&category=Any&time=Any&dateFrom=&dateTo=,http://www.cbr.ru/eng/search/?text=ROST&category=Any&time=Any&dateFrom=&dateTo=,1620597388,17:56:28,20210509
3,2013-03-31,ROST.ME,RUB,2013-03-31,2013-03-31,Q1,2568379000,2130091000,438288000,0.1706477120393836,0.0,346427000,0.0,0.0,390513000,2520604000,0.0,81015000,128790000.0,0.05014446855390112,47775000,0.01860122668811729,0.0,8045000.0,0.0031323258755814464,34423000.0,-25087000.0,-0.009767639433276786,-1.6099999563598688,-1.5500000278032453,15581988,16185161,http://www.cbr.ru/eng/search/?text=ROST&category=Any&time=Any&dateFrom=&dateTo=,http://www.cbr.ru/eng/search/?text=ROST&category=Any&time=Any&dateFrom=&dateTo=,1620597388,17:56:28,20210509
4,2012-12-31,ROST.ME,RUB,2012-12-31,2012-12-31,Q4,2706262000,2209292000,496970000,0.18363706100887497,0.0,436636000,0.0,0.0,718159000,2927451000,0.0,157242000,-63947000.0,-0.0236292716669709,-221189000,-0.0817322934734331,0.0,-127068000.0,-0.04695332528779549,26753000.0,-154450000.0,-0.05707134046888291,-9.912085672251834,-9.912085672251834,15581988,15581988,http://www.cbr.ru/eng/search/?text=ROST&category=Any&time=Any&dateFrom=&dateTo=,http://www.cbr.ru/eng/search/?text=ROST&category=Any&time=Any&dateFrom=&dateTo=,1620597388,17:56:28,20210509
5,2012-09-30,ROST.ME,RUB,2012-09-30,2012-09-30,Q3,2674987000,2193601000,481386000,0.17995825774106566,0.0,364478000,0.0,0.0,405704000,2599305000,0.0,95653000,171335000.0,0.06405077856453134,75682000,0.02829247394473319,0.0,13096000.0,0.004895724726886523,29687000.0,-15151000.0,-0.005663952759396588,-0.9723406281663162,-0.9723406281663162,15581988,15581988,http://www.cbr.ru/eng/search/?text=ROST&category=Any&time=Any&dateFrom=&dateTo=,http://www.cbr.ru/eng/search/?text=ROST&category=Any&time=Any&dateFrom=&dateTo=,1620597388,17:56:28,20210509
6,2012-06-30,ROST.ME,RUB,2012-06-30,2012-06-30,Q2,2616690000,2103249000,513441000,0.19621774073352213,0.0,383754000,0.0,0.0,409043000,2512292000,0.0,93240000,197638000.0,0.07552977234597907,104398000,0.03989696907161337,0.0,-20090000.0,-0.007677638543350569,19329000.0,-38103000.0,-0.014561526202951057,-2.4453234080272686,-2.4453234080272686,15581988,15581988,http://www.cbr.ru/eng/search/?text=ROST&category=Any&time=Any&dateFrom=&dateTo=,http://www.cbr.ru/eng/search/?text=ROST&category=Any&time=Any&dateFrom=&dateTo=,1620597388,17:56:28,20210509
7,2012-03-31,ROST.ME,RUB,2012-03-31,2012-03-31,Q1,2569378000,2078787000,490591000,0.19093765105796034,0.0,385245000,0.0,0.0,418052000,2496839000,0.0,94754000,167293000.0,0.06511031074446812,72539000,0.028232124662077748,0.0,-20547000.0,-0.00799687706518854,15171000.0,-34226000.0,-0.01332073365616114,-2.1899999302547792,-2.139999992496932,15628311,15993458,http://www.cbr.ru/eng/search/?text=ROST&category=Any&time=Any&dateFrom=&dateTo=,http://www.cbr.ru/eng/search/?text=ROST&category=Any&time=Any&dateFrom=&dateTo=,1620597388,17:56:28,20210509
8,2011-12-31,ROST.ME,RUB,2011-12-31,2011-12-31,Q4,2781878000,2106709000,675169000,0.2427025915586521,0.0,355387000,0.0,0.0,525426000,2632135000,0.0,107729000,257472000.0,0.09255330391915102,149743000,0.05382802552807851,0.0,28787000.0,0.010348045457061741,33388000.0,-4748000.0,-0.0017067606846885449,-0.3047107981343587,-0.3047107981343587,15581988,15581988,http://www.cbr.ru/eng/search/?text=ROST&category=Any&time=Any&dateFrom=&dateTo=,http://www.cbr.ru/eng/search/?text=ROST&category=Any&time=Any&dateFrom=&dateTo=,1620597388,17:56:28,20210509
