,date,symbol,reportedCurrency,fillingDate,acceptedDate,period,revenue,costOfRevenue,grossProfit,grossProfitRatio,researchAndDevelopmentExpenses,generalAndAdministrativeExpenses,sellingAndMarketingExpenses,otherExpenses,operatingExpenses,costAndExpenses,interestExpense,depreciationAndAmortization,ebitda,ebitdaratio,operatingIncome,operatingIncomeRatio,totalOtherIncomeExpensesNet,incomeBeforeTax,incomeBeforeTaxRatio,incomeTaxExpense,netIncome,netIncomeRatio,eps,epsdiluted,weightedAverageShsOut,weightedAverageShsOutDil,link,finalLink,timestamp,est_time,est_date
0,2021-03-31,CW,USD,2021-05-06,2021-05-06 15:47:34,Q1,597059000,774604000.0,209757000.0,0.3513170390195944,21863000.0,73232000.0,29596000.0,0.0,124691000.0,899295000.0,-9959000.0,28595000.0,113661000.0,0.19036812107346174,85066000.0,0.14247503178077878,4843.0,79950000.0,0.13390636436265094,-20481000.0,100431000.0,0.16820950693315065,2.417402816223372,2.417402816223372,41545000,41545000,https://www.sec.gov/Archives/edgar/data/26324/000002632421000011/0000026324-21-000011-index.htm,https://www.sec.gov/Archives/edgar/data/26324/000002632421000011/cw-20210331.htm,1620590883,16:08:03,20210509
1,2020-12-31,CW,USD,2021-02-25,2021-02-25 13:41:53,Q4,668444000,426643000.0,241801000.0,0.36173710886775856,20653000.0,72773000.0,27887000.0,2904000.0,121313000.0,547956000.0,10486000.0,31134000.0,151622000.0,0.22682827581667275,120488000.0,0.18025144963527237,-41104000.0,68898000.0,0.103072209489501,14905000.0,53993000.0,0.08077415609983783,1.2996269105788905,1.2996269105788905,41545000,41545000,https://www.sec.gov/Archives/edgar/data/26324/000002632421000007/0000026324-21-000007-index.htm,https://www.sec.gov/Archives/edgar/data/26324/000002632421000007/cw-20201231.htm,1620590883,16:08:03,20210509
2,2020-09-30,CW,USD,2020-10-29,2020-10-29 11:49:06,Q3,571614000,358793000.0,212821000.0,0.37231593347958586,17587000.0,77251000.0,24869000.0,5417000.0,119707000.0,478500000.0,9055000.0,28201000.0,121315000.0,0.21223238059249774,93114000.0,0.16289664004030693,-3124000.0,80935000.0,0.1415903039463694,16315000.0,64620000.0,0.11304831582151592,1.56,1.55,41545000,41797000,https://www.sec.gov/Archives/edgar/data/26324/000002632420000032/0000026324-20-000032-index.htm,https://www.sec.gov/Archives/edgar/data/26324/000002632420000032/cw-20200930.htm,1620590883,16:08:03,20210509
3,2020-06-30,CW,USD,2020-08-04,2020-08-04 12:00:35,Q2,550047000,364021000.0,186026000.0,0.3382001901655677,18269000.0,76606000.0,25193000.0,-4105000.0,120068000.0,484089000.0,8515000.0,28426000.0,94384000.0,0.1715926093588366,65958000.0,0.1199133892194667,-14714000.0,42729000.0,0.07768245259041501,11711000.0,31018000.0,0.05639154472254189,0.75,0.74,41629000,41855000,https://www.sec.gov/Archives/edgar/data/26324/000002632420000029/0000026324-20-000029-index.htm,https://www.sec.gov/Archives/edgar/data/26324/000002632420000029/cw-20200630.htm,1620590883,16:08:03,20210509
4,2020-03-31,CW,USD,2020-05-07 00:00:00,2020-05-07 11:47:06,Q1,601231000,400652000.0,200579000.0,0.33361386887901656,18307000.0,76658000.0,31588000.0,5532000.0,126553000.0,527205000.0,7489000.0,28142000.0,102168000.0,0.16993135749819951,74026000.0,0.1231240571427621,3952000.0,70489000.0,0.11724112695453162,18728000.0,51761000.0,0.08609170185835395,1.22,1.21,42456000,42770000,https://www.sec.gov/Archives/edgar/data/26324/000002632420000012/0000026324-20-000012-index.html,https://www.sec.gov/Archives/edgar/data/26324/000002632420000012/cw-20200331.htm,1620590883,16:08:03,20210509
5,2019-12-31,CW,USD,2020-02-27 00:00:00,2020-02-27 13:46:44,Q4,655771000,410019000.0,245752000.0,0.3747527719280054,18017000.0,76523000.0,30558000.0,6152000.0,125098000.0,535117000.0,8164000.0,25414000.0,146068000.0,0.2227423902551348,120654000.0,0.18398800800889334,6152000.0,118642000.0,0.18091986379391586,29234000.0,89408000.0,0.13634027732241896,2.09,2.08,42687000,42986000,https://www.sec.gov/Archives/edgar/data/26324/000002632420000004/0000026324-20-000004-index.html,https://www.sec.gov/Archives/edgar/data/26324/000002632420000004/cw-20191231.htm,1620590883,16:08:03,20210509
6,2019-09-30,CW,USD,2019-10-31 00:00:00,2019-10-31 12:04:28,Q3,614880000,388804000.0,226076000.0,0.36767499349466565,18362000.0,74012000.0,28133000.0,6355000.0,120507000.0,509311000.0,7951000.0,25398000.0,130967000.0,0.21299603174603174,105569000.0,0.17169041113713246,6355000.0,103973000.0,0.1690947827218319,21463000.0,82510000.0,0.1341887848035389,1.93,1.92,42709000,42995000,https://www.sec.gov/Archives/edgar/data/26324/000002632419000022/0000026324-19-000022-index.html,https://www.sec.gov/Archives/edgar/data/26324/000002632419000022/cw-20190930.htm,1620590883,16:08:03,20210509
7,2019-06-30,CW,USD,2019-08-01 00:00:00,2019-08-01 12:29:46,Q2,638996000,408952000.0,230044000.0,0.3600085133553262,18900000.0,74766000.0,30693000.0,5871000.0,124359000.0,533311000.0,7960000.0,25807000.0,131492000.0,0.20577906590964576,105685000.0,0.16539227162611347,5871000.0,103596000.0,0.16212308058266406,23524000.0,80072000.0,0.12530907861708054,1.87,1.86,42758000,43024000,https://www.sec.gov/Archives/edgar/data/26324/000002632419000018/0000026324-19-000018-index.html,https://www.sec.gov/Archives/edgar/data/26324/000002632419000018/cw-2019q2x10q.htm,1620590883,16:08:03,20210509
8,2019-03-31,CW,USD,2019-05-09 00:00:00,2019-05-09 15:04:10,Q1,578314000,381441000.0,196873000.0,0.34042578945002194,17241000.0,76110000.0,31477000.0,5478000.0,124828000.0,506269000.0,7272000.0,25793000.0,97838000.0,0.16917798981176316,72045000.0,0.12457765158720004,5478000.0,70251000.0,0.12147553059410632,14658000.0,55593000.0,0.09612943833280882,1.3,1.29,42799000,43058000,https://www.sec.gov/Archives/edgar/data/26324/000002632419000005/0000026324-19-000005-index.html,https://www.sec.gov/Archives/edgar/data/26324/000002632419000005/cw-2019331x10q.htm,1620590883,16:08:03,20210509
9,2018-12-31,CW,USD,2019-02-27 00:00:00,2019-02-27 14:53:44,Q4,648622000,407570000.0,241052000.0,0.37163710142425016,19291000.0,79661000.0,32095000.0,4099000.0,131047000.0,538617000.0,8264000.0,25803000.0,135808000.0,0.20937926866495432,110005000.0,0.16959800931821617,4099000.0,105840000.0,0.16317670384291622,23005000.0,82835000.0,0.12770920505317426,1.91,1.89,43447000,43782000,https://www.sec.gov/Archives/edgar/data/26324/000002632419000003/0000026324-19-000003-index.html,https://www.sec.gov/Archives/edgar/data/26324/000002632419000003/a20181231-10k.htm,1620590883,16:08:03,20210509
10,2018-09-30,CW,USD,2018-10-31 00:00:00,2018-10-31 10:52:33,Q3,595393000,372875000.0,222518000.0,0.3737329797293552,14239000.0,80871000.0,30361000.0,3843000.0,125471000.0,498346000.0,7949000.0,25889000.0,122936000.0,0.20647874597114846,97047000.0,0.16299654177996717,3843000.0,92941000.0,0.15610025646925643,18458000.0,74483000.0,0.1250988842663585,1.7,1.68,43892000,44334000,https://www.sec.gov/Archives/edgar/data/26324/000002632418000018/0000026324-18-000018-index.html,https://www.sec.gov/Archives/edgar/data/26324/000002632418000018/cw-2018q3x10q.htm,1620590883,16:08:03,20210509
11,2018-06-30,CW,USD,2018-07-26 00:00:00,2018-07-26 10:55:53,Q2,620298000,393798000.0,226500000.0,0.36514707447065764,15054000.0,76705000.0,32665000.0,3971000.0,124424000.0,518222000.0,9566000.0,26656000.0,128732000.0,0.20753250856846225,102076000.0,0.16455961489477638,3971000.0,96481000.0,0.1555397566975873,21693000.0,74788000.0,0.12056785609497371,1.69,1.68,44124000,44553000,https://www.sec.gov/Archives/edgar/data/26324/000002632418000013/0000026324-18-000013-index.html,https://www.sec.gov/Archives/edgar/data/26324/000002632418000013/cw-2018q2x10q.htm,1620590883,16:08:03,20210509
12,2018-03-31,CW,USD,2018-05-03 00:00:00,2018-05-03 13:53:00,Q1,547522000,366331000.0,181191000.0,0.33092916814301526,15941000.0,69232000.0,31520000.0,4683000.0,116693000.0,483024000.0,8204000.0,24601000.0,89099000.0,0.16273136056633342,64498000.0,0.11779983270078645,4683000.0,60977000.0,0.11136904087872268,17334000.0,43643000.0,0.07971003904865923,0.99,0.98,44188000,44678000,https://www.sec.gov/Archives/edgar/data/26324/000002632418000005/0000026324-18-000005-index.html,https://www.sec.gov/Archives/edgar/data/26324/000002632418000005/cw-2018331x10q.htm,1620590883,16:08:03,20210509
13,2017-12-31,CW,USD,2018-02-22 00:00:00,2018-02-22 16:55:50,Q4,611881000,373614000.0,238267000.0,0.3894008802365166,14934000.0,80967000.0,33671000.0,524000.0,129572000.0,503186000.0,9887000.0,25180000.0,133875000.0,0.21879254299447115,108695000.0,0.17764075040735045,524000.0,99332000.0,0.16233875541159146,31582000.0,67750000.0,0.11072414407376598,1.54,1.52,44132000,44692000,https://www.sec.gov/Archives/edgar/data/26324/000002632418000003/0000026324-18-000003-index.html,https://www.sec.gov/Archives/edgar/data/26324/000002632418000003/a20171231-10k.htm,1620590883,16:08:03,20210509
14,2017-09-30,CW,USD,2017-10-26 00:00:00,2017-10-26 13:41:36,Q3,567901000,357118000.0,210783000.0,0.3711615228710638,14575000.0,70840000.0,28818000.0,321000.0,114233000.0,471351000.0,10457000.0,24854000.0,121404000.0,0.21377669699472268,96550000.0,0.17001202674409802,321000.0,86414000.0,0.15216384545897965,22470000.0,63944000.0,0.11259708998575456,1.45,1.43,44137000,44686000,https://www.sec.gov/Archives/edgar/data/26324/000002632417000017/0000026324-17-000017-index.html,https://www.sec.gov/Archives/edgar/data/26324/000002632417000017/cw-2017q3x10q.htm,1620590883,16:08:03,20210509
15,2017-06-30,CW,USD,2017-07-27 00:00:00,2017-07-27 14:06:13,Q2,567653000,368883000.0,198770000.0,0.35016110194079836,15501000.0,71438000.0,28560000.0,190000.0,115499000.0,484382000.0,10750000.0,25035000.0,108306000.0,0.19079613778135587,83271000.0,0.14669349056553915,190000.0,72711000.0,0.12809057646132407,22061000.0,50650000.0,0.08922704539569068,1.15,1.13,44213000,44807000,https://www.sec.gov/Archives/edgar/data/26324/000002632417000015/0000026324-17-000015-index.html,https://www.sec.gov/Archives/edgar/data/26324/000002632417000015/cw-2017q2x10q.htm,1620590883,16:08:03,20210509
16,2017-03-31,CW,USD,2017-05-04 00:00:00,2017-05-04 11:25:54,Q1,523591000,352816000.0,170775000.0,0.32616106846756343,15298000.0,75297000.0,28953000.0,312000.0,119548000.0,472364000.0,10377000.0,24926000.0,76153000.0,0.14544367645738754,51227000.0,0.09783781615803175,312000.0,41162000.0,0.0786147966638082,8615000.0,32547000.0,0.06216111430486773,0.74,0.73,44246000,44860000,https://www.sec.gov/Archives/edgar/data/26324/000002632417000007/0000026324-17-000007-index.html,https://www.sec.gov/Archives/edgar/data/26324/000002632417000007/cw-2017331x10q.htm,1620590883,16:08:03,20210509
17,2016-12-31,CW,USD,2017-02-21 00:00:00,2017-02-21 16:26:46,Q4,565565000,356841000.0,208724000.0,0.36905395489466286,14125000.0,62223000.0,26203000.0,293000.0,102551000.0,459392000.0,10554000.0,23589000.0,129762000.0,0.2294378188183498,106173000.0,0.18772908507421782,293000.0,95912000.0,0.16958616604634305,25244000.0,68615000.0,0.12132115671938681,1.55,1.53,44173000,44783000,https://www.sec.gov/Archives/edgar/data/26324/000002632417000003/0000026324-17-000003-index.html,https://www.sec.gov/Archives/edgar/data/26324/000002632417000003/a20161231-10k.htm,1620590883,16:08:03,20210509
18,2016-09-30,CW,USD,2016-10-27 00:00:00,2016-10-27 12:12:04,Q3,507092000,322616000.0,184476000.0,0.3637919746318222,14071000.0,67559000.0,26273000.0,483000.0,107903000.0,430519000.0,10488000.0,23432000.0,100005000.0,0.19721273457281913,76573000.0,0.15100415703659298,483000.0,66568000.0,0.13127400944996173,20636000.0,45932000.0,0.09057922428277315,1.04,1.02,44323000,44997000,https://www.sec.gov/Archives/edgar/data/26324/000002632416000052/0000026324-16-000052-index.html,https://www.sec.gov/Archives/edgar/data/26324/000002632416000052/cw-2016q3x10q.htm,1620590883,16:08:03,20210509
19,2016-06-30,CW,USD,2016-07-28,2016-07-28 11:38:10,Q2,532766000,347387000.0,185379000.0,0.3479557629428304,15236000.0,72928000.0,29126000.0,101000.0,117290000.0,464677000.0,10273000.0,24500000.0,92589000.0,0.17378924330756843,68089000.0,0.1278028252553654,101000.0,57917000.0,0.10871001527875278,17954000.0,39963000.0,0.07501041733143632,0.9,0.88,44487000,45164000,https://www.sec.gov/Archives/edgar/data/26324/000002632416000049/cw-2016q2x10q.htm,https://www.sec.gov/Archives/edgar/data/26324/000002632416000049/cw-2016q2x10q.htm,1620590883,16:08:03,20210509
20,2016-03-31,CW,USD,2016-05-05 00:00:00,2016-05-05 12:18:02,Q1,503507000,331604000.0,171903000.0,0.34141134085524133,15160000.0,69854000.0,29626000.0,234000.0,114640000.0,446244000.0,9933000.0,24487000.0,81750000.0,0.16236119855334682,57263000.0,0.11372830963621161,234000.0,47564000.0,0.09446541954729527,14745000.0,32819000.0,0.06518082171648061,0.74,0.73,44578000,45240000,https://www.sec.gov/Archives/edgar/data/26324/000002632416000043/0000026324-16-000043-index.html,https://www.sec.gov/Archives/edgar/data/26324/000002632416000043/cw-2016331x10q.htm,1620590883,16:08:03,20210509
21,2015-12-31,CW,USD,2016-02-25 00:00:00,2016-02-25 12:00:14,Q4,588755000,364441000.0,224314000.0,0.3809971889835331,15204000.0,69541000.0,31042000.0,10000.0,115787000.0,480228000.0,9085000.0,24382000.0,132909000.0,0.22574585353839882,108527000.0,0.18433304175760715,10000.0,99452000.0,0.16891915992220874,28690000.0,69849000.0,0.11863848290035753,1.54,1.51,45245000,46143000,https://www.sec.gov/Archives/edgar/data/26324/000002632416000040/0000026324-16-000040-index.html,https://www.sec.gov/Archives/edgar/data/26324/000002632416000040/a20151231-10k.htm,1620590883,16:08:03,20210509
22,2015-09-30,CW,USD,2015-10-29 00:00:00,2015-10-29 13:45:57,Q3,525535000,340041000.0,185494000.0,0.35296221945255785,15050000.0,76384000.0,30247000.0,161000.0,121681000.0,461722000.0,8972000.0,24890000.0,88703000.0,0.16878609417070223,63813000.0,0.12142483374085455,161000.0,55002000.0,0.10465906171805874,16860000.0,33884000.0,0.06447524903193888,0.73,0.71,46366000,47395000,https://www.sec.gov/Archives/edgar/data/26324/000002632415000027/0000026324-15-000027-index.html,https://www.sec.gov/Archives/edgar/data/26324/000002632415000027/cw-2015q3x10q.htm,1620590883,16:08:03,20210509
23,2015-06-30,CW,USD,2015-07-30 00:00:00,2015-07-30 14:32:45,Q2,545194000,362843000.0,182351000.0,0.33446993180409174,15321000.0,72483000.0,29105000.0,-37000.0,116909000.0,479752000.0,8985000.0,25830000.0,91272000.0,0.16741196711629255,65442000.0,0.12003433640135439,-37000.0,56420000.0,0.1034860985263961,16299000.0,25737000.0,0.047207049233850704,0.54,0.53,47224000,48258000,https://www.sec.gov/Archives/edgar/data/26324/000002632415000024/0000026324-15-000024-index.html,https://www.sec.gov/Archives/edgar/data/26324/000002632415000024/cw-2015630x10q.htm,1620590883,16:08:03,20210509
24,2015-03-31,CW,USD,2015-04-30 00:00:00,2015-04-30 12:01:25,Q1,546199000,355103000.0,191096000.0,0.34986515903544313,15262000.0,71911000.0,31088000.0,481000.0,118261000.0,473364000.0,8996000.0,25708000.0,98543000.0,0.18041592899291284,72835000.0,0.13334883439918419,481000.0,64320000.0,0.11775927821178728,21097000.0,15991000.0,0.029276875278057998,0.34,0.33,47724000,48732000,https://www.sec.gov/Archives/edgar/data/26324/000002632415000009/0000026324-15-000009-index.html,https://www.sec.gov/Archives/edgar/data/26324/000002632415000009/cw-2015q1x10q.htm,1620590883,16:08:03,20210509
25,2014-12-31,CW,USD,2015-02-19,2015-02-19 17:06:21,Q4,569172000,369129000.0,200043000.0,0.3514631780902785,16692000.0,75539000.0,32501000.0,429000.0,124732000.0,493861000.0,8740000.0,27997000.0,103308000.0,0.1815057662710042,75311000.0,0.13231676892046693,429000.0,67000000.0,0.11771485596621056,20636000.0,16750000.0,0.02942871399155264,0.350976447908809,0.350976447908809,47724000,47724000,https://www.sec.gov/Archives/edgar/data/26324/000002632415000004/a20141231-10k.htm,https://www.sec.gov/Archives/edgar/data/26324/000002632415000004/a20141231-10k.htm,1620590883,16:08:03,20210509
26,2014-09-30,CW,USD,2014-10-30 00:00:00,2014-10-30 16:55:06,Q3,559494000,366066000.0,193428000.0,0.34571952514236076,16909000.0,71720000.0,30659000.0,-158000.0,119288000.0,485354000.0,9013000.0,29548000.0,103688000.0,0.1853245968678842,74140000.0,0.13251259173467456,-158000.0,64969000.0,0.11612099504194862,20659000.0,25033000.0,0.04474221350005541,0.52,0.51,48067000,49101000,https://www.sec.gov/Archives/edgar/data/26324/000002632414000030/0000026324-14-000030-index.html,https://www.sec.gov/Archives/edgar/data/26324/000002632414000030/cw-2014930x10q.htm,1620590883,16:08:03,20210509
27,2014-06-30,CW,USD,2014-07-31 00:00:00,2014-07-31 12:54:14,Q2,652452000,436249000.0,216203000.0,0.3313699705112407,17621000.0,84885000.0,37047000.0,64000.0,139553000.0,575802000.0,8988000.0,30434000.0,107084000.0,0.1641254835604765,76650000.0,0.11747990656783948,64000.0,67726000.0,0.10380227204453354,21917000.0,36391000.0,0.05577575055329741,0.76,0.74,48175000,49239000,https://www.sec.gov/Archives/edgar/data/26324/000002632414000022/0000026324-14-000022-index.html,https://www.sec.gov/Archives/edgar/data/26324/000002632414000022/cw-2014630x10q.htm,1620590883,16:08:03,20210509
28,2014-03-31,CW,USD,2014-05-01 00:00:00,2014-05-01 14:28:08,Q1,641412000,439260000.0,202152000.0,0.3151671624478494,18349000.0,85064000.0,39638000.0,65000.0,143051000.0,582311000.0,9054000.0,30952000.0,90053000.0,0.14039805928170973,59101000.0,0.09214202415919877,65000.0,50112000.0,0.07812763091429534,14948000.0,35164000.0,0.05482279720366941,0.73,0.72,47982000,49130000,https://www.sec.gov/Archives/edgar/data/26324/000002632414000010/0000026324-14-000010-index.html,https://www.sec.gov/Archives/edgar/data/26324/000002632414000010/cw-2014331x10q.htm,1620590883,16:08:03,20210509
29,2013-12-31,CW,USD,2014-02-21,2014-02-21 15:45:17,Q4,699730000,468060000.0,231670000.0,0.3310848470124191,19309000.0,97822000.0,39621000.0,278000.0,156752000.0,624812000.0,9339000.0,31837000.0,106755000.0,0.1525659897388993,74918000.0,0.10706701156160234,278000.0,65857000.0,0.09411773112486245,18550000.0,47307000.0,0.06760750575221872,1.0,0.97,47443000,48591000,https://www.sec.gov/Archives/edgar/data/26324/000002632414000004/a20131231-10k.htm,https://www.sec.gov/Archives/edgar/data/26324/000002632414000004/a20131231-10k.htm,1620590883,16:08:03,20210509
30,2013-09-30,CW,USD,2013-11-01 00:00:00,2013-11-01 12:16:13,Q3,600667000,405965000.0,194702000.0,0.32414299437125726,16054000.0,77742000.0,38019000.0,378000.0,131815000.0,537780000.0,9690000.0,29427000.0,92314000.0,0.15368581926425123,62887000.0,0.10469528041327392,378000.0,53575000.0,0.08919251432157918,17214000.0,36361000.0,0.060534372622434725,0.77,0.76,47081000,48063000,https://www.sec.gov/Archives/edgar/data/26324/000002632413000013/0000026324-13-000013-index.html,https://www.sec.gov/Archives/edgar/data/26324/000002632413000013/cw-2013930x10q.htm,1620590883,16:08:03,20210509
31,2013-06-30,CW,USD,2013-08-02 00:00:00,2013-08-02 10:23:13,Q2,617687000,416673000.0,201014000.0,0.3254301936093847,15903000.0,88423000.0,38900000.0,224000.0,143226000.0,559899000.0,9332000.0,29833000.0,87621000.0,0.14185339824215176,57788000.0,0.093555473888879,224000.0,48680000.0,0.07881014170607444,15310000.0,33370000.0,0.05402412548750419,0.71,0.7,46786000,47507000,https://www.sec.gov/Archives/edgar/data/26324/000002632413000009/0000026324-13-000009-index.html,https://www.sec.gov/Archives/edgar/data/26324/000002632413000009/cw-2013630x10q.htm,1620590883,16:08:03,20210509
32,2013-03-31,CW,USD,2013-05-02 00:00:00,2013-05-02 12:49:58,Q1,592687000,408980000.0,183707000.0,0.30995618260565866,17608000.0,91277000.0,36796000.0,474000.0,145681000.0,554661000.0,8659000.0,30400000.0,68426000.0,0.11545048229503937,38026000.0,0.06415865372447851,474000.0,29841000.0,0.050348666328095606,8898000.0,20943000.0,0.035335683083988684,0.45,0.44,46615000,47483000,https://www.sec.gov/Archives/edgar/data/26324/000002632413000003/0000026324-13-000003-index.html,https://www.sec.gov/Archives/edgar/data/26324/000002632413000003/form10q.htm,1620590883,16:08:03,20210509
33,2012-12-31,CW,USD,2013-02-21 00:00:00,2013-02-21 16:59:08,Q4,590447000,396401000.0,194046000.0,0.3286425369254141,15747000.0,84495000.0,31823000.0,0.0,132065000.0,528466000.0,6673000.0,24742000.0,86723000.0,0.14687685770272352,61981000.0,0.10497301197228541,132000.0,55440000.0,0.09389496432363954,17271000.0,38493000.0,0.06519298091107247,0.8257642389788694,0.8257642389788694,46615000,46615000,https://www.sec.gov/Archives/edgar/data/26324/000093041313000998/0000930413-13-000998-index.html,https://www.sec.gov/Archives/edgar/data/26324/000093041313000998/c72765_10-k.htm,1620590883,16:08:03,20210509
34,2012-09-30,CW,USD,2012-11-09 00:00:00,2012-11-09 13:24:32,Q3,479222000,337806000.0,141416000.0,0.29509496642474675,13267000.0,76774000.0,28009000.0,0.0,118050000.0,455856000.0,6648000.0,22516000.0,45882000.0,0.09574268293191882,23366000.0,0.048758195575328345,-119000.0,16599000.0,0.03463739143862343,5156000.0,11299000.0,0.023577799015904947,0.24099906151352274,0.23830011599704734,46884000,47415000,https://www.sec.gov/Archives/edgar/data/26324/000002632412000008/0000026324-12-000008-index.html,https://www.sec.gov/Archives/edgar/data/26324/000002632412000008/form10q.htm,1620590883,16:08:03,20210509
35,2012-06-30,CW,USD,2012-08-03 00:00:00,2012-08-03 11:12:42,Q2,526386000,362379000.0,164007000.0,0.31157173633037355,15351000.0,75228000.0,32888000.0,0.0,123467000.0,485846000.0,6526000.0,23104000.0,63644000.0,0.12090747094337616,40540000.0,0.07701572610213797,130000.0,34144000.0,0.06486494701606806,11309000.0,22740000.0,0.04320023708837241,0.49,0.48,46820000,47501000,https://www.sec.gov/Archives/edgar/data/26324/000002632412000006/0000026324-12-000006-index.html,https://www.sec.gov/Archives/edgar/data/26324/000002632412000006/form10q.htm,1620590883,16:08:03,20210509
36,2012-03-31,CW,USD,2012-05-07,2012-05-07 14:31:55,Q1,501661000,342387000.0,159274000.0,0.31749328729959075,15347000.0,75887000.0,32481000.0,0.0,123715000.0,466102000.0,6482000.0,23534000.0,59093000.0,0.11779468605293215,35559000.0,0.0708825282411828,102000.0,29179000.0,0.05816477661209462,9337000.0,41312000.0,0.08235043186534333,0.88,0.87,46687000,47571000,https://www.sec.gov/Archives/edgar/data/26324/000093041312001077/c68670_10k.htm,https://www.sec.gov/Archives/edgar/data/26324/000093041312001077/c68670_10k.htm,1620590883,16:08:03,20210509
37,2011-12-31,CW,USD,2012-02-24 00:00:00,2012-02-24 17:20:00,Q4,561379000,373824000.0,187555000.0,0.334096929169064,15684000.0,81072000.0,29361000.0,0.0,126117000.0,499941000.0,5713000.0,23104000.0,84542000.0,0.15059701200080516,61438000.0,0.10944121529305514,817000.0,56542000.0,0.10071983455027708,16791000.0,39751000.0,0.07080956002985506,0.8514361599588751,0.8514361599588751,46687000,46687000,https://www.sec.gov/Archives/edgar/data/26324/000093041312001077/0000930413-12-001077-index.html,https://www.sec.gov/Archives/edgar/data/26324/000093041312001077/c68670_10k.htm,1620590883,16:08:03,20210509
38,2011-09-30,CW,USD,2011-11-04 00:00:00,2011-11-04 11:54:37,Q3,515996000,345359000.0,170637000.0,0.33069442398778287,17705000.0,71868000.0,30918000.0,0.0,120491000.0,465850000.0,5033000.0,22952000.0,73098000.0,0.14166388886735556,50146000.0,0.09718292389863488,-35000.0,45078000.0,0.0873611423344367,10718000.0,34360000.0,0.06658966348576345,0.74,0.73,46466000,46936000,https://www.sec.gov/Archives/edgar/data/26324/000002632411000010/0000026324-11-000010-index.html,https://www.sec.gov/Archives/edgar/data/26324/000002632411000010/form10q.htm,1620590883,16:08:03,20210509
39,2011-06-30,CW,USD,2011-08-05 00:00:00,2011-08-05 12:33:35,Q2,514905000,345948000.0,168957000.0,0.3281323739330556,15129000.0,72203000.0,29936000.0,0.0,117268000.0,463216000.0,4967000.0,21722000.0,73411000.0,0.14257193074450628,51689000.0,0.10038550800633127,29000.0,46751000.0,0.09079538944077063,14955000.0,31796000.0,0.06175119682271487,0.69,0.68,46311000,47015000,https://www.sec.gov/Archives/edgar/data/26324/000002632411000007/0000026324-11-000007-index.html,https://www.sec.gov/Archives/edgar/data/26324/000002632411000007/form10.htm,1620590883,16:08:03,20210509
40,2011-03-31,CW,USD,2011-05-06 00:00:00,2011-05-06 11:32:45,Q1,461850000,312881000.0,148969000.0,0.32254844646530256,13597000.0,64466000.0,29223000.0,0.0,107286000.0,420167000.0,5121000.0,20522000.0,62205000.0,0.134686586554076,41683000.0,0.09025224640034643,56000.0,36618000.0,0.07928548229944787,12102000.0,24516000.0,0.053082169535563495,0.53,0.52,46195000,46974000,https://www.sec.gov/Archives/edgar/data/26324/000002632411000004/0000026324-11-000004-index.html,https://www.sec.gov/Archives/edgar/data/26324/000002632411000004/form10q.htm,1620590883,16:08:03,20210509
41,2010-12-31,CW,USD,2011-02-25,2011-02-24 19:49:10,Q4,523381000,349712000.0,173669000.0,0.3318213691364417,13237000.0,75334000.0,27873000.0,0.0,116444000.0,466156000.0,4925000.0,21073000.0,78298000.0,0.14960038671636913,57225000.0,0.10933717502163816,-43000.0,52257000.0,0.09984504596078192,15676000.0,36581000.0,0.06989363389194488,0.7918822383374824,0.7918822383374824,46195000,46195000,https://www.sec.gov/Archives/edgar/data/26324/000093041311001217/c64106_10-k.htm,https://www.sec.gov/Archives/edgar/data/26324/000093041311001217/c64106_10-k.htm,1620590883,16:08:03,20210509
42,2010-09-30,CW,USD,2010-11-04 00:00:00,2010-11-04 17:16:44,Q3,465813000,310096000.0,155717000.0,0.33429079909749193,13218000.0,66853000.0,27560000.0,0.0,107631000.0,417727000.0,5815000.0,19837000.0,67923000.0,0.14581602488552273,48086000.0,0.10323026622271168,86000.0,42357000.0,0.09093133940014556,14573000.0,27784000.0,0.059646252895475226,0.61,0.6,45898000,46276000,https://www.sec.gov/Archives/edgar/data/26324/000002632410000013/0000026324-10-000013-index.html,https://www.sec.gov/Archives/edgar/data/26324/000002632410000013/form10q.htm,1620590883,16:08:03,20210509
43,2010-06-30,CW,USD,2010-08-09 00:00:00,2010-08-09 12:04:07,Q2,462165000,307782000.0,154383000.0,0.33404303657784556,13838000.0,68597000.0,28520000.0,0.0,110955000.0,418737000.0,5700000.0,19526000.0,62954000.0,0.13621542089946231,43428000.0,0.09396644055694395,384000.0,38112000.0,0.08246405504527604,12214000.0,25898000.0,0.05603626410481105,0.57,0.56,45743000,46311000,https://www.sec.gov/Archives/edgar/data/26324/000002632410000010/0000026324-10-000010-index.html,https://www.sec.gov/Archives/edgar/data/26324/000002632410000010/form10q.htm,1620590883,16:08:03,20210509
44,2010-03-31,CW,USD,2010-05-06 00:00:00,2010-05-06 16:52:39,Q1,441775000,303791000.0,137984000.0,0.312339992077415,13838000.0,65242000.0,27820000.0,0.0,106900000.0,410691000.0,5667000.0,19510000.0,50594000.0,0.11452436194895592,31084000.0,0.0703616094165582,152000.0,25569000.0,0.05787787901080867,9234000.0,16335000.0,0.03697583611566974,0.36,0.35,45642000,46158000,https://www.sec.gov/Archives/edgar/data/26324/000002632410000002/0000026324-10-000002-index.html,https://www.sec.gov/Archives/edgar/data/26324/000002632410000002/form10q.htm,1620590883,16:08:03,20210509
45,2009-12-31,CW,USD,2010-02-24 00:00:00,2010-02-24 17:11:54,Q4,502777000,329903000.0,172874000.0,0.3438383219598351,14497000.0,72680000.0,27502000.0,0.0,114679000.0,444582000.0,5661000.0,19204000.0,77399000.0,0.15394300057480753,58195000.0,0.11574714038231661,349000.0,52883000.0,0.10518182017077153,18036000.0,34847000.0,0.06930905749467457,0.7634853862670348,0.7634853862670348,45642000,45642000,https://www.sec.gov/Archives/edgar/data/26324/000093041310000953/0000930413-10-000953-index.html,https://www.sec.gov/Archives/edgar/data/26324/000093041310000953/c60382_10k.htm,1620590883,16:08:03,20210509
46,2009-09-30,CW,USD,2009-11-06 00:00:00,2009-11-06 14:05:09,Q3,435750000,293435000.0,142315000.0,0.3265978198508319,13824000.0,66866000.0,25407000.0,0.0,106097000.0,399532000.0,5923000.0,19231000.0,55449000.0,0.12724956970740103,36218000.0,0.08311646586345381,309000.0,30604000.0,0.07023293172690763,10489000.0,20115000.0,0.046161790017211705,0.443491489549343,0.4389238020424195,45356000,45828000,https://www.sec.gov/Archives/edgar/data/26324/000002632409000007/0000026324-09-000007-index.html,https://www.sec.gov/Archives/edgar/data/26324/000002632409000007/form10q.htm,1620590883,16:08:03,20210509
47,2009-06-30,CW,USD,2009-08-07 00:00:00,2009-08-07 16:48:02,Q2,447371000,302789000.0,144582000.0,0.3231814310717503,13200000.0,60204000.0,27415000.0,0.0,100819000.0,403608000.0,6542000.0,19012000.0,62775000.0,0.1403197793330368,43763000.0,0.09782261255199823,47000.0,37268000.0,0.08330446095075451,12814000.0,24454000.0,0.05466156724508294,0.5418928800939571,0.5370138568636493,45127000,45537000,https://www.sec.gov/Archives/edgar/data/26324/000002632409000005/0000026324-09-000005-index.html,https://www.sec.gov/Archives/edgar/data/26324/000002632409000005/form10q.htm,1620590883,16:08:03,20210509
48,2009-03-31,CW,USD,2009-05-08 00:00:00,2009-05-08 13:43:16,Q1,423792000,288032000.0,135760000.0,0.320345830029826,13124000.0,65630000.0,25863000.0,0.0,104617000.0,392649000.0,6940000.0,19033000.0,50176000.0,0.11839770453429985,31143000.0,0.0734865216898856,301000.0,24504000.0,0.05782081775965568,8699000.0,15805000.0,0.03729423868312757,0.3512690580966351,0.3476223991554128,44994000,45466000,https://www.sec.gov/Archives/edgar/data/26324/000002632409000003/0000026324-09-000003-index.html,https://www.sec.gov/Archives/edgar/data/26324/000002632409000003/q1_09q.htm,1620590883,16:08:03,20210509
49,2008-12-31,CW,USD,2009-03-02 00:00:00,2009-03-02 17:25:47,Q4,507598000,335013000.0,172585000.0,0.340003309705712,12807000.0,101805000.0,0.0,0.0,114612000.0,449625000.0,7675000.0,18180000.0,76153000.0,0.15002620183688667,57973000.0,0.11421045788202475,516000.0,50814000.0,0.10010677741047048,17803000.0,33011000.0,0.06503374717788486,0.73367560119127,0.73367560119127,44994000,44994000,https://www.sec.gov/Archives/edgar/data/26324/000093041309001137/0000930413-09-001137-index.html,https://www.sec.gov/Archives/edgar/data/26324/000093041309001137/c56774_10-k.htm,1620590883,16:08:03,20210509
50,2008-09-30,CW,USD,2008-11-07 00:00:00,2008-11-07 11:53:15,Q3,435699000,287908000.0,147791000.0,0.3392043589725935,10955000.0,88646000.0,0.0,0.0,99601000.0,387509000.0,6611000.0,18561000.0,66751000.0,0.15320439110486828,48190000.0,0.11060388020169888,371000.0,41950000.0,0.09628206628888292,14427000.0,27523000.0,0.06316975710295411,0.61,0.6,44779000,45505000,https://www.sec.gov/Archives/edgar/data/26324/000002632408000008/0000026324-08-000008-index.html,https://www.sec.gov/Archives/edgar/data/26324/000002632408000008/form10q3q2008.htm,1620590883,16:08:03,20210509
51,2008-06-30,CW,USD,2008-08-08 00:00:00,2008-08-08 11:18:38,Q2,453464000,296230000.0,157234000.0,0.34673976324471184,13017000.0,94545000.0,0.0,0.0,107562000.0,403792000.0,7176000.0,18763000.0,68435000.0,0.1509160594887356,49672000.0,0.10953901522502338,224000.0,42720000.0,0.09420814000670395,15643000.0,27077000.0,0.05971146551876224,0.61,0.6,44631000,45355000,https://www.sec.gov/Archives/edgar/data/26324/000002632408000006/0000026324-08-000006-index.html,https://www.sec.gov/Archives/edgar/data/26324/000002632408000006/form10q2q08.htm,1620590883,16:08:03,20210509
52,2008-03-31,CW,USD,2008-05-08 00:00:00,2008-05-08 14:24:30,Q1,433379000,294910000.0,138469000.0,0.31951017469697424,12836000.0,84906000.0,0.0,0.0,97742000.0,392652000.0,7583000.0,18747000.0,59474000.0,0.13723323003652693,40727000.0,0.09397548104545905,474000.0,33618000.0,0.07757182512304472,11839000.0,21779000.0,0.050253934777642666,0.49,0.48,44584000,45226000,https://www.sec.gov/Archives/edgar/data/26324/000002632408000004/0000026324-08-000004-index.html,https://www.sec.gov/Archives/edgar/data/26324/000002632408000004/form10q1q08.htm,1620590883,16:08:03,20210509
53,2007-12-31,CW,USD,2008-02-27,2008-02-27 16:57:37,Q4,497671000,333277000.0,164394000.0,0.33032666158968477,12448000.0,90801000.0,0.0,0.0,103249000.0,436526000.0,8466000.0,18662000.0,79807000.0,0.1603609613580056,61145000.0,0.12286229255873861,788000.0,53467000.0,0.10743442957295081,15208000.0,38259000.0,0.07687608882173162,0.8581329624977571,0.8581329624977571,44584000,44584000,https://www.sec.gov/Archives/edgar/data/26324/000093041308001248/c52417_10k.htm,https://www.sec.gov/Archives/edgar/data/26324/000093041308001248/c52417_10k.htm,1620590883,16:08:03,20210509
54,2007-09-30,CW,USD,2007-11-09 00:00:00,2007-11-09 12:58:47,Q3,396268000,266448000.0,129820000.0,0.3276065692914896,12655000.0,72677000.0,0.0,0.0,85332000.0,351780000.0,7712000.0,16125000.0,60613000.0,0.1529596131910727,44488000.0,0.11226745535849475,231000.0,37007000.0,0.09338881766885038,11832000.0,25175000.0,0.06353023711225736,0.57,0.56,44413000,45102000,https://www.sec.gov/Archives/edgar/data/26324/000002632407000015/0000026324-07-000015-index.html,https://www.sec.gov/Archives/edgar/data/26324/000002632407000015/form10q3q07v2.htm,1620590883,16:08:03,20210509
55,2007-06-30,CW,USD,2007-08-09 00:00:00,2007-08-09 16:27:53,Q2,365576000,247553000.0,118023000.0,0.32284121495940654,11487000.0,68127000.0,0.0,0.0,79614000.0,327167000.0,5704000.0,14449000.0,52858000.0,0.1445882661881524,38409000.0,0.10506433682736285,466000.0,33171000.0,0.09073626277436156,11781000.0,21390000.0,0.05851040549707858,0.483324295010846,0.47623288433708116,44256000,44915000,https://www.sec.gov/Archives/edgar/data/26324/000002632407000012/0000026324-07-000012-index.html,https://www.sec.gov/Archives/edgar/data/26324/000002632407000012/form10q2q07.htm,1620590883,16:08:03,20210509
56,2007-03-31,CW,USD,2007-05-10 00:00:00,2007-05-09 18:52:18,Q1,332609000,221222000.0,111387000.0,0.3348887131737265,11339000.0,64906000.0,0.0,0.0,76245000.0,297467000.0,0.0,13463000.0,48605000.0,0.14613254602250692,35142000.0,0.10565558959619252,884000.0,30526000.0,0.09177743236051941,11023000.0,19503000.0,0.05863641693399758,0.4417440543601359,0.43611359570661895,44150000,44720000,https://www.sec.gov/Archives/edgar/data/26324/000002632407000008/0000026324-07-000008-index.html,https://www.sec.gov/Archives/edgar/data/26324/000002632407000008/form10q.htm,1620590883,16:08:03,20210509
57,2006-12-31,CW,USD,2007-02-27,2007-02-27 16:14:05,Q4,378167000,250720000.0,127447000.0,0.33701248390261446,10310000.0,71038000.0,0.0,0.0,81766000.0,332486000.0,5791000.0,12709000.0,58390000.0,0.15440268452826397,45681000.0,0.12079583887541748,-825000.0,39483000.0,0.10440625437967882,12640000.0,26843000.0,0.07098186779914693,0.6079954699886749,0.6079954699886749,44150000,44150000,https://www.sec.gov/Archives/edgar/data/26324/000093041307001676/c46896_10-k.htm,https://www.sec.gov/Archives/edgar/data/26324/000093041307001676/c46896_10-k.htm,1620590883,16:08:03,20210509
58,2006-09-30,CW,USD,2006-11-09,2006-11-09 11:23:32,Q3,311801000,205783000.0,106018000.0,0.3400181526037441,7227000.0,61591000.0,0.0,0.0,68767000.0,274550000.0,5721000.0,13136000.0,50387000.0,0.16159986658156966,37251000.0,0.11947043146109217,33000.0,31512000.0,0.10106446098633423,11156000.0,20356000.0,0.06528523000246952,0.46365851991891216,0.4591095674139564,43903000,44338000,https://www.sec.gov/Archives/edgar/data/26324/000095011706004606/a45107.htm,https://www.sec.gov/Archives/edgar/data/26324/000095011706004606/a45107.htm,1620590883,16:08:03,20210509
59,2006-06-30,CW,USD,2006-08-09,2006-08-09 14:50:23,Q2,309635000,204082000.0,105553000.0,0.34089492466936877,11333000.0,61049000.0,0.0,0.0,72476000.0,276558000.0,5948000.0,12812000.0,45889000.0,0.148203529962698,33077000.0,0.10682577873948358,-85000.0,27138000.0,0.08764513055694609,6046000.0,21092000.0,0.06811891420543544,0.48147556326614466,0.4761711254091884,43807000,44295000,https://www.sec.gov/Archives/edgar/data/26324/000095011706003423/a42479.htm,https://www.sec.gov/Archives/edgar/data/26324/000095011706003423/a42479.htm,1620590883,16:08:03,20210509
60,2006-03-31,CW,USD,2006-05-10,2006-05-10 14:13:23,Q1,282552000,190491000.0,92061000.0,0.32581967213114754,9971000.0,57446000.0,0.0,0.0,67442000.0,257933000.0,5434000.0,12134000.0,36753000.0,0.13007517200373736,24619000.0,0.08713086440725955,279000.0,19489000.0,0.06897491435204847,7211000.0,12278000.0,0.04345394829978199,0.2813731781098176,0.2781982145284814,43636000,44134000,https://www.sec.gov/Archives/edgar/data/26324/000095011706001076/a41425.htm,https://www.sec.gov/Archives/edgar/data/26324/000095011706001076/a41425.htm,1620590883,16:08:03,20210509
61,2005-12-31,CW,USD,2006-03-07,2006-03-07 17:11:56,Q4,317893000,206964000.0,110929000.0,0.34895074757858774,9369000.0,55677000.0,0.0,0.0,66053000.0,273017000.0,5990000.0,11993000.0,56869000.0,0.17889352706728365,44876000.0,0.1411669964421991,-287000.0,39606000.0,0.12458909129801538,14302000.0,25304000.0,0.07959911039249055,0.5798881657347145,0.5798881657347145,43636000,43636000,https://www.sec.gov/Archives/edgar/data/26324/000095011706001076/a41425.htm,https://www.sec.gov/Archives/edgar/data/26324/000095011706001076/a41425.htm,1620590883,16:08:03,20210509
62,2005-09-30,CW,USD,2005-11-09,2005-11-09 15:19:27,Q3,271355000,177840000.0,93515000.0,0.34462235816550274,8504000.0,52472000.0,0.0,0.0,61074000.0,238914000.0,0.0,12081000.0,44522000.0,0.16407289344216985,32441000.0,0.11955187853549779,181000.0,27808000.0,0.1024783033295867,10289000.0,17519000.0,0.06456118368926314,0.405,0.4,43376000,43946000,https://www.sec.gov/Archives/edgar/data/26324/000095011705004236/a40747.htm,https://www.sec.gov/Archives/edgar/data/26324/000095011705004236/a40747.htm,1620590883,16:08:03,20210509
63,2005-06-30,CW,USD,2005-08-09,2005-08-09 15:42:56,Q2,283193000,182894000.0,100299000.0,0.35417188984190995,11580000.0,55545000.0,0.0,0.0,67113000.0,250007000.0,4778000.0,12296000.0,45482000.0,0.16060425222374847,33186000.0,0.11718509991419279,-564000.0,27832000.0,0.09827926537732218,9898000.0,17934000.0,0.06332783649313366,0.415,0.41,43216000,43776000,https://www.sec.gov/Archives/edgar/data/26324/000095011705003188/a40288.htm,https://www.sec.gov/Archives/edgar/data/26324/000095011705003188/a40288.htm,1620590883,16:08:03,20210509
64,2005-03-31,CW,USD,2005-05-10,2005-05-10 15:21:46,Q1,258487000,172718000.0,85769000.0,0.33181165783965927,10228000.0,50975000.0,0.0,0.0,58290000.0,231008000.0,4303000.0,11481000.0,38960000.0,0.15072324720392127,27479000.0,0.10630708701017846,2789000.0,23052000.0,0.08918050037332632,8529000.0,14523000.0,0.05618464371515782,0.34,0.335,43022000,43628000,https://www.sec.gov/Archives/edgar/data/26324/000095011705001857/a39772.htm,https://www.sec.gov/Archives/edgar/data/26324/000095011705001857/a39772.htm,1620590883,16:08:03,20210509
65,2004-12-31,CW,USD,2005-03-16,2005-03-16,Q4,281104000,180067000.0,101037000.0,0.35942925038419943,9416000.0,56760000.0,0.0,0.0,66676000.0,246743000.0,3613000.0,9021000.0,43382000.0,0.15432722408788208,34361000.0,0.12223589845751039,-424000.0,30824000.0,0.10965336672548238,10411000.0,20413000.0,0.07261725197791565,0.47447817395751013,0.47447817395751013,43022000,43022000,https://www.sec.gov/Archives/edgar/data/26324/000095011705000989/0000950117-05-000989-index.htm,https://www.sec.gov/Archives/edgar/data/26324/000095011705000989/a39401.htm,1620590883,16:08:03,20210509
66,2004-09-30,CW,USD,2004-11-09,2004-11-09 16:08:53,Q3,236574000,154725000.0,81849000.0,0.34597631185168276,8443000.0,47941000.0,0.0,0.0,56384000.0,211109000.0,0.0,11298000.0,36763000.0,0.15539746548648625,25465000.0,0.10764073820453643,185000.0,22515000.0,0.095171066981156,7795000.0,14720000.0,0.062221545901071124,0.345,0.34,42718000,43430000,https://www.sec.gov/Archives/edgar/data/26324/000095011704003861/a38707.htm,https://www.sec.gov/Archives/edgar/data/26324/000095011704003861/a38707.htm,1620590883,16:08:03,20210509
67,2004-06-30,CW,USD,2004-06-30,2004-06-30,Q2,222428000,146406000.0,76022000.0,0.341782509396299,7754000.0,42583000.0,0.0,0.0,50379000.0,196785000.0,3018000.0,10916000.0,36559000.0,0.16436329958458468,25643000.0,0.11528674447461651,251000.0,22918000.0,0.10303558904454475,8594000.0,14324000.0,0.06439836711205424,0.34,0.335,42272000,42920000,,,1620590883,16:08:03,20210509
68,2004-03-31,CW,USD,2004-03-31,2004-03-31,Q1,214933000,143338000.0,71595000.0,0.33310380444138404,8212000.0,38133000.0,0.0,0.0,46345000.0,189683000.0,2265000.0,9507000.0,34757000.0,0.16171085873272137,25250000.0,0.11747847003484807,-489000.0,22496000.0,0.10466517472886899,6887000.0,15609000.0,0.07262263123857202,0.375,0.37,41762000,42412000,,,1620590883,16:08:03,20210509
69,2003-12-31,CW,USD,2003-12-31,2003-12-31,Q4,193663000,125476000.0,68187000.0,0.3520910034441272,5617000.0,36501000.0,0.0,0.0,40507000.0,165983000.0,2757000.0,8364000.0,36044000.0,0.18611712097819408,27680000.0,0.14292869572401543,238000.0,23550000.0,0.12160299076230359,8796000.0,14754000.0,0.07618388644191199,0.35328767779320913,0.35328767779320913,41762000,41762000,,,1620590883,16:08:03,20210509
70,2003-09-30,CW,USD,2003-09-30,2003-09-30,Q3,189618000,132601000.0,57017000.0,0.30069402693837083,5417000.0,30732000.0,0.0,0.0,36149000.0,168750000.0,1113000.0,7649000.0,28517000.0,0.1503918404370893,20868000.0,0.1100528430845173,436000.0,20191000.0,0.10648250693499563,7672000.0,12519000.0,0.0660222130810366,0.3025,0.3,41312000,41872000,,,1620590883,16:08:03,20210509
71,2003-06-30,CW,USD,2003-08-13 00:00:00,2003-08-13 17:27:44,Q2,182857000,126175000.0,56682000.0,0.30997992967182003,5772000.0,33473000.0,0.0,0.0,39245000.0,165420000.0,0.0,8494000.0,25931000.0,0.14181026703927113,17437000.0,0.09535866824895957,1043000.0,17538000.0,0.09591101243047846,6665000.0,10873000.0,0.059461765204504066,0.265,0.26,41204000,41724000,https://www.sec.gov/Archives/edgar/data/26324/000095011703003582/0000950117-03-003582-index.html,https://www.sec.gov/Archives/edgar/data/26324/000095011703003582/a35975.txt,1620590883,16:08:03,20210509
72,2003-03-31,CW,USD,2003-03-31,2003-03-31,Q1,179933000,120901000.0,59032000.0,0.3280776733561937,5305000.0,30382000.0,0.0,0.0,35687000.0,156588000.0,0.0,6820000.0,30165000.0,0.16764573480128714,23345000.0,0.12974273757454163,283000.0,22777000.0,0.12658600701372177,8655000.0,14122000.0,0.07848476933080646,0.3425,0.34,41128000,41632000,,,1620590883,16:08:03,20210509
73,2002-12-31,CW,USD,2002-12-31,2002-12-31,Q4,174073000,119040000.0,55033000.0,0.3161489719830186,4020000.0,29727000.0,0.0,0.0,33747000.0,152787000.0,771000.0,5891000.0,27177000.0,0.15612415480861477,21286000.0,0.12228203110189403,626000.0,21141000.0,0.12144904723880211,7449000.0,13692000.0,0.0786566555410661,0.332911884847306,0.332911884847306,41128000,41128000,,,1620590883,16:08:03,20210509
74,2002-09-30,CW,USD,2002-11-14 00:00:00,2002-11-15 12:14:02,Q3,119641000,78442000.0,41199000.0,0.34435519596125075,3092000.0,25556000.0,0.0,0.0,28648000.0,107090000.0,380000.0,3869000.0,16420000.0,0.1372439213981829,12551000.0,0.10490550898103493,6062000.0,18233000.0,0.15239758945511991,6921000.0,11312000.0,0.09454952733594671,0.275,0.27,40952000,41880000,https://www.sec.gov/Archives/edgar/data/26324/000095011702002742/0000950117-02-002742-index.html,https://www.sec.gov/Archives/edgar/data/26324/000095011702002742/a33734.txt,1620590883,16:08:03,20210509
75,2002-06-30,CW,USD,2002-08-14 00:00:00,2002-08-14 13:20:05,Q2,121777000,78078000.0,43699000.0,0.35884444517437614,2714000.0,25907000.0,0.0,0.0,28621000.0,106699000.0,466000.0,4990000.0,20068000.0,0.1647930233131051,15078000.0,0.12381648422937008,2702000.0,17314000.0,0.14217791536989743,6498000.0,10816000.0,0.08881808551696954,0.265,0.2575,40812000,42044000,https://www.sec.gov/Archives/edgar/data/26324/000095011702001911/0000950117-02-001911-index.html,https://www.sec.gov/Archives/edgar/data/26324/000095011702001911/a33199.txt,1620590883,16:08:03,20210509
76,2002-03-31,CW,USD,2002-05-15 00:00:00,2002-05-15 16:39:10,Q1,97787000,61632000.0,36155000.0,0.3697321729882295,1311000.0,21930000.0,0.0,0.0,23241000.0,84873000.0,193000.0,3943000.0,16857000.0,0.17238487733543315,12914000.0,0.1320625441009541,2326000.0,15047000.0,0.15387525949257058,5731000.0,9316000.0,0.0952682871956395,0.23,0.225,40492000,41360000,https://www.sec.gov/Archives/edgar/data/26324/000095011702001266/0000950117-02-001266-index.html,https://www.sec.gov/Archives/edgar/data/26324/000095011702001266/a32693.txt,1620590883,16:08:03,20210509
77,2001-12-31,CW,USD,2002-03-18,2002-03-18,Q4,97226000,62444000.0,34782000.0,0.3577438133832514,1204000.0,24829000.0,0.0,0.0,23053000.0,85497000.0,263000.0,3463000.0,15192000.0,0.15625449982514966,11729000.0,0.12063645526916668,47279000.0,55765000.0,0.573560570217843,21292000.0,34473000.0,0.3545656511632691,0.8513533537488887,0.8513533537488887,40492000,40492000,https://www.sec.gov/Archives/edgar/data/26324/000095011702000522/0000950117-02-000522-index.htm,https://www.sec.gov/Archives/edgar/data/26324/000095011702000522/a32207.txt,1620590883,16:08:03,20210509
78,2001-09-30,CW,USD,2001-11-15 00:00:00,2001-11-15 00:00:00,Q3,79420000,49233000.0,30187000.0,0.3800931755225384,1257000.0,17832000.0,0.0,0.0,19089000.0,68322000.0,272000.0,3811000.0,14909000.0,0.18772349534122387,11098000.0,0.13973810123394612,3925000.0,14751000.0,0.18573407202216066,6028000.0,8723000.0,0.10983379501385042,0.2175,0.2125,40292000,40896000,https://www.sec.gov/Archives/edgar/data/26324/000002632401500019/0000026324-01-500019-index.html,https://www.sec.gov/Archives/edgar/data/26324/000002632401500019/r10q-930.txt,1620590883,16:08:03,20210509
79,2001-06-30,CW,USD,2001-08-15 00:00:00,2001-08-15 00:00:00,Q2,86604000,53767000.0,32837000.0,0.37916262528289685,1025000.0,18746000.0,0.0,0.0,19771000.0,73538000.0,396000.0,3712000.0,16778000.0,0.19373239111357443,13066000.0,0.15087062953212324,4232000.0,16902000.0,0.1951641956491617,6437000.0,10465000.0,0.12083737471710314,0.26,0.255,40236000,41076000,https://www.sec.gov/Archives/edgar/data/26324/000002632401500006/0000026324-01-500006-index.html,https://www.sec.gov/Archives/edgar/data/26324/000002632401500006/r10q-630.txt,1620590883,16:08:03,20210509
80,2001-03-31,CW,USD,2001-05-15 00:00:00,2001-05-15 00:00:00,Q1,79917000,49906000.0,30011000.0,0.37552710937597755,897000.0,17849000.0,0.0,0.0,18746000.0,68652000.0,249000.0,3748000.0,15013000.0,0.18785740205463167,11265000.0,0.1409587446976238,3763000.0,14779000.0,0.18492936421537345,5560000.0,9219000.0,0.11535718307744285,0.23,0.225,40156000,40848000,https://www.sec.gov/Archives/edgar/data/26324/000002632401500005/0000026324-01-500005-index.html,https://www.sec.gov/Archives/edgar/data/26324/000002632401500005/r10q-331.txt,1620590883,16:08:03,20210509
81,2000-12-31,CW,USD,2001-03-19,2001-03-19,Q4,82410000,48144000.0,34266000.0,0.4157990535129232,-804000.0,18562000.0,0.0,0.0,21221000.0,69365000.0,577000.0,3463000.0,16508000.0,0.20031549569227036,13045000.0,0.15829389637179953,3210000.0,15678000.0,0.1902439024390244,5556000.0,10122000.0,0.12282489989078996,0.25206693893814125,0.25206693893814125,40156000,40156000,https://www.sec.gov/Archives/edgar/data/26324/000002632401500003/0000026324-01-500003-index.htm,https://www.sec.gov/Archives/edgar/data/26324/000002632401500003/r10k-123100.txt,1620590883,16:08:03,20210509
82,2000-09-30,CW,USD,2000-11-06 00:00:00,2000-11-06 00:00:00,Q3,81878000,47342000.0,34536000.0,0.4217982852536701,1373000.0,16372000.0,0.0,0.0,21514000.0,68856000.0,394000.0,3769000.0,16791000.0,0.20507340189061773,13022000.0,0.15904150076943746,5272000.0,17900000.0,0.21861794376999927,6821000.0,11079000.0,0.1353110725713867,0.2775,0.2725,40048000,40796000,https://www.sec.gov/Archives/edgar/data/26324/000002632400000006/0000026324-00-000006-index.html,https://www.sec.gov/Archives/edgar/data/26324/000002632400000006/0000026324-00-000006-0001.txt,1620590883,16:08:03,20210509
83,2000-06-30,CW,USD,2000-08-14 00:00:00,2000-08-14 00:00:00,Q2,83050000,49024000.0,34026000.0,0.4097049969897652,1486000.0,14956000.0,0.0,0.0,19997000.0,69021000.0,0.0,3555000.0,17584000.0,0.21172787477423238,14029000.0,0.1689223359422035,3670000.0,17303000.0,0.20834437086092716,6659000.0,10644000.0,0.1281637567730283,0.265,0.2625,40068000,40456000,https://www.sec.gov/Archives/edgar/data/26324/000002632400000005/0000026324-00-000005-index.html,https://www.sec.gov/Archives/edgar/data/26324/000002632400000005/0000026324-00-000005-0001.txt,1620590883,16:08:03,20210509
84,2000-03-31,CW,USD,2000-05-12 00:00:00,2000-05-12 00:00:00,Q1,82237000,49749000.0,32488000.0,0.39505332149762273,1388000.0,15452000.0,0.0,0.0,20399000.0,70148000.0,376000.0,3559000.0,15648000.0,0.19027931466371584,12089000.0,0.14700195775624111,3377000.0,15090000.0,0.18349404769142844,5861000.0,9229000.0,0.1122244245291049,0.23,0.2275,40140000,40528000,https://www.sec.gov/Archives/edgar/data/26324/000002632400000004/0000026324-00-000004-index.html,https://www.sec.gov/Archives/edgar/data/26324/0000026324-00-000004.txt,1620590883,16:08:03,20210509
85,1999-12-31,CW,USD,1999-12-31,1999-12-31,Q4,83700000,51200000.0,32500000.0,0.38829151732377537,600000.0,18500000.0,0.0,0.0,22900000.0,74100000.0,0.0,3800000.0,13400000.0,0.16009557945041816,9600000.0,0.11469534050179211,5000000.0,14400000.0,0.17204301075268819,5600000.0,8800000.0,0.10513739545997611,0.2192326856003986,0.2192326856003986,40140000,40140000,,,1620590883,16:08:03,20210509
86,1999-09-30,CW,USD,1999-11-15 00:00:00,1999-11-15 00:00:00,Q3,69000000,41700000.0,27300000.0,0.39565217391304347,500000.0,2700000.0,0.0,0.0,6600000.0,48300000.0,400000.0,3400000.0,24100000.0,0.3492753623188406,20700000.0,0.3,2700000.0,23000000.0,0.3333333333333333,9000000.0,14000000.0,0.2028985507246377,0.345,0.345,40579710,40579710,https://www.sec.gov/Archives/edgar/data/26324/000002632499000009/0000026324-99-000009-index.html,https://www.sec.gov/Archives/edgar/data/26324/0000026324-99-000009.txt,1620590883,16:08:03,20210509
87,1999-06-30,CW,USD,1999-08-04 00:00:00,1999-08-04 00:00:00,Q2,70200000,42700000.0,27500000.0,0.39173789173789175,600000.0,13800000.0,0.0,0.0,17200000.0,59900000.0,0.0,2800000.0,13100000.0,0.1866096866096866,10300000.0,0.1467236467236467,3200000.0,13100000.0,0.1866096866096866,4800000.0,8300000.0,0.11823361823361823,0.205,0.1975,40487805,42025316,https://www.sec.gov/Archives/edgar/data/26324/000002632499000004/0000026324-99-000004-index.html,https://www.sec.gov/Archives/edgar/data/26324/0000026324-99-000004.txt,1620590883,16:08:03,20210509
88,1999-03-31,CW,USD,1999-05-17 00:00:00,1999-05-17 00:00:00,Q1,70400000,42400000.0,28000000.0,0.3977272727272727,1100000.0,13400000.0,0.0,0.0,17400000.0,59800000.0,300000.0,2900000.0,13500000.0,0.19176136363636365,10600000.0,0.15056818181818182,2700000.0,12900000.0,0.18323863636363635,4900000.0,8000000.0,0.11363636363636363,0.1975,0.195,40506329,41025641,https://www.sec.gov/Archives/edgar/data/26324/000002632499000002/0000026324-99-000002-index.html,https://www.sec.gov/Archives/edgar/data/26324/0000026324-99-000002.txt,1620590883,16:08:03,20210509
89,1998-12-31,CW,USD,1998-12-31,1998-12-31,Q4,66500000,43300000.0,23200000.0,0.34887218045112783,400000.0,14300000.0,0.0,0.0,16700000.0,60000000.0,200000.0,2000000.0,8500000.0,0.12781954887218044,6500000.0,0.09774436090225563,6800000.0,13200000.0,0.19849624060150375,5200000.0,8000000.0,0.12030075187969924,0.19750000055546876,0.19750000055546876,40506329,40506329,,,1620590883,16:08:03,20210509
90,1998-09-30,CW,USD,1998-11-12 00:00:00,1998-11-12 00:00:00,Q3,62600000,39000000.0,23600000.0,0.3769968051118211,300000.0,10400000.0,0.0,0.0,13500000.0,52500000.0,100000.0,2800000.0,12900000.0,0.20607028753993611,10100000.0,0.16134185303514376,1500000.0,11500000.0,0.18370607028753994,4700000.0,6800000.0,0.10862619808306709,0.165,0.165,41212121,41212121,https://www.sec.gov/Archives/edgar/data/26324/000002632498000008/0000026324-98-000008-index.html,https://www.sec.gov/Archives/edgar/data/26324/0000026324-98-000008.txt,1620590883,16:08:03,20210509
91,1998-06-30,CW,USD,1998-08-14 00:00:00,1998-08-14 00:00:00,Q2,59400000,35200000.0,24200000.0,0.4074074074074074,300000.0,10400000.0,0.0,0.0,13200000.0,48400000.0,0.0,2500000.0,13500000.0,0.22727272727272727,11000000.0,0.18518518518518517,1300000.0,12300000.0,0.20707070707070707,4600000.0,7700000.0,0.12962962962962962,0.19,0.1875,40526316,41066667,https://www.sec.gov/Archives/edgar/data/26324/000002632498000005/0000026324-98-000005-index.html,https://www.sec.gov/Archives/edgar/data/26324/0000026324-98-000005.txt,1620590883,16:08:03,20210509
92,1998-03-31,CW,USD,1998-05-13 00:00:00,1998-05-13 00:00:00,Q1,60800000,40300000.0,20500000.0,0.3371710526315789,300000.0,9200000.0,0.0,0.0,11900000.0,52200000.0,0.0,2400000.0,11000000.0,0.18092105263157895,8600000.0,0.14144736842105263,2100000.0,10600000.0,0.17434210526315788,4000000.0,6600000.0,0.10855263157894737,0.1625,0.16,40615385,41250000,https://www.sec.gov/Archives/edgar/data/26324/000002632498000004/0000026324-98-000004-index.html,https://www.sec.gov/Archives/edgar/data/26324/0000026324-98-000004.txt,1620590883,16:08:03,20210509
93,1997-12-31,CW,USD,1997-12-31,1997-12-31,Q4,59200000,36200000.0,23000000.0,0.3885135135135135,500000.0,10900000.0,0.0,0.0,13400000.0,49600000.0,0.0,2000000.0,11600000.0,0.19594594594594594,9600000.0,0.16216216216216217,2200000.0,11600000.0,0.19594594594594594,3800000.0,7800000.0,0.13175675675675674,0.19204545272684231,0.19204545272684231,40615385,40615385,,,1620590883,16:08:03,20210509
94,1997-09-30,CW,USD,1997-11-05 00:00:00,1997-11-05 00:00:00,Q3,52700000,31500000.0,21200000.0,0.40227703984819735,500000.0,10000000.0,0.0,0.0,12700000.0,44200000.0,0.0,2200000.0,10700000.0,0.2030360531309298,8500000.0,0.16129032258064516,3400000.0,11900000.0,0.22580645161290322,3800000.0,8100000.0,0.15370018975332067,0.1975,0.1975,41012658,41012658,https://www.sec.gov/Archives/edgar/data/26324/000002632497000012/0000026324-97-000012-index.html,https://www.sec.gov/Archives/edgar/data/26324/0000026324-97-000012.txt,1620590883,16:08:03,20210509
95,1997-06-30,CW,USD,1997-08-04 00:00:00,1997-08-04 00:00:00,Q2,54400000,32900000.0,21500000.0,0.3952205882352941,300000.0,9700000.0,0.0,0.0,12400000.0,45300000.0,100000.0,2400000.0,11500000.0,0.2113970588235294,9100000.0,0.16727941176470587,1900000.0,10800000.0,0.19852941176470587,3700000.0,7100000.0,0.13051470588235295,0.1725,0.1725,41159420,41159420,https://www.sec.gov/Archives/edgar/data/26324/000002632497000008/0000026324-97-000008-index.html,https://www.sec.gov/Archives/edgar/data/26324/0000026324-97-000008.txt,1620590883,16:08:03,20210509
96,1997-03-31,CW,USD,1997-05-15 00:00:00,1997-05-15 00:00:00,Q1,53100000,34000000.0,19100000.0,0.35969868173258,600000.0,9800000.0,0.0,0.0,12900000.0,46900000.0,100000.0,2500000.0,8700000.0,0.1638418079096045,6200000.0,0.1167608286252354,1500000.0,7700000.0,0.14500941619585686,2700000.0,5000000.0,0.09416195856873823,0.1225,0.1225,40816327,40816327,https://www.sec.gov/Archives/edgar/data/26324/000002632497000002/0000026324-97-000002-index.html,https://www.sec.gov/Archives/edgar/data/26324/0000026324-97-000002.txt,1620590883,16:08:03,20210509
97,1996-12-31,CW,USD,1996-12-31,1996-12-31,Q4,40100000,30700000.0,9400000.0,0.2344139650872818,0.0,5900000.0,0.0,0.0,8100000.0,38800000.0,100000.0,2200000.0,3500000.0,0.08728179551122195,1300000.0,0.032418952618453865,2900000.0,4000000.0,0.09975062344139651,900000.0,3100000.0,0.0773067331670823,0.075949999126575,0.075949999126575,40816327,40816327,,,1620590883,16:08:03,20210509
98,1996-09-30,CW,USD,1996-11-08 00:00:00,1996-11-08 00:00:00,Q3,47200000,28600000.0,18600000.0,0.3940677966101695,0.0,10200000.0,0.0,0.0,12400000.0,41000000.0,100000.0,2200000.0,8400000.0,0.17796610169491525,6200000.0,0.13135593220338984,800000.0,6900000.0,0.1461864406779661,2500000.0,4400000.0,0.09322033898305085,0.11,0.11,40000000,40000000,https://www.sec.gov/Archives/edgar/data/26324/000002632496000006/0000026324-96-000006-index.html,https://www.sec.gov/Archives/edgar/data/26324/0000026324-96-000006.txt,1620590883,16:08:03,20210509
99,1996-06-30,CW,USD,1996-08-14 00:00:00,1996-08-14 00:00:00,Q2,45200000,28500000.0,16700000.0,0.3694690265486726,0.0,7300000.0,0.0,0.0,9600000.0,38100000.0,100000.0,2300000.0,9400000.0,0.2079646017699115,7100000.0,0.1570796460176991,1200000.0,8100000.0,0.17920353982300885,2900000.0,5200000.0,0.11504424778761062,0.1275,0.1275,40784314,40784314,https://www.sec.gov/Archives/edgar/data/26324/000002632496000005/0000026324-96-000005-index.html,https://www.sec.gov/Archives/edgar/data/26324/0000026324-96-000005.txt,1620590883,16:08:03,20210509
100,1996-03-31,CW,USD,1996-05-14 00:00:00,1996-05-14 00:00:00,Q1,38100000,22000000.0,16100000.0,0.4225721784776903,0.0,9200000.0,0.0,0.0,11400000.0,33400000.0,100000.0,2200000.0,6900000.0,0.18110236220472442,4700000.0,0.12335958005249344,500000.0,5000000.0,0.13123359580052493,1700000.0,3300000.0,0.08661417322834646,0.0825,0.0825,40000000,40000000,https://www.sec.gov/Archives/edgar/data/26324/000002632496000003/0000026324-96-000003-index.html,https://www.sec.gov/Archives/edgar/data/26324/0000026324-96-000003.txt,1620590883,16:08:03,20210509
101,1995-12-31,CW,USD,1996-03-22,1996-03-22,Q4,37300000,28300000.0,9000000.0,0.24128686327077747,0.0,8800000.0,0.0,0.0,10500000.0,38800000.0,100000.0,1700000.0,200000.0,0.005361930294906166,-1500000.0,-0.040214477211796246,9500000.0,7900000.0,0.21179624664879357,2900000.0,5000000.0,0.13404825737265416,0.125,0.125,40000000,40000000,https://www.sec.gov/Archives/edgar/data/26324/0000026324-96-000001-index.html,https://www.sec.gov/Archives/edgar/data/26324/,1620590883,16:08:03,20210509
102,1995-09-30,CW,USD,1995-11-13 00:00:00,1995-11-13 00:00:00,Q3,38200000,21300000.0,16900000.0,0.4424083769633508,0.0,7900000.0,0.0,0.0,10700000.0,32000000.0,100000.0,2800000.0,9000000.0,0.2356020942408377,6200000.0,0.16230366492146597,1100000.0,7200000.0,0.18848167539267016,2200000.0,5000000.0,0.13089005235602094,0.1225,0.1225,40816327,40816327,https://www.sec.gov/Archives/edgar/data/26324/000002632495000009/0000026324-95-000009-index.html,https://www.sec.gov/Archives/edgar/data/26324/0000026324-95-000009.txt,1620590883,16:08:03,20210509
103,1995-06-30,CW,USD,1995-08-11 00:00:00,1995-08-11 00:00:00,Q2,39300000,23100000.0,16200000.0,0.4122137404580153,0.0,8500000.0,0.0,0.0,11000000.0,34100000.0,200000.0,2500000.0,7700000.0,0.19592875318066158,5200000.0,0.13231552162849872,1300000.0,6300000.0,0.16030534351145037,2100000.0,4200000.0,0.10687022900763359,0.105,0.105,40000000,40000000,https://www.sec.gov/Archives/edgar/data/26324/000002632495000007/0000026324-95-000007-index.html,https://www.sec.gov/Archives/edgar/data/26324/0000026324-95-000007.txt,1620590883,16:08:03,20210509
104,1995-03-31,CW,USD,1995-05-12 00:00:00,1995-05-12 00:00:00,Q1,39600000,23500000.0,16100000.0,0.4065656565656566,0.0,8600000.0,0.0,0.0,11100000.0,34600000.0,100000.0,2500000.0,7500000.0,0.1893939393939394,5000000.0,0.12626262626262627,1200000.0,6100000.0,0.15404040404040403,2100000.0,4000000.0,0.10101010101010101,0.1,0.1,40000000,40000000,https://www.sec.gov/Archives/edgar/data/26324/000002632495000003/0000026324-95-000003-index.html,https://www.sec.gov/Archives/edgar/data/26324/0000026324-95-000003.txt,1620590883,16:08:03,20210509
105,1994-12-31,CW,USD,1994-12-31,1994-12-31,Q4,41700000,24600000.0,17100000.0,0.41007194244604317,0.0,6600000.0,0.0,0.0,9400000.0,34000000.0,100000.0,2800000.0,10500000.0,0.2517985611510791,7700000.0,0.18465227817745802,500000.0,8100000.0,0.19424460431654678,2200000.0,5900000.0,0.14148681055155876,0.1475,0.1475,40000000,40000000,,,1620590883,16:08:03,20210509
106,1994-09-30,CW,USD,1994-11-14 00:00:00,1994-11-14 00:00:00,Q3,41100000,24400000.0,16700000.0,0.40632603406326034,0.0,7900000.0,0.0,0.0,10600000.0,35000000.0,100000.0,2700000.0,8800000.0,0.2141119221411192,6100000.0,0.14841849148418493,800000.0,6800000.0,0.1654501216545012,2600000.0,4200000.0,0.10218978102189781,0.1025,0.1025,40975610,40975610,https://www.sec.gov/Archives/edgar/data/26324/000002632494000024/0000026324-94-000024-index.html,https://www.sec.gov/Archives/edgar/data/26324/0000026324-94-000024.txt,1620590883,16:08:03,20210509
107,1994-06-30,CW,USD,1994-08-15 00:00:00,1994-08-15 00:00:00,Q2,39500000,22400000.0,17100000.0,0.43291139240506327,0.0,7800000.0,0.0,0.0,10500000.0,32900000.0,100000.0,2700000.0,9300000.0,0.23544303797468355,6600000.0,0.1670886075949367,900000.0,7400000.0,0.18734177215189873,2100000.0,5300000.0,0.1341772151898734,0.1325,0.1325,40000000,40000000,https://www.sec.gov/Archives/edgar/data/26324/000002632494000023/0000026324-94-000023-index.html,https://www.sec.gov/Archives/edgar/data/26324/0000026324-94-000023.txt,1620590883,16:08:03,20210509
108,1994-03-31,CW,USD,1994-05-13 00:00:00,1994-05-13 00:00:00,Q1,40700000,24400000.0,16300000.0,0.4004914004914005,0.0,7900000.0,0.0,0.0,10600000.0,35000000.0,100000.0,2700000.0,8400000.0,0.20638820638820637,5700000.0,0.14004914004914004,1000000.0,6600000.0,0.16216216216216217,2300000.0,4000000.0,0.09828009828009827,0.1,0.1,40000000,40000000,https://www.sec.gov/Archives/edgar/data/26324/000002632494000019/0000026324-94-000019-index.html,https://www.sec.gov/Archives/edgar/data/26324/0000026324-94-000019.txt,1620590883,16:08:03,20210509
109,1993-12-31,CW,USD,1993-12-31,1993-12-31,Q4,32500000,26400000.0,6100000.0,0.18769230769230769,0.0,0.0,0.0,0.0,32900000.0,59300000.0,100000.0,2500000.0,-24300000.0,-0.7476923076923077,-26800000.0,-0.8246153846153846,11400000.0,-15500000.0,-0.47692307692307695,-1700000.0,-13800000.0,-0.4246153846153846,-0.345,-0.345,40000000,40000000,,,1620590883,16:08:03,20210509
110,1993-09-30,CW,USD,1993-09-30,1993-09-30,Q3,38800000,20400000.0,18400000.0,0.4742268041237113,0.0,8100000.0,0.0,0.0,14100000.0,34500000.0,100000.0,3000000.0,7300000.0,0.18814432989690721,4300000.0,0.11082474226804123,0.0,4200000.0,0.10824742268041238,1500000.0,2700000.0,0.06958762886597938,0.0675,0.0675,40000000,40000000,,,1620590883,16:08:03,20210509
111,1993-06-30,CW,USD,1993-06-30,1993-06-30,Q2,40900000,24900000.0,16000000.0,0.39119804400978,0.0,8900000.0,0.0,0.0,11900000.0,36800000.0,200000.0,3000000.0,7100000.0,0.17359413202933985,4100000.0,0.10024449877750612,2700000.0,6700000.0,0.16381418092909536,2400000.0,4300000.0,0.10513447432762836,0.1075,0.1075,40000000,40000000,,,1620590883,16:08:03,20210509
112,1993-03-31,CW,USD,1993-03-31,1993-03-31,Q1,40700000,26400000.0,14300000.0,0.35135135135135137,0.0,8500000.0,0.0,0.0,11500000.0,37900000.0,100000.0,3000000.0,5800000.0,0.14250614250614252,2800000.0,0.0687960687960688,3300000.0,6000000.0,0.14742014742014742,2200000.0,1100000.0,0.02702702702702703,0.0275,0.0275,40000000,40000000,,,1620590883,16:08:03,20210509
113,1992-12-31,CW,USD,1992-12-31,1992-12-31,Q4,37100000,27100000.0,10000000.0,0.2695417789757412,0.0,0.0,0.0,0.0,9400000.0,36500000.0,300000.0,2800000.0,3400000.0,0.09164420485175202,600000.0,0.016172506738544475,8600000.0,8800000.0,0.2371967654986523,4300000.0,4500000.0,0.12129380053908356,0.11015624954101563,0.11015624954101563,40851064,40851064,,,1620590883,16:08:03,20210509
114,1992-09-30,CW,USD,1992-09-30,1992-09-30,Q3,46600000,28100000.0,18500000.0,0.3969957081545064,0.0,9100000.0,0.0,0.0,12100000.0,40200000.0,400000.0,2900000.0,9300000.0,0.19957081545064378,6400000.0,0.13733905579399142,1000000.0,7100000.0,0.15236051502145923,2300000.0,4800000.0,0.10300429184549356,0.1175,0.1175,40851064,40851064,,,1620590883,16:08:03,20210509
115,1992-06-30,CW,USD,1992-06-30,1992-06-30,Q2,47300000,27700000.0,19600000.0,0.4143763213530655,0.0,9700000.0,0.0,0.0,12800000.0,40500000.0,700000.0,3200000.0,10000000.0,0.21141649048625794,6800000.0,0.14376321353065538,1700000.0,7800000.0,0.1649048625792812,2200000.0,5600000.0,0.11839323467230443,0.14,0.14,40000000,40000000,,,1620590883,16:08:03,20210509
116,1992-03-31,CW,USD,1992-03-31,1992-03-31,Q1,51100000,28500000.0,22600000.0,0.44227005870841485,0.0,10400000.0,0.0,0.0,13400000.0,41900000.0,0.0,3000000.0,12200000.0,0.23874755381604695,9200000.0,0.18003913894324852,200000.0,9100000.0,0.1780821917808219,2200000.0,6900000.0,0.1350293542074364,0.17,0.17,40588235,40588235,,,1620590883,16:08:03,20210509
117,1991-12-31,CW,USD,1991-12-31,1991-12-31,Q4,34700000,27000000.0,7700000.0,0.2219020172910663,0.0,0.0,0.0,0.0,12400000.0,39400000.0,300000.0,3000000.0,-1700000.0,-0.04899135446685879,-4700000.0,-0.13544668587896252,11600000.0,6400000.0,0.1844380403458213,2100000.0,4300000.0,0.1239193083573487,0.1075,0.1075,40000000,40000000,,,1620590883,16:08:03,20210509
118,1991-09-30,CW,USD,1991-09-30,1991-09-30,Q3,46900000,27100000.0,19800000.0,0.42217484008528783,0.0,10000000.0,0.0,0.0,13100000.0,40200000.0,400000.0,3000000.0,9700000.0,0.2068230277185501,6700000.0,0.14285714285714285,100000.0,6500000.0,0.13859275053304904,2300000.0,4200000.0,0.08955223880597014,0.105,0.105,40000000,40000000,,,1620590883,16:08:03,20210509
119,1991-06-30,CW,USD,1991-06-30,1991-06-30,Q2,54400000,31600000.0,22800000.0,0.41911764705882354,0.0,10500000.0,0.0,0.0,13600000.0,45200000.0,500000.0,3100000.0,12300000.0,0.2261029411764706,9200000.0,0.16911764705882354,100000.0,8800000.0,0.16176470588235295,2900000.0,5900000.0,0.10845588235294118,0.1475,0.1475,40000000,40000000,,,1620590883,16:08:03,20210509
120,1991-03-31,CW,USD,1991-03-31,1991-03-31,Q1,55300000,32100000.0,23200000.0,0.41952983725135623,0.0,9600000.0,0.0,0.0,12700000.0,44800000.0,400000.0,3100000.0,13600000.0,0.24593128390596744,10500000.0,0.189873417721519,100000.0,10200000.0,0.1844484629294756,3400000.0,6800000.0,0.12296564195298372,0.17,0.17,40000000,40000000,,,1620590883,16:08:03,20210509
121,1990-12-31,CW,USD,1990-12-31,1990-12-31,Q4,39800000,33300000.0,6500000.0,0.16331658291457288,0.0,0.0,0.0,0.0,-7500000.0,25800000.0,600000.0,2900000.0,16900000.0,0.42462311557788945,14000000.0,0.35175879396984927,-7800000.0,5600000.0,0.1407035175879397,1500000.0,4100000.0,0.10301507537688442,0.1025,0.1025,40000000,40000000,,,1620590883,16:08:03,20210509
122,1990-09-30,CW,USD,1990-09-30,1990-09-30,Q3,51600000,28300000.0,23300000.0,0.45155038759689925,0.0,33000000.0,0.0,0.0,36000000.0,64300000.0,900000.0,3000000.0,-9700000.0,-0.187984496124031,-12700000.0,-0.24612403100775193,200000.0,-13300000.0,-0.25775193798449614,-4500000.0,-8800000.0,-0.17054263565891473,-0.22,-0.22,40000000,40000000,,,1620590883,16:08:03,20210509
123,1990-06-30,CW,USD,1990-06-30,1990-06-30,Q2,56500000,31900000.0,24600000.0,0.4353982300884956,0.0,9700000.0,0.0,0.0,12600000.0,44500000.0,1000000.0,2900000.0,14900000.0,0.26371681415929205,12000000.0,0.21238938053097345,100000.0,11100000.0,0.19646017699115045,3400000.0,7700000.0,0.13628318584070798,0.1825,0.1825,42191781,42191781,,,1620590883,16:08:03,20210509
124,1990-03-31,CW,USD,1990-03-31,1990-03-31,Q1,53000000,31400000.0,21600000.0,0.4075471698113208,0.0,11300000.0,0.0,0.0,14300000.0,45700000.0,900000.0,3000000.0,10300000.0,0.19433962264150945,7300000.0,0.13773584905660377,-2300000.0,0.0,0.0,0.0,3900000.0,0.07358490566037736,0.11,0.11,35454545,35454545,,,1620590883,16:08:03,20210509
125,1989-12-31,CW,USD,1989-12-31,1989-12-31,Q4,45300000,20600000.0,24700000.0,0.5452538631346578,0.0,0.0,0.0,0.0,22600000.0,43200000.0,800000.0,2600000.0,4700000.0,0.10375275938189846,2100000.0,0.046357615894039736,1600000.0,3100000.0,0.0684326710816777,4500000.0,-1400000.0,-0.03090507726269316,-0.035,-0.035,40000000,40000000,,,1620590883,16:08:03,20210509
126,1989-09-30,CW,USD,1989-09-30,1989-09-30,Q3,47900000,35300000.0,12600000.0,0.2630480167014614,0.0,9100000.0,0.0,0.0,10600000.0,45900000.0,800000.0,3000000.0,5000000.0,0.10438413361169102,2000000.0,0.04175365344467641,13200000.0,14500000.0,0.302713987473904,5500000.0,9000000.0,0.18789144050104384,0.3325,0.3325,40000000,40000000,,,1620590883,16:08:03,20210509
127,1989-06-30,CW,USD,1989-06-30,1989-06-30,Q2,47700000,29300000.0,18400000.0,0.3857442348008386,0.0,9500000.0,0.0,0.0,12400000.0,41700000.0,700000.0,0.0,4600000.0,0.09643605870020965,6000000.0,0.12578616352201258,4300000.0,9600000.0,0.20125786163522014,2500000.0,7100000.0,0.1488469601677149,0.1875,0.1875,37866667,37866667,,,1620590883,16:08:03,20210509
128,1989-03-31,CW,USD,1989-03-31,1989-03-31,Q1,46700000,0.0,0.0,0.0,0.0,0.0,0.0,0.0,0.0,0.0,0.0,0.0,46700000.0,1.0,46700000.0,1.0,0.0,0.0,0.0,0.0,0.0,0.0,0.1375,0.1375,40144000,40144000,,,1620590883,16:08:03,20210509
