,date,symbol,reportedCurrency,fillingDate,acceptedDate,period,revenue,costOfRevenue,grossProfit,grossProfitRatio,researchAndDevelopmentExpenses,generalAndAdministrativeExpenses,sellingAndMarketingExpenses,otherExpenses,operatingExpenses,costAndExpenses,interestExpense,depreciationAndAmortization,ebitda,ebitdaratio,operatingIncome,operatingIncomeRatio,totalOtherIncomeExpensesNet,incomeBeforeTax,incomeBeforeTaxRatio,incomeTaxExpense,netIncome,netIncomeRatio,eps,epsdiluted,weightedAverageShsOut,weightedAverageShsOutDil,link,finalLink,timestamp,est_time,est_date
0,2019-06-30,TEMO,USD,2020-03-17,2020-03-17 15:14:11,Q4,12171.0,71360.0,-59189.0,-4.863117245912415,0.0,144509000.0,0.0,2138373.0,2133072.0,2204432.0,120605.0,0.0,-2247836000.0,-26.83662846227316,-2247836000.0,-184687.86459617122,237668.0,-2010168000,-165160.46339659847,0.0,-2010168000,-165160.46339659847,-12.35991,-12.35991,162636158,162636158,https://www.sec.gov/Archives/edgar/data/836937/000121465920002683/0001214659-20-002683-index.htm,https://www.sec.gov/Archives/edgar/data/836937/000121465920002683/j22420010k.htm,1620598704,18:18:24,20210509
1,2018-03-31,TEMO,USD,2018-06-04 00:00:00,2018-06-04 11:08:47,Q3,2103.0,14503.0,-12400.0,-5.896338563956253,0.0,74064.0,0.0,164783.0,238847.0,253350.0,31115.0,0.0,-252088000.0,-119.87066096053258,-252088000.0,-119870.66096053258,-31115.0,-489756000,-232884.45078459344,0.0,-489756000,-232884.45078459344,-3.01135987238459,-4.923424471949717,162636158,99474665,https://www.sec.gov/Archives/edgar/data/836937/000121465918004238/0001214659-18-004238-index.html,https://www.sec.gov/Archives/edgar/data/836937/000121465918004238/upd51018110q.htm,1620598704,18:18:24,20210509
2,2017-12-31,TEMO,USD,2018-02-23 00:00:00,2018-02-23 13:07:56,Q2,2176000.0,0.0,2176000.0,1.0,0.0,-1094000.0,0.0,361000.0,-1094000.0,-1094000.0,7128.0,0.0,33486000.0,15.388786764705882,33486000.0,15.388786764705882,361000.0,33847000,15.5546875,0.0,33847000,15.5546875,0.20811485229502286,0.41777839306978876,162636158,81016636,https://www.sec.gov/Archives/edgar/data/836937/000121465918001503/0001214659-18-001503-index.html,https://www.sec.gov/Archives/edgar/data/836937/000121465918001503/l21918010q.htm,1620598704,18:18:24,20210509
3,2017-09-30,TEMO,USD,2017-10-13 00:00:00,2017-10-13 14:26:59,Q1,0.0,0.0,0.0,0.0,0.0,1094.0,0.0,-361000.0,1094.0,1094.0,361.0,0.0,-33486000.0,0.0,-33486000.0,0.0,-361000.0,-33847000,0.0,0.0,-33847000,0.0,-0.20811485229502286,-0.42363255093544044,162636158,79897071,https://www.sec.gov/Archives/edgar/data/836937/000121465917006042/0001214659-17-006042-index.html,https://www.sec.gov/Archives/edgar/data/836937/000121465917006042/u101117110k.htm,1620598704,18:18:24,20210509
4,2017-06-30,TEMO,USD,2017-10-13,2017-10-13 14:26:59,Q4,0.0,0.0,0.0,0.0,0.0,329.0,0.0,34894.0,35223.0,35223.0,0.0,0.0,-104240000.0,0.0,-104240000.0,0.0,64998.0,-104240000,0.0,0.0,-104240000,0.0,-0.6409398825075541,-1.3070813943308328,162636158,79750198,https://www.sec.gov/Archives/edgar/data/836937/000121465917006042/0001214659-17-006042-index.htm,https://www.sec.gov/Archives/edgar/data/836937/000121465917006042/u101117110k.htm,1620598704,18:18:24,20210509
5,2017-03-31,TEMO,USD,2017-05-15 00:00:00,2017-05-15 06:09:17,Q3,0.0,0.0,0.0,0.0,0.0,365.0,0.0,-64998000.0,365.0,365.0,21666.0,0.0,-102497000.0,0.0,-102497000.0,0.0,-64998000.0,-102497000,0.0,0.0,-102497000,0.0,-0.6302227085320105,-1.2849607948867243,162636158,79766636,https://www.sec.gov/Archives/edgar/data/836937/000121465917003307/0001214659-17-003307-index.html,https://www.sec.gov/Archives/edgar/data/836937/000121465917003307/l5917110q.htm,1620598704,18:18:24,20210509
6,2016-12-31,TEMO,USD,2017-02-14 00:00:00,2017-02-14 06:06:02,Q2,0.0,0.0,0.0,0.0,0.0,342.0,0.0,-43332000.0,342.0,342.0,32499.0,0.0,-74194000.0,0.0,-74194000.0,0.0,-43332000.0,-74194000,0.0,0.0,-74194000,0.0,-0.45619621683389744,-0.9302016402686815,162636158,79761201,https://www.sec.gov/Archives/edgar/data/836937/000121465917001050/0001214659-17-001050-index.html,https://www.sec.gov/Archives/edgar/data/836937/000121465917001050/p21017210q.htm,1620598704,18:18:24,20210509
7,2016-09-30,TEMO,USD,2016-10-13 00:00:00,2016-10-13 15:14:44,Q1,0.0,0.0,0.0,0.0,0.0,3312.0,0.0,-10833000.0,3312.0,3312.0,10833.0,0.0,13015.0,0.0,13015.0,0.0,-10833000.0,-23848000,0.0,0.0,-23848000,0.0,-0.1466340590755962,-0.2990128638473612,162636158,79755766,https://www.sec.gov/Archives/edgar/data/836937/000107654216000420/0001076542-16-000420-index.html,https://www.sec.gov/Archives/edgar/data/836937/000107654216000420/p1021-10k.htm,1620598704,18:18:24,20210509
8,2016-06-30,TEMO,USD,2016-10-13,2016-10-13 15:14:44,Q4,0.0,0.0,0.0,0.0,0.0,60878.0,0.0,-42115.0,18763.0,18763.0,0.0,0.0,-78502000.0,0.0,-78502000.0,0.0,16000.0,-78502000,0.0,0.0,-78502000,0.0,-0.48268479141028403,-0.9966402526064462,162636158,78766636,https://www.sec.gov/Archives/edgar/data/836937/000107654216000420/0001076542-16-000420-index.htm,https://www.sec.gov/Archives/edgar/data/836937/000107654216000420/p1021-10k.htm,1620598704,18:18:24,20210509
9,2016-03-31,TEMO,USD,2016-05-09 00:00:00,2016-05-06 17:42:17,Q3,0.0,0.0,0.0,0.0,0.0,6351.0,0.0,16615.0,22966.0,22966.0,0.0,0.0,-59755000.0,0.0,-59755000.0,0.0,16000.0,-59739000,0.0,0.0,-59739000,0.0,-0.36731684229776257,-0.7584302571967146,162636158,78766636,https://www.sec.gov/Archives/edgar/data/836937/000107654216000294/0001076542-16-000294-index.html,https://www.sec.gov/Archives/edgar/data/836937/000107654216000294/p0460_10q.htm,1620598704,18:18:24,20210509
10,2015-12-31,TEMO,USD,2016-02-12 00:00:00,2016-02-12 11:12:05,Q2,0.0,0.0,0.0,0.0,0.0,7952.0,0.0,16245.0,24197.0,24197.0,0.0,0.0,-36789000.0,0.0,-36789000.0,0.0,14000.0,-36775000,0.0,0.0,-36775000,0.0,-0.2261182288873302,-0.4668854970523306,162636158,78766636,https://www.sec.gov/Archives/edgar/data/836937/000107654216000221/0001076542-16-000221-index.html,https://www.sec.gov/Archives/edgar/data/836937/000107654216000221/p0142_10q.htm,1620598704,18:18:24,20210509
11,2015-09-30,TEMO,USD,2015-10-13 00:00:00,2015-10-13 12:58:10,Q1,0.0,0.0,0.0,0.0,0.0,3337.0,0.0,9255.0,12592.0,12592.0,0.0,0.0,-12582000.0,0.0,-12582000.0,0.0,10000.0,-12582000,0.0,0.0,-12582000,0.0,-0.07736287031571418,-0.15973768385893744,162636158,78766636,https://www.sec.gov/Archives/edgar/data/836937/000107654215000159/0001076542-15-000159-index.html,https://www.sec.gov/Archives/edgar/data/836937/000107654215000159/p1033-10k.htm,1620598704,18:18:24,20210509
12,2015-06-30,TEMO,USD,2015-10-13,2015-10-13 12:58:10,Q4,0.0,0.0,0.0,0.0,0.0,33316.0,0.0,1050000.0,33316.0,33316.0,0.0,0.0,-48500000.0,0.0,-48500000.0,0.0,15000.0,-48500000,0.0,0.0,-48500000,0.0,-0.29821166828104734,-0.7421603043916165,162636158,65349763,https://www.sec.gov/Archives/edgar/data/836937/000107654215000159/0001076542-15-000159-index.htm,https://www.sec.gov/Archives/edgar/data/836937/000107654215000159/p1033-10k.htm,1620598704,18:18:24,20210509
13,2015-03-31,TEMO,USD,2015-05-20 00:00:00,2015-05-20 12:32:04,Q3,0.0,0.0,0.0,0.0,0.0,14149.0,0.0,1050.0,15199.0,15199.0,0.0,0.0,-15199000.0,0.0,-15199000.0,0.0,0.0,-15199000,0.0,0.0,-15199000,0.0,-0.093454003014508,-0.24959850588386726,162636158,60893794,https://www.sec.gov/Archives/edgar/data/836937/000107654215000108/0001076542-15-000108-index.html,https://www.sec.gov/Archives/edgar/data/836937/000107654215000108/p0524_10q.htm,1620598704,18:18:24,20210509
14,2014-12-31,TEMO,USD,2015-02-17,2015-02-17 17:13:53,Q2,0.0,0.0,0.0,0.0,0.0,48661000.0,0.0,0.0,48661000.0,48661000.0,0.0,0.0,-53661000.0,0.0,-53661000.0,0.0,0.0,-53661000,0.0,0.0,-53661000,0.0,-0.32994507900266556,-2.8901843069471496,162636158,18566636,https://www.sec.gov/Archives/edgar/data/836937/000116169715000091/0001161697-15-000091-index.htm,https://www.sec.gov/Archives/edgar/data/836937/000116169715000091/form_10-q.htm,1620598704,18:18:24,20210509
15,2014-09-30,TEMO,USD,2014-10-14 00:00:00,2014-10-14 16:48:26,Q1,0.0,0.0,0.0,0.0,0.0,27763000.0,0.0,0.0,27763000.0,27763000.0,0.0,0.0,-30763000.0,0.0,-30763000.0,0.0,0.0,-30763000,0.0,0.0,-30763000,0.0,-0.18915227940886306,-1.656896812109636,162636158,18566636,https://www.sec.gov/Archives/edgar/data/836937/000116169714000504/0001161697-14-000504-index.html,https://www.sec.gov/Archives/edgar/data/836937/000116169714000504/form_10-k.htm,1620598704,18:18:24,20210509
16,2014-06-30,TEMO,USD,2014-10-14,2014-10-14 16:48:26,Q4,0.0,0.0,0.0,0.0,0.0,123192000.0,0.0,0.0,123192000.0,123192000.0,0.0,0.0,-195152000.0,0.0,-195152000.0,0.0,0.0,-195152000,0.0,0.0,-195152000,0.0,-1.1999299688326381,-10.510897073654053,162636158,18566636,https://www.sec.gov/Archives/edgar/data/836937/000116169714000504/0001161697-14-000504-index.htm,https://www.sec.gov/Archives/edgar/data/836937/000116169714000504/form_10-k.htm,1620598704,18:18:24,20210509
17,2014-03-31,TEMO,USD,2014-05-20 00:00:00,2014-05-20 12:48:07,Q3,0.0,0.0,0.0,0.0,0.0,97391000.0,0.0,0.0,97391000.0,97391000.0,0.0,0.0,-166351000.0,0.0,-166351000.0,0.0,0.0,-166351000,0.0,0.0,-166351000,0.0,-8.95967,-8.95967,18566636,18566636,https://www.sec.gov/Archives/edgar/data/836937/000116169714000201/0001161697-14-000201-index.html,https://www.sec.gov/Archives/edgar/data/836937/000116169714000201/form_10-q.htm,1620598704,18:18:24,20210509
18,2013-12-31,TEMO,USD,2014-02-12,2014-02-12 16:04:48,Q2,0.0,0.0,0.0,0.0,0.0,71217000.0,0.0,0.0,71217000.0,71217000.0,0.0,0.0,-77217000.0,0.0,-77217000.0,0.0,0.0,-77217000,0.0,0.0,-77217000,0.0,-4.15891,-4.15891,18566636,18566636,https://www.sec.gov/Archives/edgar/data/836937/000116169714000076/0001161697-14-000076-index.htm,https://www.sec.gov/Archives/edgar/data/836937/000116169714000076/form_10-q.htm,1620598704,18:18:24,20210509
19,2013-09-30,TEMO,USD,2013-10-15 00:00:00,2013-10-15 16:14:36,Q1,0.0,0.0,0.0,0.0,0.0,35405000.0,0.0,0.0,35405000.0,35405000.0,0.0,0.0,-38405000.0,0.0,-38405000.0,0.0,0.0,-38405000,0.0,0.0,-38405000,0.0,-2.10753,-2.10753,18222741,18222741,https://www.sec.gov/Archives/edgar/data/836937/000116169713000754/0001161697-13-000754-index.html,https://www.sec.gov/Archives/edgar/data/836937/000116169713000754/form_10-k.htm,1620598704,18:18:24,20210509
20,2013-06-30,TEMO,USD,2013-10-15,2013-10-15 16:14:36,Q4,0.0,0.0,0.0,0.0,0.0,360949000.0,0.0,0.0,360949000.0,360949000.0,0.0,0.0,-905005000.0,0.0,-905005000.0,0.0,0.0,-1638659000,0.0,-50000.0,-1638609000,0.0,-90.52839,-90.52839,18100499,18100499,https://www.sec.gov/Archives/edgar/data/836937/000116169713000754/0001161697-13-000754-index.htm,https://www.sec.gov/Archives/edgar/data/836937/000116169713000754/form_10-k.htm,1620598704,18:18:24,20210509
21,2013-03-31,TEMO,USD,2013-05-20 00:00:00,2013-05-20 13:38:21,Q3,0.0,0.0,0.0,0.0,0.0,329189000.0,0.0,0.0,329189000.0,329189000.0,0.0,14303000.0,-855942000.0,0.0,-870245000.0,0.0,0.0,-1603899000,0.0,-50000.0,-1603849000,0.0,-89.98465,-89.98465,17823584,17823584,https://www.sec.gov/Archives/edgar/data/836937/000116169713000344/0001161697-13-000344-index.html,https://www.sec.gov/Archives/edgar/data/836937/000116169713000344/form_10-q.htm,1620598704,18:18:24,20210509
22,2012-12-31,TEMO,USD,2013-02-14 00:00:00,2013-02-14 17:08:09,Q2,0.0,0.0,0.0,0.0,0.0,249534000.0,0.0,0.0,249534000.0,249534000.0,0.0,18883000.0,-236651000.0,0.0,-255534000.0,0.0,0.0,-989188000,0.0,-50000.0,-989138000,0.0,-57.8168,-57.8168,17108141,17108141,https://www.sec.gov/Archives/edgar/data/836937/000116169713000110/0001161697-13-000110-index.html,https://www.sec.gov/Archives/edgar/data/836937/000116169713000110/form_10-q.htm,1620598704,18:18:24,20210509
23,2012-09-30,TEMO,USD,2012-10-15 00:00:00,2012-10-15 11:52:48,Q1,0.0,0.0,0.0,0.0,0.0,127856000.0,0.0,0.0,127856000.0,127856000.0,0.0,6870000.0,-123986000.0,0.0,-130856000.0,0.0,0.0,-864510000,0.0,-50000.0,-864460000,0.0,-69.34861,-69.34861,12465426,12465426,https://www.sec.gov/Archives/edgar/data/836937/000116169712000772/0001161697-12-000772-index.html,https://www.sec.gov/Archives/edgar/data/836937/000116169712000772/form_10-k.htm,1620598704,18:18:24,20210509
24,2012-06-30,TEMO,USD,2012-10-15,2012-10-15 11:52:48,Q4,0.0,0.0,0.0,0.0,0.0,692767000.0,0.0,0.0,692767000.0,692767000.0,0.0,211485000.0,-819374000.0,0.0,-1030859000.0,0.0,0.0,-1291481000,0.0,-50000.0,-1291431000,0.0,-110.09627,-110.09627,11730016,11730016,https://www.sec.gov/Archives/edgar/data/836937/000116169712000772/0001161697-12-000772-index.htm,https://www.sec.gov/Archives/edgar/data/836937/000116169712000772/form_10-k.htm,1620598704,18:18:24,20210509
25,2012-03-31,TEMO,USD,2012-05-21,2012-05-21 15:25:19,Q3,0.0,0.0,0.0,0.0,0.0,108646000.0,0.0,0.0,108646000.0,108646000.0,0.0,0.0,-318146000.0,0.0,-318146000.0,0.0,0.0,-663555000,0.0,-50000.0,-663505000,0.0,-57.74622,-57.74622,11490016,11490016,https://www.sec.gov/Archives/edgar/data/836937/000116169712000394/0001161697-12-000394-index.htm,https://www.sec.gov/Archives/edgar/data/836937/000116169712000394/form_10-q.htm,1620598704,18:18:24,20210509
26,2011-12-31,TEMO,USD,2012-02-14 00:00:00,2012-02-14 14:29:39,Q2,0.0,0.0,0.0,0.0,0.0,84394000.0,0.0,0.0,84394000.0,84394000.0,0.0,12775000.0,-274119000.0,0.0,-286894000.0,0.0,0.0,-316345000,0.0,-50000.0,-316295000,0.0,-27.52781,-27.52781,11490016,11490016,https://www.sec.gov/Archives/edgar/data/836937/000116169712000086/0001161697-12-000086-index.html,https://www.sec.gov/Archives/edgar/data/836937/000116169712000086/form_10-q.htm,1620598704,18:18:24,20210509
27,2011-09-30,TEMO,USD,2011-10-05 00:00:00,2011-10-05 15:33:31,Q1,0.0,0.0,0.0,0.0,0.0,16083000.0,0.0,0.0,16083000.0,16083000.0,0.0,12775000.0,-160808000.0,0.0,-173583000.0,0.0,0.0,-188459000,0.0,0.0,-188459000,0.0,-16.40198,-16.40198,11490016,11490016,https://www.sec.gov/Archives/edgar/data/836937/000116169711000898/0001161697-11-000898-index.html,https://www.sec.gov/Archives/edgar/data/836937/000116169711000898/form_10-k.htm,1620598704,18:18:24,20210509
28,2011-06-30,TEMO,USD,2011-10-05,2011-10-05 15:33:31,Q4,0.0,0.0,0.0,0.0,0.0,136624000.0,0.0,0.0,136624000.0,136624000.0,4694000.0,0.0,-199212000.0,0.0,-199212000.0,0.0,-4588000.0,-199212000,0.0,50000.0,-199262000,0.0,-17.34219,-17.34219,11490016,11490016,https://www.sec.gov/Archives/edgar/data/836937/000116169711000898/0001161697-11-000898-index.htm,https://www.sec.gov/Archives/edgar/data/836937/000116169711000898/form_10-k.htm,1620598704,18:18:24,20210509
29,2011-03-31,TEMO,USD,2011-05-03 00:00:00,2011-05-03 16:35:41,Q3,0.0,0.0,0.0,0.0,0.0,69774000.0,0.0,0.0,69774000.0,69774000.0,0.0,0.0,-96774000.0,0.0,-96774000.0,0.0,0.0,-96669000,0.0,50000.0,-96719000,0.0,-8.41766,-8.41766,11490016,11490016,https://www.sec.gov/Archives/edgar/data/836937/000116169711000384/0001161697-11-000384-index.html,https://www.sec.gov/Archives/edgar/data/836937/000116169711000384/form_10-q.htm,1620598704,18:18:24,20210509
30,2010-12-31,TEMO,USD,2011-02-03,2011-02-03 13:44:01,Q2,0.0,0.0,0.0,0.0,0.0,36523000.0,0.0,0.0,36523000.0,36523000.0,0.0,0.0,-54523000.0,0.0,-54523000.0,0.0,0.0,-54423000,0.0,50000.0,-54473000,0.0,-4.7409,-4.7409,11490016,11490016,https://www.sec.gov/Archives/edgar/data/836937/000116169711000102/0001161697-11-000102-index.htm,https://www.sec.gov/Archives/edgar/data/836937/000116169711000102/form_10-q.htm,1620598704,18:18:24,20210509
31,2010-09-30,TEMO,USD,2010-10-13 00:00:00,2010-10-13 17:07:59,Q1,0.0,0.0,0.0,0.0,0.0,25040000.0,0.0,0.0,25040000.0,25040000.0,0.0,0.0,-34040000.0,0.0,-34040000.0,0.0,0.0,-33979000,0.0,0.0,-33979000,0.0,-2.95726,-2.95726,11490016,11490016,https://www.sec.gov/Archives/edgar/data/836937/000116169710000944/0001161697-10-000944-index.html,https://www.sec.gov/Archives/edgar/data/836937/000116169710000944/form_10-k.htm,1620598704,18:18:24,20210509
32,2010-06-30,TEMO,USD,2010-10-13,2010-10-13 17:07:59,Q4,0.0,0.0,0.0,0.0,0.0,77280000.0,0.0,0.0,77280000.0,77280000.0,0.0,0.0,-112680000.0,0.0,-112680000.0,0.0,600000.0,-112680000,0.0,50000.0,-112730000,0.0,-9.8729,-9.8729,11418124,11418124,https://www.sec.gov/Archives/edgar/data/836937/000116169710000944/0001161697-10-000944-index.htm,https://www.sec.gov/Archives/edgar/data/836937/000116169710000944/form_10-k.htm,1620598704,18:18:24,20210509
33,2008-09-30,TEMO,USD,2008-10-20 00:00:00,2008-10-20 14:06:31,Q1,0.0,0.0,0.0,0.0,0.0,54126000.0,0.0,0.0,54126000.0,54126000.0,151000.0,0.0,-54126000.0,0.0,-54126000.0,0.0,0.0,-49051000,0.0,0.0,-49051000,0.0,-4.30132,-4.30132,11403711,11403711,https://www.sec.gov/Archives/edgar/data/836937/000110465908064789/0001104659-08-064789-index.html,https://www.sec.gov/Archives/edgar/data/836937/000110465908064789/a08-26325_110q.htm,1620598704,18:18:24,20210509
34,2008-06-30,TEMO,USD,2008-09-29,2008-09-29 12:42:06,Q4,0.0,0.0,0.0,0.0,0.0,77618000.0,0.0,0.0,77618000.0,77618000.0,205000.0,-75916000.0,-140535000.0,0.0,-64619000.0,0.0,12999000.0,574131000,0.0,0.0,574131000,0.0,50.0,50.0,11482620,11482620,https://www.sec.gov/Archives/edgar/data/836937/000110465908060889/0001104659-08-060889-index.htm,https://www.sec.gov/Archives/edgar/data/836937/000110465908060889/a08-24341_110ksb.htm,1620598704,18:18:24,20210509
35,2008-03-31,TEMO,USD,2008-07-02,2008-07-02 11:55:19,Q3,0.0,0.0,0.0,0.0,0.0,21581000.0,0.0,0.0,21581000.0,21581000.0,0.0,16097000.0,2712000.0,0.0,-13385000.0,0.0,0.0,626157000,0.0,0.0,626157000,0.0,44.5248,44.5248,14063107,14063107,https://www.sec.gov/Archives/edgar/data/836937/000110465908043707/0001104659-08-043707-index.htm,https://www.sec.gov/Archives/edgar/data/836937/000110465908043707/a08-17879_110qsba.htm,1620598704,18:18:24,20210509
36,2007-12-31,TEMO,USD,2008-02-14,2008-02-14 14:05:19,Q2,606869000.0,196296000.0,410573000.0,0.6765430430620117,205223000.0,-14760000.0,158038000.0,0.0,506539000.0,506539000.0,124880000.0,29809000.0,-66157000.0,-0.10901364215341366,-95966000.0,-0.158132974332187,0.0,987651000,1.627453371320664,0.0,987651000,1.627453371320664,65.14616,65.14616,15160540,15160540,https://www.sec.gov/Archives/edgar/data/836937/000110465908010580/0001104659-08-010580-index.htm,https://www.sec.gov/Archives/edgar/data/836937/000110465908010580/a08-5717_110qsb.htm,1620598704,18:18:24,20210509
37,2007-09-30,TEMO,USD,2007-11-14,2007-11-13 19:39:35,Q1,680242000.0,195184000.0,485058000.0,0.7130668203374682,285601000.0,7703000.0,195275000.0,0.0,683854000.0,683854000.0,124973000.0,30010000.0,-168786000.0,-0.24812640207455583,-198796000.0,-0.29224305467760003,0.0,-308874000,-0.4540648769114521,0.0,-308874000,-0.4540648769114521,-20.54984,-20.54984,15030481,15030481,https://www.sec.gov/Archives/edgar/data/836937/000110465907082602/0001104659-07-082602-index.htm,https://www.sec.gov/Archives/edgar/data/836937/000110465907082602/a07-29209_110qsb.htm,1620598704,18:18:24,20210509
38,2007-06-30,TEMO,USD,2007-10-15,2007-10-15 17:20:00,Q4,472903000.0,248177000.0,224726000.0,0.4752052746546332,317038000.0,225618000.0,241754000.0,0.0,1026164000.0,1026164000.0,120656000.0,30302000.0,-771136000.0,-1.6306430705662684,-801438000.0,-1.6947196359507128,0.0,-795715000,-1.6826177884259563,0.0,-795715000,-1.6826177884259563,-53.72836,-53.72836,14809963,14809963,https://www.sec.gov/Archives/edgar/data/836937/000110465907074955/0001104659-07-074955-index.htm,https://www.sec.gov/Archives/edgar/data/836937/000110465907074955/a07-24903_310ksb.htm,1620598704,18:18:24,20210509
39,2007-03-31,TEMO,USD,2007-05-15,2007-05-15 13:18:11,Q3,1371372000.0,692775000.0,678597000.0,0.494830724267376,363490000.0,147240000.0,232712000.0,0.0,976154000.0,976154000.0,169346000.0,29758000.0,-267799000.0,-0.19527815939074153,-297557000.0,-0.2169775961591749,0.0,1624784000,1.1847872058055728,0.0,1624784000,1.1847872058055728,110.25135,110.25135,14737090,14737090,https://www.sec.gov/Archives/edgar/data/836937/000110465907039899/0001104659-07-039899-index.htm,https://www.sec.gov/Archives/edgar/data/836937/000110465907039899/a07-14219_110qsb.htm,1620598704,18:18:24,20210509
40,2006-12-31,TEMO,USD,2007-02-14,2007-02-14 13:48:05,Q2,2082340000.0,895948000.0,1186392000.0,0.5697398119423341,464530000.0,-17196000.0,394672000.0,0.0,1236678000.0,1236678000.0,188270000.0,40789000.0,-9497000.0,-0.004560734558237367,-50286000.0,-0.02414879414504836,0.0,-163489000,-0.07851215459531105,0.0,-163489000,-0.07851215459531105,-11.14824,-11.14824,14665008,14665008,https://www.sec.gov/Archives/edgar/data/836937/000110465907011095/0001104659-07-011095-index.htm,https://www.sec.gov/Archives/edgar/data/836937/000110465907011095/a07-4597_110qsb.htm,1620598704,18:18:24,20210509
41,2006-09-30,TEMO,USD,2006-11-14,2006-11-13 17:55:02,Q1,1450592000.0,700056000.0,750536000.0,0.5173997926363857,465302000.0,27109000.0,349045000.0,0.0,1190501000.0,1190501000.0,197532000.0,41147000.0,-398818000.0,-0.2749346473715559,-439965000.0,-0.30330030773642763,0.0,-525144000,-0.36202047164192275,0.0,-525144000,-0.36202047164192275,-35.83994,-35.83994,14652481,14652481,https://www.sec.gov/Archives/edgar/data/836937/000110465906074583/0001104659-06-074583-index.htm,https://www.sec.gov/Archives/edgar/data/836937/000110465906074583/a06-23854_110qsb.htm,1620598704,18:18:24,20210509
42,2006-06-30,TEMO,USD,2006-09-28,2006-09-28 16:59:34,Q4,1982822000.0,901064000.0,1081758000.0,0.5455648565529332,365936000.0,-118373000.0,471011000.0,0.0,1189585000.0,1189585000.0,187281000.0,37830000.0,-69997000.0,-0.03530170635589074,-107827000.0,-0.0543805747565843,0.0,-183885000,-0.09273903557656714,0.0,-183885000,-0.09273903557656714,-12.63541,-12.63541,14553152,14553152,https://www.sec.gov/Archives/edgar/data/836937/000110465906063825/0001104659-06-063825-index.htm,https://www.sec.gov/Archives/edgar/data/836937/000110465906063825/a06-20264_110ksb.htm,1620598704,18:18:24,20210509
43,2006-03-31,TEMO,USD,2006-07-31,2006-07-28 18:17:57,Q3,1723160000.0,909259000.0,813901000.0,0.472330485851575,383600000.0,-230797000.0,530413000.0,0.0,1213629000.0,1213629000.0,186057000.0,36085000.0,-363643000.0,-0.2110326377121103,-399728000.0,-0.23197381554817892,0.0,-455807000,-0.264518094663293,0.0,-455807000,-0.264518094663293,-31.14981,-31.14981,14632738,14632738,https://www.sec.gov/Archives/edgar/data/836937/000110465906049659/0001104659-06-049659-index.htm,https://www.sec.gov/Archives/edgar/data/836937/000110465906049659/a06-16972_110qsba.htm,1620598704,18:18:24,20210509
44,2005-12-31,TEMO,USD,2006-02-14,2006-02-14 15:55:44,Q2,1539355000.0,698132000.0,841223000.0,0.5464775831435894,382534000.0,-154415000.0,537336000.0,0.0,1302791000.0,1302791000.0,142081000.0,27836000.0,-433732000.0,-0.2817621666217344,-461568000.0,-0.2998450649785137,0.0,-593768000,-0.3857251900958518,0.0,-593768000,-0.3857251900958518,-41.07423,-41.07423,14455975,14455975,https://www.sec.gov/Archives/edgar/data/836937/000110465906009488/0001104659-06-009488-index.htm,https://www.sec.gov/Archives/edgar/data/836937/000110465906009488/a06-4989_110qsb.htm,1620598704,18:18:24,20210509
45,2005-09-30,TEMO,USD,2005-11-14,2005-11-14 14:59:02,Q1,1470813000.0,747190000.0,723623000.0,0.49198844448614476,364616000.0,-256476000.0,594356000.0,0.0,1296852000.0,1296852000.0,176416000.0,26684000.0,-546545000.0,-0.3715938056027517,-573229000.0,-0.3897361527264173,0.0,-712275000,-0.48427298371716865,0.0,-712275000,-0.48427298371716865,-49.94188,-49.94188,14262077,14262077,https://www.sec.gov/Archives/edgar/data/836937/000110465905055351/0001104659-05-055351-index.htm,https://www.sec.gov/Archives/edgar/data/836937/000110465905055351/a05-18646_110qsb.htm,1620598704,18:18:24,20210509
46,2005-06-30,TEMO,USD,2005-09-28,2005-09-28 17:04:36,Q4,1559143000.0,688752000.0,870391000.0,0.5582496281611116,410099000.0,2447352000.0,-1431227000.0,0.0,-5003000.0,2007810000.0,88914000.0,27367000.0,-1110052000.0,-0.7119629180902586,-1137419000.0,-0.7295155094818114,0.0,-1226135000,-0.7864159990456295,0.0,-1226135000,-0.7864159990456295,-89.83522,-89.83522,13648711,13648711,https://www.sec.gov/Archives/edgar/data/836937/000110465905046191/0001104659-05-046191-index.htm,https://www.sec.gov/Archives/edgar/data/836937/000110465905046191/a05-16825_110ksb.htm,1620598704,18:18:24,20210509
47,2005-03-31,TEMO,USD,2005-05-16,2005-05-16 13:29:25,Q3,1628958000.0,702188000.0,926770000.0,0.5689342512207191,369660000.0,-231156000.0,505682000.0,0.0,1149868000.0,1149868000.0,83029000.0,25177000.0,-197921000.0,-0.12150159795402951,-223098000.0,-0.13695749061670098,0.0,-303260000,-0.18616809027611517,0.0,-303260000,-0.18616809027611517,-22.29728,-22.29728,13600762,13600762,https://www.sec.gov/Archives/edgar/data/836937/000110465905023678/0001104659-05-023678-index.htm,https://www.sec.gov/Archives/edgar/data/836937/000110465905023678/a05-8358_110qsb.htm,1620598704,18:18:24,20210509
48,2004-12-31,TEMO,USD,2005-02-14,2005-02-14 12:59:48,Q2,1440312000.0,618849000.0,821463000.0,0.5703368436838685,337946000.0,-201893000.0,461442000.0,0.0,1058937000.0,1058937000.0,91386000.0,20588000.0,-216886000.0,-0.15058265153661152,-237474000.0,-0.16487677669838202,0.0,-298668000,-0.20736340459567093,0.0,-298668000,-0.20736340459567093,-21.95988,-21.95988,13600620,13600620,https://www.sec.gov/Archives/edgar/data/836937/000110465905006179/0001104659-05-006179-index.htm,https://www.sec.gov/Archives/edgar/data/836937/000110465905006179/a05-3478_110qsb.htm,1620598704,18:18:24,20210509
49,2004-09-30,TEMO,USD,2004-11-15,2004-11-15 13:08:55,Q1,1453825000.0,565953000.0,887872000.0,0.6107144945230685,287772000.0,-228524000.0,464103000.0,0.0,987454000.0,987454000.0,98511000.0,18582000.0,-81000000.0,-0.05571509638367754,-99582000.0,-0.06849655219851082,0.0,-192331000,-0.13229308892060598,0.0,-192331000,-0.13229308892060598,-14.14179,-14.14179,13600188,13600188,https://www.sec.gov/Archives/edgar/data/836937/000110465904035972/0001104659-04-035972-index.htm,https://www.sec.gov/Archives/edgar/data/836937/000110465904035972/a04-13510_110qsb.htm,1620598704,18:18:24,20210509
50,2004-06-30,TEMO,USD,2004-09-28,2004-09-28 14:47:29,Q4,1277293000.0,510955000.0,766338000.0,0.5999704061636602,266510000.0,-237878000.0,521175000.0,0.0,1070982000.0,1070982000.0,98227000.0,16162000.0,-288482000.0,-0.22585420886202304,-304644000.0,-0.23850753116160506,0.0,-396463000,-0.31039315176705734,0.0,-396463000,-0.31039315176705734,-30.84487,-30.84487,12853452,12853452,https://www.sec.gov/Archives/edgar/data/836937/000110465904028736/0001104659-04-028736-index.htm,https://www.sec.gov/Archives/edgar/data/836937/000110465904028736/a04-10876_110ksb.htm,1620598704,18:18:24,20210509
51,2004-03-31,TEMO,USD,2004-05-14,2004-05-14 15:45:27,Q3,1306107000.0,594413000.0,711694000.0,0.5448971638617663,250880000.0,-293319000.0,522194000.0,0.0,1001949000.0,1001949000.0,21020000.0,15458000.0,-274797000.0,-0.21039394169084155,-290255000.0,-0.22222911292872635,0.0,-309715000,-0.23712835165878446,0.0,-309715000,-0.23712835165878446,-24.56387,-24.56387,12608561,12608561,https://www.sec.gov/Archives/edgar/data/836937/000110465904014538/0001104659-04-014538-index.htm,https://www.sec.gov/Archives/edgar/data/836937/000110465904014538/a04-6066_110qsb.htm,1620598704,18:18:24,20210509
52,2003-12-31,TEMO,USD,2004-02-12,2004-02-12 15:24:01,Q2,1127324000.0,496758000.0,630566000.0,0.5593476232210083,201071000.0,-243708000.0,469382000.0,0.0,896127000.0,896127000.0,18835000.0,15152000.0,-250409000.0,-0.22212691293718576,-265561000.0,-0.23556759192565757,0.0,-282692000,-0.2507637555840202,0.0,-282692000,-0.2507637555840202,-23.27919,-23.27919,12143551,12143551,https://www.sec.gov/Archives/edgar/data/836937/000110465904003888/0001104659-04-003888-index.htm,https://www.sec.gov/Archives/edgar/data/836937/000110465904003888/a04-2301_110qsb.htm,1620598704,18:18:24,20210509
53,2003-09-30,TEMO,USD,2003-11-14,2003-11-14 12:48:01,Q1,1126397000.0,521578000.0,604819000.0,0.5369501161668577,171632000.0,-205644000.0,390293000.0,0.0,746574000.0,746574000.0,19811000.0,13302000.0,-128453000.0,-0.11403883355513199,-141755000.0,-0.12584816898482507,0.0,-161573000,-0.14344232095788606,0.0,-161573000,-0.14344232095788606,-14.07834,-14.07834,11476709,11476709,https://www.sec.gov/Archives/edgar/data/836937/000110465903026530/0001104659-03-026530-index.htm,https://www.sec.gov/Archives/edgar/data/836937/000110465903026530/a03-5570_110qsb.htm,1620598704,18:18:24,20210509
