,date,symbol,reportedCurrency,fillingDate,acceptedDate,period,revenue,costOfRevenue,grossProfit,grossProfitRatio,researchAndDevelopmentExpenses,generalAndAdministrativeExpenses,sellingAndMarketingExpenses,otherExpenses,operatingExpenses,costAndExpenses,interestExpense,depreciationAndAmortization,ebitda,ebitdaratio,operatingIncome,operatingIncomeRatio,totalOtherIncomeExpensesNet,incomeBeforeTax,incomeBeforeTaxRatio,incomeTaxExpense,netIncome,netIncomeRatio,eps,epsdiluted,weightedAverageShsOut,weightedAverageShsOutDil,link,finalLink,timestamp,est_time,est_date
0,2019-09-30,0984.HK,HKD,2019-09-30,2019-09-30,Q3,2373443500,1664039750,709403750,0.2988922002988485,0.0,0.0,68488000.0,138633250.0,0.0,2482315000,75853500.0,261027500,152156000,0.06410769837158542,-108871500,-0.04587069378310459,0.0,-41988750.0,-0.017691067851415044,5258000.0,-47181500.0,-0.019878922755060317,-0.181475,-0.181475,260000000,260000000,https://www1.hkexnews.hk/search/titlesearch.xhtml,https://www1.hkexnews.hk/search/titlesearch.xhtml,1620585013,14:30:13,20210509
1,2019-06-30,0984.HK,HKD,2019-06-30,2019-06-30,Q2,2373443500,1664039750,709403750,0.2988922002988485,0.0,0.0,68488000.0,138633250.0,0.0,2482315000,75853500.0,261027500,152156000,0.06410769837158542,-108871500,-0.04587069378310459,0.0,-41988750.0,-0.017691067851415044,5258000.0,-47181500.0,-0.019878922755060317,-0.181475,-0.181475,260000000,260000000,https://www1.hkexnews.hk/search/titlesearch.xhtml,https://www1.hkexnews.hk/search/titlesearch.xhtml,1620585013,14:30:13,20210509
2,2019-03-31,0984.HK,HKD,2019-03-31,2019-03-31,Q1,2373443500,1664039750,709403750,0.2988922002988485,0.0,0.0,68488000.0,138633250.0,0.0,2482315000,75853500.0,261027500,152156000,0.06410769837158542,-108871500,-0.04587069378310459,0.0,-41988750.0,-0.017691067851415044,5258000.0,-47181500.0,-0.019878922755060317,-0.181475,-0.181475,260000000,260000000,https://www1.hkexnews.hk/search/titlesearch.xhtml,https://www1.hkexnews.hk/search/titlesearch.xhtml,1620585013,14:30:13,20210509
3,2019-01-31,0984.HK,HKD,2019-01-31,2019-01-31,Q1,2373443500,1664039750,709403750,0.2988922002988485,0.0,0.0,68488000.0,138633250.0,0.0,2482315000,75853500.0,261027500,152156000,0.06410769837158542,-108871500,-0.04587069378310459,0.0,-41988750.0,-0.017691067851415044,5258000.0,-47181500.0,-0.019878922755060317,-0.181475,-0.181475,260000000,260000000,https://www1.hkexnews.hk/search/titlesearch.xhtml,https://www1.hkexnews.hk/search/titlesearch.xhtml,1620585013,14:30:13,20210509
4,2018-09-30,0984.HK,HKD,2018-09-30,2018-09-30,Q3,2418972750,1669062750,749910000,0.31001176015728166,0.0,0.0,74374750.0,143056750.0,0.0,2569199250,0.0,55860250,-94366250,-0.03901087765457465,-150226500,-0.062103427994383155,0.0,-5814750.0,-0.002403809633655443,4929500.0,-12306000.0,-0.005087283434672838,-0.047325,-0.047325,260000000,260000000,https://www1.hkexnews.hk/search/titlesearch.xhtml,https://www1.hkexnews.hk/search/titlesearch.xhtml,1620585013,14:30:13,20210509
5,2018-06-30,0984.HK,HKD,2018-06-30,2018-06-30,Q2,2418972750,1669062750,749910000,0.31001176015728166,0.0,0.0,74374750.0,143056750.0,0.0,2569199250,0.0,55860250,-94366250,-0.03901087765457465,-150226500,-0.062103427994383155,0.0,-5814750.0,-0.002403809633655443,4929500.0,-12306000.0,-0.005087283434672838,-0.047325,-0.047325,260000000,260000000,https://www1.hkexnews.hk/search/titlesearch.xhtml,https://www1.hkexnews.hk/search/titlesearch.xhtml,1620585013,14:30:13,20210509
6,2018-03-31,0984.HK,HKD,2018-03-31,2018-03-31,Q1,2418972750,1669062750,749910000,0.31001176015728166,0.0,0.0,74374750.0,143056750.0,0.0,2569199250,0.0,55860250,-94366250,-0.03901087765457465,-150226500,-0.062103427994383155,0.0,-5814750.0,-0.002403809633655443,4929500.0,-12306000.0,-0.005087283434672838,-0.047325,-0.047325,260000000,260000000,https://www1.hkexnews.hk/search/titlesearch.xhtml,https://www1.hkexnews.hk/search/titlesearch.xhtml,1620585013,14:30:13,20210509
7,2018-01-31,0984.HK,HKD,2018-01-31,2018-01-31,Q1,2418972750,1669062750,749910000,0.31001176015728166,0.0,0.0,74374750.0,143056750.0,0.0,2569199250,0.0,55860250,-94366250,-0.03901087765457465,-150226500,-0.062103427994383155,0.0,-5814750.0,-0.002403809633655443,4929500.0,-12306000.0,-0.005087283434672838,-0.047325,-0.047325,260000000,260000000,https://www1.hkexnews.hk/search/titlesearch.xhtml,https://www1.hkexnews.hk/search/titlesearch.xhtml,1620585013,14:30:13,20210509
8,2017-09-30,0984.HK,HKD,2017-09-30,2017-09-30,Q3,2416384750,1659692000,756692750,0.3131507720366138,0.0,0.0,78379250.0,150830750.0,0.0,2584955000,7250.0,56531750,-112038500,-0.0463661674739505,-168570250,-0.06976134491827099,0.0,-15801750.0,-0.0065394180293514926,2753750.0,-13687250.0,-0.005664350430948548,-0.05265,-0.05265,260000000,260000000,https://www1.hkexnews.hk/search/titlesearch.xhtml,https://www1.hkexnews.hk/search/titlesearch.xhtml,1620585013,14:30:13,20210509
9,2017-06-30,0984.HK,HKD,2017-06-30,2017-06-30,Q2,2416384750,1659692000,756692750,0.3131507720366138,0.0,0.0,78379250.0,150830750.0,0.0,2584955000,7250.0,56531750,-112038500,-0.0463661674739505,-168570250,-0.06976134491827099,0.0,-15801750.0,-0.0065394180293514926,2753750.0,-13687250.0,-0.005664350430948548,-0.05265,-0.05265,260000000,260000000,https://www1.hkexnews.hk/search/titlesearch.xhtml,https://www1.hkexnews.hk/search/titlesearch.xhtml,1620585013,14:30:13,20210509
10,2017-03-31,0984.HK,HKD,2017-03-31,2017-03-31,Q1,2416384750,1659692000,756692750,0.3131507720366138,0.0,0.0,78379250.0,150830750.0,0.0,2584955000,7250.0,56531750,-112038500,-0.0463661674739505,-168570250,-0.06976134491827099,0.0,-15801750.0,-0.0065394180293514926,2753750.0,-13687250.0,-0.005664350430948548,-0.05265,-0.05265,260000000,260000000,https://www1.hkexnews.hk/search/titlesearch.xhtml,https://www1.hkexnews.hk/search/titlesearch.xhtml,1620585013,14:30:13,20210509
11,2017-01-31,0984.HK,HKD,2017-01-31,2017-01-31,Q1,2416384750,1659692000,756692750,0.3131507720366138,0.0,0.0,78379250.0,150830750.0,0.0,2584955000,7250.0,56531750,-112038500,-0.0463661674739505,-168570250,-0.06976134491827099,0.0,-15801750.0,-0.0065394180293514926,2753750.0,-13687250.0,-0.005664350430948548,-0.05265,-0.05265,260000000,260000000,https://www1.hkexnews.hk/search/titlesearch.xhtml,https://www1.hkexnews.hk/search/titlesearch.xhtml,1620585013,14:30:13,20210509
12,2016-09-30,0984.HK,HKD,2016-09-30,2016-09-30,Q3,2259152250,1553234250,705918000,0.31247030827603584,0.0,0.0,0.0,153116250.0,0.0,2419745250,29000.0,51949250,-108643750,-0.048090495007585256,-160593000,-0.07108551448889733,0.0,-2651500.0,-0.0011736703447056303,1101750.0,-5807000.0,-0.002570433223347386,-0.022325,-0.022325,260000000,260000000,https://www1.hkexnews.hk/search/titlesearch.xhtml,https://www1.hkexnews.hk/search/titlesearch.xhtml,1620585013,14:30:13,20210509
13,2016-06-30,0984.HK,HKD,2016-06-30,2016-06-30,Q2,2259152250,1553234250,705918000,0.31247030827603584,0.0,0.0,0.0,153116250.0,0.0,2419745250,29000.0,51949250,-108643750,-0.048090495007585256,-160593000,-0.07108551448889733,0.0,-2651500.0,-0.0011736703447056303,1101750.0,-5807000.0,-0.002570433223347386,-0.022325,-0.022325,260000000,260000000,https://www1.hkexnews.hk/search/titlesearch.xhtml,https://www1.hkexnews.hk/search/titlesearch.xhtml,1620585013,14:30:13,20210509
14,2016-03-31,0984.HK,HKD,2016-03-31,2016-03-31,Q1,2259152250,1553234250,705918000,0.31247030827603584,0.0,0.0,0.0,153116250.0,0.0,2419745250,29000.0,51949250,-108643750,-0.048090495007585256,-160593000,-0.07108551448889733,0.0,-2651500.0,-0.0011736703447056303,1101750.0,-5807000.0,-0.002570433223347386,-0.022325,-0.022325,260000000,260000000,https://www1.hkexnews.hk/search/titlesearch.xhtml,https://www1.hkexnews.hk/search/titlesearch.xhtml,1620585013,14:30:13,20210509
15,2016-01-31,0984.HK,HKD,2016-01-31,2016-01-31,Q1,2259152250,1553234250,705918000,0.31247030827603584,0.0,0.0,0.0,153116250.0,0.0,2419745250,29000.0,51949250,-108643750,-0.048090495007585256,-160593000,-0.07108551448889733,0.0,-2651500.0,-0.0011736703447056303,1101750.0,-5807000.0,-0.002570433223347386,-0.022325,-0.022325,260000000,260000000,https://www1.hkexnews.hk/search/titlesearch.xhtml,https://www1.hkexnews.hk/search/titlesearch.xhtml,1620585013,14:30:13,20210509
16,2015-09-30,0984.HK,HKD,2015-09-30,2015-09-30,Q3,2243828750,1533527000,710301750,0.3165579146804318,0.0,0.0,0.0,171064500.0,0.0,2385186750,52500.0,47567500,-93790500,-0.04179931289319651,-141358000,-0.06299856885245811,0.0,30428000.0,0.013560749678423543,4539250.0,23292500.0,0.010380694159480754,0.089575,0.089575,260000000,260000000,https://www1.hkexnews.hk/search/titlesearch.xhtml,https://www1.hkexnews.hk/search/titlesearch.xhtml,1620585013,14:30:13,20210509
17,2015-06-30,0984.HK,HKD,2015-06-30,2015-06-30,Q2,2243828750,1533527000,710301750,0.3165579146804318,0.0,0.0,0.0,171064500.0,0.0,2385186750,52500.0,47567500,-93790500,-0.04179931289319651,-141358000,-0.06299856885245811,0.0,30428000.0,0.013560749678423543,4539250.0,23292500.0,0.010380694159480754,0.089575,0.089575,260000000,260000000,https://www1.hkexnews.hk/search/titlesearch.xhtml,https://www1.hkexnews.hk/search/titlesearch.xhtml,1620585013,14:30:13,20210509
18,2015-03-31,0984.HK,HKD,2015-03-31,2015-03-31,Q1,2243828750,1533527000,710301750,0.3165579146804318,0.0,0.0,0.0,171064500.0,0.0,2385186750,52500.0,47567500,-93790500,-0.04179931289319651,-141358000,-0.06299856885245811,0.0,30428000.0,0.013560749678423543,4539250.0,23292500.0,0.010380694159480754,0.089575,0.089575,260000000,260000000,https://www1.hkexnews.hk/search/titlesearch.xhtml,https://www1.hkexnews.hk/search/titlesearch.xhtml,1620585013,14:30:13,20210509
19,2015-01-31,0984.HK,HKD,2015-01-31,2015-01-31,Q1,2243828750,1533527000,710301750,0.3165579146804318,0.0,0.0,0.0,171064500.0,0.0,2385186750,52500.0,47567500,-93790500,-0.04179931289319651,-141358000,-0.06299856885245811,0.0,30428000.0,0.013560749678423543,4539250.0,23292500.0,0.010380694159480754,0.089575,0.089575,260000000,260000000,https://www1.hkexnews.hk/search/titlesearch.xhtml,https://www1.hkexnews.hk/search/titlesearch.xhtml,1620585013,14:30:13,20210509
20,2014-09-30,0984.HK,HKD,2014-09-30,2014-09-30,Q3,2203939500,1506935500,697004000,0.31625369026690614,0.0,0.0,0.0,179320000.0,0.0,2325302500,73000.0,48798500,-72564500,-0.03292490560652867,-121363000,-0.05506639361016943,0.0,76499750.0,0.03471045824987483,10008500.0,64391250.0,0.029216432665234233,0.24765,0.24765,260000000,260000000,https://www1.hkexnews.hk/search/titlesearch.xhtml,https://www1.hkexnews.hk/search/titlesearch.xhtml,1620585013,14:30:13,20210509
21,2014-06-30,0984.HK,HKD,2014-06-30,2014-06-30,Q2,2203939500,1506935500,697004000,0.31625369026690614,0.0,0.0,0.0,179320000.0,0.0,2325302500,73000.0,48798500,-72564500,-0.03292490560652867,-121363000,-0.05506639361016943,0.0,76499750.0,0.03471045824987483,10008500.0,64391250.0,0.029216432665234233,0.24765,0.24765,260000000,260000000,https://www1.hkexnews.hk/search/titlesearch.xhtml,https://www1.hkexnews.hk/search/titlesearch.xhtml,1620585013,14:30:13,20210509
22,2014-03-31,0984.HK,HKD,2014-03-31,2014-03-31,Q1,2203939500,1506935500,697004000,0.31625369026690614,0.0,0.0,0.0,179320000.0,0.0,2325302500,73000.0,48798500,-72564500,-0.03292490560652867,-121363000,-0.05506639361016943,0.0,76499750.0,0.03471045824987483,10008500.0,64391250.0,0.029216432665234233,0.24765,0.24765,260000000,260000000,https://www1.hkexnews.hk/search/titlesearch.xhtml,https://www1.hkexnews.hk/search/titlesearch.xhtml,1620585013,14:30:13,20210509
23,2014-01-31,0984.HK,HKD,2014-01-31,2014-01-31,Q1,2203939500,1506935500,697004000,0.31625369026690614,0.0,0.0,0.0,179320000.0,0.0,2325302500,73000.0,48798500,-72564500,-0.03292490560652867,-121363000,-0.05506639361016943,0.0,76499750.0,0.03471045824987483,10008500.0,64391250.0,0.029216432665234233,0.24765,0.24765,260000000,260000000,https://www1.hkexnews.hk/search/titlesearch.xhtml,https://www1.hkexnews.hk/search/titlesearch.xhtml,1620585013,14:30:13,20210509
24,2013-09-30,0984.HK,HKD,2013-09-30,2013-09-30,Q3,2121877500,1438476250,683401250,0.32207384733567324,0.0,0.0,0.0,172444250.0,0.0,2251467500,90250.0,49149500,-80440500,-0.03791005842702984,-129590000,-0.061073271194967665,0.0,27433000.0,0.012928644561243522,5635500.0,26768500.0,0.01261547850900912,0.10295,0.10295,260000000,260000000,https://www1.hkexnews.hk/search/titlesearch.xhtml,https://www1.hkexnews.hk/search/titlesearch.xhtml,1620585013,14:30:13,20210509
25,2013-06-30,0984.HK,HKD,2013-06-30,2013-06-30,Q2,2121877500,1438476250,683401250,0.32207384733567324,0.0,0.0,0.0,172444250.0,0.0,2251467500,90250.0,49149500,-80440500,-0.03791005842702984,-129590000,-0.061073271194967665,0.0,27433000.0,0.012928644561243522,5635500.0,26768500.0,0.01261547850900912,0.10295,0.10295,260000000,260000000,https://www1.hkexnews.hk/search/titlesearch.xhtml,https://www1.hkexnews.hk/search/titlesearch.xhtml,1620585013,14:30:13,20210509
26,2013-03-31,0984.HK,HKD,2013-03-31,2013-03-31,Q1,2121877500,1438476250,683401250,0.32207384733567324,0.0,0.0,0.0,172444250.0,0.0,2251467500,90250.0,49149500,-80440500,-0.03791005842702984,-129590000,-0.061073271194967665,0.0,27433000.0,0.012928644561243522,5635500.0,26768500.0,0.01261547850900912,0.10295,0.10295,260000000,260000000,https://www1.hkexnews.hk/search/titlesearch.xhtml,https://www1.hkexnews.hk/search/titlesearch.xhtml,1620585013,14:30:13,20210509
27,2013-01-31,0984.HK,HKD,2013-01-31,2013-01-31,Q1,2121877500,1438476250,683401250,0.32207384733567324,0.0,0.0,0.0,172444250.0,0.0,2251467500,90250.0,49149500,-80440500,-0.03791005842702984,-129590000,-0.061073271194967665,0.0,27433000.0,0.012928644561243522,5635500.0,26768500.0,0.01261547850900912,0.10295,0.10295,260000000,260000000,https://www1.hkexnews.hk/search/titlesearch.xhtml,https://www1.hkexnews.hk/search/titlesearch.xhtml,1620585013,14:30:13,20210509
28,2012-09-30,0984.HK,HKD,2012-09-30,2012-09-30,Q3,1844307000,1233308000,610999000,0.3312892051052238,0.0,0.0,0.0,153737000.0,0.0,1941731250,215750.0,41028250,-56396000,-0.030578423223465507,-97424250,-0.05282431287198932,0.0,74559500.0,0.040426837831228746,11848250.0,59728000.0,0.03238506387494056,0.229725,0.229725,260000000,260000000,https://www1.hkexnews.hk/search/titlesearch.xhtml,https://www1.hkexnews.hk/search/titlesearch.xhtml,1620585013,14:30:13,20210509
29,2012-06-30,0984.HK,HKD,2012-06-30,2012-06-30,Q2,1844307000,1233308000,610999000,0.3312892051052238,0.0,0.0,0.0,153737000.0,0.0,1941731250,215750.0,41028250,-56396000,-0.030578423223465507,-97424250,-0.05282431287198932,0.0,74559500.0,0.040426837831228746,11848250.0,59728000.0,0.03238506387494056,0.229725,0.229725,260000000,260000000,https://www1.hkexnews.hk/search/titlesearch.xhtml,https://www1.hkexnews.hk/search/titlesearch.xhtml,1620585013,14:30:13,20210509
30,2012-03-31,0984.HK,HKD,2012-03-31,2012-03-31,Q1,1844307000,1233308000,610999000,0.3312892051052238,0.0,0.0,0.0,153737000.0,0.0,1941731250,215750.0,41028250,-56396000,-0.030578423223465507,-97424250,-0.05282431287198932,0.0,74559500.0,0.040426837831228746,11848250.0,59728000.0,0.03238506387494056,0.229725,0.229725,260000000,260000000,https://www1.hkexnews.hk/search/titlesearch.xhtml,https://www1.hkexnews.hk/search/titlesearch.xhtml,1620585013,14:30:13,20210509
31,2012-01-31,0984.HK,HKD,2012-01-31,2012-01-31,Q1,1844307000,1233308000,610999000,0.3312892051052238,0.0,0.0,0.0,153737000.0,0.0,1941731250,215750.0,41028250,-56396000,-0.030578423223465507,-97424250,-0.05282431287198932,0.0,74559500.0,0.040426837831228746,11848250.0,59728000.0,0.03238506387494056,0.229725,0.229725,260000000,260000000,https://www1.hkexnews.hk/search/titlesearch.xhtml,https://www1.hkexnews.hk/search/titlesearch.xhtml,1620585013,14:30:13,20210509
32,2011-09-30,0984.HK,HKD,2011-09-30,2011-09-30,Q3,1671596750,1110658750,560938000,0.33557016666848627,0.0,6803750.0,0.0,-359468000.0,0.0,1198284000,566000.0,33001250,506314000,0.30289242905024794,473312750,0.28315007791203234,0.0,142465500.0,0.08522719369967667,28864250.0,101479500.0,0.06070812233871596,0.3903,0.3903,260000000,260000000,https://www1.hkexnews.hk/search/titlesearch.xhtml,https://www1.hkexnews.hk/search/titlesearch.xhtml,1620585013,14:30:13,20210509
33,2011-06-30,0984.HK,HKD,2011-06-30,2011-06-30,Q2,1671596750,1110658750,560938000,0.33557016666848627,0.0,6803750.0,0.0,-359468000.0,0.0,1198284000,566000.0,33001250,506314000,0.30289242905024794,473312750,0.28315007791203234,0.0,142465500.0,0.08522719369967667,28864250.0,101479500.0,0.06070812233871596,0.3903,0.3903,260000000,260000000,https://www1.hkexnews.hk/search/titlesearch.xhtml,https://www1.hkexnews.hk/search/titlesearch.xhtml,1620585013,14:30:13,20210509
34,2011-03-31,0984.HK,HKD,2011-03-31,2011-03-31,Q1,1671596750,1110658750,560938000,0.33557016666848627,0.0,6803750.0,0.0,-359468000.0,0.0,1198284000,566000.0,33001250,506314000,0.30289242905024794,473312750,0.28315007791203234,0.0,142465500.0,0.08522719369967667,28864250.0,101479500.0,0.06070812233871596,0.3903,0.3903,260000000,260000000,https://www1.hkexnews.hk/search/titlesearch.xhtml,https://www1.hkexnews.hk/search/titlesearch.xhtml,1620585013,14:30:13,20210509
35,2011-01-31,0984.HK,HKD,2011-01-31,2011-01-31,Q1,1671596750,1110658750,560938000,0.33557016666848627,0.0,6803750.0,0.0,-359468000.0,0.0,1198284000,566000.0,33001250,506314000,0.30289242905024794,473312750,0.28315007791203234,0.0,142465500.0,0.08522719369967667,28864250.0,101479500.0,0.06070812233871596,0.3903,0.3903,260000000,260000000,https://www1.hkexnews.hk/search/titlesearch.xhtml,https://www1.hkexnews.hk/search/titlesearch.xhtml,1620585013,14:30:13,20210509
36,2010-09-30,0984.HK,HKD,2010-09-30,2010-09-30,Q3,1526621250,1018689750,507931500,0.3327161206487857,0.0,3154250.0,0.0,-327192000.0,0.0,1099634750,1463000.0,29739500,456726000,0.29917440229526476,426986500,0.2796938009345802,0.0,100394250.0,0.06576238212326731,20386750.0,69804500.0,0.045724831879551,0.268475,0.268475,260000000,260000000,https://www1.hkexnews.hk/search/titlesearch.xhtml,https://www1.hkexnews.hk/search/titlesearch.xhtml,1620585013,14:30:13,20210509
37,2010-06-30,0984.HK,HKD,2010-06-30,2010-06-30,Q2,1526621250,1018689750,507931500,0.3327161206487857,0.0,3154250.0,0.0,-327192000.0,0.0,1099634750,1463000.0,29739500,456726000,0.29917440229526476,426986500,0.2796938009345802,0.0,100394250.0,0.06576238212326731,20386750.0,69804500.0,0.045724831879551,0.268475,0.268475,260000000,260000000,https://www1.hkexnews.hk/search/titlesearch.xhtml,https://www1.hkexnews.hk/search/titlesearch.xhtml,1620585013,14:30:13,20210509
38,2010-03-31,0984.HK,HKD,2010-03-31,2010-03-31,Q1,1526621250,1018689750,507931500,0.3327161206487857,0.0,3154250.0,0.0,-327192000.0,0.0,1099634750,1463000.0,29739500,456726000,0.29917440229526476,426986500,0.2796938009345802,0.0,100394250.0,0.06576238212326731,20386750.0,69804500.0,0.045724831879551,0.268475,0.268475,260000000,260000000,https://www1.hkexnews.hk/search/titlesearch.xhtml,https://www1.hkexnews.hk/search/titlesearch.xhtml,1620585013,14:30:13,20210509
39,2010-01-31,0984.HK,HKD,2010-01-31,2010-01-31,Q1,1526621250,1018689750,507931500,0.3327161206487857,0.0,3154250.0,0.0,-327192000.0,0.0,1099634750,1463000.0,29739500,456726000,0.29917440229526476,426986500,0.2796938009345802,0.0,100394250.0,0.06576238212326731,20386750.0,69804500.0,0.045724831879551,0.268475,0.268475,260000000,260000000,https://www1.hkexnews.hk/search/titlesearch.xhtml,https://www1.hkexnews.hk/search/titlesearch.xhtml,1620585013,14:30:13,20210509
40,2009-09-30,0984.HK,HKD,2009-09-30,2009-09-30,Q3,1474477250,986835000,487642250,0.3307221254176692,0.0,2658250.0,0.0,-333276250.0,0.0,1074746250,1793750.0,36928750,436659750,0.2961454644349379,399731000,0.2711001475268608,0.0,66856000.0,0.045342171267817116,18063250.0,41787000.0,0.028340213455311028,0.160725,0.160725,260000000,260000000,https://www1.hkexnews.hk/search/titlesearch.xhtml,https://www1.hkexnews.hk/search/titlesearch.xhtml,1620585013,14:30:13,20210509
41,2009-06-30,0984.HK,HKD,2009-06-30,2009-06-30,Q2,1474477250,986835000,487642250,0.3307221254176692,0.0,2658250.0,0.0,-333276250.0,0.0,1074746250,1793750.0,36928750,436659750,0.2961454644349379,399731000,0.2711001475268608,0.0,66856000.0,0.045342171267817116,18063250.0,41787000.0,0.028340213455311028,0.160725,0.160725,260000000,260000000,https://www1.hkexnews.hk/search/titlesearch.xhtml,https://www1.hkexnews.hk/search/titlesearch.xhtml,1620585013,14:30:13,20210509
42,2009-03-31,0984.HK,HKD,2009-03-31,2009-03-31,Q1,1474477250,986835000,487642250,0.3307221254176692,0.0,2658250.0,0.0,-333276250.0,0.0,1074746250,1793750.0,36928750,436659750,0.2961454644349379,399731000,0.2711001475268608,0.0,66856000.0,0.045342171267817116,18063250.0,41787000.0,0.028340213455311028,0.160725,0.160725,260000000,260000000,https://www1.hkexnews.hk/search/titlesearch.xhtml,https://www1.hkexnews.hk/search/titlesearch.xhtml,1620585013,14:30:13,20210509
43,2009-01-31,0984.HK,HKD,2009-01-31,2009-01-31,Q1,1474477250,986835000,487642250,0.3307221254176692,0.0,2658250.0,0.0,-333276250.0,0.0,1074746250,1793750.0,36928750,436659750,0.2961454644349379,399731000,0.2711001475268608,0.0,66856000.0,0.045342171267817116,18063250.0,41787000.0,0.028340213455311028,0.160725,0.160725,260000000,260000000,https://www1.hkexnews.hk/search/titlesearch.xhtml,https://www1.hkexnews.hk/search/titlesearch.xhtml,1620585013,14:30:13,20210509
44,2008-09-30,0984.HK,HKD,2008-09-30,2008-09-30,Q3,1344141750,874510000,469631750,0.34939153552815394,0.0,1922750.0,0.0,0.0,0.0,1043277750,1563500.0,30269750,331133750,0.2463532956996537,300864000,0.22383353541395468,0.0,95262750.0,0.07087254748243628,18632000.0,68238750.0,0.050767525076875264,0.26245,0.26245,260000000,260000000,https://www1.hkexnews.hk/search/titlesearch.xhtml,https://www1.hkexnews.hk/search/titlesearch.xhtml,1620585013,14:30:13,20210509
45,2008-06-30,0984.HK,HKD,2008-06-30,2008-06-30,Q2,1344141750,874510000,469631750,0.34939153552815394,0.0,1922750.0,0.0,0.0,0.0,1043277750,1563500.0,30269750,331133750,0.2463532956996537,300864000,0.22383353541395468,0.0,95262750.0,0.07087254748243628,18632000.0,68238750.0,0.050767525076875264,0.26245,0.26245,260000000,260000000,https://www1.hkexnews.hk/search/titlesearch.xhtml,https://www1.hkexnews.hk/search/titlesearch.xhtml,1620585013,14:30:13,20210509
46,2008-03-31,0984.HK,HKD,2008-03-31,2008-03-31,Q1,1344141750,874510000,469631750,0.34939153552815394,0.0,1922750.0,0.0,0.0,0.0,1043277750,1563500.0,30269750,331133750,0.2463532956996537,300864000,0.22383353541395468,0.0,95262750.0,0.07087254748243628,18632000.0,68238750.0,0.050767525076875264,0.26245,0.26245,260000000,260000000,https://www1.hkexnews.hk/search/titlesearch.xhtml,https://www1.hkexnews.hk/search/titlesearch.xhtml,1620585013,14:30:13,20210509
47,2008-01-31,0984.HK,HKD,2008-01-31,2008-01-31,Q1,1344141750,874510000,469631750,0.34939153552815394,0.0,1922750.0,0.0,0.0,0.0,1043277750,1563500.0,30269750,331133750,0.2463532956996537,300864000,0.22383353541395468,0.0,95262750.0,0.07087254748243628,18632000.0,68238750.0,0.050767525076875264,0.26245,0.26245,260000000,260000000,https://www1.hkexnews.hk/search/titlesearch.xhtml,https://www1.hkexnews.hk/search/titlesearch.xhtml,1620585013,14:30:13,20210509
48,2007-09-30,0984.HK,HKD,2007-09-30,2007-09-30,Q3,1189986750,776011500,413975250,0.34788223482320285,0.0,1584500.0,0.0,-244191000.0,0.0,861968250,1062500.0,34001000,362019500,0.304221454566616,328018500,0.27564886751890305,0.0,94207500.0,0.07916684786616321,18842250.0,70014000.0,0.05883594922380438,0.269275,0.269275,260000000,260000000,https://www1.hkexnews.hk/search/titlesearch.xhtml,https://www1.hkexnews.hk/search/titlesearch.xhtml,1620585013,14:30:13,20210509
49,2007-06-30,0984.HK,HKD,2007-06-30,2007-06-30,Q2,1189986750,776011500,413975250,0.34788223482320285,0.0,1584500.0,0.0,-244191000.0,0.0,861968250,1062500.0,34001000,362019500,0.304221454566616,328018500,0.27564886751890305,0.0,94207500.0,0.07916684786616321,18842250.0,70014000.0,0.05883594922380438,0.269275,0.269275,260000000,260000000,https://www1.hkexnews.hk/search/titlesearch.xhtml,https://www1.hkexnews.hk/search/titlesearch.xhtml,1620585013,14:30:13,20210509
50,2007-03-31,0984.HK,HKD,2007-03-31,2007-03-31,Q1,1189986750,776011500,413975250,0.34788223482320285,0.0,1584500.0,0.0,-244191000.0,0.0,861968250,1062500.0,34001000,362019500,0.304221454566616,328018500,0.27564886751890305,0.0,94207500.0,0.07916684786616321,18842250.0,70014000.0,0.05883594922380438,0.269275,0.269275,260000000,260000000,https://www1.hkexnews.hk/search/titlesearch.xhtml,https://www1.hkexnews.hk/search/titlesearch.xhtml,1620585013,14:30:13,20210509
51,2007-01-31,0984.HK,HKD,2007-01-31,2007-01-31,Q1,1189986750,776011500,413975250,0.34788223482320285,0.0,1584500.0,0.0,-244191000.0,0.0,861968250,1062500.0,34001000,362019500,0.304221454566616,328018500,0.27564886751890305,0.0,94207500.0,0.07916684786616321,18842250.0,70014000.0,0.05883594922380438,0.269275,0.269275,260000000,260000000,https://www1.hkexnews.hk/search/titlesearch.xhtml,https://www1.hkexnews.hk/search/titlesearch.xhtml,1620585013,14:30:13,20210509
52,2006-09-30,0984.HK,HKD,2006-09-30,2006-09-30,Q3,1071743000,700229750,371513250,0.3466439715491494,0.0,862750.0,0.0,-242057250.0,0.0,787505250,191750.0,33061750,317299500,0.2960593164592631,284237750,0.26521073615596275,0.0,52230500.0,0.04873416481376599,13054250.0,37086750.0,0.03460414483696184,0.14265,0.14265,260000000,260000000,https://www1.hkexnews.hk/search/titlesearch.xhtml,https://www1.hkexnews.hk/search/titlesearch.xhtml,1620585013,14:30:13,20210509
53,2006-06-30,0984.HK,HKD,2006-06-30,2006-06-30,Q2,1071743000,700229750,371513250,0.3466439715491494,0.0,862750.0,0.0,-242057250.0,0.0,787505250,191750.0,33061750,317299500,0.2960593164592631,284237750,0.26521073615596275,0.0,52230500.0,0.04873416481376599,13054250.0,37086750.0,0.03460414483696184,0.14265,0.14265,260000000,260000000,https://www1.hkexnews.hk/search/titlesearch.xhtml,https://www1.hkexnews.hk/search/titlesearch.xhtml,1620585013,14:30:13,20210509
54,2006-03-31,0984.HK,HKD,2006-03-31,2006-03-31,Q1,1071743000,700229750,371513250,0.3466439715491494,0.0,862750.0,0.0,-242057250.0,0.0,787505250,191750.0,33061750,317299500,0.2960593164592631,284237750,0.26521073615596275,0.0,52230500.0,0.04873416481376599,13054250.0,37086750.0,0.03460414483696184,0.14265,0.14265,260000000,260000000,https://www1.hkexnews.hk/search/titlesearch.xhtml,https://www1.hkexnews.hk/search/titlesearch.xhtml,1620585013,14:30:13,20210509
55,2006-01-31,0984.HK,HKD,2006-01-31,2006-01-31,Q1,1071743000,700229750,371513250,0.3466439715491494,0.0,862750.0,0.0,-242057250.0,0.0,787505250,191750.0,33061750,317299500,0.2960593164592631,284237750,0.26521073615596275,0.0,52230500.0,0.04873416481376599,13054250.0,37086750.0,0.03460414483696184,0.14265,0.14265,260000000,260000000,https://www1.hkexnews.hk/search/titlesearch.xhtml,https://www1.hkexnews.hk/search/titlesearch.xhtml,1620585013,14:30:13,20210509
56,2005-09-30,0984.HK,HKD,2005-09-30,2005-09-30,Q3,1375848250,1029535250,346313000,0.2517087186032326,0.0,660500.0,0.0,-226224750.0,0.0,1112125250,56750.0,31344500,295067500,0.2144622417479544,263723000,0.1916802961373102,0.0,40932250.0,0.029750555702636537,9948250.0,31133000.0,0.02262822226215718,0.11975,0.11975,260000000,260000000,https://www1.hkexnews.hk/search/titlesearch.xhtml,https://www1.hkexnews.hk/search/titlesearch.xhtml,1620585013,14:30:13,20210509
57,2005-06-30,0984.HK,HKD,2005-06-30,2005-06-30,Q2,1375848250,1029535250,346313000,0.2517087186032326,0.0,660500.0,0.0,-226224750.0,0.0,1112125250,56750.0,31344500,295067500,0.2144622417479544,263723000,0.1916802961373102,0.0,40932250.0,0.029750555702636537,9948250.0,31133000.0,0.02262822226215718,0.11975,0.11975,260000000,260000000,https://www1.hkexnews.hk/search/titlesearch.xhtml,https://www1.hkexnews.hk/search/titlesearch.xhtml,1620585013,14:30:13,20210509
58,2005-03-31,0984.HK,HKD,2005-03-31,2005-03-31,Q1,1375848250,1029535250,346313000,0.2517087186032326,0.0,660500.0,0.0,-226224750.0,0.0,1112125250,56750.0,31344500,295067500,0.2144622417479544,263723000,0.1916802961373102,0.0,40932250.0,0.029750555702636537,9948250.0,31133000.0,0.02262822226215718,0.11975,0.11975,260000000,260000000,https://www1.hkexnews.hk/search/titlesearch.xhtml,https://www1.hkexnews.hk/search/titlesearch.xhtml,1620585013,14:30:13,20210509
59,2005-01-31,0984.HK,HKD,2005-01-31,2005-01-31,Q1,1375848250,1029535250,346313000,0.2517087186032326,0.0,660500.0,0.0,-226224750.0,0.0,1112125250,56750.0,31344500,295067500,0.2144622417479544,263723000,0.1916802961373102,0.0,40932250.0,0.029750555702636537,9948250.0,31133000.0,0.02262822226215718,0.11975,0.11975,260000000,260000000,https://www1.hkexnews.hk/search/titlesearch.xhtml,https://www1.hkexnews.hk/search/titlesearch.xhtml,1620585013,14:30:13,20210509
60,2004-09-30,0984.HK,HKD,2004-09-30,2004-09-30,Q3,1152200250,851024750,301175500,0.261391628755505,0.0,287250.0,0.0,0.0,0.0,1123072500,6250.0,26391500,55519250,0.048185417422014966,29127750,0.025280110814070732,0.0,27752750.0,0.024086741866268472,6372250.0,21461000.0,0.018626102537297663,0.08255,0.08255,260000000,260000000,https://www1.hkexnews.hk/search/titlesearch.xhtml,https://www1.hkexnews.hk/search/titlesearch.xhtml,1620585013,14:30:13,20210509
61,2004-06-30,0984.HK,HKD,2004-06-30,2004-06-30,Q2,1152200250,851024750,301175500,0.261391628755505,0.0,287250.0,0.0,0.0,0.0,1123072500,6250.0,26391500,55519250,0.048185417422014966,29127750,0.025280110814070732,0.0,27752750.0,0.024086741866268472,6372250.0,21461000.0,0.018626102537297663,0.08255,0.08255,260000000,260000000,https://www1.hkexnews.hk/search/titlesearch.xhtml,https://www1.hkexnews.hk/search/titlesearch.xhtml,1620585013,14:30:13,20210509
62,2004-03-31,0984.HK,HKD,2004-03-31,2004-03-31,Q1,1152200250,851024750,301175500,0.261391628755505,0.0,287250.0,0.0,0.0,0.0,1123072500,6250.0,26391500,55519250,0.048185417422014966,29127750,0.025280110814070732,0.0,27752750.0,0.024086741866268472,6372250.0,21461000.0,0.018626102537297663,0.08255,0.08255,260000000,260000000,https://www1.hkexnews.hk/search/titlesearch.xhtml,https://www1.hkexnews.hk/search/titlesearch.xhtml,1620585013,14:30:13,20210509
63,2004-01-31,0984.HK,HKD,2004-01-31,2004-01-31,Q1,1152200250,851024750,301175500,0.261391628755505,0.0,287250.0,0.0,0.0,0.0,1123072500,6250.0,26391500,55519250,0.048185417422014966,29127750,0.025280110814070732,0.0,27752750.0,0.024086741866268472,6372250.0,21461000.0,0.018626102537297663,0.08255,0.08255,260000000,260000000,https://www1.hkexnews.hk/search/titlesearch.xhtml,https://www1.hkexnews.hk/search/titlesearch.xhtml,1620585013,14:30:13,20210509
64,2003-09-30,0984.HK,HKD,2003-09-30,2003-09-30,Q3,990278250,720507250,269771000,0.27241939323619396,0.0,3545000.0,0.0,0.0,0.0,970611500,5750.0,22549750,42216500,0.04263094741301245,19666750,0.01985982222673274,0.0,20759750.0,0.020963552415697306,7429500.0,14224000.0,0.014363639714393405,0.0547,0.0547,260000000,260000000,https://www1.hkexnews.hk/search/titlesearch.xhtml,https://www1.hkexnews.hk/search/titlesearch.xhtml,1620585013,14:30:13,20210509
65,2003-06-30,0984.HK,HKD,2003-06-30,2003-06-30,Q2,990278250,720507250,269771000,0.27241939323619396,0.0,3545000.0,0.0,0.0,0.0,970611500,5750.0,22549750,42216500,0.04263094741301245,19666750,0.01985982222673274,0.0,20759750.0,0.020963552415697306,7429500.0,14224000.0,0.014363639714393405,0.0547,0.0547,260000000,260000000,https://www1.hkexnews.hk/search/titlesearch.xhtml,https://www1.hkexnews.hk/search/titlesearch.xhtml,1620585013,14:30:13,20210509
66,2003-03-31,0984.HK,HKD,2003-03-31,2003-03-31,Q1,990278250,720507250,269771000,0.27241939323619396,0.0,3545000.0,0.0,0.0,0.0,970611500,5750.0,22549750,42216500,0.04263094741301245,19666750,0.01985982222673274,0.0,20759750.0,0.020963552415697306,7429500.0,14224000.0,0.014363639714393405,0.0547,0.0547,260000000,260000000,https://www1.hkexnews.hk/search/titlesearch.xhtml,https://www1.hkexnews.hk/search/titlesearch.xhtml,1620585013,14:30:13,20210509
67,2003-01-31,0984.HK,HKD,2003-01-31,2003-01-31,Q1,990278250,720507250,269771000,0.27241939323619396,0.0,3545000.0,0.0,0.0,0.0,970611500,5750.0,22549750,42216500,0.04263094741301245,19666750,0.01985982222673274,0.0,20759750.0,0.020963552415697306,7429500.0,14224000.0,0.014363639714393405,0.0547,0.0547,260000000,260000000,https://www1.hkexnews.hk/search/titlesearch.xhtml,https://www1.hkexnews.hk/search/titlesearch.xhtml,1620585013,14:30:13,20210509
68,2002-09-30,0984.HK,HKD,2002-09-30,2002-09-30,Q3,930231000,668288250,261942750,0.28158892791145423,0.0,1051500.0,0.0,0.0,0.0,899193500,31250.0,21285000,52322500,0.05624678171335937,31037500,0.03336536838699205,0.0,28587000.0,0.030731076474553094,7982750.0,19239500.0,0.020682497143182713,0.074,0.074,260000000,260000000,https://www1.hkexnews.hk/search/titlesearch.xhtml,https://www1.hkexnews.hk/search/titlesearch.xhtml,1620585013,14:30:13,20210509
69,2002-06-30,0984.HK,HKD,2002-06-30,2002-06-30,Q2,930231000,668288250,261942750,0.28158892791145423,0.0,1051500.0,0.0,0.0,0.0,899193500,31250.0,21285000,52322500,0.05624678171335937,31037500,0.03336536838699205,0.0,28587000.0,0.030731076474553094,7982750.0,19239500.0,0.020682497143182713,0.074,0.074,260000000,260000000,https://www1.hkexnews.hk/search/titlesearch.xhtml,https://www1.hkexnews.hk/search/titlesearch.xhtml,1620585013,14:30:13,20210509
70,2002-03-31,0984.HK,HKD,2002-03-31,2002-03-31,Q1,930231000,668288250,261942750,0.28158892791145423,0.0,1051500.0,0.0,0.0,0.0,899193500,31250.0,21285000,52322500,0.05624678171335937,31037500,0.03336536838699205,0.0,28587000.0,0.030731076474553094,7982750.0,19239500.0,0.020682497143182713,0.074,0.074,260000000,260000000,https://www1.hkexnews.hk/search/titlesearch.xhtml,https://www1.hkexnews.hk/search/titlesearch.xhtml,1620585013,14:30:13,20210509
71,2002-01-31,0984.HK,HKD,2002-01-31,2002-01-31,Q1,930231000,668288250,261942750,0.28158892791145423,0.0,1051500.0,0.0,0.0,0.0,899193500,31250.0,21285000,52322500,0.05624678171335937,31037500,0.03336536838699205,0.0,28587000.0,0.030731076474553094,7982750.0,19239500.0,0.020682497143182713,0.074,0.074,260000000,260000000,https://www1.hkexnews.hk/search/titlesearch.xhtml,https://www1.hkexnews.hk/search/titlesearch.xhtml,1620585013,14:30:13,20210509
72,2001-09-30,0984.HK,HKD,2001-09-30,2001-09-30,Q3,848621000,612622250,235998750,0.278096759330726,0.0,115250.0,0.0,0.0,0.0,821700000,303250.0,20523750,47444750,0.055908055539516464,26921000,0.031723230982971196,0.0,25375500.0,0.029902041076051617,526250.0,23059000.0,0.02717231838476776,0.0887,0.0887,260000000,260000000,https://www1.hkexnews.hk/search/titlesearch.xhtml,https://www1.hkexnews.hk/search/titlesearch.xhtml,1620585013,14:30:13,20210509
73,2001-06-30,0984.HK,HKD,2001-06-30,2001-06-30,Q2,848621000,612622250,235998750,0.278096759330726,0.0,115250.0,0.0,0.0,0.0,821700000,303250.0,20523750,47444750,0.055908055539516464,26921000,0.031723230982971196,0.0,25375500.0,0.029902041076051617,526250.0,23059000.0,0.02717231838476776,0.0887,0.0887,260000000,260000000,https://www1.hkexnews.hk/search/titlesearch.xhtml,https://www1.hkexnews.hk/search/titlesearch.xhtml,1620585013,14:30:13,20210509
74,2001-03-31,0984.HK,HKD,2001-03-31,2001-03-31,Q1,848621000,612622250,235998750,0.278096759330726,0.0,115250.0,0.0,0.0,0.0,821700000,303250.0,20523750,47444750,0.055908055539516464,26921000,0.031723230982971196,0.0,25375500.0,0.029902041076051617,526250.0,23059000.0,0.02717231838476776,0.0887,0.0887,260000000,260000000,https://www1.hkexnews.hk/search/titlesearch.xhtml,https://www1.hkexnews.hk/search/titlesearch.xhtml,1620585013,14:30:13,20210509
75,2001-01-31,0984.HK,HKD,2001-01-31,2001-01-31,Q1,848621000,612622250,235998750,0.278096759330726,0.0,115250.0,0.0,0.0,0.0,821700000,303250.0,20523750,47444750,0.055908055539516464,26921000,0.031723230982971196,0.0,25375500.0,0.029902041076051617,526250.0,23059000.0,0.02717231838476776,0.0887,0.0887,260000000,260000000,https://www1.hkexnews.hk/search/titlesearch.xhtml,https://www1.hkexnews.hk/search/titlesearch.xhtml,1620585013,14:30:13,20210509
76,2000-09-30,0984.HK,HKD,2000-09-30,2000-09-30,Q3,819345500,602998000,216347500,0.2640491709541335,0.0,49000.0,0.0,0.0,0.0,805940250,1474500.0,23985750,37391000,0.04563520517290935,13405250,0.016360924664869703,0.0,12397500.0,0.015130979544038504,2622250.0,8129000.0,0.009921333552207218,0.031275,0.031275,260000000,260000000,https://www1.hkexnews.hk/search/titlesearch.xhtml,https://www1.hkexnews.hk/search/titlesearch.xhtml,1620585013,14:30:13,20210509
77,2000-06-30,0984.HK,HKD,2000-06-30,2000-06-30,Q2,819345500,602998000,216347500,0.2640491709541335,0.0,49000.0,0.0,0.0,0.0,805940250,1474500.0,23985750,37391000,0.04563520517290935,13405250,0.016360924664869703,0.0,12397500.0,0.015130979544038504,2622250.0,8129000.0,0.009921333552207218,0.031275,0.031275,260000000,260000000,https://www1.hkexnews.hk/search/titlesearch.xhtml,https://www1.hkexnews.hk/search/titlesearch.xhtml,1620585013,14:30:13,20210509
78,2000-03-31,0984.HK,HKD,2000-03-31,2000-03-31,Q1,819345500,602998000,216347500,0.2640491709541335,0.0,49000.0,0.0,0.0,0.0,805940250,1474500.0,23985750,37391000,0.04563520517290935,13405250,0.016360924664869703,0.0,12397500.0,0.015130979544038504,2622250.0,8129000.0,0.009921333552207218,0.031275,0.031275,260000000,260000000,https://www1.hkexnews.hk/search/titlesearch.xhtml,https://www1.hkexnews.hk/search/titlesearch.xhtml,1620585013,14:30:13,20210509
79,2000-01-31,0984.HK,HKD,2000-01-31,2000-01-31,Q1,819345500,602998000,216347500,0.2640491709541335,0.0,49000.0,0.0,0.0,0.0,805940250,1474500.0,23985750,37391000,0.04563520517290935,13405250,0.016360924664869703,0.0,12397500.0,0.015130979544038504,2622250.0,8129000.0,0.009921333552207218,0.031275,0.031275,260000000,260000000,https://www1.hkexnews.hk/search/titlesearch.xhtml,https://www1.hkexnews.hk/search/titlesearch.xhtml,1620585013,14:30:13,20210509
