,date,symbol,reportedCurrency,fillingDate,acceptedDate,period,revenue,costOfRevenue,grossProfit,grossProfitRatio,researchAndDevelopmentExpenses,generalAndAdministrativeExpenses,sellingAndMarketingExpenses,otherExpenses,operatingExpenses,costAndExpenses,interestExpense,depreciationAndAmortization,ebitda,ebitdaratio,operatingIncome,operatingIncomeRatio,totalOtherIncomeExpensesNet,incomeBeforeTax,incomeBeforeTaxRatio,incomeTaxExpense,netIncome,netIncomeRatio,eps,epsdiluted,weightedAverageShsOut,weightedAverageShsOutDil,link,finalLink,timestamp,est_time,est_date
0,2020-12-31,FMBH,USD,2021-03-08,2021-03-08 17:21:25,Q4,48306000.0,0.0,0.0,0.0,0.0,19884000.0,434000.0,0.0,0.0,0.0,4130000.0,2926000.0,0.0,0.0,0.0,0.37372169088726037,0.0,18053000.0,0.37372169088726037,4484000.0,13569000.0,0.28089678300832194,0.81,0.81,16735926.0,16779129.0,https://www.sec.gov/Archives/edgar/data/700565/000156459021011529/0001564590-21-011529-index.htm,https://www.sec.gov/Archives/edgar/data/700565/000156459021011529/fmbh-10k_20201231.htm,1620592139,16:28:59,20210509
1,2020-09-30,FMBH,USD,2020-11-06,2020-11-06 11:52:41,Q3,45365000.0,0.0,45365000.0,1.0,0.0,16077000.0,387000.0,110.0,387.0,387.0,3778000.0,3081000.0,3096285.0,0.06825272787391161,15285.0,0.00033693375950622726,13578.0,15285000.0,0.3369337595062273,3720000.0,11565000.0,0.2549322164664389,0.6913479168189794,0.6894147092663954,16728191.0,16775099.0,https://www.sec.gov/Archives/edgar/data/700565/000156459020051781/0001564590-20-051781-index.htm,https://www.sec.gov/Archives/edgar/data/700565/000156459020051781/fmbh-10q_20200930.htm,1620592139,16:28:59,20210509
2,2020-06-30,FMBH,USD,2020-08-07,2020-08-07 19:23:00,Q2,45193000.0,0.0,0.0,0.0,0.0,16019000.0,314000.0,0.0,36000000.0,0.0,3953000.0,2993000.0,0.0,0.0,0.0,0.2928108335361671,0.0,13233000.0,0.2928108335361671,3096000.0,10137000.0,0.22430464895005864,0.61,0.6,16709886.0,16756794.0,https://www.sec.gov/Archives/edgar/data/700565/000156459020038418/0001564590-20-038418-index.htm,https://www.sec.gov/Archives/edgar/data/700565/000156459020038418/fmbh-10q_20200630.htm,1620592139,16:28:59,20210509
3,2020-03-31,FMBH,USD,2020-05-04,2020-05-04 15:51:07,Q1,45778000.0,0.0,0.0,0.0,0.0,16861000.0,481000.0,0.0,38000000.0,0.0,4868000.0,2721000.0,0.0,0.0,0.0,0.2877146227445498,0.0,13171000.0,0.2877146227445498,3172000.0,9999000.0,0.2184236969723448,0.5989870236251529,0.5973085809390164,16693183.0,16740091.0,https://www.sec.gov/Archives/edgar/data/700565/000070056520000022/0000700565-20-000022-index.htm,https://www.sec.gov/Archives/edgar/data/700565/000070056520000003/fmbh-20191231x10k.htm,1620592139,16:28:59,20210509
4,2019-12-31,FMBH,USD,2020-03-09,2020-03-06 18:31:53,Q4,42369000.0,0.0,0.0,0.0,0.0,16041000.0,573000.0,0.0,36000000.0,0.0,5537000.0,2653000.0,0.0,0.0,0.0,0.3662819514267507,0.0,15519000.0,0.3662819514267507,3543000.0,11976000.0,0.28265949160943143,0.7185296780475864,0.7171310733085683,16667370.0,16699876.0,https://www.sec.gov/Archives/edgar/data/700565/000070056520000003/0000700565-20-000003-index.htm,https://www.sec.gov/Archives/edgar/data/700565/000070056520000003/fmbh-20191231x10k.htm,1620592139,16:28:59,20210509
5,2019-09-30,FMBH,USD,2019-11-05,2019-11-05 10:36:17,Q3,44042000.0,0.0,0.0,0.0,0.0,14694000.0,523000.0,0.0,35000000.0,0.0,6453000.0,2754000.0,0.0,0.0,0.0,0.35170973161981745,0.0,15490000.0,0.35170973161981745,3820000.0,11670000.0,0.26497434267290315,0.6994559886648571,0.6980009480132842,16684395.0,16719175.0,https://www.sec.gov/Archives/edgar/data/700565/000070056519000030/0000700565-19-000030-index.htm,https://www.sec.gov/Archives/edgar/data/700565/000070056519000030/fmbh-2019930x10q.htm,1620592139,16:28:59,20210509
6,2019-06-30,FMBH,USD,2019-08-05,2019-08-05 10:40:03,Q2,44901000.0,0.0,0.0,0.0,0.0,16026000.0,481000.0,0.0,37000000.0,0.0,6258000.0,3005000.0,0.0,0.0,0.0,0.3256720340304225,0.0,14623000.0,0.3256720340304225,3642000.0,10981000.0,0.24456025478274426,0.6582072953176712,0.6568379637389076,16683194.0,16717974.0,https://www.sec.gov/Archives/edgar/data/700565/000070056519000025/0000700565-19-000025-index.htm,https://www.sec.gov/Archives/edgar/data/700565/000070056519000025/fmbh-2019630x10q.htm,1620592139,16:28:59,20210509
7,2019-03-31,FMBH,USD,2019-05-07,2019-05-07 14:17:55,Q1,46891000.0,0.0,0.0,0.0,0.0,17140000.0,454000.0,0.0,35000000.0,0.0,5799000.0,2430000.0,0.0,0.0,0.0,0.376063636945256,0.0,17634000.0,0.376063636945256,4318000.0,13316000.0,0.283977735599582,0.7989920076198253,0.7971371545831286,16665999.0,16704779.0,https://www.sec.gov/Archives/edgar/data/700565/000070056519000021/0000700565-19-000021-index.htm,https://www.sec.gov/Archives/edgar/data/700565/000070056519000003/fmbh-20181231x10k.htm,1620592139,16:28:59,20210509
8,2018-12-31,FMBH,USD,2019-03-05,2019-03-05 16:03:29,Q4,39678000.0,0.0,0.0,0.0,0.0,14509000.0,541000.0,0.0,34000000.0,0.0,4786000.0,2450000.0,0.0,0.0,0.0,0.33129189979333634,0.0,13145000.0,0.33129189979333634,3206000.0,9939000.0,0.2504914562225919,0.6217695929207725,0.6212437613881407,15985021.0,15998551.0,https://www.sec.gov/Archives/edgar/data/700565/000070056519000003/0000700565-19-000003-index.htm,https://www.sec.gov/Archives/edgar/data/700565/000070056519000003/fmbh-20181231x10k.htm,1620592139,16:28:59,20210509
9,2018-09-30,FMBH,USD,2018-11-09,2018-11-09 07:47:31,Q3,38006000.0,0.0,0.0,0.0,0.0,12102000.0,468000.0,0.0,30000000.0,0.0,3401000.0,1953000.0,0.0,0.0,0.0,0.2885070778298163,0.0,10965000.0,0.2885070778298163,2731000.0,8234000.0,0.2166500026311635,0.5385029265482401,0.5379513084159653,15290539.0,15306218.0,https://www.sec.gov/Archives/edgar/data/700565/000070056518000120/0000700565-18-000120-index.htm,https://www.sec.gov/Archives/edgar/data/700565/000070056518000120/fmbh-2018930x10q.htm,1620592139,16:28:59,20210509
10,2018-06-30,FMBH,USD,2018-08-07,2018-08-06 20:05:24,Q2,35815000.0,0.0,0.0,0.0,0.0,11528000.0,431000.0,0.0,25000000.0,0.0,2677000.0,1747000.0,0.0,0.0,0.0,0.3669412257434036,0.0,13142000.0,0.3669412257434036,3105000.0,10037000.0,0.2802457071059612,0.7191541480441543,0.7182600202890387,13956674.0,13974048.0,https://www.sec.gov/Archives/edgar/data/700565/000070056518000079/0000700565-18-000079-index.htm,https://www.sec.gov/Archives/edgar/data/700565/000070056518000079/fmbh-2018630x10q.htm,1620592139,16:28:59,20210509
11,2018-03-31,FMBH,USD,2018-05-04,2018-05-04 12:04:52,Q1,30682000.0,0.0,0.0,0.0,0.0,10686000.0,354000.0,0.0,21000000.0,0.0,1963000.0,1731000.0,0.0,0.0,0.0,0.36676227103839387,0.0,11253000.0,0.36676227103839387,2863000.0,8390000.0,0.27345023140603614,0.6621410104650637,0.6612418563415419,12671017.0,12688247.0,https://www.sec.gov/Archives/edgar/data/700565/000070056518000064/0000700565-18-000064-index.htm,https://www.sec.gov/Archives/edgar/data/700565/000070056518000032/fmbh-20171231x10k.htm,1620592139,16:28:59,20210509
12,2017-12-31,FMBH,USD,2018-03-02,2018-03-02 16:41:16,Q4,30685000.0,0.0,0.0,0.0,0.0,10482000.0,447000.0,0.0,23000000.0,0.0,1838000.0,1893000.0,0.0,0.0,0.0,0.29727880071696267,0.0,9122000.0,0.29727880071696267,4497000.0,4625000.0,0.1507251099885938,0.36622559116332887,0.3660594433047134,12628828.0,12634560.0,https://www.sec.gov/Archives/edgar/data/700565/000070056518000032/0000700565-18-000032-index.htm,https://www.sec.gov/Archives/edgar/data/700565/000070056518000032/fmbh-20171231x10k.htm,1620592139,16:28:59,20210509
13,2017-09-30,FMBH,USD,2017-11-06,2017-11-06 14:51:26,Q3,30534000.0,0.0,0.0,0.0,0.0,10026000.0,338000.0,0.0,21000000.0,0.0,1741000.0,2117000.0,0.0,0.0,0.0,0.3646099430143447,0.0,11133000.0,0.3646099430143447,3538000.0,7595000.0,0.24873911049977074,0.6062094041236926,0.6058643682270526,12528674.0,12535809.0,https://www.sec.gov/Archives/edgar/data/700565/000070056517000043/0000700565-17-000043-index.htm,https://www.sec.gov/Archives/edgar/data/700565/000070056517000043/fmbh-2017930x10q.htm,1620592139,16:28:59,20210509
14,2017-06-30,FMBH,USD,2017-08-04,2017-08-04 12:07:52,Q2,31922000.0,0.0,0.0,0.0,0.0,10578000.0,277000.0,0.0,21000000.0,0.0,1493000.0,2099000.0,0.0,0.0,0.0,0.379894743437128,0.0,12127000.0,0.379894743437128,3927000.0,8200000.0,0.2568761355804774,0.6564328780971324,0.6560036211399887,12491757.0,12499931.0,https://www.sec.gov/Archives/edgar/data/700565/000070056517000041/0000700565-17-000041-index.htm,https://www.sec.gov/Archives/edgar/data/700565/000070056517000041/fmbh-2017630x10q.htm,1620592139,16:28:59,20210509
15,2017-03-31,FMBH,USD,2017-05-10,2017-05-09 17:38:31,Q1,30268000.0,0.0,0.0,0.0,0.0,10299000.0,294000.0,0.0,22000000.0,0.0,1410000.0,2025000.0,0.0,0.0,0.0,0.3087088674507731,0.0,9344000.0,0.3087088674507731,3080000.0,6264000.0,0.2069512356283864,0.5,0.5,12528000.0,12528000.0,https://www.sec.gov/Archives/edgar/data/700565/000070056517000030/0000700565-17-000030-index.htm,https://www.sec.gov/Archives/edgar/data/700565/000070056517000007/fmbh-20161231x10k.htm,1620592139,16:28:59,20210509
16,2016-12-31,FMBH,USD,2017-03-06,2017-03-03 20:43:01,Q4,28435000.0,0.0,0.0,0.0,0.0,9389000.0,359000.0,0.0,19000000.0,0.0,1487000.0,2344000.0,0.0,0.0,0.0,0.37489010022859154,0.0,10660000.0,0.37489010022859154,3863000.0,6797000.0,0.23903639880429048,0.55,0.55,12358182.0,12358182.0,https://www.sec.gov/Archives/edgar/data/700565/000070056517000007/0000700565-17-000007-index.htm,https://www.sec.gov/Archives/edgar/data/700565/000070056517000007/fmbh-20161231x10k.htm,1620592139,16:28:59,20210509
17,2016-09-30,FMBH,USD,2016-11-09,2016-11-09 17:05:02,Q3,24521000.0,0.0,0.0,0.0,0.0,8359000.0,285000.0,0.0,17000000.0,0.0,1000000.0,2026000.0,0.0,0.0,0.0,0.33114473308592635,0.0,8120000.0,0.33114473308592635,2812000.0,5308000.0,0.21646751763794297,0.51,0.51,10407843.0,10407843.0,https://www.sec.gov/Archives/edgar/data/700565/000070056516000193/0000700565-16-000193-index.htm,https://www.sec.gov/Archives/edgar/data/700565/000070056516000193/fmbh-2016930x10q.htm,1620592139,16:28:59,20210509
18,2016-06-30,FMBH,USD,2016-08-05,2016-08-05 10:23:59,Q2,22429000.0,0.0,0.0,0.0,0.0,8073000.0,239000.0,0.0,16000000.0,0.0,913000.0,1846000.0,0.0,0.0,0.0,0.33675152704088457,0.0,7553000.0,0.33675152704088457,2624000.0,4929000.0,0.21976013197200053,0.51,0.5,9664706.0,9858000.0,https://www.sec.gov/Archives/edgar/data/700565/000070056516000171/0000700565-16-000171-index.htm,https://www.sec.gov/Archives/edgar/data/700565/000070056516000171/fmbh-2016630x10q.htm,1620592139,16:28:59,20210509
19,2016-03-31,FMBH,USD,2016-05-06,2016-05-06 17:31:17,Q1,22731000.0,0.0,0.0,0.0,0.0,8314000.0,962000.0,0.0,16000000.0,0.0,892000.0,1720000.0,0.0,0.0,0.0,0.3276142712595134,0.0,7447000.0,0.3276142712595134,2641000.0,4806000.0,0.21142932559060315,0.5,0.49,9612000.0,9808163.0,https://www.sec.gov/Archives/edgar/data/700565/000070056516000119/0000700565-16-000119-index.htm,https://www.sec.gov/Archives/edgar/data/700565/000070056516000089/fmbh-20151231x10k.htm,1620592139,16:28:59,20210509
20,2015-12-31,FMBH,USD,2016-03-04,2016-03-04 17:20:15,Q4,21999000.0,0.0,0.0,0.0,0.0,7931000.0,302000.0,0.0,16000000.0,0.0,897000.0,1534000.0,0.0,0.0,0.0,0.3290149552252375,0.0,7238000.0,0.3290149552252375,2584000.0,4654000.0,0.21155507068503113,0.49,0.48,9497959.0,9695833.0,https://www.sec.gov/Archives/edgar/data/700565/000070056516000089/0000700565-16-000089-index.htm,https://www.sec.gov/Archives/edgar/data/700565/000070056516000089/fmbh-20151231x10k.htm,1620592139,16:28:59,20210509
21,2015-09-30,FMBH,USD,2015-11-09,2015-11-06 17:43:40,Q3,19005000.0,0.0,0.0,0.0,0.0,6938000.0,296000.0,0.0,14000000.0,0.0,947000.0,1088000.0,0.0,0.0,0.0,0.2968692449355433,0.0,5642000.0,0.2968692449355433,1979000.0,3663000.0,0.19273875295974743,0.35,0.35,10465714.0,10465714.0,https://www.sec.gov/Archives/edgar/data/700565/000070056515000075/0000700565-15-000075-index.htm,https://www.sec.gov/Archives/edgar/data/700565/000070056515000075/fmbh-2015930x10q.htm,1620592139,16:28:59,20210509
22,2015-06-30,FMBH,USD,2015-08-07,2015-08-07 15:17:44,Q2,17881000.0,0.0,0.0,0.0,0.0,6642000.0,277000.0,0.0,12000000.0,0.0,828000.0,944000.0,0.0,0.0,0.0,0.36396174710586654,0.0,6508000.0,0.36396174710586654,2352000.0,4156000.0,0.23242547955930876,0.5,0.49,8312000.0,8481633.0,https://www.sec.gov/Archives/edgar/data/700565/000070056515000055/0000700565-15-000055-index.htm,https://www.sec.gov/Archives/edgar/data/700565/000070056515000055/fmbh-2015630x10q.htm,1620592139,16:28:59,20210509
23,2015-03-31,FMBH,USD,2015-05-11,2015-05-08 18:05:58,Q1,17411000.0,0.0,0.0,0.0,0.0,6411000.0,217000.0,0.0,12000000.0,0.0,827000.0,876000.0,0.0,0.0,0.0,0.3642524840618,0.0,6342000.0,0.3642524840618,2303000.0,4039000.0,0.23197978289587043,0.5,0.48,8078000.0,8414583.0,https://www.sec.gov/Archives/edgar/data/700565/000070056515000039/0000700565-15-000039-index.htm,https://www.sec.gov/Archives/edgar/data/700565/000070056515000023/fmbh-20141231x10k.htm,1620592139,16:28:59,20210509
24,2014-12-31,FMBH,USD,2015-03-05,2015-03-05 17:23:43,Q4,17617000.0,0.0,0.0,0.0,0.0,6814000.0,260000.0,0.0,12000000.0,0.0,844000.0,950000.0,0.0,0.0,0.0,0.3542033263325197,0.0,6240000.0,0.3542033263325197,2330000.0,3910000.0,0.2219447124936141,0.48,0.47,8145833.0,8319149.0,https://www.sec.gov/Archives/edgar/data/700565/000070056515000023/0000700565-15-000023-index.htm,https://www.sec.gov/Archives/edgar/data/700565/000070056515000023/fmbh-20141231x10k.htm,1620592139,16:28:59,20210509
25,2014-09-30,FMBH,USD,2014-11-07,2014-11-06 17:46:43,Q3,17404000.0,0.0,0.0,0.0,0.0,6567000.0,246000.0,0.0,12000000.0,0.0,805000.0,975000.0,0.0,0.0,0.0,0.36026200873362446,0.0,6270000.0,0.36026200873362446,2355000.0,3915000.0,0.22494828774994255,0.48,0.47,5866421.0,5866421.0,https://www.sec.gov/Archives/edgar/data/700565/000070056514000058/0000700565-14-000058-index.htm,https://www.sec.gov/Archives/edgar/data/700565/000070056514000058/fmbh-2014930x10q.htm,1620592139,16:28:59,20210509
26,2014-06-30,FMBH,USD,2014-08-07,2014-08-07 12:03:26,Q2,17802000.0,0.0,0.0,0.0,0.0,6426000.0,245000.0,0.0,12000000.0,0.0,788000.0,1053000.0,0.0,0.0,0.0,0.3628805752162678,0.0,6460000.0,0.3628805752162678,2431000.0,4029000.0,0.22632288506909337,0.49,0.48,5896331.0,5896331.0,https://www.sec.gov/Archives/edgar/data/700565/000070056514000039/0000700565-14-000039-index.htm,https://www.sec.gov/Archives/edgar/data/700565/000070056514000039/fmbh-2014630x10q.htm,1620592139,16:28:59,20210509
27,2014-03-31,FMBH,USD,2014-05-07,2014-05-07 15:42:40,Q1,17028000.0,0.0,0.0,0.0,0.0,6414000.0,264000.0,0.0,12000000.0,0.0,815000.0,982000.0,0.0,0.0,0.0,0.33738548273431995,0.0,5745000.0,0.33738548273431995,2138000.0,3607000.0,0.21182757810664787,0.43,0.43,5865438.0,5865438.0,https://www.sec.gov/Archives/edgar/data/700565/000070056514000030/0000700565-14-000030-index.htm,https://www.sec.gov/Archives/edgar/data/700565/000070056514000010/fmbh-20131231x10k.htm,1620592139,16:28:59,20210509
28,2013-12-31,FMBH,USD,2014-03-06,2014-03-06 14:18:59,Q4,17137000.0,0.0,0.0,0.0,0.0,6458000.0,400000.0,0.0,12000000.0,0.0,848000.0,1036000.0,0.0,0.0,0.0,0.3360564859660384,0.0,5759000.0,0.3360564859660384,2140000.0,3619000.0,0.21118048666627764,0.6170042203156866,0.6170042203156866,5865438.0,5865438.0,https://www.sec.gov/Archives/edgar/data/700565/000070056514000010/0000700565-14-000010-index.htm,https://www.sec.gov/Archives/edgar/data/700565/000070056514000010/fmbh-20131231x10k.htm,1620592139,16:28:59,20210509
29,2013-09-30,FMBH,USD,2013-11-07,2013-11-07 12:01:31,Q3,18319000.0,0.0,0.0,0.0,0.0,6639000.0,314000.0,0.0,13000000.0,0.0,824000.0,1150000.0,0.0,0.0,0.0,0.34183088596539113,0.0,6262000.0,0.34183088596539113,2352000.0,3910000.0,0.2134395982313445,0.6587611953600973,0.6574895032893813,5935383.0,5946863.0,https://www.sec.gov/Archives/edgar/data/700565/000070056513000040/0000700565-13-000040-index.htm,https://www.sec.gov/Archives/edgar/data/700565/000070056513000040/fmbh-2013930x10q.htm,1620592139,16:28:59,20210509
30,2013-06-30,FMBH,USD,2013-08-07,2013-08-07 09:49:21,Q2,17055000.0,0.0,0.0,0.0,0.0,6306000.0,264000.0,0.0,12000000.0,0.0,865000.0,1207000.0,0.0,0.0,0.0,0.34506009967751394,0.0,5885000.0,0.34506009967751394,2220000.0,3665000.0,0.21489299325710937,0.6157613742382578,0.614713610547647,5951981.0,5962126.0,https://www.sec.gov/Archives/edgar/data/700565/000070056513000030/0000700565-13-000030-index.htm,https://www.sec.gov/Archives/edgar/data/700565/000070056513000030/fmbh-2013630x10q.htm,1620592139,16:28:59,20210509
31,2013-03-31,FMBH,USD,2013-05-07,2013-05-07 14:08:26,Q1,16754000.0,0.0,0.0,0.0,0.0,6160000.0,243000.0,0.0,12000000.0,0.0,998000.0,1268000.0,0.0,0.0,0.0,0.3379491464724842,0.0,5662000.0,0.3379491464724842,2134000.0,3528000.0,0.21057657872746807,0.41,0.41,5932295.0,5932295.0,https://www.sec.gov/Archives/edgar/data/700565/000070056513000022/0000700565-13-000022-index.htm,https://www.sec.gov/Archives/edgar/data/700565/000070056513000007/fmbh-20121231x10k.htm,1620592139,16:28:59,20210509
32,2012-12-31,FMBH,USD,2013-03-07,2013-03-07 16:39:32,Q4,17526000.0,0.0,0.0,0.0,0.0,6370000.0,325000.0,0.0,13000000.0,0.0,1214000.0,1319000.0,0.0,0.0,0.0,0.32100878694511015,0.0,5626000.0,0.32100878694511015,2117000.0,3509000.0,0.20021682072349653,0.591508008283472,0.591508008283472,5932295.0,5932295.0,https://www.sec.gov/Archives/edgar/data/700565/000070056513000007/0000700565-13-000007-index.htm,https://www.sec.gov/Archives/edgar/data/700565/000070056513000007/fmbh-20121231x10k.htm,1620592139,16:28:59,20210509
33,2012-09-30,FMBH,USD,2012-11-08,2012-11-08 10:19:45,Q3,17006000.0,0.0,0.0,0.0,0.0,6250000.0,138000.0,-127000.0,13000000.0,0.0,1348000.0,1333000.0,0.0,0.0,0.0,0.3440550393978596,0.0,5851000.0,0.3440550393978596,2204000.0,3647000.0,0.2144537222156886,0.6048039710430406,0.6036938049130446,6030053.0,6041142.0,https://www.sec.gov/Archives/edgar/data/700565/000070056512000048/0000700565-12-000048-index.htm,https://www.sec.gov/Archives/edgar/data/700565/000070056512000048/fmbh-2012930x10q.htm,1620592139,16:28:59,20210509
34,2012-06-30,FMBH,USD,2012-08-09,2012-08-09 17:20:15,Q2,16755000.0,0.0,0.0,0.0,0.0,6220000.0,322000.0,0.0,13000000.0,0.0,1700000.0,1288000.0,0.0,0.0,0.0,0.3316621903909281,0.0,5557000.0,0.3316621903909281,2078000.0,3479000.0,0.20763951059385258,0.5773505335887239,0.5764666718917071,6025802.0,6035041.0,https://www.sec.gov/Archives/edgar/data/700565/000070056512000041/0000700565-12-000041-index.htm,https://www.sec.gov/Archives/edgar/data/700565/000070056512000041/form10q_063012.htm,1620592139,16:28:59,20210509
35,2012-03-31,FMBH,USD,2012-05-08,2012-05-07 18:22:11,Q1,16633000.0,0.0,0.0,0.0,0.0,6077000.0,229000.0,0.0,13000000.0,0.0,1895000.0,1463000.0,0.0,0.0,0.0,0.32471592617086514,0.0,5401000.0,0.32471592617086514,2011000.0,3390000.0,0.20381169963325918,0.5631362068673381,0.5623310829584321,6019858.0,6028477.0,https://www.sec.gov/Archives/edgar/data/700565/000070056512000023/0000700565-12-000023-index.htm,https://www.sec.gov/Archives/edgar/data/700565/000070056512000011/form10k_2011.htm,1620592139,16:28:59,20210509
36,2011-12-31,FMBH,USD,2012-03-07,2012-03-06 18:18:00,Q4,16565000.0,0.0,0.0,0.0,0.0,6143000.0,271000.0,0.0,13000000.0,0.0,1911000.0,1440000.0,0.0,0.0,0.0,0.31162088741322064,0.0,5162000.0,0.31162088741322064,1892000.0,3270000.0,0.19740416540899486,0.5432021818454854,0.5432021818454854,6019858.0,6019858.0,https://www.sec.gov/Archives/edgar/data/700565/000070056512000011/0000700565-12-000011-index.htm,https://www.sec.gov/Archives/edgar/data/700565/000070056512000011/form10k_2011.htm,1620592139,16:28:59,20210509
37,2011-09-30,FMBH,USD,2011-11-09,2011-11-09 09:56:27,Q3,15842000.0,0.0,0.0,0.0,0.0,5784000.0,320000.0,0.0,14000000.0,0.0,2026000.0,1353000.0,0.0,0.0,0.0,0.2682742078020452,0.0,4250000.0,0.2682742078020452,1571000.0,2679000.0,0.16910743592980684,0.44475648047047567,0.44387977767239983,6023521.0,6035418.0,https://www.sec.gov/Archives/edgar/data/700565/000070056511000047/0000700565-11-000047-index.htm,https://www.sec.gov/Archives/edgar/data/700565/000070056511000047/form10q_093011.htm,1620592139,16:28:59,20210509
38,2011-06-30,FMBH,USD,2011-08-08,2011-08-08 10:33:19,Q2,15999000.0,0.0,0.0,0.0,0.0,6062000.0,258000.0,61000.0,14000000.0,0.0,2243000.0,1285000.0,0.0,0.0,0.0,0.2507031689480593,0.0,4011000.0,0.2507031689480593,1433000.0,2578000.0,0.16113507094193388,0.42549265464008984,0.42460110472050033,6058859.0,6071581.0,https://www.sec.gov/Archives/edgar/data/700565/000070056511000039/0000700565-11-000039-index.htm,https://www.sec.gov/Archives/edgar/data/700565/000070056511000039/form10q_063011.htm,1620592139,16:28:59,20210509
39,2011-03-31,FMBH,USD,2011-05-05,2011-05-05 13:57:33,Q1,15895000.0,0.0,0.0,0.0,0.0,6207000.0,0.0,185000.0,14000000.0,0.0,2324000.0,1320000.0,0.0,0.0,0.0,0.2817238125196603,0.0,4478000.0,0.2817238125196603,1633000.0,2845000.0,0.17898710286253539,0.4684976884702801,0.4675157870796713,6072602.0,6085356.0,https://www.sec.gov/Archives/edgar/data/700565/000070056511000026/0000700565-11-000026-index.htm,https://www.sec.gov/Archives/edgar/data/700565/000070056511000009/form10k_2010.htm,1620592139,16:28:59,20210509
40,2010-12-31,FMBH,USD,2011-03-03,2011-03-03 14:14:54,Q4,15620000.0,0.0,0.0,0.0,0.0,6554000.0,0.0,15000.0,14000000.0,0.0,2590000.0,1376000.0,0.0,0.0,0.0,0.23700384122919335,0.0,3702000.0,0.23700384122919335,1283000.0,2419000.0,0.15486555697823304,0.3983465407415141,0.3983465407415141,6072602.0,6072602.0,https://www.sec.gov/Archives/edgar/data/700565/000070056511000009/0000700565-11-000009-index.htm,https://www.sec.gov/Archives/edgar/data/700565/000070056511000009/form10k_2010.htm,1620592139,16:28:59,20210509
41,2010-09-30,FMBH,USD,2010-11-08,2010-11-08 14:58:52,Q3,13855000.0,0.0,0.0,0.0,0.0,5177000.0,0.0,425000.0,13000000.0,0.0,2686000.0,926000.0,0.0,0.0,0.0,0.21725009022013714,0.0,3010000.0,0.21725009022013714,998000.0,2012000.0,0.14521833273186574,0.3300476206880148,0.32840567044947994,6096090.0,6126569.0,https://www.sec.gov/Archives/edgar/data/700565/000070056510000036/0000700565-10-000036-index.htm,https://www.sec.gov/Archives/edgar/data/700565/000070056510000036/form10q_093010.htm,1620592139,16:28:59,20210509
42,2010-06-30,FMBH,USD,2010-08-06,2010-08-05 17:46:43,Q2,12808000.0,0.0,0.0,0.0,0.0,4972000.0,0.0,355000.0,12000000.0,0.0,2661000.0,895000.0,0.0,0.0,0.0,0.20783885071830105,0.0,2662000.0,0.20783885071830105,880000.0,1782000.0,0.13913179262960648,0.2920819245543538,0.2906731595634161,6101028.0,6130597.0,https://www.sec.gov/Archives/edgar/data/700565/000070056510000029/0000700565-10-000029-index.htm,https://www.sec.gov/Archives/edgar/data/700565/000070056510000029/form10q_063110.htm,1620592139,16:28:59,20210509
43,2010-03-31,FMBH,USD,2010-05-06,2010-05-06 15:50:15,Q1,13082000.0,0.0,0.0,0.0,0.0,5004000.0,0.0,623000.0,11000000.0,0.0,2819000.0,741000.0,0.0,0.0,0.0,0.29880752178565967,0.0,3909000.0,0.29880752178565967,1361000.0,2548000.0,0.19477144167558477,0.32,0.32,6102102.0,6102102.0,https://www.sec.gov/Archives/edgar/data/700565/000070056510000020/0000700565-10-000020-index.htm,https://www.sec.gov/Archives/edgar/data/700565/000070056510000004/form10k_2009.htm,1620592139,16:28:59,20210509
44,2009-12-31,FMBH,USD,2010-03-03,2010-03-03 17:18:14,Q4,13081000.0,0.0,0.0,0.0,0.0,3807000.0,0.0,575000.0,13000000.0,0.0,3028000.0,794000.0,0.0,0.0,0.0,0.21535050837091965,0.0,2817000.0,0.21535050837091965,931000.0,1886000.0,0.14417857961929517,0.30907382406914863,0.30907382406914863,6102102.0,6102102.0,https://www.sec.gov/Archives/edgar/data/700565/000070056510000004/0000700565-10-000004-index.htm,https://www.sec.gov/Archives/edgar/data/700565/000070056510000004/form10k_2009.htm,1620592139,16:28:59,20210509
45,2009-09-30,FMBH,USD,2009-11-06,2009-11-05 18:21:42,Q3,12467000.0,0.0,0.0,0.0,0.0,4571000.0,0.0,368000.0,13000000.0,0.0,4034000.0,822000.0,0.0,0.0,0.0,0.25844228763936794,0.0,3222000.0,0.25844228763936794,1078000.0,2144000.0,0.1719740113900698,0.27,0.26,6141445.0,6176368.0,https://www.sec.gov/Archives/edgar/data/700565/000070056509000036/0000700565-09-000036-index.htm,https://www.sec.gov/Archives/edgar/data/700565/000070056509000036/form10q_093009.htm,1620592139,16:28:59,20210509
46,2009-06-30,FMBH,USD,2009-08-05,2009-08-05 11:02:58,Q2,12135000.0,0.0,0.0,0.0,0.0,5004000.0,0.0,0.0,14000000.0,0.0,4415000.0,928000.0,0.0,0.0,0.0,0.23749484960857026,0.0,2882000.0,0.23749484960857026,883000.0,1999000.0,0.16473011948908117,0.25,0.24,6127132.0,6169611.0,https://www.sec.gov/Archives/edgar/data/700565/000070056509000032/0000700565-09-000032-index.htm,https://www.sec.gov/Archives/edgar/data/700565/000070056509000032/form10q_080509.htm,1620592139,16:28:59,20210509
47,2009-03-31,FMBH,USD,2009-05-08,2009-05-08 13:11:40,Q1,13156000.0,0.0,0.0,0.0,0.0,4638000.0,191000.0,869000.0,13000000.0,0.0,4360000.0,526000.0,0.0,0.0,0.0,0.2508361204013378,0.0,3300000.0,0.2508361204013378,1115000.0,2185000.0,0.1660839160839161,0.3558761173247823,0.3529573301241408,6139777.0,6190550.0,https://www.sec.gov/Archives/edgar/data/700565/000070056509000021/0000700565-09-000021-index.htm,https://www.sec.gov/Archives/edgar/data/700565/000070056509000013/form10k_2008.htm,1620592139,16:28:59,20210509
48,2008-12-31,FMBH,USD,2009-03-05,2009-03-05 11:42:28,Q4,12713000.0,0.0,0.0,0.0,0.0,4099000.0,210000.0,0.0,14000000.0,0.0,4663000.0,562000.0,0.0,0.0,0.0,0.2477778651773775,0.0,3150000.0,0.2477778651773775,1059000.0,2091000.0,0.16447730669393534,0.3405661150233958,0.3405661150233958,6139777.0,6139777.0,https://www.sec.gov/Archives/edgar/data/700565/000070056509000013/0000700565-09-000013-index.htm,https://www.sec.gov/Archives/edgar/data/700565/000070056509000013/form10k_2008.htm,1620592139,16:28:59,20210509
49,2008-09-30,FMBH,USD,2008-11-06,2008-11-06 11:51:33,Q3,12921000.0,0.0,0.0,0.0,0.0,4339000.0,346000.0,0.0,14000000.0,0.0,4914000.0,584000.0,0.0,0.0,0.0,0.3279157959910224,0.0,4237000.0,0.3279157959910224,1420000.0,2817000.0,0.2180171813327142,0.4525672709840117,0.4465226159662982,6224489.0,6308751.0,https://www.sec.gov/Archives/edgar/data/700565/000070056508000025/0000700565-08-000025-index.htm,https://www.sec.gov/Archives/edgar/data/700565/000070056508000025/form10q_093008.htm,1620592139,16:28:59,20210509
50,2008-06-30,FMBH,USD,2008-08-07,2008-08-07 09:33:56,Q2,12880000.0,0.0,0.0,0.0,0.0,4314000.0,115000.0,0.0,14000000.0,0.0,5482000.0,572000.0,0.0,0.0,0.0,0.3170807453416149,0.0,4084000.0,0.3170807453416149,1390000.0,2694000.0,0.2091614906832298,0.43,0.42,6234354.0,6341218.0,https://www.sec.gov/Archives/edgar/data/700565/000070056508000019/0000700565-08-000019-index.htm,https://www.sec.gov/Archives/edgar/data/700565/000070056508000019/form10q_063008.htm,1620592139,16:28:59,20210509
51,2008-03-31,FMBH,USD,2008-05-08,2008-05-08 10:40:13,Q1,12472000.0,0.0,0.0,0.0,0.0,4124000.0,176000.0,0.0,14000000.0,0.0,6285000.0,516000.0,0.0,0.0,0.0,0.3604874919820398,0.0,4496000.0,0.3604874919820398,1574000.0,2922000.0,0.23428479794740217,0.47,0.46,6217021.0,6352174.0,https://www.sec.gov/Archives/edgar/data/700565/000070056508000011/0000700565-08-000011-index.htm,https://www.sec.gov/Archives/edgar/data/700565/000070056508000004/form10-k_2007.htm,1620592139,16:28:59,20210509
52,2007-12-31,FMBH,USD,2008-03-06,2008-03-06 16:45:51,Q4,11944000.0,0.0,0.0,0.0,0.0,4190000.0,289000.0,0.0,15000000.0,0.0,7138000.0,482000.0,0.0,0.0,0.0,0.34184527796383124,0.0,4083000.0,0.34184527796383124,1394000.0,2689000.0,0.2251339584728734,0.43252226428059354,0.43252226428059354,6217021.0,6217021.0,https://www.sec.gov/Archives/edgar/data/700565/000070056508000004/0000700565-08-000004-index.htm,https://www.sec.gov/Archives/edgar/data/700565/000070056508000004/form10-k_2007.htm,1620592139,16:28:59,20210509
53,2007-09-30,FMBH,USD,2007-11-07,2007-11-07 12:03:34,Q3,11504000.0,0.0,0.0,0.0,0.0,4134000.0,353000.0,0.0,15000000.0,0.0,7402000.0,456000.0,0.0,0.0,0.0,0.3240611961057024,0.0,3728000.0,0.3240611961057024,1259000.0,2469000.0,0.21462100139082058,0.39,0.38,6330769.0,6497368.0,https://www.sec.gov/Archives/edgar/data/700565/000070056507000042/0000700565-07-000042-index.htm,https://www.sec.gov/Archives/edgar/data/700565/000070056507000042/form10q_093007.htm,1620592139,16:28:59,20210509
54,2007-06-30,FMBH,USD,2007-08-07,2007-08-07 15:47:33,Q2,11206000.0,0.0,0.0,0.0,0.0,4008000.0,63000.0,0.0,15000000.0,0.0,7040000.0,457000.0,0.0,0.0,0.0,0.3250936998036766,0.0,3643000.0,0.3250936998036766,1236000.0,2407000.0,0.21479564519007674,0.38,0.37,6378689.0,6594915.0,https://www.sec.gov/Archives/edgar/data/700565/000070056507000038/0000700565-07-000038-index.htm,https://www.sec.gov/Archives/edgar/data/700565/000070056507000038/form10q_063007.htm,1620592139,16:28:59,20210509
55,2007-03-31,FMBH,USD,2007-05-08,2007-05-08 15:56:57,Q1,11509000.0,0.0,0.0,0.0,0.0,4076000.0,206000.0,0.0,15000000.0,0.0,6849000.0,450000.0,0.0,0.0,0.0,0.32948127552350337,0.0,3792000.0,0.32948127552350337,1198000.0,2594000.0,0.22538882613606742,0.406667,0.393333,6378689.0,6594915.0,https://www.sec.gov/Archives/edgar/data/700565/000070056507000018/0000700565-07-000018-index.htm,https://www.sec.gov/Archives/edgar/data/700565/000070056507000018/form10q_033107.htm,1620592139,16:28:59,20210509
56,2006-12-31,FMBH,USD,2006-12-31,2006-12-31,Q4,11652000.0,0.0,0.0,0.0,0.0,4027000.0,285000.0,0.0,15000000.0,0.0,7146000.0,450000.0,0.0,0.0,0.0,0.3425163062135256,0.0,3991000.0,0.3425163062135256,1341000.0,2650000.0,0.22742876759354616,0.41544586983312715,0.41544586983312715,6378689.0,6378689.0,,,1620592139,16:28:59,20210509
57,2006-09-30,FMBH,USD,2006-09-30,2006-09-30,Q3,11211000.0,0.0,0.0,0.0,0.0,4036000.0,240000.0,0.0,15000000.0,0.0,6961000.0,367000.0,0.0,0.0,0.0,0.3270894657033271,0.0,3667000.0,0.3270894657033271,1234000.0,2433000.0,0.217018999197217,0.373333,0.366667,6516964.0,6635455.0,,,1620592139,16:28:59,20210509
58,2006-06-30,FMBH,USD,2006-06-30,2006-06-30,Q2,11180000.0,0.0,0.0,0.0,0.0,3884000.0,244000.0,0.0,13000000.0,0.0,5886000.0,427000.0,0.0,0.0,0.0,0.3427549194991055,0.0,3832000.0,0.3427549194991055,1310000.0,2522000.0,0.2255813953488372,0.386667,0.38,6522414.0,6636842.0,,,1620592139,16:28:59,20210509
59,2006-03-31,FMBH,USD,2006-03-31,2006-03-31,Q1,10273000.0,0.0,0.0,0.0,0.0,3563000.0,176000.0,0.0,11000000.0,0.0,4719000.0,426000.0,0.0,0.0,0.0,0.3456633894675363,0.0,3551000.0,0.3456633894675363,1147000.0,2404000.0,0.23401148642071448,0.366667,0.36,6556364.0,6677778.0,,,1620592139,16:28:59,20210509
60,2005-12-31,FMBH,USD,2005-12-31,2005-12-31,Q4,10484000.0,0.0,0.0,0.0,0.0,3087000.0,179000.0,0.0,11000000.0,0.0,4503000.0,393000.0,0.0,0.0,0.0,0.35778328882106064,0.0,3751000.0,0.35778328882106064,1186000.0,2565000.0,0.24465852727966425,0.39122294003200553,0.39122294003200553,6556364.0,6556364.0,,,1620592139,16:28:59,20210509
61,2005-09-30,FMBH,USD,2005-09-30,2005-09-30,Q3,10386000.0,0.0,0.0,0.0,0.0,3343000.0,198000.0,0.0,11000000.0,0.0,4184000.0,347000.0,0.0,0.0,0.0,0.36395147313691506,0.0,3780000.0,0.36395147313691506,1335000.0,2445000.0,0.23541305603697285,0.366667,0.36,6668182.0,6791667.0,,,1620592139,16:28:59,20210509
62,2005-06-30,FMBH,USD,2005-06-30,2005-06-30,Q2,10290000.0,0.0,0.0,0.0,0.0,3406000.0,228000.0,0.0,10000000.0,0.0,3651000.0,365000.0,0.0,0.0,0.0,0.3543245869776482,0.0,3646000.0,0.3543245869776482,1284000.0,2362000.0,0.22954324586977648,0.353333,0.346667,6684906.0,6813462.0,,,1620592139,16:28:59,20210509
63,2005-03-31,FMBH,USD,2005-03-31,2005-03-31,Q1,10251000.0,0.0,0.0,0.0,0.0,3474000.0,123000.0,0.0,10000000.0,0.0,3349000.0,384000.0,0.0,0.0,0.0,0.36659838064579064,0.0,3758000.0,0.36659838064579064,1323000.0,2435000.0,0.2375378011901278,0.366667,0.36,6640909.0,6763889.0,,,1620592139,16:28:59,20210509
64,2004-12-31,FMBH,USD,2005-03-11,2005-03-11,Q4,10115000.0,0.0,0.0,0.0,0.0,3539000.0,241000.0,0.0,0.0,0.0,3244000.0,526000.0,0.0,0.0,0.0,0.34414236282748395,0.0,3481000.0,0.34414236282748395,911000.0,2570000.0,0.2540781018289669,0.3869952140587983,0.3869952140587983,6640909.0,6640909.0,https://www.sec.gov/Archives/edgar/data/700565/000070056505000071/0000700565-05-000071-index.htm,https://www.sec.gov/Archives/edgar/data/700565/000070056505000071/form10k_dec04.txt,1620592139,16:28:59,20210509
65,2004-09-30,FMBH,USD,2004-09-30,2004-09-30,Q3,9989000.0,0.0,0.0,0.0,0.0,3378000.0,134000.0,0.0,0.0,0.0,2986000.0,570000.0,0.0,0.0,0.0,0.36790469516468116,0.0,3675000.0,0.36790469516468116,1246000.0,2429000.0,0.2431674842326559,0.36,0.353333,6747222.0,6874528.0,,,1620592139,16:28:59,20210509
66,2004-06-30,FMBH,USD,2004-06-30,2004-06-30,Q2,9977000.0,0.0,0.0,0.0,0.0,3371000.0,255000.0,0.0,0.0,0.0,2727000.0,636000.0,0.0,0.0,0.0,0.35611907386990077,0.0,3553000.0,0.35611907386990077,1190000.0,2363000.0,0.23684474290868998,0.353333,0.346667,6687736.0,6816346.0,,,1620592139,16:28:59,20210509
67,2004-03-31,FMBH,USD,2004-03-31,2004-03-31,Q1,9938000.0,0.0,0.0,0.0,0.0,3338000.0,141000.0,0.0,0.0,0.0,2687000.0,718000.0,0.0,0.0,0.0,0.3605353189776615,0.0,3583000.0,0.3605353189776615,1194000.0,2389000.0,0.24039042060776816,0.346667,0.342222,6891346.0,6980844.0,,,1620592139,16:28:59,20210509
68,2003-12-31,FMBH,USD,2003-12-31,2003-12-31,Q4,9419000.0,0.0,0.0,0.0,0.0,3035000.0,198000.0,0.0,0.0,0.0,2745000.0,742000.0,0.0,0.0,0.0,0.35173585306295785,0.0,3313000.0,0.35173585306295785,1097000.0,2216000.0,0.23526913685104575,0.3215627251918566,0.3215627251918566,6891346.0,6891346.0,,,1620592139,16:28:59,20210509
69,2003-09-30,FMBH,USD,2003-09-30,2003-09-30,Q3,10228000.0,0.0,0.0,0.0,0.0,3468000.0,142000.0,0.0,0.0,0.0,2807000.0,835000.0,0.0,0.0,0.0,0.35686351192804067,0.0,3650000.0,0.35686351192804067,1257000.0,2393000.0,0.2339655846695346,0.337778,0.328889,7084539.0,7276014.0,,,1620592139,16:28:59,20210509
70,2003-06-30,FMBH,USD,2003-06-30,2003-06-30,Q2,9740000.0,0.0,0.0,0.0,0.0,3415000.0,190000.0,0.0,0.0,0.0,3104000.0,756000.0,0.0,0.0,0.0,0.3295687885010267,0.0,3210000.0,0.3295687885010267,1088000.0,2122000.0,0.21786447638603695,0.297778,0.297778,7126119.0,7126119.0,,,1620592139,16:28:59,20210509
71,2003-03-31,FMBH,USD,2003-05-13,2003-05-13,Q1,9910000.0,0.0,0.0,0.0,0.0,3314000.0,132000.0,0.0,0.0,0.0,3240000.0,771000.0,0.0,0.0,0.0,0.36266397578203835,0.0,3594000.0,0.36266397578203835,1232000.0,2362000.0,0.23834510595358224,0.328889,0.324444,7181757.0,7280137.0,https://www.sec.gov/Archives/edgar/data/700565/000070056503000107/0000700565-03-000107-index.htm,https://www.sec.gov/Archives/edgar/data/700565/000070056503000107/form10q_mar03.txt,1620592139,16:28:59,20210509
72,2002-12-31,FMBH,USD,2002-12-31,2002-12-31,Q4,9948000.0,0.0,0.0,0.0,0.0,3388000.0,289000.0,0.0,0.0,0.0,3593000.0,520000.0,0.0,0.0,0.0,0.3223763570566948,0.0,3207000.0,0.3223763570566948,1087000.0,2120000.0,0.2131081624447125,0.0,0.0,0.0,0.0,,,1620592139,16:28:59,20210509
73,2002-09-30,FMBH,USD,2002-11-14,2002-11-14,Q3,9791000.0,0.0,0.0,0.0,0.0,3242000.0,140000.0,0.0,0.0,0.0,3505000.0,898000.0,0.0,0.0,0.0,0.3038504749259524,0.0,2975000.0,0.3038504749259524,988000.0,1987000.0,0.20294147686651007,0.257778,0.257778,7708190.0,7708190.0,https://www.sec.gov/Archives/edgar/data/700565/000070056502000046/0000700565-02-000046-index.htm,https://www.sec.gov/Archives/edgar/data/700565/000070056502000046/form10q_sep02.txt,1620592139,16:28:59,20210509
74,2002-06-30,FMBH,USD,2002-08-13,2002-08-13,Q2,9167000.0,0.0,0.0,0.0,0.0,3096000.0,150000.0,0.0,0.0,0.0,3612000.0,848000.0,0.0,0.0,0.0,0.3214792189374932,0.0,2947000.0,0.3214792189374932,985000.0,1962000.0,0.21402858077888076,0.257778,0.253333,7611207.0,7744737.0,https://www.sec.gov/Archives/edgar/data/700565/000070056502000017/0000700565-02-000017-index.htm,https://www.sec.gov/Archives/edgar/data/700565/000070056502000017/form10q_jun2002.txt,1620592139,16:28:59,20210509
75,2002-03-31,FMBH,USD,2002-03-31,2002-03-31,Q1,8718000.0,0.0,0.0,0.0,0.0,3006000.0,159000.0,0.0,0.0,0.0,3951000.0,903000.0,0.0,0.0,0.0,0.33379215416379904,0.0,2910000.0,0.33379215416379904,945000.0,1965000.0,0.22539573296627666,0.257778,0.257778,7622845.0,7622845.0,,,1620592139,16:28:59,20210509
76,2001-12-31,FMBH,USD,2002-03-27,2002-03-27,Q4,8863000.0,0.0,0.0,0.0,0.0,2964000.0,245000.0,0.0,0.0,0.0,4664000.0,951000.0,0.0,0.0,0.0,0.29470833803452556,0.0,2612000.0,0.29470833803452556,868000.0,1744000.0,0.1967731016585806,0.0,0.0,0.0,0.0,https://www.sec.gov/Archives/edgar/data/700565/000070056502000004/0000700565-02-000004-index.htm,https://www.sec.gov/Archives/edgar/data/700565/000070056502000004/form10k_2001.txt,1620592139,16:28:59,20210509
77,2001-09-30,FMBH,USD,2001-09-30,2001-09-30,Q3,8213000.0,0.0,0.0,0.0,0.0,2850000.0,155000.0,0.0,0.0,0.0,5388000.0,781000.0,0.0,0.0,0.0,0.30549129428954097,0.0,2509000.0,0.30549129428954097,817000.0,1692000.0,0.20601485449896506,0.222222,0.222222,7614000.0,7614000.0,,,1620592139,16:28:59,20210509
78,2001-06-30,FMBH,USD,2001-08-10,2001-08-10,Q2,8073000.0,0.0,0.0,0.0,0.0,2750000.0,231000.0,0.0,0.0,0.0,5710000.0,734000.0,0.0,0.0,0.0,0.2862628514802428,0.0,2311000.0,0.2862628514802428,696000.0,1615000.0,0.20004954787563484,0.213333,0.213333,7570312.0,7570312.0,https://www.sec.gov/Archives/edgar/data/700565/000089581301500113/0000895813-01-500113-index.htm,https://www.sec.gov/Archives/edgar/data/700565/000089581301500113/x0810-10q.txt,1620592139,16:28:59,20210509
79,2001-03-31,FMBH,USD,2001-05-14,2001-05-14,Q1,7439000.0,0.0,0.0,0.0,0.0,2552000.0,158000.0,0.0,0.0,0.0,5828000.0,738000.0,0.0,0.0,0.0,0.2855222476139266,0.0,2124000.0,0.2855222476139266,659000.0,1465000.0,0.1969350719182686,0.192593,0.192593,7606731.0,7606731.0,https://www.sec.gov/Archives/edgar/data/700565/000070056501500003/0000700565-01-500003-index.htm,https://www.sec.gov/Archives/edgar/data/700565/000070056501500003/form10q_mar01.txt,1620592139,16:28:59,20210509
80,2000-12-31,FMBH,USD,2000-12-31,2000-12-31,Q4,7323000.0,0.0,0.0,0.0,0.0,2559000.0,158000.0,0.0,0.0,0.0,6222000.0,695000.0,0.0,0.0,0.0,0.2747507851973235,0.0,2012000.0,0.2747507851973235,561000.0,1451000.0,0.1981428376348491,0.0,0.0,0.0,0.0,,,1620592139,16:28:59,20210509
81,2000-09-30,FMBH,USD,2000-09-30,2000-09-30,Q3,6873000.0,0.0,0.0,0.0,0.0,2519000.0,205000.0,0.0,0.0,0.0,5941000.0,707000.0,0.0,0.0,0.0,0.2648043067074058,0.0,1820000.0,0.2648043067074058,536000.0,1284000.0,0.18681798341335662,0.168889,0.168889,7602632.0,7602632.0,,,1620592139,16:28:59,20210509
82,2000-06-30,FMBH,USD,2000-06-30,2000-06-30,Q2,7002000.0,0.0,0.0,0.0,0.0,2515000.0,249000.0,0.0,0.0,0.0,5418000.0,782000.0,0.0,0.0,0.0,0.2570694087403599,0.0,1800000.0,0.2570694087403599,305000.0,1495000.0,0.2135104255926878,0.195556,0.195556,7644886.0,7644886.0,,,1620592139,16:28:59,20210509
83,2000-03-31,FMBH,USD,2000-03-31,2000-03-31,Q1,1760000.0,0.0,0.0,0.0,0.0,2510000.0,0.0,0.0,0.0,0.0,4992000.0,703000.0,0.0,0.0,0.0,1.1721590909090909,0.0,2063000.0,1.1721590909090909,633000.0,1430000.0,0.8125,0.186667,0.186667,7660714.0,7660714.0,,,1620592139,16:28:59,20210509
84,1999-12-31,FMBH,USD,1999-12-31,1999-12-31,Q4,1833000.0,0.0,0.0,0.0,0.0,2474000.0,0.0,0.0,0.0,0.0,4983000.0,726000.0,0.0,0.0,0.0,1.0070921985815602,0.0,1846000.0,1.0070921985815602,542000.0,1304000.0,0.7114020731042008,0.0,0.0,0.0,0.0,,,1620592139,16:28:59,20210509
85,1999-09-30,FMBH,USD,1999-09-30,1999-09-30,Q3,1715000.0,0.0,0.0,0.0,0.0,2487000.0,0.0,0.0,0.0,0.0,4808000.0,629000.0,0.0,0.0,0.0,1.0069970845481049,0.0,1727000.0,1.0069970845481049,454000.0,1273000.0,0.7422740524781342,0.171852,0.162963,7407543.0,7811591.0,,,1620592139,16:28:59,20210509
86,1999-06-30,FMBH,USD,1999-06-30,1999-06-30,Q2,1837000.0,0.0,0.0,0.0,0.0,2402000.0,0.0,0.0,0.0,0.0,4393000.0,578000.0,0.0,0.0,0.0,1.0326619488296136,0.0,1897000.0,1.0326619488296136,598000.0,1299000.0,0.7071311921611323,0.180741,0.168889,7187090.0,7691447.0,,,1620592139,16:28:59,20210509
87,1999-03-31,FMBH,USD,1999-03-31,1999-03-31,Q1,1918000.0,0.0,0.0,0.0,0.0,2253000.0,0.0,0.0,0.0,0.0,4231000.0,541000.0,0.0,0.0,0.0,1.0422314911366006,0.0,1999000.0,1.0422314911366006,643000.0,1356000.0,0.7069864442127216,0.18963,0.177778,7150781.0,7627500.0,,,1620592139,16:28:59,20210509
