,date,symbol,reportedCurrency,fillingDate,acceptedDate,period,revenue,costOfRevenue,grossProfit,grossProfitRatio,researchAndDevelopmentExpenses,generalAndAdministrativeExpenses,sellingAndMarketingExpenses,otherExpenses,operatingExpenses,costAndExpenses,interestExpense,depreciationAndAmortization,ebitda,ebitdaratio,operatingIncome,operatingIncomeRatio,totalOtherIncomeExpensesNet,incomeBeforeTax,incomeBeforeTaxRatio,incomeTaxExpense,netIncome,netIncomeRatio,eps,epsdiluted,weightedAverageShsOut,weightedAverageShsOutDil,link,finalLink,timestamp,est_time,est_date
0,2020-06-30,VERB,USD,2020-08-14 00:00:00,2020-08-14 16:22:28,Q2,2652000.0,1135000.0,1517000.0,0.5720211161387632,1627000.0,4018000.0,0.0,9000.0,6002000.0,7137000.0,176000.0,491000.0,-3994000.0,-1.5060331825037707,-4485000.0,-1.6911764705882353,1237000.0,-3424000.0,-1.2911010558069382,0.0,-3424000.0,-1.2911010558069382,-0.11,-0.11,29818934.0,29818934.0,https://www.sec.gov/Archives/edgar/data/1566610/000149315220015860/0001493152-20-015860-index.htm,https://www.sec.gov/Archives/edgar/data/1566610/000149315220015860/form10-q.htm,1620599470,18:31:10,20210509
1,2020-03-31,VERB,USD,2020-05-14 00:00:00,2020-05-14 17:05:36,Q1,2354000.0,1063000.0,1291000.0,0.5484282073067119,1274000.0,3514000.0,0.0,-6000.0,5151000.0,6214000.0,172000.0,498000.0,-3362000.0,-1.4282073067119796,-3860000.0,-1.6397621070518267,2086000.0,-1946000.0,-0.826677994902294,0.0,-1946000.0,-0.826677994902294,-0.23,-0.23,25992426.0,25992426.0,https://www.sec.gov/Archives/edgar/data/1566610/000149315220008807/0001493152-20-008807-index.htm,https://www.sec.gov/Archives/edgar/data/1566610/000149315220008807/form10-k.htm,1620599470,18:31:10,20210509
2,2019-12-31,VERB,USD,2020-05-14,2020-05-14 17:05:36,Q4,2485000.0,1307000.0,1178000.0,0.4740442655935614,1199000.0,5907000.0,0.0,-1000.0,7123000.0,8430000.0,46000.0,216000.0,-5729000.0,-2.3054325955734405,-5945000.0,-2.3923541247484907,-1459000.0,-7450000.0,-2.9979879275653922,0.0,-7452000.0,-2.9987927565392356,-0.2866989022109748,-0.2866989022109748,25992426.0,25992426.0,https://www.sec.gov/Archives/edgar/data/1566610/000149315220008807/form10-k.htm,https://www.sec.gov/Archives/edgar/data/1566610/000149315220008807/form10-k.htm,1620599470,18:31:10,20210509
3,2019-09-30,VERB,USD,2019-11-14 00:00:00,2019-11-14 16:33:19,Q3,2873000.0,1491000.0,1382000.0,0.4810302819352593,1214000.0,3292000.0,0.0,-9000.0,5024000.0,6515000.0,89000.0,605000.0,-3037000.0,-1.0570831883049077,-3642000.0,-1.267664462234598,2102000.0,-3115000.0,-1.0842325095718761,0.0,-3115000.0,-1.0842325095718761,-0.13,-0.13,23155801.0,23155801.0,https://www.sec.gov/Archives/edgar/data/1566610/000149315219017511/0001493152-19-017511-index.html,https://www.sec.gov/Archives/edgar/data/1566610/000149315219017511/form10-q.htm,1620599470,18:31:10,20210509
4,2019-06-30,VERB,USD,2019-08-14 00:00:00,2019-08-14 16:33:42,Q2,3733000.0,2042000.0,1691000.0,0.4529868738280204,1335000.0,3262000.0,0.0,-1000.0,5164000.0,7206000.0,615000.0,566000.0,-2907000.0,-0.7787302437717654,-3473000.0,-0.9303509241896598,1800000.0,-2343000.0,-0.6276453254754889,0.0,-2343000.0,-0.6276453254754889,-0.11,-0.11,21624240.0,21624240.0,https://www.sec.gov/Archives/edgar/data/1566610/000149315219012574/0001493152-19-012574-index.html,https://www.sec.gov/Archives/edgar/data/1566610/000149315219012574/form10-q.htm,1620599470,18:31:10,20210509
5,2019-03-31,VERB,USD,2019-05-15 00:00:00,2019-05-15 16:06:37,Q1,9000.0,30000.0,-21000.0,-2.3333333333333335,564000.0,2189000.0,0.0,0.0,2753000.0,2783000.0,1094000.0,4000.0,-2770000.0,-307.77777777777777,-2774000.0,-308.22222222222223,944000.0,-3008000.0,-334.22222222222223,0.0,-3008000.0,-334.22222222222223,-0.25,-0.25,12239044.0,12239044.0,https://www.sec.gov/Archives/edgar/data/1566610/000149315219007386/0001493152-19-007386-index.html,https://www.sec.gov/Archives/edgar/data/1566610/000149315219007386/form10-q.htm,1620599470,18:31:10,20210509
6,2018-12-31,VERB,USD,2019-02-07 00:00:00,2019-02-07 09:01:51,Q4,5673.0,0.0,0.0,0.0,542213.0,1540033.0,0.0,20197.0,2082246.0,2134246.0,760740.0,4177.0,-2124396.0,-374.4748810153358,-2128573.0,-375.21117574475585,-417903.0,-3933477.0,-693.3680592279218,0.0,-3934477.0,-693.5443328045126,-0.32146930757010106,-0.32146930757010106,12239044.0,12239044.0,https://www.sec.gov/Archives/edgar/data/1566610/000149315219001508/0001493152-19-001508-index.html,https://www.sec.gov/Archives/edgar/data/1566610/000149315219001508/form10-k.htm,1620599470,18:31:10,20210509
7,2018-09-30,VERB,USD,2018-11-14 00:00:00,2018-11-14 17:23:17,Q3,10085.0,0.0,0.0,0.0,202054.0,472538.0,0.0,-12818.0,674592.0,674592.0,58916.0,5329.0,-659178.0,-65.36222112047595,-664507.0,-65.89062964799207,-746569.0,-1469992.0,-145.76023797719384,0.0,-1469992.0,-145.76023797719384,-0.149999,-0.149999,10221529.0,10221529.0,https://www.sec.gov/Archives/edgar/data/1566610/000149315218016208/0001493152-18-016208-index.html,https://www.sec.gov/Archives/edgar/data/1566610/000149315218016208/form10-q.htm,1620599470,18:31:10,20210509
8,2018-06-30,VERB,USD,2018-08-14 00:00:00,2018-08-14 16:08:09,Q2,8239.0,0.0,0.0,0.0,105733.0,-490145.0,0.0,-6141.0,-384412.0,-384412.0,58788.0,5189.0,397840.0,48.28741352105838,392651.0,47.65760407816482,1438023.0,1771886.0,215.06080835052796,0.0,1771886.0,215.06080835052796,0.149999,0.149999,10169382.0,10169382.0,https://www.sec.gov/Archives/edgar/data/1566610/000149315218011781/0001493152-18-011781-index.html,https://www.sec.gov/Archives/edgar/data/1566610/000149315218011781/form10-q.htm,1620599470,18:31:10,20210509
9,2018-03-31,VERB,USD,2018-04-02 00:00:00,2018-04-02 16:06:56,Q1,8003.0,0.0,0.0,0.0,130000.0,5269574.0,0.0,-6239.0,5399574.0,5399574.0,951556.0,5305.0,-5386266.0,-673.0308634262152,-5391571.0,-673.6937398475571,-1979552.0,-8494418.0,-1061.4042234162189,0.0,-8494418.0,-1061.4042234162189,-1.049995,-1.049995,8490637.0,8490637.0,https://www.sec.gov/Archives/edgar/data/1566610/000149315218004470/0001493152-18-004470-index.html,https://www.sec.gov/Archives/edgar/data/1566610/000149315218004470/form10-k.htm,1620599470,18:31:10,20210509
10,2017-12-31,VERB,USD,2018-04-02 00:00:00,2018-04-02 16:06:56,Q4,5914.0,0.0,0.0,0.0,84030.0,0.0,0.0,0.0,1359398.0,1359398.0,422590.0,-113276.0,-1466760.0,-248.0148799458911,-1353484.0,-228.86100777815352,4076.0,-2415479.0,-408.43405478525534,0.0,-2417079.0,-408.7045992560027,-0.28467581407614057,-0.28467581407614057,8490637.0,8490637.0,https://www.sec.gov/Archives/edgar/data/1566610/000149315218004470/0001493152-18-004470-index.html,https://www.sec.gov/Archives/edgar/data/1566610/000149315218004470/form10-k.htm,1620599470,18:31:10,20210509
11,2017-09-30,VERB,USD,2017-11-14 00:00:00,2017-11-14 06:31:36,Q3,0.0,0.0,0.0,0.0,109350.0,1082131.0,0.0,0.0,1191481.0,1191481.0,286997.0,124120.0,-1067361.0,0.0,-1191481.0,0.0,-402411.0,-1880889.0,0.0,0.0,-1880889.0,0.0,-0.299999,-0.299999,7236202.0,7236202.0,https://www.sec.gov/Archives/edgar/data/1566610/000149315217013008/0001493152-17-013008-index.html,https://www.sec.gov/Archives/edgar/data/1566610/000149315217013008/form10-q.htm,1620599470,18:31:10,20210509
12,2017-06-30,VERB,USD,2017-08-10 00:00:00,2017-08-10 16:24:26,Q2,0.0,0.0,0.0,0.0,92240.0,0.0,0.0,0.0,1444268.0,1444268.0,140162.0,5363.0,-1438905.0,0.0,-1444268.0,0.0,-526871.0,-2111301.0,0.0,0.0,-2111301.0,0.0,-0.299999,-0.299999,6848979.0,6848979.0,https://www.sec.gov/Archives/edgar/data/1566610/000149315217008887/0001493152-17-008887-index.html,https://www.sec.gov/Archives/edgar/data/1566610/000149315217008887/form10-q.htm,1620599470,18:31:10,20210509
13,2017-03-31,VERB,USD,2017-05-10 00:00:00,2017-05-10 16:53:20,Q1,0.0,0.0,0.0,0.0,89600.0,0.0,0.0,0.0,707137.0,707137.0,123683.0,5305.0,-701832.0,0.0,-707137.0,0.0,-26000.0,-856820.0,0.0,0.0,-856820.0,0.0,-0.149999,-0.149999,6392211.0,6392211.0,https://www.sec.gov/Archives/edgar/data/1566610/000149315217004978/0001493152-17-004978-index.html,https://www.sec.gov/Archives/edgar/data/1566610/000149315217004978/form10-q.htm,1620599470,18:31:10,20210509
14,2016-12-31,VERB,USD,2017-03-31 00:00:00,2017-03-31 15:01:42,Q4,-47836.0,0.0,0.0,0.0,68637.0,0.0,0.0,0.0,533069.0,533069.0,0.0,4834.0,-576071.0,12.0426248014048,-580905.0,12.143678401204115,0.0,-1197840.0,25.040555230370433,866.0,-1198706.0,25.058658750731666,-0.18752603754788444,-0.18752603754788444,6392211.0,6392211.0,https://www.sec.gov/Archives/edgar/data/1566610/000149315217003155/0001493152-17-003155-index.html,https://www.sec.gov/Archives/edgar/data/1566610/000149315217003155/form10-k.htm,1620599470,18:31:10,20210509
15,2016-09-30,VERB,USD,2016-11-14 00:00:00,2016-11-14 15:40:09,Q3,16243.0,0.0,0.0,0.0,67350.0,0.0,0.0,0.0,921564.0,921564.0,0.0,4815.0,-900506.0,-55.43963553530752,-905321.0,-55.73607092285908,0.0,-1090466.0,-67.13451948531676,0.0,-1090466.0,-67.13451948531676,-0.149999,-0.149999,5640120.0,5640120.0,https://www.sec.gov/Archives/edgar/data/1566610/000149315216014903/0001493152-16-014903-index.html,https://www.sec.gov/Archives/edgar/data/1566610/000149315216014903/form10-q.htm,1620599470,18:31:10,20210509
16,2016-06-30,VERB,USD,2016-08-15,2016-08-15 08:59:16,Q2,31593.0,0.0,0.0,0.0,0.0,0.0,0.0,0.0,1131015.0,1131015.0,0.0,5826.0,-1093596.0,-34.615136264362356,-1099422.0,-34.79954420282974,0.0,-1287653.0,-40.7575412274871,0.0,-1287653.0,-40.7575412274871,-0.299999,-0.299999,4879100.0,4879100.0,https://www.sec.gov/Archives/edgar/data/1566610/000149315216012340/form10q.htm,https://www.sec.gov/Archives/edgar/data/1566610/000149315216012340/form10q.htm,1620599470,18:31:10,20210509
17,2016-03-31,VERB,USD,2016-05-16 00:00:00,2016-05-16 06:24:01,Q1,0.0,0.0,0.0,0.0,0.0,0.0,0.0,0.0,545340.0,545340.0,151940.0,5826.0,-539514.0,0.0,-545340.0,0.0,0.0,-697280.0,0.0,0.0,-697280.0,0.0,-0.149999,-0.149999,4257287.0,4257287.0,https://www.sec.gov/Archives/edgar/data/1566610/000149315216009806/0001493152-16-009806-index.html,https://www.sec.gov/Archives/edgar/data/1566610/000149315216009806/form10-q.htm,1620599470,18:31:10,20210509
18,2015-12-31,VERB,USD,2016-03-30 00:00:00,2016-03-30 10:56:38,Q4,0.0,0.0,0.0,0.0,0.0,0.0,0.0,0.0,1457552.0,1457552.0,0.0,4709.0,-1452843.0,0.0,-1457552.0,0.0,-282773.0,-1823326.0,0.0,0.0,-1823326.0,0.0,-0.4282835524126046,-0.4282835524126046,4257287.0,4257287.0,https://www.sec.gov/Archives/edgar/data/1566610/000149315216008379/0001493152-16-008379-index.html,https://www.sec.gov/Archives/edgar/data/1566610/000149315216008379/form10-k.htm,1620599470,18:31:10,20210509
19,2015-09-30,VERB,USD,2015-11-13 00:00:00,2015-11-13 15:24:49,Q3,0.0,0.0,0.0,0.0,0.0,0.0,0.0,0.0,1417975.0,1417975.0,25961.0,147215.0,-1270760.0,0.0,-1417975.0,0.0,-1104327.0,-2548263.0,0.0,0.0,-2548263.0,0.0,-0.599997,-0.599997,4203579.0,4203579.0,https://www.sec.gov/Archives/edgar/data/1566610/000164033415000308/0001640334-15-000308-index.html,https://www.sec.gov/Archives/edgar/data/1566610/000164033415000308/2015sept30-bbth_10q.htm,1620599470,18:31:10,20210509
20,2015-06-30,VERB,USD,2015-08-14 00:00:00,2015-08-14 12:46:11,Q2,0.0,0.0,0.0,0.0,7750.0,0.0,0.0,0.0,966252.0,966252.0,39605.0,118950.0,-847302.0,0.0,-966252.0,0.0,0.0,-1005857.0,0.0,0.0,-1005857.0,0.0,-0.299999,-0.299999,4087888.0,4087888.0,https://www.sec.gov/Archives/edgar/data/1566610/000164033415000026/0001640334-15-000026-index.html,https://www.sec.gov/Archives/edgar/data/1566610/000164033415000026/bbooth_10q-june302015.htm,1620599470,18:31:10,20210509
21,2015-03-31,VERB,USD,2015-05-15 00:00:00,2015-05-15 15:31:19,Q1,0.0,0.0,0.0,0.0,73838.0,0.0,0.0,0.0,1574473.0,1574473.0,3409.0,91752.0,-1482721.0,0.0,-1574473.0,0.0,0.0,-1577882.0,0.0,0.0,-1577882.0,0.0,-0.449998,-0.449998,4050020.0,4050020.0,https://www.sec.gov/Archives/edgar/data/1566610/000155724015000327/0001557240-15-000327-index.html,https://www.sec.gov/Archives/edgar/data/1566610/000155724015000327/bbth-2015mar31_10q1.htm,1620599470,18:31:10,20210509
22,2014-12-31,VERB,USD,2015-03-31,2015-03-31 16:00:54,Q4,-7768.0,0.0,-7768.0,1.0,485429.0,4095007.0,0.0,-72715.0,4507721.0,4507721.0,0.0,1648.0,-4513841.0,581.0814881565396,-4515489.0,581.293640576725,0.0,-4515489.0,581.293640576725,0.0,-4515489.0,581.293640576725,-0.17372326076834843,-0.12543025,25992426.0,36000000.0,https://www.sec.gov/Archives/edgar/data/1566610/000155724015000213/0001557240-15-000213-index.htm,https://www.sec.gov/Archives/edgar/data/1566610/000155724015000213/dec3114-bbth_10k.htm,1620599470,18:31:10,20210509
23,2014-08-31,VERB,USD,2014-10-02 00:00:00,2014-10-02 15:50:01,Q4,0.0,0.0,0.0,0.0,0.0,51550.0,0.0,0.0,51550.0,51550.0,0.0,0.0,-51550.0,0.0,-51550.0,0.0,0.0,-51550.0,0.0,0.0,-51550.0,0.0,-0.075,-0.075,776670.0,776670.0,https://www.sec.gov/Archives/edgar/data/1566610/000155724014000562/0001557240-14-000562-index.html,https://www.sec.gov/Archives/edgar/data/1566610/000155724014000562/glsi_10q-aug2014.htm,1620599470,18:31:10,20210509
24,2014-05-31,VERB,USD,2014-07-07 00:00:00,2014-07-03 18:26:15,Q3,2943.0,0.0,2943.0,1.0,0.0,0.0,0.0,0.0,7480.0,7480.0,0.0,0.0,-4537.0,-1.5416241930003398,-4537.0,-1.5416241930003398,0.0,-4537.0,-1.5416241930003398,0.0,-4537.0,-1.5416241930003398,-0.005841605830017897,-0.005841605830017897,776670.0,776670.0,https://www.sec.gov/Archives/edgar/data/1566610/000116552714000396/0001165527-14-000396-index.html,https://www.sec.gov/Archives/edgar/data/1566610/000116552714000396/g7472.htm,1620599470,18:31:10,20210509
25,2014-02-28,VERB,USD,2014-04-14 00:00:00,2014-04-14 16:24:17,Q2,4825.0,0.0,4825.0,1.0,0.0,0.0,0.0,0.0,14794.0,14794.0,0.0,0.0,-9969.0,-2.0661139896373055,-9969.0,-2.0661139896373055,0.0,-9969.0,-2.0661139896373055,0.0,-9969.0,-2.0661139896373055,-0.012835567229325197,-0.012835567229325197,776670.0,776670.0,https://www.sec.gov/Archives/edgar/data/1566610/000116552714000222/0001165527-14-000222-index.html,https://www.sec.gov/Archives/edgar/data/1566610/000116552714000222/g7368.htm,1620599470,18:31:10,20210509
26,2013-11-30,VERB,USD,2014-02-28,2014-02-28 15:50:48,Q1,0.0,0.0,0.0,0.0,0.0,0.0,0.0,0.0,0.0,0.0,0.0,0.0,0.0,0.0,0.0,0.0,0.0,0.0,0.0,0.0,0.0,0.0,0.0,0.0,776670.0,776670.0,https://www.sec.gov/Archives/edgar/data/1566610/000116552714000122/g7290.htm,https://www.sec.gov/Archives/edgar/data/1566610/000116552714000122/g7290.htm,1620599470,18:31:10,20210509
27,2013-08-31,VERB,USD,2013-10-15 00:00:00,2013-10-15 09:27:52,Q4,0.0,0.0,0.0,0.0,0.0,2849.0,0.0,0.0,2849.0,2849.0,0.0,0.0,-2849.0,0.0,-2849.0,0.0,0.0,-2849.0,0.0,0.0,-2849.0,0.0,-0.004838046848731647,-0.004838046848731647,588874.0,588874.0,https://www.sec.gov/Archives/edgar/data/1566610/000116552713000847/0001165527-13-000847-index.html,https://www.sec.gov/Archives/edgar/data/1566610/000116552713000847/g7105.htm,1620599470,18:31:10,20210509
