,date,symbol,reportedCurrency,fillingDate,acceptedDate,period,revenue,costOfRevenue,grossProfit,grossProfitRatio,researchAndDevelopmentExpenses,generalAndAdministrativeExpenses,sellingAndMarketingExpenses,otherExpenses,operatingExpenses,costAndExpenses,interestExpense,depreciationAndAmortization,ebitda,ebitdaratio,operatingIncome,operatingIncomeRatio,totalOtherIncomeExpensesNet,incomeBeforeTax,incomeBeforeTaxRatio,incomeTaxExpense,netIncome,netIncomeRatio,eps,epsdiluted,weightedAverageShsOut,weightedAverageShsOutDil,link,finalLink,timestamp,est_time,est_date
0,2021-03-31,CVS.DE,USD,2021-03-31,2021-03-31,Q1,69097000000,56598000000.0,12499000000.0,0.1808906320100728,0.0,0.0,0.0,50000000.0,8922000000.0,65520000000.0,657000000.0,1126000000.0,4703000000,0.0680637364863887,3577000000.0,0.04298305280981808,50000000.0,2970000000.0,0.04298305280981808,746000000.0,2223000000.0,0.03217216376977293,1.69,1.68,1313000000,1322000000,https://www.bundesanzeiger.de/pub/de/suche;wwwsid=627BFD7A56A5CB624C47FDDEAB2FC509.web07-pub?0,https://www.bundesanzeiger.de/pub/de/suche;wwwsid=627BFD7A56A5CB624C47FDDEAB2FC509.web07-pub?0,1620590874,16:07:54,20210509
1,2020-12-31,CVS.DE,USD,2020-12-31,2020-12-31,Q4,69554000000,57597000000.0,11957000000.0,0.17190959542226183,0.0,0.0,0.0,53000000.0,9433000000.0,67030000000.0,678000000.0,1139000000.0,3663000000,0.05266411708888058,2524000000.0,0.03628835149667884,-621000000.0,1225000000.0,0.017612214969663857,241000000.0,973000000.0,0.013989130747333007,0.74,0.74,1311000000,1317000000,https://www.bundesanzeiger.de/pub/de/suche;wwwsid=627BFD7A56A5CB624C47FDDEAB2FC509.web07-pub?0,https://www.bundesanzeiger.de/pub/de/suche;wwwsid=627BFD7A56A5CB624C47FDDEAB2FC509.web07-pub?0,1620590874,16:07:54,20210509
2,2020-09-30,CVS.DE,USD,2020-09-30,2020-09-30,Q3,67056000000,55336000000.0,11720000000.0,0.1747792889525173,0.0,0.0,0.0,54000000.0,8471000000.0,63807000000.0,731000000.0,1114000000.0,4363000000,0.06506502028155571,3249000000.0,0.04845204008589835,-712000000.0,1806000000.0,0.026932712956335005,587000000.0,1224000000.0,0.01825340014316392,0.934351145038168,0.9307984790874525,1310000000,1315000000,https://www.bundesanzeiger.de/pub/de/suche;wwwsid=627BFD7A56A5CB624C47FDDEAB2FC509.web07-pub?0,https://www.bundesanzeiger.de/pub/de/suche;wwwsid=627BFD7A56A5CB624C47FDDEAB2FC509.web07-pub?0,1620590874,16:07:54,20210509
3,2020-06-30,CVS.DE,USD,2020-06-30,2020-06-30,Q2,65341000000,51993000000.0,13348000000.0,0.20428215056396443,0.0,0.0,0.0,45000000.0,8668000000.0,60661000000.0,765000000.0,1102000000.0,5782000000,0.08848961601444728,4680000000.0,0.07162424817495906,45000000.0,3960000000.0,0.060605133071119206,974000000.0,2975000000.0,0.04553037143600496,2.27,2.26,1309000000,1314000000,https://www.bundesanzeiger.de/pub/de/suche;wwwsid=627BFD7A56A5CB624C47FDDEAB2FC509.web07-pub?0,https://www.bundesanzeiger.de/pub/de/suche;wwwsid=627BFD7A56A5CB624C47FDDEAB2FC509.web07-pub?0,1620590874,16:07:54,20210509
4,2020-03-31,CVS.DE,USD,2020-03-31,2020-03-31,Q1,66755000000,54734000000.0,12021000000.0,0.1800763987716276,0.0,0.0,0.0,54000000.0,8563000000.0,63297000000.0,733000000.0,1086000000.0,4544000000,0.0680698075050558,3458000000.0,0.051801363193768254,54000000.0,2779000000.0,0.04162984046138866,767000000.0,2007000000.0,0.030065163658152948,1.54,1.53,1306000000,1312000000,https://www.bundesanzeiger.de/pub/de/suche;wwwsid=627BFD7A56A5CB624C47FDDEAB2FC509.web07-pub?0,https://www.bundesanzeiger.de/pub/de/suche;wwwsid=627BFD7A56A5CB624C47FDDEAB2FC509.web07-pub?0,1620590874,16:07:54,20210509
5,2019-12-31,CVS.DE,USD,2019-12-31,2019-12-31,Q4,66889000000,55198000000.0,11691000000.0,0.17478210169086097,0.0,0.0,0.0,31000000.0,8654000000.0,63852000000.0,734000000.0,1096000000.0,4133000000,0.061788933905425406,3037000000.0,0.045403579063822155,31000000.0,2334000000.0,0.03489362974480109,590000000.0,1747000000.0,0.026117896814124894,1.333587786259542,1.333587786259542,1310000000,1310000000,https://www.bundesanzeiger.de/pub/de/suche;wwwsid=627BFD7A56A5CB624C47FDDEAB2FC509.web07-pub?0,https://www.bundesanzeiger.de/pub/de/suche;wwwsid=627BFD7A56A5CB624C47FDDEAB2FC509.web07-pub?0,1620590874,16:07:54,20210509
6,2019-09-30,CVS.DE,USD,2019-09-30,2019-09-30,Q3,64810000000,53287000000.0,11523000000.0,0.17779663632155532,0.0,0.0,0.0,31000000.0,8595000000.0,61882000000.0,747000000.0,1092000000.0,4020000000,0.06202746489739238,2928000000.0,0.04517821323869773,-48000000.0,2133000000.0,0.03291158771794476,604000000.0,1530000000.0,0.023607467983335906,1.1751152073732718,1.1724137931034482,1302000000,1305000000,https://www.bundesanzeiger.de/pub/de/suche;wwwsid=627BFD7A56A5CB624C47FDDEAB2FC509.web07-pub?0,https://www.bundesanzeiger.de/pub/de/suche;wwwsid=627BFD7A56A5CB624C47FDDEAB2FC509.web07-pub?0,1620590874,16:07:54,20210509
7,2019-06-30,CVS.DE,USD,2019-06-30,2019-06-30,Q2,63431000000,52057000000.0,11374000000.0,0.1793129542337343,0.0,0.0,0.0,31000000.0,8042000000.0,60099000000.0,772000000.0,1072000000.0,4404000000,0.06942977408522646,3332000000.0,0.05252952026611594,31000000.0,2591000000.0,0.040847535116898676,660000000.0,1936000000.0,0.030521353912124988,1.488086087624904,1.4869431643625193,1301000000,1302000000,https://www.bundesanzeiger.de/pub/de/suche;wwwsid=627BFD7A56A5CB624C47FDDEAB2FC509.web07-pub?0,https://www.bundesanzeiger.de/pub/de/suche;wwwsid=627BFD7A56A5CB624C47FDDEAB2FC509.web07-pub?0,1620590874,16:07:54,20210509
8,2019-03-31,CVS.DE,USD,2019-03-31,2019-03-31,Q1,61646000000,50706000000.0,10940000000.0,0.17746488012198683,0.0,0.0,0.0,31000000.0,8250000000.0,58956000000.0,782000000.0,1111000000.0,3801000000,0.06165850176816014,2690000000.0,0.043636245660707916,31000000.0,1939000000.0,0.03145378451156604,512000000.0,1421000000.0,0.02305096843266392,1.0947611710323575,1.0913978494623655,1298000000,1302000000,https://www.bundesanzeiger.de/pub/de/suche;wwwsid=627BFD7A56A5CB624C47FDDEAB2FC509.web07-pub?0,https://www.bundesanzeiger.de/pub/de/suche;wwwsid=627BFD7A56A5CB624C47FDDEAB2FC509.web07-pub?0,1620590874,16:07:54,20210509
9,2018-12-31,CVS.DE,USD,2018-12-31,2018-12-31,Q4,54909000000,44759000000.0,10150000000.0,0.18485129942268116,0.0,0.0,0.0,11000000.0,6613000000.0,51372000000.0,733000000.0,807000000.0,4344000000,0.07911271376277113,3537000000.0,0.06441566956236683,-2217000000.0,102000000.0,0.0018576189695678304,524000000.0,-419000000.0,-0.007630807335773735,-0.37,-0.37,1121000000,1121000000,https://www.bundesanzeiger.de/pub/de/suche;wwwsid=627BFD7A56A5CB624C47FDDEAB2FC509.web07-pub?0,https://www.bundesanzeiger.de/pub/de/suche;wwwsid=627BFD7A56A5CB624C47FDDEAB2FC509.web07-pub?0,1620590874,16:07:54,20210509
10,2018-09-30,CVS.DE,USD,2018-09-30,2018-09-30,Q3,47269000000,39941000000.0,7328000000.0,0.15502760794601111,0.0,0.0,0.0,-1000000.0,4975000000.0,44916000000.0,674000000.0,620000000.0,2973000000,0.06289534367132793,2353000000.0,0.04977892487676913,-1000000.0,1899000000.0,0.04017432143688252,509000000.0,1390000000.0,0.029406164716833442,1.3627450980392157,1.360078277886497,1020000000,1022000000,https://www.bundesanzeiger.de/pub/de/suche;wwwsid=627BFD7A56A5CB624C47FDDEAB2FC509.web07-pub?0,https://www.bundesanzeiger.de/pub/de/suche;wwwsid=627BFD7A56A5CB624C47FDDEAB2FC509.web07-pub?0,1620590874,16:07:54,20210509
11,2018-06-30,CVS.DE,USD,2018-06-30,2018-06-30,Q2,46708000000,39507000000.0,7201000000.0,0.1541705917615826,0.0,0.0,0.0,-3000000.0,4867000000.0,44374000000.0,689000000.0,647000000.0,2981000000,0.06382204333304788,2334000000.0,0.04997002654791471,-3924000000.0,-2065000000.0,-0.04421084182581143,497000000.0,-2563000000.0,-0.05487282692472382,-2.52,-2.52,1018000000,1018000000,https://www.bundesanzeiger.de/pub/de/suche;wwwsid=627BFD7A56A5CB624C47FDDEAB2FC509.web07-pub?0,https://www.bundesanzeiger.de/pub/de/suche;wwwsid=627BFD7A56A5CB624C47FDDEAB2FC509.web07-pub?0,1620590874,16:07:54,20210509
12,2018-03-31,CVS.DE,USD,2018-03-31,2018-03-31,Q1,45693000000,38834000000.0,6859000000.0,0.15011052021097324,0.0,0.0,0.0,-3000000.0,4913000000.0,43747000000.0,523000000.0,644000000.0,2590000000,0.056682642855579626,1946000000.0,0.04258858030770578,-3000000.0,1470000000.0,0.03217122972884249,472000000.0,998000000.0,0.021841419911146128,0.9822834645669292,0.9793915603532876,1016000000,1019000000,https://www.bundesanzeiger.de/pub/de/suche;wwwsid=627BFD7A56A5CB624C47FDDEAB2FC509.web07-pub?0,https://www.bundesanzeiger.de/pub/de/suche;wwwsid=627BFD7A56A5CB624C47FDDEAB2FC509.web07-pub?0,1620590874,16:07:54,20210509
13,2017-12-31,CVS.DE,USD,2017-12-31,2017-12-31,Q4,48385000000,40481000000.0,7904000000.0,0.16335641211119148,0.0,0.0,0.0,-2000000.0,4796000000.0,45277000000.0,303000000.0,622000000.0,3730000000,0.07709000723364678,3108000000.0,0.06423478350728531,-2000000.0,2809000000.0,0.058055182391236956,-478000000.0,3287000000.0,0.06793427715200992,3.23,3.22,1014000000,1018000000,https://www.bundesanzeiger.de/pub/de/suche;wwwsid=627BFD7A56A5CB624C47FDDEAB2FC509.web07-pub?0,https://www.bundesanzeiger.de/pub/de/suche;wwwsid=627BFD7A56A5CB624C47FDDEAB2FC509.web07-pub?0,1620590874,16:07:54,20210509
14,2017-09-30,CVS.DE,USD,2017-09-30,2017-09-30,Q3,46181000000,39055000000.0,7126000000.0,0.1543058833719495,0.0,0.0,0.0,-192000000.0,4627000000.0,43682000000.0,250000000.0,615000000.0,3114000000,0.06743032849007168,2499000000.0,0.05411316342218661,-192000000.0,2062000000.0,0.04465039734955934,777000000.0,1285000000.0,0.0278252961174509,1.264763779527559,1.2598039215686274,1016000000,1020000000,https://www.bundesanzeiger.de/pub/de/suche;wwwsid=627BFD7A56A5CB624C47FDDEAB2FC509.web07-pub?0,https://www.bundesanzeiger.de/pub/de/suche;wwwsid=627BFD7A56A5CB624C47FDDEAB2FC509.web07-pub?0,1620590874,16:07:54,20210509
15,2017-06-30,CVS.DE,USD,2017-06-30,2017-06-30,Q2,45685000000,38750000000.0,6935000000.0,0.15180037211338512,0.0,0.0,0.0,-7000000.0,4818000000.0,43568000000.0,251000000.0,623000000.0,2740000000,0.059975922075079346,2117000000.0,0.046339060960928095,-7000000.0,1863000000.0,0.04077924920652293,766000000.0,1098000000.0,0.024034146875342017,1.0775269872423945,1.072265625,1019000000,1024000000,https://www.bundesanzeiger.de/pub/de/suche;wwwsid=627BFD7A56A5CB624C47FDDEAB2FC509.web07-pub?0,https://www.bundesanzeiger.de/pub/de/suche;wwwsid=627BFD7A56A5CB624C47FDDEAB2FC509.web07-pub?0,1620590874,16:07:54,20210509
16,2017-03-31,CVS.DE,USD,2017-03-31,2017-03-31,Q1,44514000000,37934000000.0,6580000000.0,0.14781866379116682,0.0,0.0,0.0,-7000000.0,4787000000.0,42721000000.0,258000000.0,619000000.0,2412000000,0.05418520016174687,1793000000.0,0.040279462640966886,-7000000.0,1534000000.0,0.03446106842791032,572000000.0,952000000.0,0.021386530080424137,0.9242718446601942,0.9198067632850242,1030000000,1035000000,https://www.bundesanzeiger.de/pub/de/suche;wwwsid=627BFD7A56A5CB624C47FDDEAB2FC509.web07-pub?0,https://www.bundesanzeiger.de/pub/de/suche;wwwsid=627BFD7A56A5CB624C47FDDEAB2FC509.web07-pub?0,1620590874,16:07:54,20210509
17,2016-12-31,CVS.DE,USD,2016-12-31,2016-12-31,Q4,45971000000,38365000000.0,7606000000.0,0.16545213286637228,0.0,0.0,0.0,0.0,4611000000.0,42976000000.0,248000000.0,628000000.0,3623000000,0.07881055447999825,2995000000.0,0.06514976833220944,0.0,2753000000.0,0.05988558003959018,1046000000.0,1707000000.0,0.037132105022731725,1.6,1.59,1064000000,1069000000,https://www.bundesanzeiger.de/pub/de/suche;wwwsid=627BFD7A56A5CB624C47FDDEAB2FC509.web07-pub?0,https://www.bundesanzeiger.de/pub/de/suche;wwwsid=627BFD7A56A5CB624C47FDDEAB2FC509.web07-pub?0,1620590874,16:07:54,20210509
18,2016-09-30,CVS.DE,USD,2016-09-30,2016-09-30,Q3,44615000000,37123000000.0,7492000000.0,0.1679255855653928,0.0,0.0,0.0,0.0,4675000000.0,41798000000.0,258000000.0,611000000.0,3428000000,0.07683514513056147,2817000000.0,0.06314019948447831,-101000000.0,2463000000.0,0.055205648324554525,921000000.0,1540000000.0,0.03451753894430124,1.44,1.43,1068000000,1073000000,https://www.bundesanzeiger.de/pub/de/suche;wwwsid=627BFD7A56A5CB624C47FDDEAB2FC509.web07-pub?0,https://www.bundesanzeiger.de/pub/de/suche;wwwsid=627BFD7A56A5CB624C47FDDEAB2FC509.web07-pub?0,1620590874,16:07:54,20210509
19,2016-06-30,CVS.DE,USD,2016-06-30,2016-06-30,Q2,43725000000,36710000000.0,7015000000.0,0.1604345340194397,0.0,0.0,0.0,0.0,4665000000.0,41375000000.0,284000000.0,619000000.0,2969000000,0.06790165809033734,2350000000.0,0.053744997141223556,-542000000.0,1528000000.0,0.03494568324757004,604000000.0,924000000.0,0.021132075471698115,0.8635514018691589,0.8595348837209302,1070000000,1075000000,https://www.bundesanzeiger.de/pub/de/suche;wwwsid=627BFD7A56A5CB624C47FDDEAB2FC509.web07-pub?0,https://www.bundesanzeiger.de/pub/de/suche;wwwsid=627BFD7A56A5CB624C47FDDEAB2FC509.web07-pub?0,1620590874,16:07:54,20210509
20,2016-03-31,CVS.DE,USD,2016-03-31,2016-03-31,Q1,43215000000,36471000000.0,6744000000.0,0.15605692467893093,0.0,0.0,0.0,0.0,4568000000.0,41039000000.0,288000000.0,617000000.0,2793000000,0.06463033668864977,2176000000.0,0.05035288672914497,0.0,1893000000.0,0.04380423464074974,746000000.0,1146000000.0,0.02651856994099271,1.0494505494505495,1.042766151046406,1092000000,1099000000,https://www.bundesanzeiger.de/pub/de/suche;wwwsid=627BFD7A56A5CB624C47FDDEAB2FC509.web07-pub?0,https://www.bundesanzeiger.de/pub/de/suche;wwwsid=627BFD7A56A5CB624C47FDDEAB2FC509.web07-pub?0,1620590874,16:07:54,20210509
21,2015-12-31,CVS.DE,USD,2015-12-31,2015-12-31,Q4,41146000000,33845000000.0,7301000000.0,0.17744130656685947,0.0,0.0,0.0,0.0,4572000000.0,38417000000.0,282000000.0,582000000.0,3311000000,0.08046954746512419,2729000000.0,0.06632479463374326,0.0,2453000000.0,0.059616973703397656,953000000.0,1498000000.0,0.03640694113644097,1.35,1.34,1107000000,1114000000,https://www.bundesanzeiger.de/pub/de/suche;wwwsid=627BFD7A56A5CB624C47FDDEAB2FC509.web07-pub?0,https://www.bundesanzeiger.de/pub/de/suche;wwwsid=627BFD7A56A5CB624C47FDDEAB2FC509.web07-pub?0,1620590874,16:07:54,20210509
22,2015-09-30,CVS.DE,USD,2015-09-30,2015-09-30,Q3,38644000000,31983000000.0,6661000000.0,0.1723682848566401,0.0,0.0,0.0,0.0,4330000000.0,36313000000.0,268000000.0,532000000.0,2863000000,0.07408653348514646,2331000000.0,0.06031984266639064,0.0,2070000000.0,0.053565883448918335,833000000.0,1246000000.0,0.03224303902287548,1.118491921005386,1.111507582515611,1114000000,1121000000,https://www.bundesanzeiger.de/pub/de/suche;wwwsid=627BFD7A56A5CB624C47FDDEAB2FC509.web07-pub?0,https://www.bundesanzeiger.de/pub/de/suche;wwwsid=627BFD7A56A5CB624C47FDDEAB2FC509.web07-pub?0,1620590874,16:07:54,20210509
23,2015-06-30,CVS.DE,USD,2015-06-30,2015-06-30,Q2,37169000000,30767000000.0,6402000000.0,0.17224030778336785,0.0,0.0,0.0,0.0,4140000000.0,34907000000.0,171000000.0,488000000.0,2750000000,0.0739863865048831,2262000000.0,0.06085716591783476,0.0,2096000000.0,0.05639107858699454,824000000.0,1272000000.0,0.03422206677607684,1.13,1.12,1124000000,1132000000,https://www.bundesanzeiger.de/pub/de/suche;wwwsid=627BFD7A56A5CB624C47FDDEAB2FC509.web07-pub?0,https://www.bundesanzeiger.de/pub/de/suche;wwwsid=627BFD7A56A5CB624C47FDDEAB2FC509.web07-pub?0,1620590874,16:07:54,20210509
24,2015-03-31,CVS.DE,USD,2015-03-31,2015-03-31,Q1,36332000000,30168000000.0,6164000000.0,0.16965760211383904,0.0,0.0,0.0,0.0,4032000000.0,34200000000.0,137000000.0,490000000.0,2622000000,0.07216778597379721,2132000000.0,0.05868105251568865,0.0,1998000000.0,0.05499284377408345,777000000.0,1221000000.0,0.033606737861939885,1.08,1.07,1128000000,1136000000,https://www.bundesanzeiger.de/pub/de/suche;wwwsid=627BFD7A56A5CB624C47FDDEAB2FC509.web07-pub?0,https://www.bundesanzeiger.de/pub/de/suche;wwwsid=627BFD7A56A5CB624C47FDDEAB2FC509.web07-pub?0,1620590874,16:07:54,20210509
25,2014-12-31,CVS.DE,USD,2014-12-31,2014-12-31,Q4,37055000000,30422000000.0,6633000000.0,0.17900418297125895,0.0,0.0,0.0,0.0,4312000000.0,34734000000.0,135000000.0,489000000.0,2810000000,0.07583322088786938,2321000000.0,0.06263662123869923,0.0,2190000000.0,0.059101335852111726,868000000.0,1321000000.0,0.035649709890703006,1.0083969465648854,1.0083969465648854,1310000000,1310000000,https://www.bundesanzeiger.de/pub/de/suche;wwwsid=627BFD7A56A5CB624C47FDDEAB2FC509.web07-pub?0,https://www.bundesanzeiger.de/pub/de/suche;wwwsid=627BFD7A56A5CB624C47FDDEAB2FC509.web07-pub?0,1620590874,16:07:54,20210509
26,2014-09-30,CVS.DE,USD,2014-09-30,2014-09-30,Q3,35021000000,28553000000.0,6468000000.0,0.18468918648810714,0.0,0.0,0.0,0.0,4222000000.0,32775000000.0,158000000.0,477000000.0,2723000000,0.07775334799120527,2246000000.0,0.06413294880214729,-521000000.0,1572000000.0,0.04488735330230433,624000000.0,948000000.0,0.027069472602152995,0.82,0.81,1157000000,1164000000,https://www.bundesanzeiger.de/pub/de/suche;wwwsid=627BFD7A56A5CB624C47FDDEAB2FC509.web07-pub?0,https://www.bundesanzeiger.de/pub/de/suche;wwwsid=627BFD7A56A5CB624C47FDDEAB2FC509.web07-pub?0,1620590874,16:07:54,20210509
27,2014-06-30,CVS.DE,USD,2014-06-30,2014-06-30,Q2,34602000000,28278000000.0,6324000000.0,0.18276400208080457,0.0,0.0,0.0,0.0,4116000000.0,32394000000.0,161000000.0,488000000.0,2696000000,0.07791457141205711,2208000000.0,0.06381134038494884,0.0,2050000000.0,0.059245130339286745,804000000.0,1246000000.0,0.03600947922085428,1.07,1.06,1165000000,1174000000,https://www.bundesanzeiger.de/pub/de/suche;wwwsid=627BFD7A56A5CB624C47FDDEAB2FC509.web07-pub?0,https://www.bundesanzeiger.de/pub/de/suche;wwwsid=627BFD7A56A5CB624C47FDDEAB2FC509.web07-pub?0,1620590874,16:07:54,20210509
28,2014-03-31,CVS.DE,USD,2014-03-31,2014-03-31,Q1,32689000000,26747000000.0,5942000000.0,0.18177368533757532,0.0,0.0,0.0,0.0,3918000000.0,30665000000.0,161000000.0,477000000.0,2501000000,0.07650891737281654,2024000000.0,0.0619168527639267,0.0,1866000000.0,0.05708342255804705,737000000.0,1129000000.0,0.03453761204074765,0.96,0.95,1180000000,1190000000,https://www.bundesanzeiger.de/pub/de/suche;wwwsid=627BFD7A56A5CB624C47FDDEAB2FC509.web07-pub?0,https://www.bundesanzeiger.de/pub/de/suche;wwwsid=627BFD7A56A5CB624C47FDDEAB2FC509.web07-pub?0,1620590874,16:07:54,20210509
29,2013-12-31,CVS.DE,USD,2013-12-31,2013-12-31,Q4,32782000000,26451000000.0,6331000000.0,0.19312427551705205,0.0,0.0,0.0,0.0,4122000000.0,30573000000.0,138000000.0,458000000.0,2667000000,0.08135562198767617,2209000000.0,0.06738454029650418,0.0,2074000000.0,0.06326642669757794,812000000.0,1261000000.0,0.03846623146848881,1.06,1.05,1192000000,1201000000,https://www.bundesanzeiger.de/pub/de/suche;wwwsid=627BFD7A56A5CB624C47FDDEAB2FC509.web07-pub?0,https://www.bundesanzeiger.de/pub/de/suche;wwwsid=627BFD7A56A5CB624C47FDDEAB2FC509.web07-pub?0,1620590874,16:07:54,20210509
30,2013-09-30,CVS.DE,USD,2013-09-30,2013-09-30,Q3,31968000000,25933000000.0,6035000000.0,0.18878253253253252,0.0,0.0,0.0,0.0,3874000000.0,29807000000.0,125000000.0,461000000.0,2622000000,0.08201951951951952,2161000000.0,0.06759884884884886,0.0,2039000000.0,0.06378253253253253,779000000.0,1254000000.0,0.039226726726726724,1.03,1.02,1218000000,1226000000,https://www.bundesanzeiger.de/pub/de/suche;wwwsid=627BFD7A56A5CB624C47FDDEAB2FC509.web07-pub?0,https://www.bundesanzeiger.de/pub/de/suche;wwwsid=627BFD7A56A5CB624C47FDDEAB2FC509.web07-pub?0,1620590874,16:07:54,20210509
31,2013-06-30,CVS.DE,USD,2013-06-30,2013-06-30,Q2,31248000000,25412000000.0,5836000000.0,0.18676395289298514,0.0,0.0,0.0,0.0,3868000000.0,29280000000.0,127000000.0,449000000.0,2417000000,0.0773489503328213,1968000000.0,0.0629800307219662,0.0,1842000000.0,0.058947772657450076,720000000.0,1121000000.0,0.03587429595494111,0.9136104319478403,0.906957928802589,1227000000,1236000000,https://www.bundesanzeiger.de/pub/de/suche;wwwsid=627BFD7A56A5CB624C47FDDEAB2FC509.web07-pub?0,https://www.bundesanzeiger.de/pub/de/suche;wwwsid=627BFD7A56A5CB624C47FDDEAB2FC509.web07-pub?0,1620590874,16:07:54,20210509
32,2013-03-31,CVS.DE,USD,2013-03-31,2013-03-31,Q1,30763000000,25181000000.0,5582000000.0,0.18145174397815558,0.0,0.0,0.0,0.0,3883000000.0,29064000000.0,127000000.0,502000000.0,2201000000,0.07154698826512369,1699000000.0,0.055228683808471214,0.0,1573000000.0,0.05113285440301661,617000000.0,956000000.0,0.031076292949322237,0.78,0.77,1232000000,1241000000,https://www.bundesanzeiger.de/pub/de/suche;wwwsid=627BFD7A56A5CB624C47FDDEAB2FC509.web07-pub?0,https://www.bundesanzeiger.de/pub/de/suche;wwwsid=627BFD7A56A5CB624C47FDDEAB2FC509.web07-pub?0,1620590874,16:07:54,20210509
33,2012-12-31,CVS.DE,USD,2012-12-31,2012-12-31,Q4,31394000000,25097000000.0,6297000000.0,0.20057972861056253,0.0,0.0,0.0,0.0,3994000000.0,29091000000.0,162000000.0,456000000.0,2759000000,0.08788303497483596,2303000000.0,0.07335796649041218,-348000000.0,1795000000.0,0.05717653054723833,666000000.0,1129000000.0,0.035962285787093075,0.91,0.9,1241000000,1249000000,https://www.bundesanzeiger.de/pub/de/suche;wwwsid=627BFD7A56A5CB624C47FDDEAB2FC509.web07-pub?0,https://www.bundesanzeiger.de/pub/de/suche;wwwsid=627BFD7A56A5CB624C47FDDEAB2FC509.web07-pub?0,1620590874,16:07:54,20210509
34,2012-09-30,CVS.DE,USD,2012-09-30,2012-09-30,Q3,30227000000,24580000000.0,5647000000.0,0.1868197307043372,0.0,3833000000.0,0.0,0.0,3833000000.0,28413000000.0,135000000.0,443000000.0,2257000000,0.07466834287226652,1814000000.0,0.06001257154199888,0.0,1680000000.0,0.05557944883713237,669000000.0,1006000000.0,0.033281503291759024,0.8,0.79,1265000000,1274000000,https://www.bundesanzeiger.de/pub/de/suche;wwwsid=627BFD7A56A5CB624C47FDDEAB2FC509.web07-pub?0,https://www.bundesanzeiger.de/pub/de/suche;wwwsid=627BFD7A56A5CB624C47FDDEAB2FC509.web07-pub?0,1620590874,16:07:54,20210509
35,2012-06-30,CVS.DE,USD,2012-06-30,2012-06-30,Q2,30714000000,25265000000.0,5449000000.0,0.17741095266002474,0.0,3741000000.0,0.0,0.0,3741000000.0,29006000000.0,132000000.0,431000000.0,2139000000,0.06964250830240282,1708000000.0,0.05560981962622908,0.0,1576000000.0,0.05131210522888585,610000000.0,966000000.0,0.031451455362375466,0.76,0.75,1278000000,1287000000,https://www.bundesanzeiger.de/pub/de/suche;wwwsid=627BFD7A56A5CB624C47FDDEAB2FC509.web07-pub?0,https://www.bundesanzeiger.de/pub/de/suche;wwwsid=627BFD7A56A5CB624C47FDDEAB2FC509.web07-pub?0,1620590874,16:07:54,20210509
36,2012-03-31,CVS.DE,USD,2012-03-31,2012-03-31,Q1,30798000000,25685000000.0,5113000000.0,0.16601727384895124,0.0,3709000000.0,0.0,1000000.0,3709000000.0,29394000000.0,133000000.0,423000000.0,1827000000,0.059322033898305086,1404000000.0,0.04558737580362361,1000000.0,1272000000.0,0.041301383206701736,496000000.0,776000000.0,0.025196441327358918,0.6,0.59,1299000000,1309000000,https://www.bundesanzeiger.de/pub/de/suche;wwwsid=627BFD7A56A5CB624C47FDDEAB2FC509.web07-pub?0,https://www.bundesanzeiger.de/pub/de/suche;wwwsid=627BFD7A56A5CB624C47FDDEAB2FC509.web07-pub?0,1620590874,16:07:54,20210509
37,2011-12-31,CVS.DE,USD,2011-12-31,2011-12-31,Q4,28317000000,22762000000.0,5555000000.0,0.1961719108662641,0.0,3598000000.0,0.0,0.0,3598000000.0,26360000000.0,148000000.0,396000000.0,2353000000,0.08309496062435992,1957000000.0,0.06911042836458664,0.0,1810000000.0,0.06391920048027687,711000000.0,1064000000.0,0.03757460182928982,0.8122137404580153,0.8122137404580153,1310000000,1310000000,https://www.bundesanzeiger.de/pub/de/suche;wwwsid=627BFD7A56A5CB624C47FDDEAB2FC509.web07-pub?0,https://www.bundesanzeiger.de/pub/de/suche;wwwsid=627BFD7A56A5CB624C47FDDEAB2FC509.web07-pub?0,1620590874,16:07:54,20210509
38,2011-09-30,CVS.DE,USD,2011-09-30,2011-09-30,Q3,26674000000,21496000000.0,5178000000.0,0.19412161655544724,0.0,3594000000.0,0.0,0.0,3594000000.0,25090000000.0,156000000.0,407000000.0,1991000000,0.07464197345729924,1584000000.0,0.05938366949089,0.0,1429000000.0,0.05357276748894054,562000000.0,868000000.0,0.032541051210917,0.6516516516516516,0.6477611940298508,1332000000,1340000000,https://www.bundesanzeiger.de/pub/de/suche;wwwsid=627BFD7A56A5CB624C47FDDEAB2FC509.web07-pub?0,https://www.bundesanzeiger.de/pub/de/suche;wwwsid=627BFD7A56A5CB624C47FDDEAB2FC509.web07-pub?0,1620590874,16:07:54,20210509
39,2011-06-30,CVS.DE,USD,2011-06-30,2011-06-30,Q2,26629000000,21534000000.0,5095000000.0,0.19133275751999698,0.0,3605000000.0,0.0,0.0,3605000000.0,25139000000.0,149000000.0,391000000.0,1881000000,0.070637275151151,1490000000.0,0.055954035074542795,0.0,1342000000.0,0.0503961846107627,526000000.0,816000000.0,0.030643283638138872,0.6022140221402214,0.5982404692082112,1355000000,1364000000,https://www.bundesanzeiger.de/pub/de/suche;wwwsid=627BFD7A56A5CB624C47FDDEAB2FC509.web07-pub?0,https://www.bundesanzeiger.de/pub/de/suche;wwwsid=627BFD7A56A5CB624C47FDDEAB2FC509.web07-pub?0,1620590874,16:07:54,20210509
40,2011-03-31,CVS.DE,USD,2011-03-31,2011-03-31,Q1,25880000000,21129000000.0,4751000000.0,0.18357805255023185,0.0,3440000000.0,0.0,0.0,3440000000.0,24569000000.0,135000000.0,374000000.0,1685000000,0.0651081916537867,1311000000.0,0.050656877897990726,0.0,1177000000.0,0.045479134466769704,464000000.0,713000000.0,0.027550231839258116,0.5234948604992657,0.5200583515681984,1362000000,1371000000,https://www.bundesanzeiger.de/pub/de/suche;wwwsid=627BFD7A56A5CB624C47FDDEAB2FC509.web07-pub?0,https://www.bundesanzeiger.de/pub/de/suche;wwwsid=627BFD7A56A5CB624C47FDDEAB2FC509.web07-pub?0,1620590874,16:07:54,20210509
41,2010-12-31,CVS.DE,USD,2010-12-31,2010-12-31,Q4,24772000000,19305000000.0,5467000000.0,0.22069271758436945,0.0,0.0,0.0,0.0,3696000000.0,23001000000.0,137000000.0,373000000.0,2144000000,0.08654932988858388,1771000000.0,0.07149200710479574,0.0,1634000000.0,0.06596156951396738,608000000.0,1026000000.0,0.041417729694816725,0.783206106870229,0.783206106870229,1310000000,1310000000,https://www.bundesanzeiger.de/pub/de/suche;wwwsid=627BFD7A56A5CB624C47FDDEAB2FC509.web07-pub?0,https://www.bundesanzeiger.de/pub/de/suche;wwwsid=627BFD7A56A5CB624C47FDDEAB2FC509.web07-pub?0,1620590874,16:07:54,20210509
42,2010-09-30,CVS.DE,USD,2010-09-30,2010-09-30,Q3,23711000000,18696000000.0,5015000000.0,0.2115052085529923,0.0,3537000000.0,0.0,0.0,3537000000.0,22233000000.0,138000000.0,370000000.0,1848000000,0.07793850955252836,1478000000.0,0.06233393783476024,0.0,1341000000.0,0.05655602884737042,526000000.0,809000000.0,0.034119185188309226,0.5948529411764706,0.591374269005848,1360000000,1368000000,https://www.bundesanzeiger.de/pub/de/suche;wwwsid=627BFD7A56A5CB624C47FDDEAB2FC509.web07-pub?0,https://www.bundesanzeiger.de/pub/de/suche;wwwsid=627BFD7A56A5CB624C47FDDEAB2FC509.web07-pub?0,1620590874,16:07:54,20210509
43,2010-06-30,CVS.DE,USD,2010-06-30,2010-06-30,Q2,24007000000,18987000000.0,5020000000.0,0.20910567751072603,0.0,0.0,0.0,0.0,3519000000.0,22506000000.0,136000000.0,368000000.0,1869000000,0.07785229308118466,1501000000.0,0.06252343066605573,0.0,1366000000.0,0.056900070812679636,544000000.0,821000000.0,0.03419835881201316,0.61,0.6,1359000000,1369000000,https://www.bundesanzeiger.de/pub/de/suche;wwwsid=627BFD7A56A5CB624C47FDDEAB2FC509.web07-pub?0,https://www.bundesanzeiger.de/pub/de/suche;wwwsid=627BFD7A56A5CB624C47FDDEAB2FC509.web07-pub?0,1620590874,16:07:54,20210509
44,2010-03-31,CVS.DE,USD,2010-03-31,2010-03-31,Q1,23760000000,19014000000.0,4746000000.0,0.19974747474747476,0.0,0.0,0.0,0.0,3336000000.0,22350000000.0,129000000.0,358000000.0,1768000000,0.07441077441077441,1410000000.0,0.059343434343434344,0.0,1282000000.0,0.05395622895622896,510000000.0,771000000.0,0.03244949494949495,0.56,0.55,1386000000,1396000000,https://www.bundesanzeiger.de/pub/de/suche;wwwsid=627BFD7A56A5CB624C47FDDEAB2FC509.web07-pub?0,https://www.bundesanzeiger.de/pub/de/suche;wwwsid=627BFD7A56A5CB624C47FDDEAB2FC509.web07-pub?0,1620590874,16:07:54,20210509
45,2009-12-31,CVS.DE,USD,2009-12-31,2009-12-31,Q4,25822100000,20254000000.0,5568100000.0,0.21563312046657707,0.0,0.0,0.0,0.0,3673000000.0,23927000000.0,133000000.0,352500000.0,2247600000,0.08704172007698832,1895100000.0,0.07339062276112322,0.0,1762900000.0,0.06827097718620871,710600000.0,1049800000.0,0.04065509776509269,0.8013740458015267,0.8013740458015267,1310000000,1310000000,https://www.bundesanzeiger.de/pub/de/suche;wwwsid=627BFD7A56A5CB624C47FDDEAB2FC509.web07-pub?0,https://www.bundesanzeiger.de/pub/de/suche;wwwsid=627BFD7A56A5CB624C47FDDEAB2FC509.web07-pub?0,1620590874,16:07:54,20210509
46,2009-09-30,CVS.DE,USD,2009-09-30,2009-09-30,Q3,24641900000,19630200000.0,5011700000.0,0.2033812327783166,0.0,0.0,0.0,0.0,3445800000.0,23076000000.0,123900000.0,300300000.0,1866200000,0.07573279657818593,1565900000.0,0.06354623628859787,0.0,1443100000.0,0.058562854325356406,420000000.0,1021300000.0,0.04144566774477618,0.7144955925563173,0.7068309225551941,1429400000,1444900000,https://www.bundesanzeiger.de/pub/de/suche;wwwsid=627BFD7A56A5CB624C47FDDEAB2FC509.web07-pub?0,https://www.bundesanzeiger.de/pub/de/suche;wwwsid=627BFD7A56A5CB624C47FDDEAB2FC509.web07-pub?0,1620590874,16:07:54,20210509
47,2009-06-30,CVS.DE,USD,2009-06-30,2009-06-30,Q2,24871100000,19818900000.0,5052200000.0,0.2031353659468218,0.0,0.0,0.0,0.0,3452400000.0,23271300000.0,129100000.0,382300000.0,1982100000,0.07969490694018358,1599800000.0,0.06432365275359755,0.0,1471900000.0,0.05918113794725605,582800000.0,886500000.0,0.03564377932620592,0.61,0.6,1456900000,1471800000,https://www.bundesanzeiger.de/pub/de/suche;wwwsid=627BFD7A56A5CB624C47FDDEAB2FC509.web07-pub?0,https://www.bundesanzeiger.de/pub/de/suche;wwwsid=627BFD7A56A5CB624C47FDDEAB2FC509.web07-pub?0,1620590874,16:07:54,20210509
48,2009-03-31,CVS.DE,USD,2009-03-31,2009-03-31,Q1,23393900000,18645900000.0,4748000000.0,0.20295889099295114,0.0,0.0,0.0,0.0,3370800000.0,22016700000.0,144000000.0,353900000.0,1731100000,0.07399792253536178,1377200000.0,0.05887004732002787,0.0,1235100000.0,0.05279581429346966,491600000.0,738400000.0,0.03156378372139746,0.51,0.5,1450000000,1468900000,https://www.bundesanzeiger.de/pub/de/suche;wwwsid=627BFD7A56A5CB624C47FDDEAB2FC509.web07-pub?0,https://www.bundesanzeiger.de/pub/de/suche;wwwsid=627BFD7A56A5CB624C47FDDEAB2FC509.web07-pub?0,1620590874,16:07:54,20210509
49,2008-12-31,CVS.DE,USD,2008-12-31,2008-12-31,Q4,24142200000,18918600000.0,5223600000.0,0.21636801948455403,0.0,3491800000.0,0.0,0.0,3491800000.0,22410400000.0,0.0,354000000.0,2085800000,0.0863964344591628,1731800000.0,0.07173331345113536,0.0,1580600000.0,0.06547042108838465,627300000.0,952800000.0,0.03946616298431792,0.7273282442748091,0.7273282442748091,1310000000,1310000000,https://www.bundesanzeiger.de/pub/de/suche;wwwsid=627BFD7A56A5CB624C47FDDEAB2FC509.web07-pub?0,https://www.bundesanzeiger.de/pub/de/suche;wwwsid=627BFD7A56A5CB624C47FDDEAB2FC509.web07-pub?0,1620590874,16:07:54,20210509
50,2008-09-30,CVS.DE,USD,2008-09-30,2008-09-30,Q3,20863400000,16462800000.0,4400600000.0,0.2109243939147023,0.0,2934400000.0,0.0,0.0,2934400000.0,19397200000.0,0.0,310900000.0,1777100000,0.0851778712961454,1466200000.0,0.07027617742074638,0.0,1353500000.0,0.06487437330444702,534700000.0,736000000.0,0.03527708810644478,0.51,0.5,1435500000,1469700000,https://www.bundesanzeiger.de/pub/de/suche;wwwsid=627BFD7A56A5CB624C47FDDEAB2FC509.web07-pub?0,https://www.bundesanzeiger.de/pub/de/suche;wwwsid=627BFD7A56A5CB624C47FDDEAB2FC509.web07-pub?0,1620590874,16:07:54,20210509
51,2008-06-30,CVS.DE,USD,2008-06-30,2008-06-30,Q2,21140300000,16767100000.0,4373200000.0,0.20686556009138943,0.0,2895100000.0,0.0,0.0,2895100000.0,19662200000.0,0.0,310000000.0,1788100000,0.08458252721106134,1478100000.0,0.06991859150532395,0.0,1363400000.0,0.06449293529420112,539900000.0,774800000.0,0.036650378660662335,0.54,0.53,1431800000,1468700000,https://www.bundesanzeiger.de/pub/de/suche;wwwsid=627BFD7A56A5CB624C47FDDEAB2FC509.web07-pub?0,https://www.bundesanzeiger.de/pub/de/suche;wwwsid=627BFD7A56A5CB624C47FDDEAB2FC509.web07-pub?0,1620590874,16:07:54,20210509
52,2008-03-31,CVS.DE,USD,2008-03-31,2008-03-31,Q1,21326000000,17033000000.0,4293000000.0,0.20130357310325425,0.0,2922900000.0,0.0,0.0,2922900000.0,19955900000.0,0.0,299300000.0,1669400000,0.07828003376160556,1370100000.0,0.0642455218981525,0.0,1239200000.0,0.058107474444340244,490700000.0,748500000.0,0.03509800243833818,0.52,0.51,1429800000,1467700000,https://www.bundesanzeiger.de/pub/de/suche;wwwsid=627BFD7A56A5CB624C47FDDEAB2FC509.web07-pub?0,https://www.bundesanzeiger.de/pub/de/suche;wwwsid=627BFD7A56A5CB624C47FDDEAB2FC509.web07-pub?0,1620590874,16:07:54,20210509
53,2007-12-31,CVS.DE,USD,2007-12-31,2007-12-31,Q4,21942400000,17491600000.0,4450800000.0,0.20284016333673618,0.0,2974900000.0,0.0,0.0,2974900000.0,20466500000.0,0.0,276100000.0,1752000000,0.07984541344611346,1475900000.0,0.06726246900977104,0.0,1338600000.0,0.06100517719119148,523600000.0,815000000.0,0.037142700889601865,0.6221374045801527,0.6221374045801527,1310000000,1310000000,https://www.bundesanzeiger.de/pub/de/suche;wwwsid=627BFD7A56A5CB624C47FDDEAB2FC509.web07-pub?0,https://www.bundesanzeiger.de/pub/de/suche;wwwsid=627BFD7A56A5CB624C47FDDEAB2FC509.web07-pub?0,1620590874,16:07:54,20210509
54,2007-09-30,CVS.DE,USD,2007-09-30,2007-09-30,Q3,20495200000,16300000000.0,4195200000.0,0.2046918302822124,0.0,2924100000.0,0.0,0.0,2924100000.0,19224100000.0,0.0,301700000.0,1572800000,0.0767399195909286,1271100000.0,0.06201939966431164,0.0,1143600000.0,0.055798430852101955,454100000.0,689500000.0,0.03364202349818494,0.47,0.45,1473700000,1521200000,https://www.bundesanzeiger.de/pub/de/suche;wwwsid=627BFD7A56A5CB624C47FDDEAB2FC509.web07-pub?0,https://www.bundesanzeiger.de/pub/de/suche;wwwsid=627BFD7A56A5CB624C47FDDEAB2FC509.web07-pub?0,1620590874,16:07:54,20210509
55,2007-06-30,CVS.DE,USD,2007-06-30,2007-06-30,Q2,20703300000,16544800000.0,4158500000.0,0.2008616983765873,0.0,2848700000.0,0.0,0.0,2848700000.0,19393500000.0,0.0,308000000.0,1617800000,0.0781421319306584,1309800000.0,0.0632652765501152,0.0,1203900000.0,0.05815014997609077,480300000.0,723600000.0,0.034950949848574865,0.48,0.47,1492400000,1542500000,https://www.bundesanzeiger.de/pub/de/suche;wwwsid=627BFD7A56A5CB624C47FDDEAB2FC509.web07-pub?0,https://www.bundesanzeiger.de/pub/de/suche;wwwsid=627BFD7A56A5CB624C47FDDEAB2FC509.web07-pub?0,1620590874,16:07:54,20210509
56,2007-03-31,CVS.DE,USD,2007-03-31,2007-03-31,Q1,13184600000,9835400000.0,3349200000.0,0.2540236336331781,0.0,2403900000.0,0.0,0.0,2612700000.0,12448100000.0,0.0,208800000.0,945300000,0.0716972831940294,736500000.0,0.055860625274941976,0.0,672600000.0,0.051014061860048844,263700000.0,408900000.0,0.031013455091546197,0.45,0.43,906100000,939800000,https://www.bundesanzeiger.de/pub/de/suche;wwwsid=627BFD7A56A5CB624C47FDDEAB2FC509.web07-pub?0,https://www.bundesanzeiger.de/pub/de/suche;wwwsid=627BFD7A56A5CB624C47FDDEAB2FC509.web07-pub?0,1620590874,16:07:54,20210509
57,2006-12-31,CVS.DE,USD,2006-12-31,2006-12-31,Q4,12066300000,8701000000.0,3365300000.0,0.2789007400777372,0.0,2414600000.0,0.0,0.0,2616000000.0,11317000000.0,0.0,201400000.0,950700000,0.0787896869794386,749300000.0,0.062098572056056955,0.0,668200000.0,0.0553773733455989,251000000.0,417200000.0,0.03457563627624044,0.3184732824427481,0.3184732824427481,1310000000,1310000000,https://www.bundesanzeiger.de/pub/de/suche;wwwsid=627BFD7A56A5CB624C47FDDEAB2FC509.web07-pub?0,https://www.bundesanzeiger.de/pub/de/suche;wwwsid=627BFD7A56A5CB624C47FDDEAB2FC509.web07-pub?0,1620590874,16:07:54,20210509
58,2006-09-30,CVS.DE,USD,2006-09-30,2006-09-30,Q3,11206900000,8126600000.0,3080300000.0,0.2748574538900142,0.0,2350100000.0,0.0,0.0,2543500000.0,10670100000.0,0.0,193400000.0,730200000,0.06515628764421919,536800000.0,0.047899062184903946,0.0,461600000.0,0.04118891040341218,177400000.0,284200000.0,0.025359376812499442,0.34,0.33,822300000,855400000,https://www.bundesanzeiger.de/pub/de/suche;wwwsid=627BFD7A56A5CB624C47FDDEAB2FC509.web07-pub?0,https://www.bundesanzeiger.de/pub/de/suche;wwwsid=627BFD7A56A5CB624C47FDDEAB2FC509.web07-pub?0,1620590874,16:07:54,20210509
59,2006-06-30,CVS.DE,USD,2006-06-30,2006-06-30,Q2,10561400000,7717000000.0,2844400000.0,0.26932035525593195,0.0,2066300000.0,0.0,0.0,2249400000.0,9966400000.0,0.0,183100000.0,778100000,0.07367394474217433,595000000.0,0.05633722801901263,0.0,556600000.0,0.052701346412407445,218700000.0,337900000.0,0.031993864449788856,0.41,0.4,818900000,850600000,https://www.bundesanzeiger.de/pub/de/suche;wwwsid=627BFD7A56A5CB624C47FDDEAB2FC509.web07-pub?0,https://www.bundesanzeiger.de/pub/de/suche;wwwsid=627BFD7A56A5CB624C47FDDEAB2FC509.web07-pub?0,1620590874,16:07:54,20210509
60,2006-03-31,CVS.DE,USD,2006-03-31,2006-03-31,Q1,9979200000,7330200000.0,2649000000.0,0.26545214045214044,0.0,1933100000.0,0.0,0.0,2088500000.0,9418700000.0,0.0,155400000.0,715900000,0.0717392175725509,560500000.0,0.05616682700016033,0.0,539400000.0,0.05405242905242905,209800000.0,329600000.0,0.03302869969536636,0.4,0.39,816800000,848500000,https://www.bundesanzeiger.de/pub/de/suche;wwwsid=627BFD7A56A5CB624C47FDDEAB2FC509.web07-pub?0,https://www.bundesanzeiger.de/pub/de/suche;wwwsid=627BFD7A56A5CB624C47FDDEAB2FC509.web07-pub?0,1620590874,16:07:54,20210509
61,2005-12-31,CVS.DE,USD,2005-12-31,2005-12-31,Q4,9732000000,7030000000.0,2702000000.0,0.2776407727085902,0.0,1943000000.0,0.0,0.0,2098900000.0,9128900000.0,0.0,155900000.0,759000000,0.0779901356350185,603100000.0,0.06197081792026305,0.0,576200000.0,0.05920674064940403,169800000.0,406400000.0,0.04175914508836827,0.3102290076335878,0.3102290076335878,1310000000,1310000000,https://www.bundesanzeiger.de/pub/de/suche;wwwsid=627BFD7A56A5CB624C47FDDEAB2FC509.web07-pub?0,https://www.bundesanzeiger.de/pub/de/suche;wwwsid=627BFD7A56A5CB624C47FDDEAB2FC509.web07-pub?0,1620590874,16:07:54,20210509
62,2005-09-30,CVS.DE,USD,2005-09-30,2005-09-30,Q3,8970400000,6569400000.0,2401000000.0,0.2676580754481406,0.0,1814400000.0,0.0,0.0,1962100000.0,8531500000.0,0.0,147700000.0,586600000,0.06539284758762151,438900000.0,0.048927584054222775,0.0,411600000.0,0.04588424150539552,158900000.0,252700000.0,0.028170427182734326,0.31,0.3,813500000,845000000,https://www.bundesanzeiger.de/pub/de/suche;wwwsid=627BFD7A56A5CB624C47FDDEAB2FC509.web07-pub?0,https://www.bundesanzeiger.de/pub/de/suche;wwwsid=627BFD7A56A5CB624C47FDDEAB2FC509.web07-pub?0,1620590874,16:07:54,20210509
63,2005-06-30,CVS.DE,USD,2005-06-30,2005-06-30,Q2,9121600000,6704200000.0,2417400000.0,0.26501929486055076,0.0,1792100000.0,0.0,0.0,1939700000.0,8643900000.0,0.0,147600000.0,625300000,0.06855156990001754,477700000.0,0.052370198210840206,0.0,449400000.0,0.04926767233818628,173500000.0,275900000.0,0.030246886511138396,0.34,0.33,810900000,841900000,https://www.bundesanzeiger.de/pub/de/suche;wwwsid=627BFD7A56A5CB624C47FDDEAB2FC509.web07-pub?0,https://www.bundesanzeiger.de/pub/de/suche;wwwsid=627BFD7A56A5CB624C47FDDEAB2FC509.web07-pub?0,1620590874,16:07:54,20210509
64,2005-03-31,CVS.DE,USD,2005-03-31,2005-03-31,Q1,9182200000,6801400000.0,2380800000.0,0.25928426738690075,0.0,1743100000.0,0.0,0.0,1881000000.0,8682400000.0,0.0,137900000.0,637700000,0.06944958724488684,499800000.0,0.05443139988238113,0.0,471800000.0,0.051382021737709914,182100000.0,289700000.0,0.03155017316111607,0.355,0.345,806800000,837200000,https://www.bundesanzeiger.de/pub/de/suche;wwwsid=627BFD7A56A5CB624C47FDDEAB2FC509.web07-pub?0,https://www.bundesanzeiger.de/pub/de/suche;wwwsid=627BFD7A56A5CB624C47FDDEAB2FC509.web07-pub?0,1620590874,16:07:54,20210509
65,2004-12-31,CVS.DE,USD,2004-12-31,2004-12-31,Q4,8923200000,6561000000.0,2362200000.0,0.2647256589564282,0.0,1827600000.0,0.0,0.0,2016300000.0,8577300000.0,0.0,131800000.0,477700000,0.0535346064192218,345900000.0,0.038764120494889726,0.0,317200000.0,0.035547785547785545,62100000.0,255100000.0,0.028588398780706473,0.1947328244274809,0.1947328244274809,1310000000,1310000000,https://www.bundesanzeiger.de/pub/de/suche;wwwsid=627BFD7A56A5CB624C47FDDEAB2FC509.web07-pub?0,https://www.bundesanzeiger.de/pub/de/suche;wwwsid=627BFD7A56A5CB624C47FDDEAB2FC509.web07-pub?0,1620590874,16:07:54,20210509
66,2004-09-30,CVS.DE,USD,2004-09-30,2004-09-30,Q3,7909400000,5838600000.0,2070800000.0,0.26181505550357803,0.0,1636200000.0,0.0,0.0,1754800000.0,7593400000.0,0.0,118600000.0,434600000,0.054947277922472,316000000.0,0.03995246162793638,0.0,300200000.0,0.03795483854653956,115600000.0,184600000.0,0.02333931777378815,0.225,0.22,799200000,833000000,https://www.bundesanzeiger.de/pub/de/suche;wwwsid=627BFD7A56A5CB624C47FDDEAB2FC509.web07-pub?0,https://www.bundesanzeiger.de/pub/de/suche;wwwsid=627BFD7A56A5CB624C47FDDEAB2FC509.web07-pub?0,1620590874,16:07:54,20210509
67,2004-06-30,CVS.DE,USD,2004-06-30,2004-06-30,Q2,6943100000,5116600000.0,1826500000.0,0.2630669297576011,0.0,1343200000.0,0.0,0.0,1439300000.0,6555900000.0,0.0,96100000.0,483300000,0.06960867623972002,387200000.0,0.05576759660670306,0.0,381200000.0,0.05490342930391324,146700000.0,234500000.0,0.03377453875070214,0.29,0.28,796000000,830000000,https://www.bundesanzeiger.de/pub/de/suche;wwwsid=627BFD7A56A5CB624C47FDDEAB2FC509.web07-pub?0,https://www.bundesanzeiger.de/pub/de/suche;wwwsid=627BFD7A56A5CB624C47FDDEAB2FC509.web07-pub?0,1620590874,16:07:54,20210509
68,2004-03-31,CVS.DE,USD,2004-03-31,2004-03-31,Q1,6818600000,5046900000.0,1771700000.0,0.2598333968849911,0.0,1272700000.0,0.0,0.0,1366100000.0,6413000000.0,0.0,93400000.0,499000000,0.07318217815973954,405600000.0,0.059484351626433576,0.0,397800000.0,0.0583404217874637,153200000.0,244600000.0,0.03587246648872203,0.305,0.295,792600000,824400000,https://www.bundesanzeiger.de/pub/de/suche;wwwsid=627BFD7A56A5CB624C47FDDEAB2FC509.web07-pub?0,https://www.bundesanzeiger.de/pub/de/suche;wwwsid=627BFD7A56A5CB624C47FDDEAB2FC509.web07-pub?0,1620590874,16:07:54,20210509
69,2003-12-31,CVS.DE,USD,2003-12-31,2003-12-31,Q4,7452200000,5487100000.0,1965100000.0,0.26369394272832186,0.0,1438600000.0,0.0,0.0,2608400000.0,8095500000.0,0.0,87900000.0,-555400000,-0.07452832720538902,-643300000.0,-0.08632350178470787,0.0,427600000.0,0.05737902901156705,164200000.0,263400000.0,0.03534526716942648,0.20106870229007634,0.20106870229007634,1310000000,1310000000,https://www.bundesanzeiger.de/pub/de/suche;wwwsid=627BFD7A56A5CB624C47FDDEAB2FC509.web07-pub?0,https://www.bundesanzeiger.de/pub/de/suche;wwwsid=627BFD7A56A5CB624C47FDDEAB2FC509.web07-pub?0,1620590874,16:07:54,20210509
70,2003-09-30,CVS.DE,USD,2003-09-30,2003-09-30,Q3,6378100000,4719500000.0,1658600000.0,0.2600460952321224,0.0,1256100000.0,0.0,0.0,1341900000.0,6061400000.0,0.0,85800000.0,402500000,0.06310656778664493,316700000.0,0.04965428575908186,0.0,304900000.0,0.04780420501403239,117100000.0,187800000.0,0.02944450541697371,0.235,0.23,789600000,816600000,https://www.bundesanzeiger.de/pub/de/suche;wwwsid=627BFD7A56A5CB624C47FDDEAB2FC509.web07-pub?0,https://www.bundesanzeiger.de/pub/de/suche;wwwsid=627BFD7A56A5CB624C47FDDEAB2FC509.web07-pub?0,1620590874,16:07:54,20210509
71,2003-06-30,CVS.DE,USD,2003-06-30,2003-06-30,Q2,6444900000,4811100000.0,1633800000.0,0.2535027696318019,0.0,1211400000.0,0.0,0.0,1296800000.0,6107900000.0,0.0,85400000.0,422400000,0.06554019457245264,337000000.0,0.052289407128116805,0.0,324300000.0,0.050318856770469676,124500000.0,199800000.0,0.031001256807708422,0.25,0.245,788000000,813200000,https://www.bundesanzeiger.de/pub/de/suche;wwwsid=627BFD7A56A5CB624C47FDDEAB2FC509.web07-pub?0,https://www.bundesanzeiger.de/pub/de/suche;wwwsid=627BFD7A56A5CB624C47FDDEAB2FC509.web07-pub?0,1620590874,16:07:54,20210509
72,2003-03-31,CVS.DE,USD,2003-03-31,2003-03-31,Q1,6312800000,4707300000.0,1605500000.0,0.25432454695222406,0.0,1191600000.0,0.0,0.0,1274200000.0,5981500000.0,0.0,82600000.0,413900000,0.06556520086174122,331300000.0,0.05248067418578127,0.0,318700000.0,0.05048472943860094,122400000.0,196300000.0,0.031095551894563426,0.245,0.24,786800000,811400000,https://www.bundesanzeiger.de/pub/de/suche;wwwsid=627BFD7A56A5CB624C47FDDEAB2FC509.web07-pub?0,https://www.bundesanzeiger.de/pub/de/suche;wwwsid=627BFD7A56A5CB624C47FDDEAB2FC509.web07-pub?0,1620590874,16:07:54,20210509
73,2002-12-31,CVS.DE,USD,2002-12-31,2002-12-31,Q4,6344800000,4732100000.0,1612700000.0,0.2541766485941243,0.0,1198400000.0,0.0,0.0,1277800000.0,6009900000.0,0.0,79400000.0,414300000,0.06529756651115874,334900000.0,0.052783381666876815,0.0,322800000.0,0.05087630815786156,122700000.0,200100000.0,0.031537637120161395,0.15274809160305344,0.15274809160305344,1310000000,1310000000,https://www.bundesanzeiger.de/pub/de/suche;wwwsid=627BFD7A56A5CB624C47FDDEAB2FC509.web07-pub?0,https://www.bundesanzeiger.de/pub/de/suche;wwwsid=627BFD7A56A5CB624C47FDDEAB2FC509.web07-pub?0,1620590874,16:07:54,20210509
74,2002-09-30,CVS.DE,USD,2002-09-30,2002-09-30,Q3,5876400000,4395100000.0,1481300000.0,0.2520761010142264,0.0,1127700000.0,0.0,0.0,1204800000.0,5599900000.0,0.0,77100000.0,353600000,0.060172894969709345,276500000.0,0.04705261724865564,0.0,265100000.0,0.045112654005853924,100700000.0,164400000.0,0.027976312027772104,0.205,0.2,785400000,810800000,https://www.bundesanzeiger.de/pub/de/suche;wwwsid=627BFD7A56A5CB624C47FDDEAB2FC509.web07-pub?0,https://www.bundesanzeiger.de/pub/de/suche;wwwsid=627BFD7A56A5CB624C47FDDEAB2FC509.web07-pub?0,1620590874,16:07:54,20210509
75,2002-06-30,CVS.DE,USD,2002-06-30,2002-06-30,Q2,5989500000,4508400000.0,1481100000.0,0.24728274480340595,0.0,1104000000.0,0.0,0.0,1182800000.0,5691200000.0,0.0,78800000.0,377100000,0.06296018031555221,298300000.0,0.04980382335754237,0.0,284500000.0,0.047499791301444196,108100000.0,176400000.0,0.02945154019534185,0.22,0.215,784000000,812200000,https://www.bundesanzeiger.de/pub/de/suche;wwwsid=627BFD7A56A5CB624C47FDDEAB2FC509.web07-pub?0,https://www.bundesanzeiger.de/pub/de/suche;wwwsid=627BFD7A56A5CB624C47FDDEAB2FC509.web07-pub?0,1620590874,16:07:54,20210509
76,2002-03-31,CVS.DE,USD,2002-03-31,2002-03-31,Q1,5970700000,4477000000.0,1493700000.0,0.2501716716632891,0.0,1122200000.0,0.0,0.0,1197200000.0,5674200000.0,0.0,75000000.0,371500000,0.06222051015793793,296500000.0,0.04965916894166513,0.0,283400000.0,0.04746512134255615,107700000.0,175700000.0,0.02942703535598841,0.22,0.215,783200000,809400000,https://www.bundesanzeiger.de/pub/de/suche;wwwsid=627BFD7A56A5CB624C47FDDEAB2FC509.web07-pub?0,https://www.bundesanzeiger.de/pub/de/suche;wwwsid=627BFD7A56A5CB624C47FDDEAB2FC509.web07-pub?0,1620590874,16:07:54,20210509
77,2001-12-31,CVS.DE,USD,2001-12-31,2001-12-31,Q4,5950500000,4543200000.0,1407300000.0,0.23650113435845727,0.0,1146500000.0,0.0,0.0,1227800000.0,5771000000.0,0.0,81300000.0,260800000,0.0438282497269137,179500000.0,0.030165532308209394,0.0,-187100000.0,-0.031442735904545834,-56800000.0,-130300000.0,-0.02189731955297874,-0.09946564885496183,-0.09946564885496183,1310000000,1310000000,https://www.bundesanzeiger.de/pub/de/suche;wwwsid=627BFD7A56A5CB624C47FDDEAB2FC509.web07-pub?0,https://www.bundesanzeiger.de/pub/de/suche;wwwsid=627BFD7A56A5CB624C47FDDEAB2FC509.web07-pub?0,1620590874,16:07:54,20210509
78,2001-09-30,CVS.DE,USD,2001-09-30,2001-09-30,Q3,5410800000,4039000000.0,1371800000.0,0.2535299770828713,0.0,1070900000.0,0.0,0.0,1151600000.0,5190600000.0,0.0,80700000.0,300900000,0.055611000221778666,220200000.0,0.04069638500776225,0.0,204100000.0,0.03772085458712205,80400000.0,123700000.0,0.02286168403932875,0.155,0.15,783000000,812000000,https://www.bundesanzeiger.de/pub/de/suche;wwwsid=627BFD7A56A5CB624C47FDDEAB2FC509.web07-pub?0,https://www.bundesanzeiger.de/pub/de/suche;wwwsid=627BFD7A56A5CB624C47FDDEAB2FC509.web07-pub?0,1620590874,16:07:54,20210509
79,2001-06-30,CVS.DE,USD,2001-06-30,2001-06-30,Q2,5494200000,4035800000.0,1458400000.0,0.2654435586618616,0.0,1036200000.0,0.0,0.0,1116400000.0,5152200000.0,0.0,80200000.0,422200000,0.07684467256379454,342000000.0,0.06224746095882931,0.0,326900000.0,0.05949910815041316,128900000.0,198000000.0,0.036038003713006445,0.245,0.24,787000000,822200000,https://www.bundesanzeiger.de/pub/de/suche;wwwsid=627BFD7A56A5CB624C47FDDEAB2FC509.web07-pub?0,https://www.bundesanzeiger.de/pub/de/suche;wwwsid=627BFD7A56A5CB624C47FDDEAB2FC509.web07-pub?0,1620590874,16:07:54,20210509
80,2001-03-31,CVS.DE,USD,2001-03-31,2001-03-31,Q1,5385900000,3932500000.0,1453400000.0,0.26985276369780353,0.0,993400000.0,0.0,0.0,1072000000.0,5004500000.0,0.0,78600000.0,460000000,0.08540819547336564,381400000.0,0.07081453424682968,0.0,365700000.0,0.06789951540132569,144000000.0,221700000.0,0.04116303681835905,0.28,0.27,785600000,822600000,https://www.bundesanzeiger.de/pub/de/suche;wwwsid=627BFD7A56A5CB624C47FDDEAB2FC509.web07-pub?0,https://www.bundesanzeiger.de/pub/de/suche;wwwsid=627BFD7A56A5CB624C47FDDEAB2FC509.web07-pub?0,1620590874,16:07:54,20210509
81,2000-12-31,CVS.DE,USD,2000-12-31,2000-12-31,Q4,5488800000,4060300000.0,1428500000.0,0.26025725112957293,0.0,982900000.0,0.0,0.0,1059300000.0,5119600000.0,0.0,76400000.0,445600000,0.08118350094738376,369200000.0,0.06726424719428654,0.0,349100000.0,0.06360224457076227,139600000.0,209500000.0,0.03816863430986737,0.1599236641221374,0.1599236641221374,1310000000,1310000000,https://www.bundesanzeiger.de/pub/de/suche;wwwsid=627BFD7A56A5CB624C47FDDEAB2FC509.web07-pub?0,https://www.bundesanzeiger.de/pub/de/suche;wwwsid=627BFD7A56A5CB624C47FDDEAB2FC509.web07-pub?0,1620590874,16:07:54,20210509
82,2000-09-30,CVS.DE,USD,2000-09-30,2000-09-30,Q3,4916400000,3619000000.0,1297400000.0,0.26389227890326256,0.0,937700000.0,0.0,0.0,1012700000.0,4631700000.0,0.0,75000000.0,359700000,0.0731632902123505,284700000.0,0.05790822553087625,0.0,264600000.0,0.053819868196241155,105900000.0,158700000.0,0.032279716865999515,0.2,0.195,782000000,815000000,https://www.bundesanzeiger.de/pub/de/suche;wwwsid=627BFD7A56A5CB624C47FDDEAB2FC509.web07-pub?0,https://www.bundesanzeiger.de/pub/de/suche;wwwsid=627BFD7A56A5CB624C47FDDEAB2FC509.web07-pub?0,1620590874,16:07:54,20210509
83,2000-06-30,CVS.DE,USD,2000-06-30,2000-06-30,Q2,4942800000,3607000000.0,1335800000.0,0.2702516792101643,0.0,928500000.0,0.0,0.0,1001900000.0,4608900000.0,0.0,73400000.0,407300000,0.08240268673626285,333900000.0,0.06755280407865986,0.0,310900000.0,0.06289957109330743,124400000.0,186500000.0,0.0377316500768795,0.235,0.23,780600000,816000000,https://www.bundesanzeiger.de/pub/de/suche;wwwsid=627BFD7A56A5CB624C47FDDEAB2FC509.web07-pub?0,https://www.bundesanzeiger.de/pub/de/suche;wwwsid=627BFD7A56A5CB624C47FDDEAB2FC509.web07-pub?0,1620590874,16:07:54,20210509
84,2000-03-31,CVS.DE,USD,2000-03-31,2000-03-31,Q1,4739500000,3439500000.0,1300000000.0,0.2742905369764743,0.0,893300000.0,0.0,0.0,965100000.0,4404600000.0,0.0,71800000.0,406700000,0.08581073952948623,334900000.0,0.07066146217955481,0.0,318800000.0,0.06726447937546155,127500000.0,191300000.0,0.04036290747969195,0.24,0.235,782200000,814200000,https://www.bundesanzeiger.de/pub/de/suche;wwwsid=627BFD7A56A5CB624C47FDDEAB2FC509.web07-pub?0,https://www.bundesanzeiger.de/pub/de/suche;wwwsid=627BFD7A56A5CB624C47FDDEAB2FC509.web07-pub?0,1620590874,16:07:54,20210509
85,1999-12-31,CVS.DE,USD,1999-12-31,1999-12-31,Q4,5183600000,3823200000.0,1360400000.0,0.2624430897445791,0.0,956900000.0,0.0,0.0,1028000000.0,4851200000.0,0.0,71100000.0,403500000,0.07784165444864573,332400000.0,0.06412531831159812,0.0,315800000.0,0.06092291071841963,129500000.0,186300000.0,0.035940273169226024,0.14221374045801527,0.14221374045801527,1310000000,1310000000,https://www.bundesanzeiger.de/pub/de/suche;wwwsid=627BFD7A56A5CB624C47FDDEAB2FC509.web07-pub?0,https://www.bundesanzeiger.de/pub/de/suche;wwwsid=627BFD7A56A5CB624C47FDDEAB2FC509.web07-pub?0,1620590874,16:07:54,20210509
86,1999-09-30,CVS.DE,USD,1999-09-30,1999-09-30,Q3,4311800000,3170700000.0,1141100000.0,0.2646458555591632,0.0,851300000.0,0.0,0.0,921400000.0,4092100000.0,0.0,70100000.0,289800000,0.06721090959692008,219700000.0,0.05095319820028758,0.0,206000000.0,0.04777587086599564,84400000.0,121600000.0,0.028201679113131407,0.15518121490556405,0.1527254458678724,783600000,796200000,https://www.bundesanzeiger.de/pub/de/suche;wwwsid=627BFD7A56A5CB624C47FDDEAB2FC509.web07-pub?0,https://www.bundesanzeiger.de/pub/de/suche;wwwsid=627BFD7A56A5CB624C47FDDEAB2FC509.web07-pub?0,1620590874,16:07:54,20210509
87,1999-06-30,CVS.DE,USD,1999-06-30,1999-06-30,Q2,4362400000,3172000000.0,1190400000.0,0.2728773152393178,0.0,831500000.0,0.0,0.0,900200000.0,4072200000.0,0.0,68700000.0,358900000,0.08227122684760682,290200000.0,0.0665230148542087,0.0,275700000.0,0.0631991564276545,113100000.0,162600000.0,0.03727306070053182,0.205,0.2,782200000,817400000,https://www.bundesanzeiger.de/pub/de/suche;wwwsid=627BFD7A56A5CB624C47FDDEAB2FC509.web07-pub?0,https://www.bundesanzeiger.de/pub/de/suche;wwwsid=627BFD7A56A5CB624C47FDDEAB2FC509.web07-pub?0,1620590874,16:07:54,20210509
88,1999-03-31,CVS.DE,USD,1999-03-31,1999-03-31,Q1,4240500000,3071100000.0,1169400000.0,0.27576936681995046,0.0,808200000.0,0.0,0.0,876200000.0,3947300000.0,0.0,68000000.0,361200000,0.085178634594977,293200000.0,0.06914278976535786,0.0,278900000.0,0.06577054592618795,114300000.0,164600000.0,0.03881617733757812,0.205,0.2,781000000,816400000,https://www.bundesanzeiger.de/pub/de/suche;wwwsid=627BFD7A56A5CB624C47FDDEAB2FC509.web07-pub?0,https://www.bundesanzeiger.de/pub/de/suche;wwwsid=627BFD7A56A5CB624C47FDDEAB2FC509.web07-pub?0,1620590874,16:07:54,20210509
89,1998-12-31,CVS.DE,USD,1998-12-31,1998-12-31,Q4,4191100000,3084600000.0,1106500000.0,0.2640118346018945,0.0,775500000.0,0.0,0.0,839400000.0,3924000000.0,0.0,63900000.0,331000000,0.0789768795781537,267100000.0,0.06373028560521105,0.0,251400000.0,0.0599842523442533,105600000.0,145800000.0,0.03478800314953115,0.11129770992366413,0.11129770992366413,1310000000,1310000000,https://www.bundesanzeiger.de/pub/de/suche;wwwsid=627BFD7A56A5CB624C47FDDEAB2FC509.web07-pub?0,https://www.bundesanzeiger.de/pub/de/suche;wwwsid=627BFD7A56A5CB624C47FDDEAB2FC509.web07-pub?0,1620590874,16:07:54,20210509
90,1998-09-30,CVS.DE,USD,1998-09-30,1998-09-30,Q3,3725100000,2729800000.0,995300000.0,0.2671874580548173,0.0,742900000.0,0.0,0.0,803600000.0,3533400000.0,0.0,60800000.0,252500000,0.06778341521032992,191700000.0,0.051461705726020775,0.0,176600000.0,0.04740812327185848,74200000.0,102400000.0,0.02748919492094172,0.125,0.125,792000000,792000000,https://www.bundesanzeiger.de/pub/de/suche;wwwsid=627BFD7A56A5CB624C47FDDEAB2FC509.web07-pub?0,https://www.bundesanzeiger.de/pub/de/suche;wwwsid=627BFD7A56A5CB624C47FDDEAB2FC509.web07-pub?0,1620590874,16:07:54,20210509
91,1998-06-30,CVS.DE,USD,1998-06-30,1998-06-30,Q2,3755900000,2735400000.0,1020500000.0,0.27170584946351073,0.0,726400000.0,0.0,0.0,787600000.0,3523000000.0,0.0,65400000.0,298300000,0.07942170984318006,232900000.0,0.06200910567373998,-156100000.0,55700000.0,0.01483000079874331,39500000.0,16200000.0,0.004313213876833782,0.015,0.015,853333333,853333333,https://www.bundesanzeiger.de/pub/de/suche;wwwsid=627BFD7A56A5CB624C47FDDEAB2FC509.web07-pub?0,https://www.bundesanzeiger.de/pub/de/suche;wwwsid=627BFD7A56A5CB624C47FDDEAB2FC509.web07-pub?0,1620590874,16:07:54,20210509
92,1998-03-31,CVS.DE,USD,1998-03-31,1998-03-31,Q1,3333600000,2401800000.0,931800000.0,0.2795176385889129,0.0,650600000.0,0.0,0.0,710200000.0,3112000000.0,0.0,59600000.0,281200000,0.08435325173986082,221600000.0,0.06647468202543796,0.0,210300000.0,0.0630849532037437,89000000.0,121300000.0,0.03638708903287737,0.17,0.17,693529412,693529412,https://www.bundesanzeiger.de/pub/de/suche;wwwsid=627BFD7A56A5CB624C47FDDEAB2FC509.web07-pub?0,https://www.bundesanzeiger.de/pub/de/suche;wwwsid=627BFD7A56A5CB624C47FDDEAB2FC509.web07-pub?0,1620590874,16:07:54,20210509
93,1997-12-31,CVS.DE,USD,1997-12-31,1997-12-31,Q4,3336400000,2438300000.0,898100000.0,0.26918235223594295,0.0,636500000.0,0.0,0.0,695000000.0,3133300000.0,0.0,58500000.0,261600000,0.07840786476441673,203100000.0,0.06087399592375015,0.0,197100000.0,0.0590756504016305,86300000.0,110800000.0,0.0332094473084762,0.08458015267175573,0.08458015267175573,1310000000,1310000000,https://www.bundesanzeiger.de/pub/de/suche;wwwsid=627BFD7A56A5CB624C47FDDEAB2FC509.web07-pub?0,https://www.bundesanzeiger.de/pub/de/suche;wwwsid=627BFD7A56A5CB624C47FDDEAB2FC509.web07-pub?0,1620590874,16:07:54,20210509
94,1997-09-30,CVS.DE,USD,1997-09-30,1997-09-30,Q3,3080300000,2240800000.0,839500000.0,0.27253838911794304,0.0,638600000.0,0.0,0.0,697900000.0,2938700000.0,0.0,59400000.0,201000000,0.06525338441060935,141600000.0,0.04596954842060838,0.0,132200000.0,0.0429178976073759,57500000.0,74700000.0,0.024250884654092135,0.105,0.105,679047619,679047619,https://www.bundesanzeiger.de/pub/de/suche;wwwsid=627BFD7A56A5CB624C47FDDEAB2FC509.web07-pub?0,https://www.bundesanzeiger.de/pub/de/suche;wwwsid=627BFD7A56A5CB624C47FDDEAB2FC509.web07-pub?0,1620590874,16:07:54,20210509
95,1997-06-30,CVS.DE,USD,1997-06-30,1997-06-30,Q2,3160600000,2354200000.0,806400000.0,0.2551414288426248,0.0,645900000.0,0.0,0.0,700700000.0,3054900000.0,0.0,88500000.0,194200000,0.061444029614630136,105700000.0,0.033443017148642666,-403100000.0,-322500000.0,-0.10203758779978485,-91700000.0,-230500000.0,-0.07292919066000127,-0.35,-0.35,668285714,668285714,https://www.bundesanzeiger.de/pub/de/suche;wwwsid=627BFD7A56A5CB624C47FDDEAB2FC509.web07-pub?0,https://www.bundesanzeiger.de/pub/de/suche;wwwsid=627BFD7A56A5CB624C47FDDEAB2FC509.web07-pub?0,1620590874,16:07:54,20210509
96,1997-03-31,CVS.DE,USD,1997-03-31,1997-03-31,Q1,1515000000,1083700000.0,431300000.0,0.2846864686468647,0.0,316900000.0,0.0,0.0,336700000.0,1420400000.0,0.0,19800000.0,114400000,0.07551155115511551,94600000.0,0.06244224422442244,5900000.0,99000000.0,0.06534653465346535,40600000.0,58500000.0,0.03861386138613861,0.12,0.12,457500000,457500000,https://www.bundesanzeiger.de/pub/de/suche;wwwsid=627BFD7A56A5CB624C47FDDEAB2FC509.web07-pub?0,https://www.bundesanzeiger.de/pub/de/suche;wwwsid=627BFD7A56A5CB624C47FDDEAB2FC509.web07-pub?0,1620590874,16:07:54,20210509
97,1996-12-31,CVS.DE,USD,1996-12-31,1996-12-31,Q4,1549900000,1067100000.0,482800000.0,0.31150396799793534,0.0,319100000.0,0.0,0.0,393600000.0,1460700000.0,0.0,74500000.0,163700000,0.10561971740112265,89200000.0,0.05755210013549261,19300000.0,107200000.0,0.06916575262920188,43900000.0,60100000.0,0.038776695270662624,0.04587786259541985,0.04587786259541985,1310000000,1310000000,https://www.bundesanzeiger.de/pub/de/suche;wwwsid=627BFD7A56A5CB624C47FDDEAB2FC509.web07-pub?0,https://www.bundesanzeiger.de/pub/de/suche;wwwsid=627BFD7A56A5CB624C47FDDEAB2FC509.web07-pub?0,1620590874,16:07:54,20210509
98,1996-09-30,CVS.DE,USD,1996-09-30,1996-09-30,Q3,1356300000,982200000.0,374100000.0,0.27582393275823935,0.0,299600000.0,0.0,0.0,319200000.0,1301400000.0,0.0,19600000.0,74500000,0.054928850549288505,54900000.0,0.0404777704047777,25600000.0,76100000.0,0.05610853056108531,31200000.0,63700000.0,0.046966010469660105,0.12,0.115,530833333,530833333,https://www.bundesanzeiger.de/pub/de/suche;wwwsid=627BFD7A56A5CB624C47FDDEAB2FC509.web07-pub?0,https://www.bundesanzeiger.de/pub/de/suche;wwwsid=627BFD7A56A5CB624C47FDDEAB2FC509.web07-pub?0,1620590874,16:07:54,20210509
99,1996-06-30,CVS.DE,USD,1996-06-30,1996-06-30,Q2,1363500000,975000000.0,388500000.0,0.28492849284928495,0.0,284500000.0,0.0,0.0,304300000.0,1279300000.0,0.0,5000000.0,89200000,0.06541987532086542,84200000.0,0.06175284195086175,79300000.0,151600000.0,0.11118445177851119,60700000.0,-62600000.0,-0.04591125779244591,-0.065,-0.07,422708000,422708000,https://www.bundesanzeiger.de/pub/de/suche;wwwsid=627BFD7A56A5CB624C47FDDEAB2FC509.web07-pub?0,https://www.bundesanzeiger.de/pub/de/suche;wwwsid=627BFD7A56A5CB624C47FDDEAB2FC509.web07-pub?0,1620590874,16:07:54,20210509
100,1996-03-31,CVS.DE,USD,1996-03-31,1996-03-31,Q1,1744700000,1200200000.0,544500000.0,0.31208803805811886,0.0,481900000.0,0.0,0.0,516500000.0,1716700000.0,0.0,34600000.0,62600000,0.035880093998968306,28000000.0,0.01604860434458646,2700000.0,25000000.0,0.014329111021952197,10500000.0,14200000.0,0.008138935060468849,0.065,0.06,421020000,421020000,https://www.bundesanzeiger.de/pub/de/suche;wwwsid=627BFD7A56A5CB624C47FDDEAB2FC509.web07-pub?0,https://www.bundesanzeiger.de/pub/de/suche;wwwsid=627BFD7A56A5CB624C47FDDEAB2FC509.web07-pub?0,1620590874,16:07:54,20210509
101,1995-12-31,CVS.DE,USD,1995-12-31,1995-12-31,Q4,1612900000,1169800000.0,443100000.0,0.2747225494450989,0.0,266400000.0,0.0,0.0,315300000.0,1485100000.0,0.0,48900000.0,176700000,0.10955421910843821,127800000.0,0.07923615847231695,0.0,-802600000.0,-0.49761299522599045,-184700000.0,-659400000.0,-0.4088288176576353,-0.5033587786259542,-0.5033587786259542,1310000000,1310000000,https://www.bundesanzeiger.de/pub/de/suche;wwwsid=627BFD7A56A5CB624C47FDDEAB2FC509.web07-pub?0,https://www.bundesanzeiger.de/pub/de/suche;wwwsid=627BFD7A56A5CB624C47FDDEAB2FC509.web07-pub?0,1620590874,16:07:54,20210509
102,1995-09-30,CVS.DE,USD,1995-09-30,1995-09-30,Q3,2814000000,1871200000.0,942800000.0,0.33503909026297085,0.0,859900000.0,0.0,0.0,922800000.0,2794000000.0,0.0,63000000.0,83000000,0.029495380241648897,20000000.0,0.007107320540156361,0.0,-3900000.0,-0.0013859275053304905,-1400000.0,-2500000.0,-0.0008884150675195451,-0.015,-0.015,453333333,453333333,https://www.bundesanzeiger.de/pub/de/suche;wwwsid=627BFD7A56A5CB624C47FDDEAB2FC509.web07-pub?0,https://www.bundesanzeiger.de/pub/de/suche;wwwsid=627BFD7A56A5CB624C47FDDEAB2FC509.web07-pub?0,1620590874,16:07:54,20210509
103,1995-06-30,CVS.DE,USD,1995-06-30,1995-06-30,Q2,2770200000,1815800000.0,954400000.0,0.3445238610930619,0.0,815300000.0,0.0,0.0,872900000.0,2688700000.0,0.0,57600000.0,139100000,0.050212981012201285,81500000.0,0.029420258465092775,200000.0,54500000.0,0.019673669771135657,23400000.0,31100000.0,0.011226626236372826,0.065,0.065,412307692,412307692,https://www.bundesanzeiger.de/pub/de/suche;wwwsid=627BFD7A56A5CB624C47FDDEAB2FC509.web07-pub?0,https://www.bundesanzeiger.de/pub/de/suche;wwwsid=627BFD7A56A5CB624C47FDDEAB2FC509.web07-pub?0,1620590874,16:07:54,20210509
104,1995-03-31,CVS.DE,USD,1995-03-31,1995-03-31,Q1,2492000000,1687300000.0,804700000.0,0.3229133226324238,0.0,781000000.0,0.0,0.0,839900000.0,2527200000.0,0.0,58900000.0,23700000,0.009510433386837882,-35200000.0,-0.014125200642054575,0.0,-46000000.0,-0.018459069020866775,-19600000.0,-26400000.0,-0.01059390048154093,-0.075,-0.075,410666667,410666667,https://www.bundesanzeiger.de/pub/de/suche;wwwsid=627BFD7A56A5CB624C47FDDEAB2FC509.web07-pub?0,https://www.bundesanzeiger.de/pub/de/suche;wwwsid=627BFD7A56A5CB624C47FDDEAB2FC509.web07-pub?0,1620590874,16:07:54,20210509
105,1994-12-31,CVS.DE,USD,1994-12-31,1994-12-31,Q4,3661300000,2298500000.0,1362800000.0,0.3722175183677929,0.0,902200000.0,0.0,0.0,951100000.0,3249600000.0,0.0,48900000.0,460600000,0.1258023106546855,411700000.0,0.11244639882009122,700000.0,378900000.0,0.10348783219075192,166200000.0,212700000.0,0.05809411957501434,0.16236641221374046,0.16236641221374046,1310000000,1310000000,https://www.bundesanzeiger.de/pub/de/suche;wwwsid=627BFD7A56A5CB624C47FDDEAB2FC509.web07-pub?0,https://www.bundesanzeiger.de/pub/de/suche;wwwsid=627BFD7A56A5CB624C47FDDEAB2FC509.web07-pub?0,1620590874,16:07:54,20210509
106,1994-09-30,CVS.DE,USD,1994-09-30,1994-09-30,Q3,2737000000,1770200000.0,966800000.0,0.35323346729996347,0.0,809700000.0,0.0,0.0,863600000.0,2633800000.0,0.0,53900000.0,157100000,0.05739861161856047,103200000.0,0.037705516989404456,500000.0,80400000.0,0.029375228352210448,28700000.0,51700000.0,0.018889294848374132,0.115,0.115,412173913,412173913,https://www.bundesanzeiger.de/pub/de/suche;wwwsid=627BFD7A56A5CB624C47FDDEAB2FC509.web07-pub?0,https://www.bundesanzeiger.de/pub/de/suche;wwwsid=627BFD7A56A5CB624C47FDDEAB2FC509.web07-pub?0,1620590874,16:07:54,20210509
107,1994-06-30,CVS.DE,USD,1994-06-30,1994-06-30,Q2,2507500000,1605200000.0,902300000.0,0.35984047856430706,0.0,761100000.0,0.0,0.0,813300000.0,2418500000.0,0.0,52200000.0,141200000,0.0563110667996012,89000000.0,0.035493519441674976,200000.0,68600000.0,0.027357926221335992,23000000.0,45600000.0,0.01818544366899302,0.1,0.1,413000000,413000000,https://www.bundesanzeiger.de/pub/de/suche;wwwsid=627BFD7A56A5CB624C47FDDEAB2FC509.web07-pub?0,https://www.bundesanzeiger.de/pub/de/suche;wwwsid=627BFD7A56A5CB624C47FDDEAB2FC509.web07-pub?0,1620590874,16:07:54,20210509
108,1994-03-31,CVS.DE,USD,1994-03-31,1994-03-31,Q1,2379800000,1581300000.0,798500000.0,0.3355323976804773,0.0,739100000.0,0.0,0.0,790400000.0,2371700000.0,0.0,51300000.0,59400000,0.02496008067904866,8100000.0,0.0034036473653248174,200000.0,-1600000.0,-0.0006723254054962601,900000.0,-2500000.0,-0.0010505084460879065,-0.015,-0.015,446666667,446666667,https://www.bundesanzeiger.de/pub/de/suche;wwwsid=627BFD7A56A5CB624C47FDDEAB2FC509.web07-pub?0,https://www.bundesanzeiger.de/pub/de/suche;wwwsid=627BFD7A56A5CB624C47FDDEAB2FC509.web07-pub?0,1620590874,16:07:54,20210509
109,1993-12-31,CVS.DE,USD,1993-12-31,1993-12-31,Q4,3509600000,2213400000.0,1296200000.0,0.36932983815819465,0.0,832400000.0,0.0,0.0,877600000.0,3091000000.0,0.0,45200000.0,463800000,0.13215181217232733,418600000.0,0.11927285160702074,1600000.0,391200000.0,0.1114656940961933,153700000.0,237500000.0,0.0676715295190335,0.18129770992366412,0.18129770992366412,1310000000,1310000000,https://www.bundesanzeiger.de/pub/de/suche;wwwsid=627BFD7A56A5CB624C47FDDEAB2FC509.web07-pub?0,https://www.bundesanzeiger.de/pub/de/suche;wwwsid=627BFD7A56A5CB624C47FDDEAB2FC509.web07-pub?0,1620590874,16:07:54,20210509
110,1993-09-30,CVS.DE,USD,1993-09-30,1993-09-30,Q3,2355400000,1502200000.0,853200000.0,0.36223146811581897,0.0,717500000.0,0.0,0.0,765100000.0,2267300000.0,0.0,47500000.0,135600000,0.057569839517704,88100000.0,0.03740341343296255,200000.0,68700000.0,0.029167020463615523,27200000.0,41500000.0,0.017619088052984632,0.09,0.09,417777778,417777778,https://www.bundesanzeiger.de/pub/de/suche;wwwsid=627BFD7A56A5CB624C47FDDEAB2FC509.web07-pub?0,https://www.bundesanzeiger.de/pub/de/suche;wwwsid=627BFD7A56A5CB624C47FDDEAB2FC509.web07-pub?0,1620590874,16:07:54,20210509
111,1993-06-30,CVS.DE,USD,1993-06-30,1993-06-30,Q2,2537400000,1610600000.0,926800000.0,0.3652557736265469,0.0,731000000.0,0.0,0.0,780600000.0,2391200000.0,0.0,49600000.0,195800000,0.07716560258532355,146200000.0,0.05761803420824466,0.0,126700000.0,0.04993300228580436,52200000.0,74500000.0,0.029360762985733427,0.17,0.17,415294118,415294118,https://www.bundesanzeiger.de/pub/de/suche;wwwsid=627BFD7A56A5CB624C47FDDEAB2FC509.web07-pub?0,https://www.bundesanzeiger.de/pub/de/suche;wwwsid=627BFD7A56A5CB624C47FDDEAB2FC509.web07-pub?0,1620590874,16:07:54,20210509
112,1993-03-31,CVS.DE,USD,1993-03-31,1993-03-31,Q1,2033000000,1338300000.0,694700000.0,0.34171175602557796,0.0,675200000.0,0.0,0.0,724500000.0,2062800000.0,0.0,49300000.0,19500000,0.009591736350221348,-29800000.0,-0.014658140678799803,200000.0,-34300000.0,-0.01687161829808165,-12600000.0,-21700000.0,-0.010673880964092474,-0.06,-0.06,426666667,426666667,https://www.bundesanzeiger.de/pub/de/suche;wwwsid=627BFD7A56A5CB624C47FDDEAB2FC509.web07-pub?0,https://www.bundesanzeiger.de/pub/de/suche;wwwsid=627BFD7A56A5CB624C47FDDEAB2FC509.web07-pub?0,1620590874,16:07:54,20210509
113,1992-12-31,CVS.DE,USD,1992-12-31,1992-12-31,Q4,3487800000,2157000000.0,1330800000.0,0.38155857560639944,0.0,1146500000.0,0.0,0.0,1229200000.0,3386200000.0,0.0,82700000.0,184300000,0.052841332645220486,101600000.0,0.029130110671483456,300000.0,72700000.0,0.020844085096622514,37900000.0,12200000.0,0.0034979069900797064,0.009312977099236642,0.009312977099236642,1310000000,1310000000,https://www.bundesanzeiger.de/pub/de/suche;wwwsid=627BFD7A56A5CB624C47FDDEAB2FC509.web07-pub?0,https://www.bundesanzeiger.de/pub/de/suche;wwwsid=627BFD7A56A5CB624C47FDDEAB2FC509.web07-pub?0,1620590874,16:07:54,20210509
114,1992-09-30,CVS.DE,USD,1992-09-30,1992-09-30,Q3,2390600000,1498200000.0,892400000.0,0.3732954070107923,0.0,738000000.0,0.0,0.0,777700000.0,2275900000.0,0.0,39700000.0,154400000,0.06458629632728186,114700000.0,0.04797958671463231,200000.0,93900000.0,0.03927884213168242,37800000.0,56100000.0,0.02346691207228311,0.125,0.125,416800000,416800000,https://www.bundesanzeiger.de/pub/de/suche;wwwsid=627BFD7A56A5CB624C47FDDEAB2FC509.web07-pub?0,https://www.bundesanzeiger.de/pub/de/suche;wwwsid=627BFD7A56A5CB624C47FDDEAB2FC509.web07-pub?0,1620590874,16:07:54,20210509
115,1992-06-30,CVS.DE,USD,1992-06-30,1992-06-30,Q2,2495100000,1546100000.0,949000000.0,0.38034547713518496,0.0,755600000.0,0.0,0.0,794800000.0,2340900000.0,0.0,39300000.0,193500000,0.0775520019237706,154200000.0,0.061801130215221836,200000.0,132300000.0,0.05302392689671757,54400000.0,77900000.0,0.0312211935393371,0.18,0.18,410555556,410555556,https://www.bundesanzeiger.de/pub/de/suche;wwwsid=627BFD7A56A5CB624C47FDDEAB2FC509.web07-pub?0,https://www.bundesanzeiger.de/pub/de/suche;wwwsid=627BFD7A56A5CB624C47FDDEAB2FC509.web07-pub?0,1620590874,16:07:54,20210509
116,1992-03-31,CVS.DE,USD,1992-03-31,1992-03-31,Q1,2059400000,1327800000.0,731600000.0,0.355249101680101,0.0,701700000.0,0.0,0.0,741000000.0,2068800000.0,0.0,39300000.0,29900000,0.014518791881130427,-9400000.0,-0.004564436243566087,600000.0,-17300000.0,-0.008400505001456735,-4500000.0,-12800000.0,-0.006215402544430417,-0.04,-0.04,420000000,420000000,https://www.bundesanzeiger.de/pub/de/suche;wwwsid=627BFD7A56A5CB624C47FDDEAB2FC509.web07-pub?0,https://www.bundesanzeiger.de/pub/de/suche;wwwsid=627BFD7A56A5CB624C47FDDEAB2FC509.web07-pub?0,1620590874,16:07:54,20210509
117,1991-12-31,CVS.DE,USD,1991-12-31,1991-12-31,Q4,3254700000,1978800000.0,1275900000.0,0.39201769748363907,0.0,808000000.0,0.0,0.0,843000000.0,2821800000.0,0.0,35000000.0,467900000,0.14376132976925676,432900000.0,0.13300765047469812,0.0,413700000.0,0.1271084892616831,180000000.0,233700000.0,0.07180385288966724,0.1783969465648855,0.1783969465648855,1310000000,1310000000,https://www.bundesanzeiger.de/pub/de/suche;wwwsid=627BFD7A56A5CB624C47FDDEAB2FC509.web07-pub?0,https://www.bundesanzeiger.de/pub/de/suche;wwwsid=627BFD7A56A5CB624C47FDDEAB2FC509.web07-pub?0,1620590874,16:07:54,20210509
118,1991-09-30,CVS.DE,USD,1991-09-30,1991-09-30,Q3,2316100000,1451600000.0,864500000.0,0.37325676784249384,0.0,717700000.0,0.0,0.0,752500000.0,2204100000.0,0.0,34800000.0,146800000,0.0633824100859203,112000000.0,0.048357152109149,-4300000.0,87600000.0,0.037822201113941536,32000000.0,55600000.0,0.02400587193989897,0.125,0.125,444800000,444800000,https://www.bundesanzeiger.de/pub/de/suche;wwwsid=627BFD7A56A5CB624C47FDDEAB2FC509.web07-pub?0,https://www.bundesanzeiger.de/pub/de/suche;wwwsid=627BFD7A56A5CB624C47FDDEAB2FC509.web07-pub?0,1620590874,16:07:54,20210509
119,1991-06-30,CVS.DE,USD,1991-06-30,1991-06-30,Q2,2268900000,1397400000.0,871500000.0,0.38410683591167527,0.0,720300000.0,0.0,0.0,754800000.0,2152200000.0,0.0,34500000.0,151200000,0.06664022213407378,116700000.0,0.05143461589316409,-2900000.0,91800000.0,0.04046013486711622,32000000.0,59800000.0,0.02635638415091013,0.135,0.135,442962963,442962963,https://www.bundesanzeiger.de/pub/de/suche;wwwsid=627BFD7A56A5CB624C47FDDEAB2FC509.web07-pub?0,https://www.bundesanzeiger.de/pub/de/suche;wwwsid=627BFD7A56A5CB624C47FDDEAB2FC509.web07-pub?0,1620590874,16:07:54,20210509
120,1991-03-31,CVS.DE,USD,1991-03-31,1991-03-31,Q1,2046400000,1336000000.0,710400000.0,0.34714620797498047,0.0,668200000.0,0.0,0.0,702400000.0,2038400000.0,0.0,34200000.0,42200000,0.02062157935887412,8000000.0,0.003909304143862392,-3300000.0,-3500000.0,-0.0017103205629397968,-1100000.0,-2400000.0,-0.0011727912431587178,-0.015,-0.015,411636000,411636000,https://www.bundesanzeiger.de/pub/de/suche;wwwsid=627BFD7A56A5CB624C47FDDEAB2FC509.web07-pub?0,https://www.bundesanzeiger.de/pub/de/suche;wwwsid=627BFD7A56A5CB624C47FDDEAB2FC509.web07-pub?0,1620590874,16:07:54,20210509
121,1990-12-31,CVS.DE,USD,1990-12-31,1990-12-31,Q4,3096700000,1887800000.0,1208900000.0,0.39038331126683246,0.0,787700000.0,0.0,0.0,818300000.0,2706100000.0,0.0,30600000.0,421200000,0.13601575871088578,390600000.0,0.12613427196693255,-3000000.0,358000000.0,0.11560693641618497,123000000.0,235000000.0,0.07588723479833372,0.17938931297709923,0.17938931297709923,1310000000,1310000000,https://www.bundesanzeiger.de/pub/de/suche;wwwsid=627BFD7A56A5CB624C47FDDEAB2FC509.web07-pub?0,https://www.bundesanzeiger.de/pub/de/suche;wwwsid=627BFD7A56A5CB624C47FDDEAB2FC509.web07-pub?0,1620590874,16:07:54,20210509
122,1990-09-30,CVS.DE,USD,1990-09-30,1990-09-30,Q3,2023000000,1270800000.0,752200000.0,0.3718240237271379,0.0,606000000.0,0.0,0.0,634600000.0,1905400000.0,0.0,28600000.0,146200000,0.07226890756302522,117600000.0,0.05813148788927336,-2400000.0,98500000.0,0.04869006426099852,34200000.0,64300000.0,0.03178447849728126,0.15,0.15,428666667,428666667,https://www.bundesanzeiger.de/pub/de/suche;wwwsid=627BFD7A56A5CB624C47FDDEAB2FC509.web07-pub?0,https://www.bundesanzeiger.de/pub/de/suche;wwwsid=627BFD7A56A5CB624C47FDDEAB2FC509.web07-pub?0,1620590874,16:07:54,20210509
123,1990-06-30,CVS.DE,USD,1990-06-30,1990-06-30,Q2,1949200000,1186800000.0,762400000.0,0.3911348245434024,0.0,594900000.0,0.0,0.0,622800000.0,1809600000.0,0.0,27800000.0,167400000,0.08588138723578904,139600000.0,0.07161912579519802,-2100000.0,119300000.0,0.06120459675764416,41000000.0,78300000.0,0.04017032628770778,0.18,0.18,435000000,435000000,https://www.bundesanzeiger.de/pub/de/suche;wwwsid=627BFD7A56A5CB624C47FDDEAB2FC509.web07-pub?0,https://www.bundesanzeiger.de/pub/de/suche;wwwsid=627BFD7A56A5CB624C47FDDEAB2FC509.web07-pub?0,1620590874,16:07:54,20210509
124,1990-03-31,CVS.DE,USD,1990-03-31,1990-03-31,Q1,1617800000,1027100000.0,590700000.0,0.3651254790456175,0.0,547300000.0,0.0,0.0,574700000.0,1601800000.0,0.0,27400000.0,43400000,0.02682655458029423,16000000.0,0.009889974038818148,-1200000.0,11500000.0,0.007108418840400544,3700000.0,7800000.0,0.004821362343923847,0.01,0.01,411316000,411316000,https://www.bundesanzeiger.de/pub/de/suche;wwwsid=627BFD7A56A5CB624C47FDDEAB2FC509.web07-pub?0,https://www.bundesanzeiger.de/pub/de/suche;wwwsid=627BFD7A56A5CB624C47FDDEAB2FC509.web07-pub?0,1620590874,16:07:54,20210509
125,1989-12-31,CVS.DE,USD,1989-12-31,1989-12-31,Q4,2519000000,1461600000.0,1057400000.0,0.4197697499007543,0.0,644900000.0,0.0,0.0,670600000.0,2132200000.0,0.0,25700000.0,412500000,0.16375545851528384,386800000.0,0.15355299722111948,-2100000.0,363200000.0,0.14418420007939659,125100000.0,238100000.0,0.0945216355696705,0.18175572519083968,0.18175572519083968,1310000000,1310000000,https://www.bundesanzeiger.de/pub/de/suche;wwwsid=627BFD7A56A5CB624C47FDDEAB2FC509.web07-pub?0,https://www.bundesanzeiger.de/pub/de/suche;wwwsid=627BFD7A56A5CB624C47FDDEAB2FC509.web07-pub?0,1620590874,16:07:54,20210509
126,1989-09-30,CVS.DE,USD,1989-09-30,1989-09-30,Q3,1830700000,1126400000.0,704300000.0,0.3847162287649533,0.0,555200000.0,0.0,0.0,579800000.0,1706200000.0,0.0,24600000.0,149100000,0.08144425629540612,124500000.0,0.06800677336537936,-2000000.0,113000000.0,0.0617250232151636,38900000.0,74100000.0,0.040476320533129405,0.155,0.155,478064516,478064516,https://www.bundesanzeiger.de/pub/de/suche;wwwsid=627BFD7A56A5CB624C47FDDEAB2FC509.web07-pub?0,https://www.bundesanzeiger.de/pub/de/suche;wwwsid=627BFD7A56A5CB624C47FDDEAB2FC509.web07-pub?0,1620590874,16:07:54,20210509
127,1989-06-30,CVS.DE,USD,1989-06-30,1989-06-30,Q2,1675300000,1016800000.0,658500000.0,0.39306392884856445,0.0,527700000.0,0.0,0.0,551300000.0,1568100000.0,0.0,23600000.0,130800000,0.07807556855488569,107200000.0,0.06398853936608369,-2100000.0,93100000.0,0.05557213633379096,31500000.0,61600000.0,0.036769533814839134,0.14,0.14,440000000,440000000,https://www.bundesanzeiger.de/pub/de/suche;wwwsid=627BFD7A56A5CB624C47FDDEAB2FC509.web07-pub?0,https://www.bundesanzeiger.de/pub/de/suche;wwwsid=627BFD7A56A5CB624C47FDDEAB2FC509.web07-pub?0,1620590874,16:07:54,20210509
128,1989-03-31,CVS.DE,USD,1989-03-31,1989-03-31,Q1,1529100000,959300000.0,569800000.0,0.37263749918252564,0.0,503500000.0,0.0,0.0,527400000.0,1486700000.0,0.0,23900000.0,66300000,0.04335883853247008,42400000.0,0.02772872931789942,-1200000.0,36700000.0,0.02400104636714407,12500000.0,24200000.0,0.0158263030540841,0.055,0.055,440000000,440000000,https://www.bundesanzeiger.de/pub/de/suche;wwwsid=627BFD7A56A5CB624C47FDDEAB2FC509.web07-pub?0,https://www.bundesanzeiger.de/pub/de/suche;wwwsid=627BFD7A56A5CB624C47FDDEAB2FC509.web07-pub?0,1620590874,16:07:54,20210509
129,1988-12-31,CVS.DE,USD,1988-12-31,1988-12-31,Q4,2291400000,0.0,0.0,0.0,0.0,0.0,0.0,0.0,0.0,0.0,0.0,0.0,-3899400000,-1.7017543859649122,-3899400000.0,-1.7017543859649122,0.0,0.0,0.0,0.0,0.0,0.0,0.0,0.0,1310000000,1310000000,https://www.bundesanzeiger.de/pub/de/suche;wwwsid=627BFD7A56A5CB624C47FDDEAB2FC509.web07-pub?0,https://www.bundesanzeiger.de/pub/de/suche;wwwsid=627BFD7A56A5CB624C47FDDEAB2FC509.web07-pub?0,1620590874,16:07:54,20210509
130,1988-09-30,CVS.DE,USD,1988-09-30,1988-09-30,Q3,1624600000,0.0,0.0,0.0,0.0,0.0,0.0,0.0,0.0,0.0,0.0,0.0,1624600000,1.0,1624600000.0,1.0,0.0,0.0,0.0,0.0,0.0,0.0,0.155,0.155,434936000,434936000,https://www.bundesanzeiger.de/pub/de/suche;wwwsid=627BFD7A56A5CB624C47FDDEAB2FC509.web07-pub?0,https://www.bundesanzeiger.de/pub/de/suche;wwwsid=627BFD7A56A5CB624C47FDDEAB2FC509.web07-pub?0,1620590874,16:07:54,20210509
131,1988-06-30,CVS.DE,USD,1988-06-30,1988-06-30,Q2,1470200000,0.0,0.0,0.0,0.0,0.0,0.0,0.0,0.0,0.0,0.0,0.0,1470200000,1.0,1470200000.0,1.0,0.0,0.0,0.0,0.0,0.0,0.0,0.14,0.14,434936000,434936000,https://www.bundesanzeiger.de/pub/de/suche;wwwsid=627BFD7A56A5CB624C47FDDEAB2FC509.web07-pub?0,https://www.bundesanzeiger.de/pub/de/suche;wwwsid=627BFD7A56A5CB624C47FDDEAB2FC509.web07-pub?0,1620590874,16:07:54,20210509
132,1988-03-31,CVS.DE,USD,1988-03-31,1988-03-31,Q1,1394200000,0.0,0.0,0.0,0.0,0.0,0.0,0.0,0.0,0.0,0.0,0.0,1394200000,1.0,1394200000.0,1.0,0.0,0.0,0.0,0.0,0.0,0.0,0.055,0.055,434720000,434720000,https://www.bundesanzeiger.de/pub/de/suche;wwwsid=627BFD7A56A5CB624C47FDDEAB2FC509.web07-pub?0,https://www.bundesanzeiger.de/pub/de/suche;wwwsid=627BFD7A56A5CB624C47FDDEAB2FC509.web07-pub?0,1620590874,16:07:54,20210509
133,1987-12-31,CVS.DE,USD,1987-12-31,1987-12-31,Q4,2014500000,0.0,0.0,0.0,0.0,0.0,0.0,0.0,0.0,0.0,0.0,0.0,-3392200000,-1.6838917845619261,-3392200000.0,-1.6838917845619261,0.0,0.0,0.0,0.0,0.0,0.0,0.0,0.0,1310000000,1310000000,https://www.bundesanzeiger.de/pub/de/suche;wwwsid=627BFD7A56A5CB624C47FDDEAB2FC509.web07-pub?0,https://www.bundesanzeiger.de/pub/de/suche;wwwsid=627BFD7A56A5CB624C47FDDEAB2FC509.web07-pub?0,1620590874,16:07:54,20210509
134,1987-09-30,CVS.DE,USD,1987-09-30,1987-09-30,Q3,1392900000,0.0,0.0,0.0,0.0,0.0,0.0,0.0,0.0,0.0,0.0,0.0,1392900000,1.0,1392900000.0,1.0,0.0,0.0,0.0,0.0,0.0,0.0,0.12,0.12,434720000,434720000,https://www.bundesanzeiger.de/pub/de/suche;wwwsid=627BFD7A56A5CB624C47FDDEAB2FC509.web07-pub?0,https://www.bundesanzeiger.de/pub/de/suche;wwwsid=627BFD7A56A5CB624C47FDDEAB2FC509.web07-pub?0,1620590874,16:07:54,20210509
135,1987-06-30,CVS.DE,USD,1987-06-30,1987-06-30,Q2,1449000000,0.0,0.0,0.0,0.0,0.0,0.0,0.0,0.0,0.0,0.0,0.0,1449000000,1.0,1449000000.0,1.0,0.0,0.0,0.0,0.0,0.0,0.0,0.15,0.15,434480000,434480000,https://www.bundesanzeiger.de/pub/de/suche;wwwsid=627BFD7A56A5CB624C47FDDEAB2FC509.web07-pub?0,https://www.bundesanzeiger.de/pub/de/suche;wwwsid=627BFD7A56A5CB624C47FDDEAB2FC509.web07-pub?0,1620590874,16:07:54,20210509
136,1987-03-31,CVS.DE,USD,1987-03-31,1987-03-31,Q1,1073900000,0.0,0.0,0.0,0.0,0.0,0.0,0.0,0.0,0.0,0.0,0.0,1073900000,1.0,1073900000.0,1.0,0.0,0.0,0.0,0.0,0.0,0.0,0.02,0.02,433808000,433808000,https://www.bundesanzeiger.de/pub/de/suche;wwwsid=627BFD7A56A5CB624C47FDDEAB2FC509.web07-pub?0,https://www.bundesanzeiger.de/pub/de/suche;wwwsid=627BFD7A56A5CB624C47FDDEAB2FC509.web07-pub?0,1620590874,16:07:54,20210509
137,1986-12-31,CVS.DE,USD,1986-12-31,1986-12-31,Q4,1729900000,0.0,0.0,0.0,0.0,0.0,0.0,0.0,0.0,0.0,0.0,0.0,-3049000000,-1.7625296259899417,-3049000000.0,-1.7625296259899417,0.0,0.0,0.0,0.0,0.0,0.0,0.0,0.0,1310000000,1310000000,https://www.bundesanzeiger.de/pub/de/suche;wwwsid=627BFD7A56A5CB624C47FDDEAB2FC509.web07-pub?0,https://www.bundesanzeiger.de/pub/de/suche;wwwsid=627BFD7A56A5CB624C47FDDEAB2FC509.web07-pub?0,1620590874,16:07:54,20210509
138,1986-09-30,CVS.DE,USD,1986-09-30,1986-09-30,Q3,1259700000,0.0,0.0,0.0,0.0,0.0,0.0,0.0,0.0,0.0,0.0,0.0,1259700000,1.0,1259700000.0,1.0,0.0,0.0,0.0,0.0,0.0,0.0,0.11,0.11,433144000,433144000,https://www.bundesanzeiger.de/pub/de/suche;wwwsid=627BFD7A56A5CB624C47FDDEAB2FC509.web07-pub?0,https://www.bundesanzeiger.de/pub/de/suche;wwwsid=627BFD7A56A5CB624C47FDDEAB2FC509.web07-pub?0,1620590874,16:07:54,20210509
139,1986-06-30,CVS.DE,USD,1986-06-30,1986-06-30,Q2,1244700000,0.0,0.0,0.0,0.0,0.0,0.0,0.0,0.0,0.0,0.0,0.0,1244700000,1.0,1244700000.0,1.0,0.0,0.0,0.0,0.0,0.0,0.0,0.11,0.11,433144000,433144000,https://www.bundesanzeiger.de/pub/de/suche;wwwsid=627BFD7A56A5CB624C47FDDEAB2FC509.web07-pub?0,https://www.bundesanzeiger.de/pub/de/suche;wwwsid=627BFD7A56A5CB624C47FDDEAB2FC509.web07-pub?0,1620590874,16:07:54,20210509
140,1986-03-31,CVS.DE,USD,1986-03-31,1986-03-31,Q1,1028000000,0.0,0.0,0.0,0.0,0.0,0.0,0.0,0.0,0.0,0.0,0.0,1028000000,1.0,1028000000.0,1.0,0.0,0.0,0.0,0.0,0.0,0.0,0.025,0.025,432200000,432200000,https://www.bundesanzeiger.de/pub/de/suche;wwwsid=627BFD7A56A5CB624C47FDDEAB2FC509.web07-pub?0,https://www.bundesanzeiger.de/pub/de/suche;wwwsid=627BFD7A56A5CB624C47FDDEAB2FC509.web07-pub?0,1620590874,16:07:54,20210509
141,1985-12-31,CVS.DE,USD,1985-12-31,1985-12-31,Q4,1589000000,0.0,0.0,0.0,0.0,0.0,0.0,0.0,0.0,0.0,0.0,0.0,-2736900000,-1.7224040276903714,-2736900000.0,-1.7224040276903714,0.0,0.0,0.0,0.0,0.0,0.0,0.0,0.0,1310000000,1310000000,https://www.bundesanzeiger.de/pub/de/suche;wwwsid=627BFD7A56A5CB624C47FDDEAB2FC509.web07-pub?0,https://www.bundesanzeiger.de/pub/de/suche;wwwsid=627BFD7A56A5CB624C47FDDEAB2FC509.web07-pub?0,1620590874,16:07:54,20210509
142,1985-09-30,CVS.DE,USD,1985-09-30,1985-09-30,Q3,1140300000,0.0,0.0,0.0,0.0,0.0,0.0,0.0,0.0,0.0,0.0,0.0,1140300000,1.0,1140300000.0,1.0,0.0,0.0,0.0,0.0,0.0,0.0,0.1,0.1,431976000,431976000,https://www.bundesanzeiger.de/pub/de/suche;wwwsid=627BFD7A56A5CB624C47FDDEAB2FC509.web07-pub?0,https://www.bundesanzeiger.de/pub/de/suche;wwwsid=627BFD7A56A5CB624C47FDDEAB2FC509.web07-pub?0,1620590874,16:07:54,20210509
