,date,symbol,reportedCurrency,fillingDate,acceptedDate,period,revenue,costOfRevenue,grossProfit,grossProfitRatio,researchAndDevelopmentExpenses,generalAndAdministrativeExpenses,sellingAndMarketingExpenses,otherExpenses,operatingExpenses,costAndExpenses,interestExpense,depreciationAndAmortization,ebitda,ebitdaratio,operatingIncome,operatingIncomeRatio,totalOtherIncomeExpensesNet,incomeBeforeTax,incomeBeforeTaxRatio,incomeTaxExpense,netIncome,netIncomeRatio,eps,epsdiluted,weightedAverageShsOut,weightedAverageShsOutDil,link,finalLink,timestamp,est_time,est_date
0,2020-12-31,IFA.TO,CAD,2020-12-31,2020-12-31,Q4,7520901.0,4616666.0,2904235.0,0.3861551960330285,0.0,1103439.0,0.0,0.0,1059799.0,5676465.0,14245.0,20990.0,1865426.0,0.24803225039127627,1844436.0,0.24524136137412259,136510.0,1966701.0,0.2614980572141556,358438.0,1602282.0,0.2130438892893285,0.06,0.058,26493141.0,27594210.0,https://www.sedar.com/ModifyCompanyDocumentSearchForm.do?lang=EN&company_search=iFabric Corp&document_selection=0&industry_group=A&FromDate=13&FromMonth=05&FromYear=2000&ToDate=13&ToMonth=11&ToYear=2020&Variable=Issuer,https://www.sedar.com/ModifyCompanyDocumentSearchForm.do?lang=EN&company_search=iFabric Corp&document_selection=0&industry_group=A&FromDate=13&FromMonth=05&FromYear=2000&ToDate=13&ToMonth=11&ToYear=2020&Variable=Issuer,1620593462,16:51:02,20210509
1,2020-09-30,IFA.TO,CAD,2020-09-30,2020-09-30,Q3,3458280.0,2045868.0,1412412.0,0.40841458759845933,0.0,573098.0,0.0,0.0,1092466.0,3138334.0,7919.0,21966.0,341912.0,0.09886764518778121,319946.0,0.09251593277583076,76158.0,388185.0,0.112247996113675,45290.0,357091.0,0.10325682131001539,0.013581622244146748,0.013581622244146748,26292220.0,26292220.0,,,1620593462,16:51:02,20210509
2,2020-06-30,IFA.TO,CAD,2020-06-30,2020-06-30,Q2,3214465.0,2259767.0,954698.0,0.2970005895226733,0.0,1519023.0,0.0,0.0,1547694.0,3807461.0,10728.0,21966.0,-571030.0,-0.1776438691975181,-592996.0,-0.18447735470754853,-31135.0,-634859.0,-0.19750067274025382,-90465.0,-546926.0,-0.17014526523076157,-0.02080181894111642,-0.01983837840410245,26292220.0,27569088.0,https://www.sedar.com/ModifyCompanyDocumentSearchForm.do?lang=EN&company_search=iFabric Corp&document_selection=0&industry_group=A&FromDate=13&FromMonth=05&FromYear=2000&ToDate=13&ToMonth=11&ToYear=2020&Variable=Issuer,https://www.sedar.com/ModifyCompanyDocumentSearchForm.do?lang=EN&company_search=iFabric Corp&document_selection=0&industry_group=A&FromDate=13&FromMonth=05&FromYear=2000&ToDate=13&ToMonth=11&ToYear=2020&Variable=Issuer,1620593462,16:51:02,20210509
3,2020-03-31,IFA.TO,CAD,2020-03-31,2020-03-31,Q1,2252090.0,1410467.0,841623.0,0.3737075338907415,0.0,1287171.0,0.0,0.0,1315843.0,2726310.0,11881.0,21967.0,-452253.0,-0.2008147986980982,-474220.0,-0.21056884937990933,-48416.0,-534517.0,-0.23734264616422968,-55081.0,-481746.0,-0.21391063412208217,-0.018380587191667144,-0.017921217487786408,26209500.0,26881321.0,https://www.sedar.com/ModifyCompanyDocumentSearchForm.do?lang=EN&company_search=iFabric Corp&document_selection=0&industry_group=A&FromDate=13&FromMonth=05&FromYear=2000&ToDate=13&ToMonth=11&ToYear=2020&Variable=Issuer,https://www.sedar.com/ModifyCompanyDocumentSearchForm.do?lang=EN&company_search=iFabric Corp&document_selection=0&industry_group=A&FromDate=13&FromMonth=05&FromYear=2000&ToDate=13&ToMonth=11&ToYear=2020&Variable=Issuer,1620593462,16:51:02,20210509
4,2019-12-31,IFA.TO,CAD,2019-12-31,2019-12-31,Q4,2596841.0,1504622.0,1092219.0,0.4205952540028442,0.0,1212426.0,0.0,0.0,1241097.0,2745719.0,12218.0,21966.0,-126912.0,-0.04887168679175968,-148878.0,-0.05733042569799229,232888.0,71792.0,0.02764589745771882,15568.0,53810.0,0.02072133026242269,0.0020530723592590474,0.0020153488609702167,26209500.0,26700092.0,https://www.sedar.com/ModifyCompanyDocumentSearchForm.do?lang=EN&company_search=iFabric Corp&document_selection=0&industry_group=A&FromDate=13&FromMonth=05&FromYear=2000&ToDate=13&ToMonth=11&ToYear=2020&Variable=Issuer,https://www.sedar.com/ModifyCompanyDocumentSearchForm.do?lang=EN&company_search=iFabric Corp&document_selection=0&industry_group=A&FromDate=13&FromMonth=05&FromYear=2000&ToDate=13&ToMonth=11&ToYear=2020&Variable=Issuer,1620593462,16:51:02,20210509
5,2019-09-30,IFA.TO,CAD,2019-09-30,2019-09-30,Q3,3175167.0,1765608.0,1409559.0,0.4439322404144412,0.0,-265107.0,0.0,0.0,1223182.0,2988790.0,11630.0,15032.0,201409.0,0.06343256905857235,186377.0,0.05869832988312111,158976.0,333723.0,0.10510407799022854,39777.0,285866.0,0.09003179990217837,0.01087264597664252,0.01087264597664252,26292220.0,26292220.0,https://www.sedar.com/ModifyCompanyDocumentSearchForm.do?lang=EN&company_search=iFabric Corp&document_selection=0&industry_group=A&FromDate=13&FromMonth=05&FromYear=2000&ToDate=13&ToMonth=11&ToYear=2020&Variable=Issuer,https://www.sedar.com/ModifyCompanyDocumentSearchForm.do?lang=EN&company_search=iFabric Corp&document_selection=0&industry_group=A&FromDate=13&FromMonth=05&FromYear=2000&ToDate=13&ToMonth=11&ToYear=2020&Variable=Issuer,1620593462,16:51:02,20210509
6,2019-06-30,IFA.TO,CAD,2019-06-30,2019-06-30,Q2,2284507.0,1762789.0,521718.0,0.22837224836693432,0.0,1224986.0,0.0,0.0,1253271.0,3016060.0,11757.0,17314.0,-714239.0,-0.31264469752117197,-731553.0,-0.32022357558983183,-66735.0,-810045.0,-0.35458197326600444,-163226.0,-642120.0,-0.28107596080904984,-0.024499513535168545,-0.023894354000666983,26209500.0,26873294.0,https://www.sedar.com/ModifyCompanyDocumentSearchForm.do?lang=EN&company_search=iFabric Corp&document_selection=0&industry_group=A&FromDate=13&FromMonth=05&FromYear=2000&ToDate=13&ToMonth=11&ToYear=2020&Variable=Issuer,https://www.sedar.com/ModifyCompanyDocumentSearchForm.do?lang=EN&company_search=iFabric Corp&document_selection=0&industry_group=A&FromDate=13&FromMonth=05&FromYear=2000&ToDate=13&ToMonth=11&ToYear=2020&Variable=Issuer,1620593462,16:51:02,20210509
7,2019-03-31,IFA.TO,CAD,2019-03-31,2019-03-31,Q1,2503793.0,1568982.0,934811.0,0.373357941331412,0.0,1413897.0,0.0,0.0,1442118.0,3011100.0,11615.0,17251.0,-490056.0,-0.19572544535430844,-507307.0,-0.2026153919273678,4190.0,-514732.0,-0.2055808926696416,-127788.0,-386487.0,-0.15436060409147243,-0.014746065357980885,-0.01430560108846152,26209500.0,27016481.0,https://www.sedar.com/ModifyCompanyDocumentSearchForm.do?lang=EN&company_search=iFabric Corp&document_selection=0&industry_group=A&FromDate=13&FromMonth=05&FromYear=2000&ToDate=13&ToMonth=11&ToYear=2020&Variable=Issuer,https://www.sedar.com/ModifyCompanyDocumentSearchForm.do?lang=EN&company_search=iFabric Corp&document_selection=0&industry_group=A&FromDate=13&FromMonth=05&FromYear=2000&ToDate=13&ToMonth=11&ToYear=2020&Variable=Issuer,1620593462,16:51:02,20210509
8,2018-12-31,IFA.TO,CAD,2018-12-31,2018-12-31,Q4,2471881.0,1590273.0,881608.0,0.35665470951069245,0.0,1403611.0,0.0,0.0,1431793.0,3022066.0,12359.0,17211.0,-532974.0,-0.21561474844460554,-550185.0,-0.22257746226456696,-64610.0,-627154.0,-0.25371528807414273,-70291.0,-557122.0,-0.2253838271340732,-0.021256490967015776,-0.020597452641963564,26209500.0,27048102.0,https://www.sedar.com/ModifyCompanyDocumentSearchForm.do?lang=EN&company_search=iFabric Corp&document_selection=0&industry_group=A&FromDate=13&FromMonth=05&FromYear=2000&ToDate=13&ToMonth=11&ToYear=2020&Variable=Issuer,https://www.sedar.com/ModifyCompanyDocumentSearchForm.do?lang=EN&company_search=iFabric Corp&document_selection=0&industry_group=A&FromDate=13&FromMonth=05&FromYear=2000&ToDate=13&ToMonth=11&ToYear=2020&Variable=Issuer,1620593462,16:51:02,20210509
9,2018-09-30,IFA.TO,CAD,2018-09-30,2018-09-30,Q3,2491691.0,1609063.0,882628.0,0.3542285138887607,0.0,162927.0,0.0,0.0,1592368.0,3201431.0,16465.0,17688.0,-692052.0,-0.2777439096581398,-709740.0,-0.2848427032083834,197580.0,-528625.0,-0.21215511875268642,-306566.0,-221106.0,-0.08873732738128444,-0.008409559938263107,-0.008409559938263107,26292220.0,26292220.0,https://www.sedar.com/ModifyCompanyDocumentSearchForm.do?lang=EN&company_search=iFabric Corp&document_selection=0&industry_group=A&FromDate=13&FromMonth=05&FromYear=2000&ToDate=13&ToMonth=11&ToYear=2020&Variable=Issuer,https://www.sedar.com/ModifyCompanyDocumentSearchForm.do?lang=EN&company_search=iFabric Corp&document_selection=0&industry_group=A&FromDate=13&FromMonth=05&FromYear=2000&ToDate=13&ToMonth=11&ToYear=2020&Variable=Issuer,1620593462,16:51:02,20210509
10,2018-06-30,IFA.TO,CAD,2018-06-30,2018-06-30,Q2,3291659.0,1754938.0,1536720.0,0.466852732922821,0.0,1396106.0,0.0,0.0,1414191.0,3169129.0,8347.0,18085.0,140614.0,0.04271827671092297,122529.0,0.03722408669913864,-102948.0,11235.0,0.0034131725066296357,182935.0,-175707.0,-0.05337946609900965,-0.006711466306821118,-0.006434060066313951,26180121.0,27308884.0,https://www.sedar.com/ModifyCompanyDocumentSearchForm.do?lang=EN&company_search=iFabric Corp&document_selection=0&industry_group=A&FromDate=13&FromMonth=05&FromYear=2000&ToDate=13&ToMonth=11&ToYear=2020&Variable=Issuer,https://www.sedar.com/ModifyCompanyDocumentSearchForm.do?lang=EN&company_search=iFabric Corp&document_selection=0&industry_group=A&FromDate=13&FromMonth=05&FromYear=2000&ToDate=13&ToMonth=11&ToYear=2020&Variable=Issuer,1620593462,16:51:02,20210509
11,2018-03-31,IFA.TO,CAD,2018-03-31,2018-03-31,Q1,4201249.0,2104336.0,2096914.0,0.49911681026285276,0.0,1408597.0,0.0,0.0,1425145.0,3529481.0,15534.0,16548.0,688317.0,0.1638362782115509,671769.0,0.15989744954417126,-65648.0,590585.0,0.14057367225794043,220525.0,371076.0,0.08832516235052956,0.014181248226990469,0.013577177304852956,26166667.0,27330865.0,https://www.sedar.com/ModifyCompanyDocumentSearchForm.do?lang=EN&company_search=iFabric Corp&document_selection=0&industry_group=A&FromDate=13&FromMonth=05&FromYear=2000&ToDate=13&ToMonth=11&ToYear=2020&Variable=Issuer,https://www.sedar.com/ModifyCompanyDocumentSearchForm.do?lang=EN&company_search=iFabric Corp&document_selection=0&industry_group=A&FromDate=13&FromMonth=05&FromYear=2000&ToDate=13&ToMonth=11&ToYear=2020&Variable=Issuer,1620593462,16:51:02,20210509
12,2017-12-31,IFA.TO,CAD,2017-12-31,2017-12-31,Q4,5136771.0,2549577.0,2587194.0,0.5036615414625257,0.0,0.0,0.0,0.0,1333824.0,3883401.0,26039.0,16548.0,1269918.0,0.24722106552929846,1253370.0,0.24399958651066983,71561.0,1298892.0,0.2528615739342867,347937.0,950480.0,0.18503452850049185,0.036,0.035,26161000.0,27343621.0,https://www.sedar.com/ModifyCompanyDocumentSearchForm.do?lang=EN&company_search=iFabric Corp&document_selection=0&industry_group=A&FromDate=13&FromMonth=05&FromYear=2000&ToDate=13&ToMonth=11&ToYear=2020&Variable=Issuer,https://www.sedar.com/ModifyCompanyDocumentSearchForm.do?lang=EN&company_search=iFabric Corp&document_selection=0&industry_group=A&FromDate=13&FromMonth=05&FromYear=2000&ToDate=13&ToMonth=11&ToYear=2020&Variable=Issuer,1620593462,16:51:02,20210509
13,2017-09-30,IFA.TO,CAD,2017-09-30,2017-09-30,Q3,6610766.0,3809021.0,2801745.0,0.4238154852251615,0.0,0.0,0.0,0.0,1859630.0,5668651.0,23540.0,35052.0,977167.0,0.1478144892740115,942115.0,0.14251222929385188,409063.0,1327638.0,0.20082967692397521,367542.0,969911.0,0.14671688575877592,0.036889657853159605,0.036889657853159605,26292220.0,26292220.0,https://www.sedar.com/ModifyCompanyDocumentSearchForm.do?lang=EN&company_search=iFabric Corp&document_selection=0&industry_group=A&FromDate=13&FromMonth=05&FromYear=2000&ToDate=13&ToMonth=11&ToYear=2020&Variable=Issuer,https://www.sedar.com/ModifyCompanyDocumentSearchForm.do?lang=EN&company_search=iFabric Corp&document_selection=0&industry_group=A&FromDate=13&FromMonth=05&FromYear=2000&ToDate=13&ToMonth=11&ToYear=2020&Variable=Issuer,1620593462,16:51:02,20210509
14,2017-06-30,IFA.TO,CAD,2017-06-30,2017-06-30,Q2,4888400.0,2438651.0,2449749.0,0.5011351362408968,0.0,0.0,0.0,0.0,1426603.0,3865254.0,22879.0,10690.0,1033836.0,0.21148760330578512,1023146.0,0.2093007937157352,-488226.0,512041.0,0.10474613370427951,242887.0,264213.0,0.054048973079126095,0.010130200798919888,0.009744634177618975,26081714.0,27113691.0,https://www.sedar.com/ModifyCompanyDocumentSearchForm.do?lang=EN&company_search=iFabric Corp&document_selection=0&industry_group=A&FromDate=13&FromMonth=05&FromYear=2000&ToDate=13&ToMonth=11&ToYear=2020&Variable=Issuer,https://www.sedar.com/ModifyCompanyDocumentSearchForm.do?lang=EN&company_search=iFabric Corp&document_selection=0&industry_group=A&FromDate=13&FromMonth=05&FromYear=2000&ToDate=13&ToMonth=11&ToYear=2020&Variable=Issuer,1620593462,16:51:02,20210509
15,2017-03-31,IFA.TO,CAD,2017-03-31,2017-03-31,Q1,4255192.0,2172277.0,2082915.0,0.48949965124957934,0.0,0.0,0.0,0.0,1392115.0,3564392.0,35845.0,15558.0,706358.0,0.16599909005281077,690800.0,0.16234285080438204,-7556.0,647399.0,0.15214331104213394,163440.0,472221.0,0.11097525094049811,0.018,0.017,25982417.0,27069584.0,https://www.sedar.com/ModifyCompanyDocumentSearchForm.do?lang=EN&company_search=iFabric Corp&document_selection=0&industry_group=A&FromDate=13&FromMonth=05&FromYear=2000&ToDate=13&ToMonth=11&ToYear=2020&Variable=Issuer,https://www.sedar.com/ModifyCompanyDocumentSearchForm.do?lang=EN&company_search=iFabric Corp&document_selection=0&industry_group=A&FromDate=13&FromMonth=05&FromYear=2000&ToDate=13&ToMonth=11&ToYear=2020&Variable=Issuer,1620593462,16:51:02,20210509
16,2016-12-31,IFA.TO,CAD,2016-12-31,2016-12-31,Q4,3102120.0,1955034.0,1147086.0,0.36977486364163864,0.0,0.0,0.0,0.0,1262915.0,3217949.0,24056.0,12503.0,-103326.0,-0.03330818923832734,-115829.0,-0.037338658723711525,-12054.0,-151939.0,-0.04897908527071809,-28652.0,-125375.0,-0.04041590912021456,-0.005,-0.005,25989750.0,25989750.0,https://www.sedar.com/ModifyCompanyDocumentSearchForm.do?lang=EN&company_search=iFabric Corp&document_selection=0&industry_group=A&FromDate=13&FromMonth=05&FromYear=2000&ToDate=13&ToMonth=11&ToYear=2020&Variable=Issuer,https://www.sedar.com/ModifyCompanyDocumentSearchForm.do?lang=EN&company_search=iFabric Corp&document_selection=0&industry_group=A&FromDate=13&FromMonth=05&FromYear=2000&ToDate=13&ToMonth=11&ToYear=2020&Variable=Issuer,1620593462,16:51:02,20210509
17,2016-09-30,IFA.TO,CAD,2016-09-30,2016-09-30,Q3,4170011.0,2569331.0,1600680.0,0.3838551025404969,0.0,0.0,0.0,0.0,1411650.0,3980981.0,26337.0,18000.0,207030.0,0.0496473510501531,189030.0,0.045330815674107336,-89084.0,73609.0,0.017651991805297397,39338.0,32746.0,0.007852737079110822,0.0012454634869174227,0.0012454634869174227,26292220.0,26292220.0,https://www.sedar.com/ModifyCompanyDocumentSearchForm.do?lang=EN&company_search=iFabric Corp&document_selection=0&industry_group=A&FromDate=13&FromMonth=05&FromYear=2000&ToDate=13&ToMonth=11&ToYear=2020&Variable=Issuer,https://www.sedar.com/ModifyCompanyDocumentSearchForm.do?lang=EN&company_search=iFabric Corp&document_selection=0&industry_group=A&FromDate=13&FromMonth=05&FromYear=2000&ToDate=13&ToMonth=11&ToYear=2020&Variable=Issuer,1620593462,16:51:02,20210509
18,2016-06-30,IFA.TO,CAD,2016-06-30,2016-06-30,Q2,2999317.0,1580985.0,1418332.0,0.4728849934835164,0.0,0.0,0.0,0.0,1491461.0,3072446.0,14118.0,21182.0,-51947.0,-0.017319609764489714,-73129.0,-0.024381884275653423,-68557.0,-155804.0,-0.051946493151607515,-33842.0,-121653.0,-0.04056023421332257,-0.005,-0.005,25930739.0,25930739.0,https://www.sedar.com/ModifyCompanyDocumentSearchForm.do?lang=EN&company_search=iFabric Corp&document_selection=0&industry_group=A&FromDate=13&FromMonth=05&FromYear=2000&ToDate=13&ToMonth=11&ToYear=2020&Variable=Issuer,https://www.sedar.com/ModifyCompanyDocumentSearchForm.do?lang=EN&company_search=iFabric Corp&document_selection=0&industry_group=A&FromDate=13&FromMonth=05&FromYear=2000&ToDate=13&ToMonth=11&ToYear=2020&Variable=Issuer,1620593462,16:51:02,20210509
19,2016-03-31,IFA.TO,CAD,2016-03-31,2016-03-31,Q1,3072027.0,1569581.0,1502446.0,0.4890731754636271,0.0,0.0,0.0,0.0,1712279.0,3281860.0,16580.0,8766.0,-201067.0,-0.06545092214358793,-209833.0,-0.06830441268908119,-214383.0,-440796.0,-0.14348702013361211,-116929.0,-324657.0,-0.10568168834453603,-0.013,-0.013,25923486.0,25923486.0,https://www.sedar.com/ModifyCompanyDocumentSearchForm.do?lang=EN&company_search=iFabric Corp&document_selection=0&industry_group=A&FromDate=13&FromMonth=05&FromYear=2000&ToDate=13&ToMonth=11&ToYear=2020&Variable=Issuer,https://www.sedar.com/ModifyCompanyDocumentSearchForm.do?lang=EN&company_search=iFabric Corp&document_selection=0&industry_group=A&FromDate=13&FromMonth=05&FromYear=2000&ToDate=13&ToMonth=11&ToYear=2020&Variable=Issuer,1620593462,16:51:02,20210509
20,2015-12-31,IFA.TO,CAD,2015-12-31,2015-12-31,Q4,3329010.0,1544795.0,1784215.0,0.5359596396526295,0.0,0.0,0.0,0.0,1700607.0,3245402.0,13532.0,8649.0,92257.0,0.02771304381783173,83608.0,0.025114974121435502,4378.0,74454.0,0.022365207674353637,33058.0,39588.0,0.011891823695332846,0.002,0.001,25899750.0,27103021.0,https://www.sedar.com/ModifyCompanyDocumentSearchForm.do?lang=EN&company_search=iFabric Corp&document_selection=0&industry_group=A&FromDate=13&FromMonth=05&FromYear=2000&ToDate=13&ToMonth=11&ToYear=2020&Variable=Issuer,https://www.sedar.com/ModifyCompanyDocumentSearchForm.do?lang=EN&company_search=iFabric Corp&document_selection=0&industry_group=A&FromDate=13&FromMonth=05&FromYear=2000&ToDate=13&ToMonth=11&ToYear=2020&Variable=Issuer,1620593462,16:51:02,20210509
21,2015-09-30,IFA.TO,CAD,2015-09-30,2015-09-30,Q3,3080464.0,1784445.0,1296019.0,0.4207220081130635,0.0,1861750.0,-142481.0,0.0,1769421.0,3553866.0,10292.0,9784.0,-463618.0,-0.15050265154859788,-473402.0,-0.15367879644105564,111172.0,-372522.0,-0.12093048319993352,-89061.0,-286091.0,-0.09287269710017712,-0.01088120364122923,-0.01088120364122923,26292220.0,26292220.0,https://www.sedar.com/ModifyCompanyDocumentSearchForm.do?lang=EN&company_search=iFabric Corp&document_selection=0&industry_group=A&FromDate=13&FromMonth=05&FromYear=2000&ToDate=13&ToMonth=11&ToYear=2020&Variable=Issuer,https://www.sedar.com/ModifyCompanyDocumentSearchForm.do?lang=EN&company_search=iFabric Corp&document_selection=0&industry_group=A&FromDate=13&FromMonth=05&FromYear=2000&ToDate=13&ToMonth=11&ToYear=2020&Variable=Issuer,1620593462,16:51:02,20210509
22,2015-06-30,IFA.TO,CAD,2015-06-30,2015-06-30,Q2,3700502.0,1558529.0,2141973.0,0.5788330880512969,0.0,728997.0,723606.0,0.0,1502752.0,3061281.0,14538.0,9783.0,649004.0,0.17538269132133966,639221.0,0.17273899595244105,-239910.0,384773.0,0.1039785953365246,176012.0,208761.0,0.056414237852053586,0.008060348072857847,0.007708499303502244,25899750.0,27081925.0,https://www.sedar.com/ModifyCompanyDocumentSearchForm.do?lang=EN&company_search=iFabric Corp&document_selection=0&industry_group=A&FromDate=13&FromMonth=05&FromYear=2000&ToDate=13&ToMonth=11&ToYear=2020&Variable=Issuer,https://www.sedar.com/ModifyCompanyDocumentSearchForm.do?lang=EN&company_search=iFabric Corp&document_selection=0&industry_group=A&FromDate=13&FromMonth=05&FromYear=2000&ToDate=13&ToMonth=11&ToYear=2020&Variable=Issuer,1620593462,16:51:02,20210509
23,2015-03-31,IFA.TO,CAD,2015-03-31,2015-03-31,Q1,3251478.0,1597191.0,1654287.0,0.5087800071229146,0.0,804717.0,622833.0,0.0,1477699.0,3074890.0,17502.0,9783.0,186371.0,0.05731885622476917,176588.0,0.054310070681702294,85412.0,244498.0,0.07519595703861444,116785.0,127713.0,0.0392784450640601,0.004931051458025657,0.00470985559216109,25899750.0,27116118.0,https://www.sedar.com/ModifyCompanyDocumentSearchForm.do?lang=EN&company_search=iFabric Corp&document_selection=0&industry_group=A&FromDate=13&FromMonth=05&FromYear=2000&ToDate=13&ToMonth=11&ToYear=2020&Variable=Issuer,https://www.sedar.com/ModifyCompanyDocumentSearchForm.do?lang=EN&company_search=iFabric Corp&document_selection=0&industry_group=A&FromDate=13&FromMonth=05&FromYear=2000&ToDate=13&ToMonth=11&ToYear=2020&Variable=Issuer,1620593462,16:51:02,20210509
24,2014-12-31,IFA.TO,CAD,2014-12-31,2014-12-31,Q4,3042404.0,1663853.0,1378551.0,0.45311240716223095,0.0,800630.0,642301.0,0.0,1493080.0,3156933.0,17196.0,9783.0,-104746.0,-0.034428695202872464,-114529.0,-0.03764424448561072,-43235.0,-174960.0,-0.05750715552569613,-14740.0,-160220.0,-0.05266230257388565,-0.006,-0.006,25885728.0,25885728.0,https://www.sedar.com/ModifyCompanyDocumentSearchForm.do?lang=EN&company_search=iFabric Corp&document_selection=0&industry_group=A&FromDate=13&FromMonth=05&FromYear=2000&ToDate=13&ToMonth=11&ToYear=2020&Variable=Issuer,https://www.sedar.com/ModifyCompanyDocumentSearchForm.do?lang=EN&company_search=iFabric Corp&document_selection=0&industry_group=A&FromDate=13&FromMonth=05&FromYear=2000&ToDate=13&ToMonth=11&ToYear=2020&Variable=Issuer,1620593462,16:51:02,20210509
25,2014-09-30,IFA.TO,CAD,2014-09-30,2014-09-30,Q3,3222431.0,1808365.0,1414066.0,0.4388196364794157,0.0,0.0,0.0,0.0,1587474.0,3395839.0,17530.0,9087.0,-164321.0,-0.05099286842759395,-173408.0,-0.05381278916445379,575083.0,384145.0,0.11920968982733843,-123358.0,507503.0,0.15749072672153414,0.019302402003330263,0.019302402003330263,26292220.0,26292220.0,https://www.sedar.com/ModifyCompanyDocumentSearchForm.do?lang=EN&company_search=iFabric Corp&document_selection=0&industry_group=A&FromDate=13&FromMonth=05&FromYear=2000&ToDate=13&ToMonth=11&ToYear=2020&Variable=Issuer,https://www.sedar.com/ModifyCompanyDocumentSearchForm.do?lang=EN&company_search=iFabric Corp&document_selection=0&industry_group=A&FromDate=13&FromMonth=05&FromYear=2000&ToDate=13&ToMonth=11&ToYear=2020&Variable=Issuer,1620593462,16:51:02,20210509
26,2014-06-30,IFA.TO,CAD,2014-06-30,2014-06-30,Q2,3881993.0,1950712.0,1931281.0,0.49749729069578436,0.0,0.0,0.0,0.0,1351139.0,3301851.0,13918.0,10930.0,591072.0,0.15225993452332345,580142.0,0.14944437045610334,-185049.0,381175.0,0.09819054284744975,136087.0,245088.0,0.0631345806136178,0.009473922245093207,0.009020916853439951,25869750.0,27168857.0,https://www.sedar.com/ModifyCompanyDocumentSearchForm.do?lang=EN&company_search=iFabric Corp&document_selection=0&industry_group=A&FromDate=13&FromMonth=05&FromYear=2000&ToDate=13&ToMonth=11&ToYear=2020&Variable=Issuer,https://www.sedar.com/ModifyCompanyDocumentSearchForm.do?lang=EN&company_search=iFabric Corp&document_selection=0&industry_group=A&FromDate=13&FromMonth=05&FromYear=2000&ToDate=13&ToMonth=11&ToYear=2020&Variable=Issuer,1620593462,16:51:02,20210509
27,2014-03-31,IFA.TO,CAD,2014-03-31,2014-03-31,Q1,2911274.0,1282785.0,1628489.0,0.5593733190348967,0.0,0.0,0.0,0.0,1273815.0,2556600.0,12366.0,10930.0,365604.0,0.12558213345772332,354674.0,0.12182776337782016,79768.0,422076.0,0.14497982670129983,141988.0,280088.0,0.09620805187007475,0.011,0.01,25851972.0,27210522.0,https://www.sedar.com/ModifyCompanyDocumentSearchForm.do?lang=EN&company_search=iFabric Corp&document_selection=0&industry_group=A&FromDate=13&FromMonth=05&FromYear=2000&ToDate=13&ToMonth=11&ToYear=2020&Variable=Issuer,https://www.sedar.com/ModifyCompanyDocumentSearchForm.do?lang=EN&company_search=iFabric Corp&document_selection=0&industry_group=A&FromDate=13&FromMonth=05&FromYear=2000&ToDate=13&ToMonth=11&ToYear=2020&Variable=Issuer,1620593462,16:51:02,20210509
28,2013-12-31,IFA.TO,CAD,2013-12-31,2013-12-31,Q4,3005785.0,1433373.0,1572412.0,0.5231285670798145,0.0,0.0,0.0,0.0,1240589.0,2673962.0,17799.0,10930.0,342753.0,0.11403111000953162,331823.0,0.11039478871575978,-697913.0,-383888.0,-0.12771638690059336,107643.0,-491531.0,-0.16352832953787447,-0.019,-0.019,25521606.0,25521606.0,https://www.sedar.com/ModifyCompanyDocumentSearchForm.do?lang=EN&company_search=iFabric Corp&document_selection=0&industry_group=A&FromDate=13&FromMonth=05&FromYear=2000&ToDate=13&ToMonth=11&ToYear=2020&Variable=Issuer,https://www.sedar.com/ModifyCompanyDocumentSearchForm.do?lang=EN&company_search=iFabric Corp&document_selection=0&industry_group=A&FromDate=13&FromMonth=05&FromYear=2000&ToDate=13&ToMonth=11&ToYear=2020&Variable=Issuer,1620593462,16:51:02,20210509
29,2013-09-30,IFA.TO,CAD,2013-09-30,2013-09-30,Q3,2017104.0,948906.0,1068198.0,0.5295701163648479,0.0,1092292.0,0.0,0.0,1142394.0,2091300.0,26493.0,12711.0,-61485.0,-0.030481819479808676,-74196.0,-0.036783428122694715,-401693.0,-502382.0,-0.24906103007083422,-126137.0,-376245.0,-0.18652731837327177,-0.0143101267218972,-0.0143101267218972,26292220.0,26292220.0,https://www.sedar.com/ModifyCompanyDocumentSearchForm.do?lang=EN&company_search=iFabric Corp&document_selection=0&industry_group=A&FromDate=13&FromMonth=05&FromYear=2000&ToDate=13&ToMonth=11&ToYear=2020&Variable=Issuer,https://www.sedar.com/ModifyCompanyDocumentSearchForm.do?lang=EN&company_search=iFabric Corp&document_selection=0&industry_group=A&FromDate=13&FromMonth=05&FromYear=2000&ToDate=13&ToMonth=11&ToYear=2020&Variable=Issuer,1620593462,16:51:02,20210509
30,2013-06-30,IFA.TO,CAD,2013-06-30,2013-06-30,Q2,2709015.0,1204905.0,1504110.0,0.5552239467112585,0.0,1206640.0,0.0,32217.0,1219350.0,2424255.0,20430.0,12710.0,297470.0,0.10980743923529401,284760.0,0.10511569703379273,72986.0,337316.0,0.12451610640767954,137601.0,199715.0,0.07372236772406207,0.007871293483511746,0.0077335161563942606,25372577.0,25824605.0,https://www.sedar.com/ModifyCompanyDocumentSearchForm.do?lang=EN&company_search=iFabric Corp&document_selection=0&industry_group=A&FromDate=13&FromMonth=05&FromYear=2000&ToDate=13&ToMonth=11&ToYear=2020&Variable=Issuer,https://www.sedar.com/ModifyCompanyDocumentSearchForm.do?lang=EN&company_search=iFabric Corp&document_selection=0&industry_group=A&FromDate=13&FromMonth=05&FromYear=2000&ToDate=13&ToMonth=11&ToYear=2020&Variable=Issuer,1620593462,16:51:02,20210509
31,2013-03-31,IFA.TO,CAD,2013-03-31,2013-03-31,Q1,2254113.0,948180.0,1305933.0,0.5793556046214187,0.0,1204886.0,0.0,32217.0,1217603.0,2165783.0,17504.0,12717.0,101047.0,0.044827832499967836,88330.0,0.039186145503796836,9347.0,80173.0,0.03556742718754561,55695.0,24478.0,0.010859260383130748,0.0009697672926944132,0.0009376262144936987,25241107.0,26106352.0,https://www.sedar.com/ModifyCompanyDocumentSearchForm.do?lang=EN&company_search=iFabric Corp&document_selection=0&industry_group=A&FromDate=13&FromMonth=05&FromYear=2000&ToDate=13&ToMonth=11&ToYear=2020&Variable=Issuer,https://www.sedar.com/ModifyCompanyDocumentSearchForm.do?lang=EN&company_search=iFabric Corp&document_selection=0&industry_group=A&FromDate=13&FromMonth=05&FromYear=2000&ToDate=13&ToMonth=11&ToYear=2020&Variable=Issuer,1620593462,16:51:02,20210509
32,2012-12-31,IFA.TO,CAD,2012-12-31,2012-12-31,Q4,1185751.0,533503.0,652248.0,0.5500716423599896,0.0,0.0,0.0,-55922.0,740908.0,1274411.0,14208.0,12245.0,-76415.0,-0.06444439009539102,-88660.0,-0.07477117877193441,-139575.0,36707.0,0.03095675230297086,24296.0,12411.0,0.010466784341737851,0.0004917682020802377,0.0004917682020802377,25237500.0,25237500.0,https://www.sedar.com/ModifyCompanyDocumentSearchForm.do?lang=EN&company_search=iFabric Corp&document_selection=0&industry_group=A&FromDate=13&FromMonth=05&FromYear=2000&ToDate=13&ToMonth=11&ToYear=2020&Variable=Issuer,https://www.sedar.com/ModifyCompanyDocumentSearchForm.do?lang=EN&company_search=iFabric Corp&document_selection=0&industry_group=A&FromDate=13&FromMonth=05&FromYear=2000&ToDate=13&ToMonth=11&ToYear=2020&Variable=Issuer,1620593462,16:51:02,20210509
33,2012-09-30,IFA.TO,CAD,2012-09-30,2012-09-30,Q3,2006645.0,940189.0,1066456.0,0.5314622167847327,0.0,0.0,0.0,26836.0,982113.0,1922302.0,14530.0,3562.0,87905.0,0.04380695140396034,84343.0,0.04203184918109581,-14888.0,54925.0,0.027371557998549817,-58398.0,113323.0,0.056473865581605116,0.004310134328710166,0.004310134328710166,26292220.0,26292220.0,https://www.sedar.com/ModifyCompanyDocumentSearchForm.do?lang=EN&company_search=iFabric Corp&document_selection=0&industry_group=A&FromDate=13&FromMonth=05&FromYear=2000&ToDate=13&ToMonth=11&ToYear=2020&Variable=Issuer,https://www.sedar.com/ModifyCompanyDocumentSearchForm.do?lang=EN&company_search=iFabric Corp&document_selection=0&industry_group=A&FromDate=13&FromMonth=05&FromYear=2000&ToDate=13&ToMonth=11&ToYear=2020&Variable=Issuer,1620593462,16:51:02,20210509
34,2012-06-30,IFA.TO,CAD,2012-06-30,2012-06-30,Q2,1802833.0,866650.0,936183.0,0.5192843707653454,0.0,451434.0,498036.0,22837.0,963542.0,1830192.0,14688.0,14072.0,-13287.0,-0.007370067000104835,-27359.0,-0.015175559799493353,-546742.0,-588789.0,-0.3265909820820897,-38640.0,-550149.0,-0.30515804847148903,-0.024,-0.024,23240068.0,23240068.0,https://www.sedar.com/ModifyCompanyDocumentSearchForm.do?lang=EN&company_search=iFabric Corp&document_selection=0&industry_group=A&FromDate=13&FromMonth=05&FromYear=2000&ToDate=13&ToMonth=11&ToYear=2020&Variable=Issuer,https://www.sedar.com/ModifyCompanyDocumentSearchForm.do?lang=EN&company_search=iFabric Corp&document_selection=0&industry_group=A&FromDate=13&FromMonth=05&FromYear=2000&ToDate=13&ToMonth=11&ToYear=2020&Variable=Issuer,1620593462,16:51:02,20210509
35,2012-05-31,IFA.TO,CAD,2012-05-31,2012-05-31,Q2,0.0,0.0,0.0,0.0,0.0,0.0,0.0,0.0,25682.0,25682.0,0.0,0.0,-25682.0,0.0,-25682.0,0.0,0.0,0.0,0.0,0.0,-25682.0,0.0,-0.02,-0.02,1550000.0,1550000.0,https://www.sedar.com/ModifyCompanyDocumentSearchForm.do?lang=EN&company_search=iFabric Corp&document_selection=0&industry_group=A&FromDate=13&FromMonth=05&FromYear=2000&ToDate=13&ToMonth=11&ToYear=2020&Variable=Issuer,https://www.sedar.com/ModifyCompanyDocumentSearchForm.do?lang=EN&company_search=iFabric Corp&document_selection=0&industry_group=A&FromDate=13&FromMonth=05&FromYear=2000&ToDate=13&ToMonth=11&ToYear=2020&Variable=Issuer,1620593462,16:51:02,20210509
36,2012-02-29,IFA.TO,CAD,2012-02-29,2012-02-29,Q1,0.0,0.0,0.0,0.0,0.0,0.0,0.0,0.0,37035.0,37035.0,0.0,0.0,-37035.0,0.0,-37035.0,0.0,0.0,0.0,0.0,0.0,-37034.0,0.0,-0.02,-0.02,1500000.0,1500000.0,https://www.sedar.com/ModifyCompanyDocumentSearchForm.do?lang=EN&company_search=iFabric Corp&document_selection=0&industry_group=A&FromDate=13&FromMonth=05&FromYear=2000&ToDate=13&ToMonth=11&ToYear=2020&Variable=Issuer,https://www.sedar.com/ModifyCompanyDocumentSearchForm.do?lang=EN&company_search=iFabric Corp&document_selection=0&industry_group=A&FromDate=13&FromMonth=05&FromYear=2000&ToDate=13&ToMonth=11&ToYear=2020&Variable=Issuer,1620593462,16:51:02,20210509
37,2011-11-30,IFA.TO,CAD,2011-11-30,2011-11-30,Q4,0.0,0.0,0.0,0.0,0.0,0.0,0.0,0.0,38743.0,38743.0,0.0,0.0,-38743.0,0.0,-38743.0,0.0,0.0,0.0,0.0,0.0,-38743.0,0.0,-0.03,-0.03,1500000.0,1500000.0,https://www.sedar.com/ModifyCompanyDocumentSearchForm.do?lang=EN&company_search=iFabric Corp&document_selection=0&industry_group=A&FromDate=13&FromMonth=05&FromYear=2000&ToDate=13&ToMonth=11&ToYear=2020&Variable=Issuer,https://www.sedar.com/ModifyCompanyDocumentSearchForm.do?lang=EN&company_search=iFabric Corp&document_selection=0&industry_group=A&FromDate=13&FromMonth=05&FromYear=2000&ToDate=13&ToMonth=11&ToYear=2020&Variable=Issuer,1620593462,16:51:02,20210509
38,2011-08-31,IFA.TO,CAD,2011-08-31,2011-08-31,Q3,0.0,0.0,0.0,0.0,0.0,0.0,0.0,0.0,40992.0,40992.0,0.0,0.0,-40992.0,0.0,-40992.0,0.0,0.0,0.0,0.0,0.0,-56966.0,0.0,-0.0021666485370957643,-0.0021666485370957643,26292220.0,26292220.0,https://www.sedar.com/ModifyCompanyDocumentSearchForm.do?lang=EN&company_search=iFabric Corp&document_selection=0&industry_group=A&FromDate=13&FromMonth=05&FromYear=2000&ToDate=13&ToMonth=11&ToYear=2020&Variable=Issuer,https://www.sedar.com/ModifyCompanyDocumentSearchForm.do?lang=EN&company_search=iFabric Corp&document_selection=0&industry_group=A&FromDate=13&FromMonth=05&FromYear=2000&ToDate=13&ToMonth=11&ToYear=2020&Variable=Issuer,1620593462,16:51:02,20210509
39,2011-05-31,IFA.TO,CAD,2011-05-31,2011-05-31,Q2,0.0,0.0,0.0,0.0,0.0,0.0,0.0,0.0,2485.0,2485.0,0.0,0.0,-2485.0,0.0,-2485.0,0.0,0.0,0.0,0.0,0.0,-2485.0,0.0,-0.01,-0.01,1500000.0,1500000.0,https://www.sedar.com/ModifyCompanyDocumentSearchForm.do?lang=EN&company_search=iFabric Corp&document_selection=0&industry_group=A&FromDate=13&FromMonth=05&FromYear=2000&ToDate=13&ToMonth=11&ToYear=2020&Variable=Issuer,https://www.sedar.com/ModifyCompanyDocumentSearchForm.do?lang=EN&company_search=iFabric Corp&document_selection=0&industry_group=A&FromDate=13&FromMonth=05&FromYear=2000&ToDate=13&ToMonth=11&ToYear=2020&Variable=Issuer,1620593462,16:51:02,20210509
40,2011-02-28,IFA.TO,CAD,2011-02-28,2011-02-28,Q1,0.0,0.0,0.0,0.0,0.0,0.0,0.0,0.0,15064.0,15064.0,0.0,0.0,-15064.0,0.0,-15064.0,0.0,0.0,0.0,0.0,0.0,15064.0,0.0,0.01,0.01,1500000.0,1500000.0,https://www.sedar.com/ModifyCompanyDocumentSearchForm.do?lang=EN&company_search=iFabric Corp&document_selection=0&industry_group=A&FromDate=13&FromMonth=05&FromYear=2000&ToDate=13&ToMonth=11&ToYear=2020&Variable=Issuer,https://www.sedar.com/ModifyCompanyDocumentSearchForm.do?lang=EN&company_search=iFabric Corp&document_selection=0&industry_group=A&FromDate=13&FromMonth=05&FromYear=2000&ToDate=13&ToMonth=11&ToYear=2020&Variable=Issuer,1620593462,16:51:02,20210509
41,2010-11-30,IFA.TO,CAD,2010-11-30,2010-11-30,Q4,0.0,0.0,0.0,0.0,0.0,0.0,0.0,0.0,945.0,945.0,0.0,0.0,-945.0,0.0,-945.0,0.0,0.0,0.0,0.0,0.0,-945.0,0.0,-0.0005,-0.0005,1500000.0,1500000.0,https://www.sedar.com/ModifyCompanyDocumentSearchForm.do?lang=EN&company_search=iFabric Corp&document_selection=0&industry_group=A&FromDate=13&FromMonth=05&FromYear=2000&ToDate=13&ToMonth=11&ToYear=2020&Variable=Issuer,https://www.sedar.com/ModifyCompanyDocumentSearchForm.do?lang=EN&company_search=iFabric Corp&document_selection=0&industry_group=A&FromDate=13&FromMonth=05&FromYear=2000&ToDate=13&ToMonth=11&ToYear=2020&Variable=Issuer,1620593462,16:51:02,20210509
42,2010-08-31,IFA.TO,CAD,2010-08-31,2010-08-31,Q3,0.0,0.0,0.0,0.0,0.0,0.0,0.0,0.0,6512.0,6512.0,0.0,0.0,-6512.0,0.0,-6512.0,0.0,0.0,0.0,0.0,0.0,-6512.0,0.0,-0.0002476778301718151,-0.0002476778301718151,26292220.0,26292220.0,https://www.sedar.com/ModifyCompanyDocumentSearchForm.do?lang=EN&company_search=iFabric Corp&document_selection=0&industry_group=A&FromDate=13&FromMonth=05&FromYear=2000&ToDate=13&ToMonth=11&ToYear=2020&Variable=Issuer,https://www.sedar.com/ModifyCompanyDocumentSearchForm.do?lang=EN&company_search=iFabric Corp&document_selection=0&industry_group=A&FromDate=13&FromMonth=05&FromYear=2000&ToDate=13&ToMonth=11&ToYear=2020&Variable=Issuer,1620593462,16:51:02,20210509
43,2010-05-31,IFA.TO,CAD,2010-05-31,2010-05-31,Q2,0.0,0.0,0.0,0.0,0.0,0.0,0.0,0.0,30133.0,30133.0,0.0,0.0,-30133.0,0.0,-30133.0,0.0,0.0,0.0,0.0,0.0,-30133.0,0.0,-0.01,-0.01,2833333.0,2833333.0,https://www.sedar.com/ModifyCompanyDocumentSearchForm.do?lang=EN&company_search=iFabric Corp&document_selection=0&industry_group=A&FromDate=13&FromMonth=05&FromYear=2000&ToDate=13&ToMonth=11&ToYear=2020&Variable=Issuer,https://www.sedar.com/ModifyCompanyDocumentSearchForm.do?lang=EN&company_search=iFabric Corp&document_selection=0&industry_group=A&FromDate=13&FromMonth=05&FromYear=2000&ToDate=13&ToMonth=11&ToYear=2020&Variable=Issuer,1620593462,16:51:02,20210509
44,2010-02-28,IFA.TO,CAD,2010-02-28,2010-02-28,Q1,0.0,0.0,0.0,0.0,0.0,0.0,0.0,0.0,21061.0,21061.0,0.0,0.0,-21061.0,0.0,-21061.0,0.0,0.0,0.0,0.0,0.0,-21061.0,0.0,-0.01,-0.01,2833333.0,2833333.0,https://www.sedar.com/ModifyCompanyDocumentSearchForm.do?lang=EN&company_search=iFabric Corp&document_selection=0&industry_group=A&FromDate=13&FromMonth=05&FromYear=2000&ToDate=13&ToMonth=11&ToYear=2020&Variable=Issuer,https://www.sedar.com/ModifyCompanyDocumentSearchForm.do?lang=EN&company_search=iFabric Corp&document_selection=0&industry_group=A&FromDate=13&FromMonth=05&FromYear=2000&ToDate=13&ToMonth=11&ToYear=2020&Variable=Issuer,1620593462,16:51:02,20210509
45,2009-11-30,IFA.TO,CAD,2009-11-30,2009-11-30,Q4,0.0,0.0,0.0,0.0,0.0,0.0,0.0,0.0,4559.0,4559.0,0.0,0.0,-4559.0,0.0,-4559.0,0.0,0.0,0.0,0.0,0.0,-4459.0,0.0,-0.002,-0.002,2833333.0,2833333.0,https://www.sedar.com/ModifyCompanyDocumentSearchForm.do?lang=EN&company_search=iFabric Corp&document_selection=0&industry_group=A&FromDate=13&FromMonth=05&FromYear=2000&ToDate=13&ToMonth=11&ToYear=2020&Variable=Issuer,https://www.sedar.com/ModifyCompanyDocumentSearchForm.do?lang=EN&company_search=iFabric Corp&document_selection=0&industry_group=A&FromDate=13&FromMonth=05&FromYear=2000&ToDate=13&ToMonth=11&ToYear=2020&Variable=Issuer,1620593462,16:51:02,20210509
46,2009-08-31,IFA.TO,CAD,2009-08-31,2009-08-31,Q3,0.0,0.0,0.0,0.0,0.0,0.0,0.0,0.0,17366.0,17366.0,0.0,0.0,-17366.0,0.0,-17366.0,0.0,0.0,0.0,0.0,0.0,-17366.0,0.0,-0.0006604995698347268,-0.0006604995698347268,26292220.0,26292220.0,https://www.sedar.com/ModifyCompanyDocumentSearchForm.do?lang=EN&company_search=iFabric Corp&document_selection=0&industry_group=A&FromDate=13&FromMonth=05&FromYear=2000&ToDate=13&ToMonth=11&ToYear=2020&Variable=Issuer,https://www.sedar.com/ModifyCompanyDocumentSearchForm.do?lang=EN&company_search=iFabric Corp&document_selection=0&industry_group=A&FromDate=13&FromMonth=05&FromYear=2000&ToDate=13&ToMonth=11&ToYear=2020&Variable=Issuer,1620593462,16:51:02,20210509
47,2009-05-31,IFA.TO,CAD,2009-05-31,2009-05-31,Q2,0.0,0.0,0.0,0.0,0.0,0.0,0.0,0.0,21844.0,21844.0,0.0,0.0,-21844.0,0.0,-21844.0,0.0,0.0,0.0,0.0,0.0,-21844.0,0.0,-0.01,-0.01,2833333.0,2833333.0,https://www.sedar.com/ModifyCompanyDocumentSearchForm.do?lang=EN&company_search=iFabric Corp&document_selection=0&industry_group=A&FromDate=13&FromMonth=05&FromYear=2000&ToDate=13&ToMonth=11&ToYear=2020&Variable=Issuer,https://www.sedar.com/ModifyCompanyDocumentSearchForm.do?lang=EN&company_search=iFabric Corp&document_selection=0&industry_group=A&FromDate=13&FromMonth=05&FromYear=2000&ToDate=13&ToMonth=11&ToYear=2020&Variable=Issuer,1620593462,16:51:02,20210509
48,2009-02-28,IFA.TO,CAD,2009-02-28,2009-02-28,Q1,0.0,0.0,0.0,0.0,0.0,0.0,0.0,0.0,7476.0,7476.0,0.0,0.0,-7476.0,0.0,-7476.0,0.0,0.0,0.0,0.0,0.0,-7476.0,0.0,-0.01,-0.01,2833333.0,2833333.0,https://www.sedar.com/ModifyCompanyDocumentSearchForm.do?lang=EN&company_search=iFabric Corp&document_selection=0&industry_group=A&FromDate=13&FromMonth=05&FromYear=2000&ToDate=13&ToMonth=11&ToYear=2020&Variable=Issuer,https://www.sedar.com/ModifyCompanyDocumentSearchForm.do?lang=EN&company_search=iFabric Corp&document_selection=0&industry_group=A&FromDate=13&FromMonth=05&FromYear=2000&ToDate=13&ToMonth=11&ToYear=2020&Variable=Issuer,1620593462,16:51:02,20210509
49,2008-11-30,IFA.TO,CAD,2008-11-30,2008-11-30,Q4,0.0,0.0,0.0,0.0,0.0,0.0,0.0,0.0,7912.0,7912.0,0.0,0.0,-7912.0,0.0,-7912.0,0.0,0.0,0.0,0.0,0.0,-7822.0,0.0,-0.01,-0.01,2833333.0,2833333.0,https://www.sedar.com/ModifyCompanyDocumentSearchForm.do?lang=EN&company_search=iFabric Corp&document_selection=0&industry_group=A&FromDate=13&FromMonth=05&FromYear=2000&ToDate=13&ToMonth=11&ToYear=2020&Variable=Issuer,https://www.sedar.com/ModifyCompanyDocumentSearchForm.do?lang=EN&company_search=iFabric Corp&document_selection=0&industry_group=A&FromDate=13&FromMonth=05&FromYear=2000&ToDate=13&ToMonth=11&ToYear=2020&Variable=Issuer,1620593462,16:51:02,20210509
50,2008-08-31,IFA.TO,CAD,2008-08-31,2008-08-31,Q3,0.0,0.0,0.0,0.0,0.0,0.0,0.0,0.0,-20442.0,-20442.0,0.0,0.0,20054.0,0.0,20054.0,0.0,0.0,0.0,0.0,0.0,20443.0,0.0,0.0007775303873160958,0.0007775303873160958,26292220.0,26292220.0,https://www.sedar.com/ModifyCompanyDocumentSearchForm.do?lang=EN&company_search=iFabric Corp&document_selection=0&industry_group=A&FromDate=13&FromMonth=05&FromYear=2000&ToDate=13&ToMonth=11&ToYear=2020&Variable=Issuer,https://www.sedar.com/ModifyCompanyDocumentSearchForm.do?lang=EN&company_search=iFabric Corp&document_selection=0&industry_group=A&FromDate=13&FromMonth=05&FromYear=2000&ToDate=13&ToMonth=11&ToYear=2020&Variable=Issuer,1620593462,16:51:02,20210509
51,2008-05-31,IFA.TO,CAD,2008-05-31,2008-05-31,Q2,388.0,0.0,0.0,0.0,0.0,0.0,0.0,0.0,45189.0,45189.0,0.0,0.0,-44801.0,-115.46649484536083,-44801.0,-115.46649484536083,0.0,0.0,0.0,0.0,-44801.0,-115.46649484536083,-0.015,-0.015,2833333.0,2833333.0,https://www.sedar.com/ModifyCompanyDocumentSearchForm.do?lang=EN&company_search=iFabric Corp&document_selection=0&industry_group=A&FromDate=13&FromMonth=05&FromYear=2000&ToDate=13&ToMonth=11&ToYear=2020&Variable=Issuer,https://www.sedar.com/ModifyCompanyDocumentSearchForm.do?lang=EN&company_search=iFabric Corp&document_selection=0&industry_group=A&FromDate=13&FromMonth=05&FromYear=2000&ToDate=13&ToMonth=11&ToYear=2020&Variable=Issuer,1620593462,16:51:02,20210509
52,2008-02-29,IFA.TO,CAD,2008-02-29,2008-02-29,Q1,0.0,0.0,0.0,0.0,0.0,0.0,0.0,0.0,75280.0,75280.0,0.0,0.0,-75280.0,0.0,-75280.0,0.0,0.0,0.0,0.0,0.0,-75280.0,0.0,-0.03,-0.03,2509333.0,2509333.0,https://www.sedar.com/ModifyCompanyDocumentSearchForm.do?lang=EN&company_search=iFabric Corp&document_selection=0&industry_group=A&FromDate=13&FromMonth=05&FromYear=2000&ToDate=13&ToMonth=11&ToYear=2020&Variable=Issuer,https://www.sedar.com/ModifyCompanyDocumentSearchForm.do?lang=EN&company_search=iFabric Corp&document_selection=0&industry_group=A&FromDate=13&FromMonth=05&FromYear=2000&ToDate=13&ToMonth=11&ToYear=2020&Variable=Issuer,1620593462,16:51:02,20210509
53,2007-11-30,IFA.TO,CAD,2007-11-30,2007-11-30,Q4,0.0,0.0,0.0,0.0,0.0,0.0,0.0,0.0,46148.0,46148.0,0.0,0.0,-46148.0,0.0,-46148.0,0.0,0.0,0.0,0.0,0.0,-46148.0,0.0,-0.01,-0.01,2833333.0,2833333.0,https://www.sedar.com/ModifyCompanyDocumentSearchForm.do?lang=EN&company_search=iFabric Corp&document_selection=0&industry_group=A&FromDate=13&FromMonth=05&FromYear=2000&ToDate=13&ToMonth=11&ToYear=2020&Variable=Issuer,https://www.sedar.com/ModifyCompanyDocumentSearchForm.do?lang=EN&company_search=iFabric Corp&document_selection=0&industry_group=A&FromDate=13&FromMonth=05&FromYear=2000&ToDate=13&ToMonth=11&ToYear=2020&Variable=Issuer,1620593462,16:51:02,20210509
54,2007-08-31,IFA.TO,CAD,2007-08-31,2007-08-31,Q3,0.0,0.0,0.0,0.0,0.0,0.0,0.0,0.0,2891.0,2891.0,0.0,0.0,-2891.0,0.0,-2891.0,0.0,0.0,0.0,0.0,0.0,-2891.0,0.0,-0.00010995648142302172,-0.00010995648142302172,26292220.0,26292220.0,https://www.sedar.com/ModifyCompanyDocumentSearchForm.do?lang=EN&company_search=iFabric Corp&document_selection=0&industry_group=A&FromDate=13&FromMonth=05&FromYear=2000&ToDate=13&ToMonth=11&ToYear=2020&Variable=Issuer,https://www.sedar.com/ModifyCompanyDocumentSearchForm.do?lang=EN&company_search=iFabric Corp&document_selection=0&industry_group=A&FromDate=13&FromMonth=05&FromYear=2000&ToDate=13&ToMonth=11&ToYear=2020&Variable=Issuer,1620593462,16:51:02,20210509
55,2007-05-31,IFA.TO,CAD,2007-05-31,2007-05-31,Q2,0.0,0.0,0.0,0.0,0.0,0.0,0.0,0.0,1676.0,1676.0,0.0,0.0,-1676.0,0.0,-1676.0,0.0,0.0,0.0,0.0,0.0,-1676.0,0.0,-0.001,-0.001,1333333.0,1333333.0,https://www.sedar.com/ModifyCompanyDocumentSearchForm.do?lang=EN&company_search=iFabric Corp&document_selection=0&industry_group=A&FromDate=13&FromMonth=05&FromYear=2000&ToDate=13&ToMonth=11&ToYear=2020&Variable=Issuer,https://www.sedar.com/ModifyCompanyDocumentSearchForm.do?lang=EN&company_search=iFabric Corp&document_selection=0&industry_group=A&FromDate=13&FromMonth=05&FromYear=2000&ToDate=13&ToMonth=11&ToYear=2020&Variable=Issuer,1620593462,16:51:02,20210509
