,date,symbol,reportedCurrency,fillingDate,acceptedDate,period,revenue,costOfRevenue,grossProfit,grossProfitRatio,researchAndDevelopmentExpenses,generalAndAdministrativeExpenses,sellingAndMarketingExpenses,otherExpenses,operatingExpenses,costAndExpenses,interestExpense,depreciationAndAmortization,ebitda,ebitdaratio,operatingIncome,operatingIncomeRatio,totalOtherIncomeExpensesNet,incomeBeforeTax,incomeBeforeTaxRatio,incomeTaxExpense,netIncome,netIncomeRatio,eps,epsdiluted,weightedAverageShsOut,weightedAverageShsOutDil,link,finalLink,timestamp,est_time,est_date
0,2020-12-31,STND,USD,2021-03-31,2021-03-31 13:52:04,Q4,10741000.0,0.0,35315.0,0.0032878689135089844,0.0,3618000.0,0.0,4211.0,4211.0,4211.0,-13238000.0,812000.0,819877.0,0.07633153337678056,7877.0,0.0007333581603202682,77.0,2517000.0,0.2343357229308258,69000.0,2448000.0,0.2279117400614468,0.541000094365621,0.541000094365621,4524953.0,4585355.0,https://www.sec.gov/Archives/edgar/data/1492915/000155837021003787/0001558370-21-003787-index.htm,https://www.sec.gov/Archives/edgar/data/1492915/000155837021003787/stnd-20201231x10k.htm,1620598381,18:13:01,20210509
1,2020-09-30,STND,USD,2020-11-09,2020-11-09 12:47:39,Q3,9069000.0,0.0,9069000.0,1.0,0.0,3458000.0,0.0,1079.0,1079.0,1079.0,1766000.0,597000.0,599745.0,0.06613132649685742,2745.0,0.00030267945749255706,14.0,2745000.0,0.30267945749255704,508000.0,2237000.0,0.246664461351858,0.4943697757744666,0.4878575377478952,4524953.0,4585355.0,https://www.sec.gov/Archives/edgar/data/1492915/000155837020013300/0001558370-20-013300-index.htm,https://www.sec.gov/Archives/edgar/data/1492915/000155837020013300/stnd-20200930x10q.htm,1620598381,18:13:01,20210509
2,2020-06-30,STND,USD,2020-08-10,2020-08-10 13:35:09,Q2,8141000.0,0.0,0.0,0.0,0.0,3266000.0,0.0,0.0,0.0,0.0,1878000.0,592000.0,0.0,0.0,0.0,0.16103672767473284,0.0,1311000.0,0.16103672767473284,174000.0,1137000.0,0.1396634320108095,0.25191634782003736,0.24815325525999782,4513403.0,4581846.0,https://www.sec.gov/Archives/edgar/data/1492915/000155837020010113/0001558370-20-010113-index.htm,https://www.sec.gov/Archives/edgar/data/1492915/000155837020010113/stnd-20200630x10q.htm,1620598381,18:13:01,20210509
3,2020-03-31,STND,USD,2020-05-11,2020-05-11 14:37:23,Q1,7364000.0,0.0,0.0,0.0,0.0,3509000.0,0.0,0.0,0.0,0.0,2207000.0,656000.0,0.0,0.0,0.0,0.1770776751765345,0.0,1304000.0,0.1770776751765345,194000.0,1110000.0,0.15073329712112982,0.24425623755613493,0.2398924763019732,4544408.0,4627073.0,https://www.sec.gov/Archives/edgar/data/1492915/000155837020006194/0001558370-20-006194-index.htm,https://www.sec.gov/Archives/edgar/data/1492915/000110465920033709/tm205361-1_10k.htm,1620598381,18:13:01,20210509
4,2019-12-31,STND,USD,2020-03-16,2020-03-16 08:46:17,Q4,8299000.0,0.0,0.0,0.0,0.0,3405000.0,0.0,0.0,0.0,0.0,2363000.0,684000.0,0.0,0.0,0.0,0.3103988432341246,0.0,2576000.0,0.3103988432341246,501000.0,2075000.0,0.25003012411133874,0.4566051287648468,0.4566051287648468,4544408.0,4544408.0,https://www.sec.gov/Archives/edgar/data/1492915/000110465920033709/0001104659-20-033709-index.htm,https://www.sec.gov/Archives/edgar/data/1492915/000110465920033709/tm205361-1_10k.htm,1620598381,18:13:01,20210509
5,2019-09-30,STND,USD,2019-11-12,2019-11-12 17:28:47,Q3,8651000.0,0.0,0.0,0.0,0.0,3306000.0,0.0,0.0,0.0,0.0,2398000.0,617000.0,0.0,0.0,0.0,0.3665472199745694,0.0,3171000.0,0.3665472199745694,707000.0,2464000.0,0.2848225638654491,0.54,0.53,4573856.0,4665801.0,https://www.sec.gov/Archives/edgar/data/1492915/000110465919062748/0001104659-19-062748-index.htm,https://www.sec.gov/Archives/edgar/data/1492915/000110465919062748/tm1919610d1_10q.htm,1620598381,18:13:01,20210509
6,2019-06-30,STND,USD,2019-08-09,2019-08-09 15:22:06,Q2,8256000.0,0.0,0.0,0.0,0.0,3457000.0,0.0,0.0,0.0,0.0,2338000.0,627000.0,0.0,0.0,0.0,0.32521802325581395,0.0,2685000.0,0.32521802325581395,587000.0,2098000.0,0.2541182170542636,0.45,0.44,4652673.0,4745975.0,https://www.sec.gov/Archives/edgar/data/1492915/000114420419038849/0001144204-19-038849-index.htm,https://www.sec.gov/Archives/edgar/data/1492915/000114420419038849/tv526073_10q.htm,1620598381,18:13:01,20210509
7,2019-03-31,STND,USD,2019-05-10,2019-05-10 15:11:21,Q1,8287000.0,0.0,0.0,0.0,0.0,3466000.0,0.0,0.0,0.0,0.0,2163000.0,639000.0,0.0,0.0,0.0,0.32725956317123206,0.0,2712000.0,0.32725956317123206,543000.0,2169000.0,0.2617352479787619,0.47,0.46,4659335.0,4765175.0,https://www.sec.gov/Archives/edgar/data/1492915/000114420419025213/0001144204-19-025213-index.htm,https://www.sec.gov/Archives/edgar/data/1492915/000114420419014657/tv515426-10k.htm,1620598381,18:13:01,20210509
8,2018-12-31,STND,USD,2019-03-18,2019-03-18 17:01:40,Q4,8084000.0,0.0,0.0,0.0,0.0,3345000.0,0.0,0.0,0.0,0.0,2078000.0,555000.0,0.0,0.0,0.0,0.2830282038594755,0.0,2288000.0,0.2830282038594755,521000.0,1767000.0,0.21857991093518062,0.3792386681790427,0.3792386681790427,4659335.0,4659335.0,https://www.sec.gov/Archives/edgar/data/1492915/000114420419014657/0001144204-19-014657-index.htm,https://www.sec.gov/Archives/edgar/data/1492915/000114420419014657/tv515426-10k.htm,1620598381,18:13:01,20210509
9,2018-09-30,STND,USD,2018-11-09,2018-11-09 15:22:15,Q3,8426000.0,0.0,0.0,0.0,0.0,3192000.0,0.0,0.0,0.0,0.0,1936000.0,547000.0,0.0,0.0,0.0,0.3433420365535248,0.0,2893000.0,0.3433420365535248,513000.0,2380000.0,0.2824590553050083,0.51,0.5,4635129.0,4759026.0,https://www.sec.gov/Archives/edgar/data/1492915/000114420418058693/0001144204-18-058693-index.htm,https://www.sec.gov/Archives/edgar/data/1492915/000114420418058693/tv505807_10q.htm,1620598381,18:13:01,20210509
10,2018-06-30,STND,USD,2018-08-09,2018-08-09 14:36:22,Q2,8662000.0,0.0,0.0,0.0,0.0,3158000.0,0.0,0.0,0.0,0.0,1809000.0,524000.0,0.0,0.0,0.0,0.36157931193719695,0.0,3132000.0,0.36157931193719695,638000.0,2494000.0,0.28792426691295314,0.54,0.53,4629297.0,4748977.0,https://www.sec.gov/Archives/edgar/data/1492915/000114420418043216/0001144204-18-043216-index.htm,https://www.sec.gov/Archives/edgar/data/1492915/000114420418043216/tv499459_10q.htm,1620598381,18:13:01,20210509
11,2018-03-31,STND,USD,2018-05-10,2018-04-02 13:43:10,Q1,8516000.0,0.0,0.0,0.0,0.0,3692000.0,0.0,0.0,0.0,0.0,1631000.0,562000.0,0.0,0.0,0.0,0.3212775951150775,0.0,2736000.0,0.3212775951150775,576000.0,2160000.0,0.25364020666979803,0.47,0.46,4622384.0,4738280.0,https://www.sec.gov/Archives/edgar/data/1492915/000114420418026929/0001144204-18-026929-index.htm,https://www.sec.gov/Archives/edgar/data/1492915/000114420418018509/tv489066-10k.htm,1620598381,18:13:01,20210509
12,2017-12-31,STND,USD,2018-04-02,2018-04-02 13:43:10,Q4,8386000.0,0.0,0.0,0.0,0.0,2885000.0,0.0,0.0,0.0,0.0,1514000.0,1079000.0,0.0,0.0,0.0,0.31349868829000715,0.0,2629000.0,0.31349868829000715,1188000.0,1441000.0,0.17183400906272359,0.3117438966559247,0.3117438966559247,4622384.0,4622384.0,https://www.sec.gov/Archives/edgar/data/1492915/000114420418018509/0001144204-18-018509-index.htm,https://www.sec.gov/Archives/edgar/data/1492915/000114420418018509/tv489066-10k.htm,1620598381,18:13:01,20210509
13,2017-09-30,STND,USD,2017-11-14,2017-11-14 14:01:50,Q3,8661000.0,0.0,0.0,0.0,0.0,3636000.0,0.0,0.0,0.0,0.0,1446000.0,230000.0,3028000.0,0.3496132086364161,2798000.0,0.32305738367394066,0.0,2798000.0,0.32305738367394066,862000.0,1936000.0,0.22353077011892392,0.42,0.41,4601607.0,4735708.0,https://www.sec.gov/Archives/edgar/data/1492915/000114420417058843/0001144204-17-058843-index.htm,https://www.sec.gov/Archives/edgar/data/1492915/000114420417058843/tv478736_10q.htm,1620598381,18:13:01,20210509
14,2017-06-30,STND,USD,2017-08-14,2017-08-14 15:11:33,Q2,8269000.0,0.0,0.0,0.0,0.0,3095000.0,0.0,0.0,0.0,0.0,1256000.0,76000.0,601000.0,0.07268109807715564,525000.0,0.06349014391099286,0.0,525000.0,0.06349014391099286,140000.0,385000.0,0.04655943886806144,0.09,0.08,4427698.0,4544580.0,https://www.sec.gov/Archives/edgar/data/1492915/000157104917007472/0001571049-17-007472-index.htm,https://www.sec.gov/Archives/edgar/data/1492915/000157104917007472/t1702359_10q.htm,1620598381,18:13:01,20210509
15,2017-03-31,STND,USD,2017-05-15,2017-05-15 11:12:16,Q1,3811000.0,0.0,0.0,0.0,0.0,1903000.0,0.0,0.0,0.0,0.0,860000.0,198000.0,1033000.0,0.2710574652322225,835000.0,0.21910259774337446,0.0,835000.0,0.21910259774337446,272000.0,563000.0,0.14773025452637104,0.23304629590918893,0.22524549959091736,2415829.0,2499495.0,https://www.sec.gov/Archives/edgar/data/1492915/000157104917004993/0001571049-17-004993-index.htm,https://www.sec.gov/Archives/edgar/data/1492915/000157104917004993/t1701373_10q.htm,1620598381,18:13:01,20210509
16,2016-12-31,STND,USD,2017-09-29,2017-09-29 09:55:57,Q4,3918000.0,0.0,0.0,0.0,0.0,1742000.0,0.0,0.0,0.0,0.0,879000.0,115000.0,1068000.0,0.2725880551301684,953000.0,0.24323634507401737,0.0,953000.0,0.24323634507401737,394000.0,559000.0,0.14267483409903012,0.23356598009132054,0.22624278724638244,2393328.0,2470797.0,https://www.sec.gov/Archives/edgar/data/1492915/000157104917008047/0001571049-17-008047-index.htm,https://www.sec.gov/Archives/edgar/data/1492915/000110465913091099/a13-21665_110k.htm,1620598381,18:13:01,20210509
17,2016-09-30,STND,USD,2016-09-30,2016-09-30,Q3,3871000.0,0.0,0.0,0.0,0.0,1749000.0,0.0,0.0,0.0,0.0,882000.0,152000.0,624000.0,0.161198656677861,472000.0,0.12193231723068974,0.0,472000.0,0.12193231723068974,71000.0,401000.0,0.10359080340997158,0.16754911988661814,0.16754911988661814,2393328.0,2393328.0,,,1620598381,18:13:01,20210509
18,2016-06-30,STND,USD,2016-06-30,2016-06-30,Q2,3781000.0,0.0,0.0,0.0,0.0,1793000.0,0.0,0.0,0.0,0.0,873000.0,-37000.0,1173000.0,0.31023538746363394,1210000.0,0.32002115842369744,0.0,1210000.0,0.32002115842369744,344000.0,866000.0,0.2290399365247289,0.37,0.36,2358863.0,2436749.0,,,1620598381,18:13:01,20210509
19,2016-03-31,STND,USD,2016-03-31,2016-03-31,Q1,3860000.0,0.0,0.0,0.0,0.0,1822000.0,0.0,0.0,0.0,0.0,861000.0,70000.0,1378000.0,0.35699481865284977,1308000.0,0.338860103626943,0.0,1308000.0,0.338860103626943,406000.0,902000.0,0.23367875647668393,0.37,0.36,2409780.0,2497336.0,,,1620598381,18:13:01,20210509
20,2015-12-31,STND,USD,2015-12-31,2015-12-31,Q4,3827000.0,0.0,0.0,0.0,0.0,1829000.0,0.0,0.0,0.0,0.0,832000.0,68000.0,1306000.0,0.3412594721714136,1238000.0,0.323490985105827,0.0,1238000.0,0.323490985105827,372000.0,866000.0,0.22628690880585314,0.34,0.33,2547021.0,2642299.0,,,1620598381,18:13:01,20210509
21,2015-09-30,STND,USD,2015-09-30,2015-09-30,Q3,4055000.0,0.0,0.0,0.0,0.0,1786000.0,0.0,0.0,0.0,0.0,841000.0,238000.0,1655000.0,0.4081381011097411,1417000.0,0.3494451294697904,0.0,1417000.0,0.3494451294697904,449000.0,968000.0,0.23871763255240444,0.3847555709069142,0.3753135205532618,2515883.0,2579177.0,,,1620598381,18:13:01,20210509
22,2015-06-30,STND,USD,2015-06-30,2015-06-30,Q4,3802000.0,0.0,0.0,0.0,0.0,1819000.0,0.0,0.0,0.0,0.0,828000.0,92000.0,1281000.0,0.33692793266701737,1189000.0,0.31273014203051025,0.0,1189000.0,0.31273014203051025,327000.0,862000.0,0.22672277748553393,0.34,0.33,2521877.0,2575217.0,,,1620598381,18:13:01,20210509
23,2015-03-31,STND,USD,2015-03-31,2015-03-31,Q3,3834000.0,0.0,0.0,0.0,0.0,1805000.0,0.0,0.0,0.0,0.0,779000.0,0.0,0.0,0.0,1171000.0,0.30542514345331245,0.0,1171000.0,0.30542514345331245,362000.0,809000.0,0.21100678142931664,0.32,0.31,2530570.0,2581497.0,,,1620598381,18:13:01,20210509
24,2014-12-31,STND,USD,2014-12-31,2014-12-31,Q2,3848000.0,0.0,0.0,0.0,0.0,1776000.0,0.0,0.0,0.0,0.0,791000.0,0.0,0.0,0.0,1228000.0,0.3191268191268191,0.0,1228000.0,0.3191268191268191,333000.0,895000.0,0.23258835758835758,0.35,0.34,2549736.0,2609845.0,,,1620598381,18:13:01,20210509
25,2014-09-30,STND,USD,2014-09-30,2014-09-30,Q2,3737000.0,0.0,0.0,0.0,0.0,1762000.0,0.0,0.0,0.0,0.0,863000.0,910000.0,0.0,0.0,0.0,0.3261974846133262,0.0,1219000.0,0.3261974846133262,366000.0,853000.0,0.22825796093122827,0.33,0.32,2579353.0,2627792.0,,,1620598381,18:13:01,20210509
26,2014-06-30,STND,USD,2014-06-30,2014-06-30,Q4,3658000.0,0.0,0.0,0.0,0.0,1743000.0,0.0,0.0,0.0,0.0,850000.0,0.0,0.0,0.0,1221000.0,0.33378895571350464,0.0,1221000.0,0.33378895571350464,375000.0,846000.0,0.23127392017495899,0.32,0.32,2618255.0,2641490.0,,,1620598381,18:13:01,20210509
27,2013-09-30,STND,USD,2013-12-19,2013-12-19 09:35:26,Q1,3608000.0,0.0,0.0,0.0,0.0,1704000.0,0.0,0.0,0.0,0.0,910000.0,200000.0,1138000.0,0.31541019955654104,938000.0,0.25997782705099776,0.0,938000.0,0.25997782705099776,253000.0,685000.0,0.18985587583148558,0.23715133128448432,0.23715133128448432,2888451.0,2888451.0,https://www.sec.gov/Archives/edgar/data/1492915/000110465913091099/0001104659-13-091099-index.htm,https://www.sec.gov/Archives/edgar/data/1492915/000110465913091099/a13-21665_110k.htm,1620598381,18:13:01,20210509
28,2013-06-30,STND,USD,2013-08-08,2013-08-08 08:01:00,Q4,3657000.0,0.0,0.0,0.0,0.0,1700000.0,0.0,0.0,0.0,0.0,934000.0,211000.0,1177000.0,0.32184850970741047,966000.0,0.2641509433962264,0.0,966000.0,0.2641509433962264,244000.0,722000.0,0.19742958709324582,0.2499609652370769,0.24819431758766122,2888451.0,2909011.0,https://www.sec.gov/Archives/edgar/data/1492915/000110465913061333/0001104659-13-061333-index.htm,https://www.sec.gov/Archives/edgar/data/1492915/000110465913061333/a13-14003_110q.htm,1620598381,18:13:01,20210509
29,2013-03-31,STND,USD,2013-05-09,2013-05-09 09:36:11,Q3,3728000.0,0.0,0.0,0.0,0.0,1786000.0,0.0,0.0,0.0,0.0,962000.0,233000.0,1132000.0,0.30364806866952787,899000.0,0.2411480686695279,0.0,899000.0,0.2411480686695279,178000.0,721000.0,0.19340128755364808,0.23710873359271692,0.23595147842745703,3040799.0,3055713.0,https://www.sec.gov/Archives/edgar/data/1492915/000110465913039307/0001104659-13-039307-index.htm,https://www.sec.gov/Archives/edgar/data/1492915/000110465913039307/a13-10078_110q.htm,1620598381,18:13:01,20210509
30,2012-12-31,STND,USD,2013-02-07,2013-02-07 08:43:19,Q2,3726000.0,0.0,0.0,0.0,0.0,1699000.0,0.0,0.0,0.0,0.0,1018000.0,231000.0,1287000.0,0.34541062801932365,1056000.0,0.2834138486312399,0.0,1056000.0,0.2834138486312399,302000.0,754000.0,0.202361782071927,0.24,0.24,3100604.0,3100604.0,https://www.sec.gov/Archives/edgar/data/1492915/000110465913008234/0001104659-13-008234-index.htm,https://www.sec.gov/Archives/edgar/data/1492915/000104746912011340/a2212161z10-k.htm,1620598381,18:13:01,20210509
31,2012-09-30,STND,USD,2012-12-20,2012-12-20 09:00:51,Q1,3771000.0,0.0,0.0,0.0,0.0,3673000.0,0.0,0.0,0.0,0.0,1043000.0,385000.0,1215000.0,0.3221957040572792,830000.0,0.22010076902678335,0.0,830000.0,0.22010076902678335,251000.0,579000.0,0.15354017501988862,0.18673780979447877,0.18673780979447877,3100604.0,3100604.0,https://www.sec.gov/Archives/edgar/data/1492915/000104746912011340/0001047469-12-011340-index.htm,https://www.sec.gov/Archives/edgar/data/1492915/000104746912011340/a2212161z10-k.htm,1620598381,18:13:01,20210509
32,2012-06-30,STND,USD,2012-08-09,2012-08-09 08:01:39,Q4,3822000.0,0.0,0.0,0.0,0.0,1693000.0,0.0,0.0,0.0,0.0,1091000.0,147000.0,1218000.0,0.31868131868131866,1071000.0,0.2802197802197802,0.0,1071000.0,0.2802197802197802,307000.0,764000.0,0.1998953427524856,0.24,0.24,3158685.0,3158685.0,https://www.sec.gov/Archives/edgar/data/1492915/000110465912056212/0001104659-12-056212-index.htm,https://www.sec.gov/Archives/edgar/data/1492915/000110465912056212/a12-16465_110q.htm,1620598381,18:13:01,20210509
33,2012-03-31,STND,USD,2012-05-10,2012-05-10 13:45:08,Q3,3863000.0,0.0,0.0,0.0,0.0,1720000.0,0.0,0.0,0.0,0.0,1102000.0,147000.0,1198000.0,0.3101216670981103,1051000.0,0.2720683406678747,0.0,1051000.0,0.2720683406678747,269000.0,782000.0,0.20243334196220553,0.25,0.25,3159423.0,3159423.0,https://www.sec.gov/Archives/edgar/data/1492915/000119312512224807/0001193125-12-224807-index.htm,https://www.sec.gov/Archives/edgar/data/1492915/000119312512224807/d332809d10q.htm,1620598381,18:13:01,20210509
34,2011-12-31,STND,USD,2012-02-08,2012-02-08 12:31:44,Q2,3910000.0,0.0,0.0,0.0,0.0,1671000.0,0.0,0.0,0.0,0.0,1125000.0,148000.0,0.0,0.0,0.0,0.30485933503836316,0.0,1192000.0,0.30485933503836316,361000.0,831000.0,0.21253196930946291,0.26,0.26,3202124.0,3202124.0,https://www.sec.gov/Archives/edgar/data/1492915/000119312512045798/0001193125-12-045798-index.htm,https://www.sec.gov/Archives/edgar/data/1492915/000119312511341620/d226783d10k.htm,1620598381,18:13:01,20210509
35,2011-09-30,STND,USD,2011-12-15,2011-12-15 08:26:18,Q1,3904000.0,0.0,0.0,0.0,0.0,2103000.0,0.0,0.0,0.0,0.0,1155000.0,144000.0,1224000.0,0.3135245901639344,1080000.0,0.2766393442622951,0.0,1080000.0,0.2766393442622951,347000.0,733000.0,0.1877561475409836,0.22891056061539153,0.22891056061539153,3202124.0,3202124.0,https://www.sec.gov/Archives/edgar/data/1492915/000119312511341620/0001193125-11-341620-index.htm,https://www.sec.gov/Archives/edgar/data/1492915/000119312511341620/d226783d10k.htm,1620598381,18:13:01,20210509
36,2011-06-30,STND,USD,2011-08-10,2011-08-10 08:58:08,Q4,4047000.0,0.0,0.0,0.0,0.0,2087000.0,0.0,0.0,0.0,0.0,1192000.0,143000.0,1377000.0,0.3402520385470719,1234000.0,0.3049172226340499,0.0,1234000.0,0.3049172226340499,389000.0,845000.0,0.20879663948603905,0.26,0.26,3250000.0,3250000.0,https://www.sec.gov/Archives/edgar/data/1492915/000119312511217496/0001193125-11-217496-index.htm,https://www.sec.gov/Archives/edgar/data/1492915/000119312511217496/d10q.htm,1620598381,18:13:01,20210509
37,2011-03-31,STND,USD,2011-05-11,2011-05-11 13:03:06,Q3,3946000.0,0.0,0.0,0.0,0.0,1637000.0,0.0,0.0,0.0,0.0,1232000.0,140000.0,1300000.0,0.3294475418144957,1160000.0,0.2939685757729346,0.0,1160000.0,0.2939685757729346,332000.0,828000.0,0.20983274201723265,0.26,0.26,3184615.0,3184615.0,https://www.sec.gov/Archives/edgar/data/1492915/000095012311048780/0000950123-11-048780-index.htm,https://www.sec.gov/Archives/edgar/data/1492915/000095012311048780/l42677e10vq.htm,1620598381,18:13:01,20210509
38,2010-12-31,STND,USD,2011-02-11,2011-02-11 09:10:35,Q2,3929000.0,0.0,0.0,0.0,0.0,1482000.0,0.0,0.0,0.0,0.0,1339000.0,137000.0,25000.0,0.006362942224484602,-112000.0,-0.028505981165691016,0.0,-112000.0,-0.028505981165691016,-130000.0,18000.0,0.004581318401628913,0.005175,0.005175,3478173.0,3478173.0,https://www.sec.gov/Archives/edgar/data/1492915/000095012311012359/0000950123-11-012359-index.htm,https://www.sec.gov/Archives/edgar/data/1492915/000095012311012359/l41818e10vq.htm,1620598381,18:13:01,20210509
39,2010-09-30,STND,USD,2010-09-30,2010-09-30,Q3,3627000.0,0.0,0.0,0.0,0.0,-503000.0,0.0,0.0,0.0,0.0,1403000.0,237000.0,1106000.0,0.3049352081610146,869000.0,0.23959194926936864,0.0,869000.0,0.23959194926936864,230000.0,639000.0,0.1761786600496278,0.0,0.0,0.0,0.0,,,1620598381,18:13:01,20210509
40,2010-06-30,STND,USD,2010-06-30,2010-06-30,Q4,3655000.0,0.0,0.0,0.0,0.0,1955000.0,0.0,0.0,0.0,0.0,1470000.0,86000.0,1170000.0,0.320109439124487,1084000.0,0.2965800273597811,0.0,1084000.0,0.2965800273597811,347000.0,737000.0,0.20164158686730507,0.211893,0.211893,3478173.0,3478173.0,,,1620598381,18:13:01,20210509
41,2010-03-31,STND,USD,2010-03-31,2010-03-31,Q3,3483000.0,0.0,0.0,0.0,0.0,1567000.0,0.0,0.0,0.0,0.0,1623000.0,99000.0,1107000.0,0.3178294573643411,1008000.0,0.28940568475452194,0.0,1008000.0,0.28940568475452194,324000.0,684000.0,0.19638242894056848,0.196655,0.196655,3478173.0,3478173.0,,,1620598381,18:13:01,20210509
42,2009-12-31,STND,USD,2009-12-31,2009-12-31,Q2,3455000.0,0.0,0.0,0.0,0.0,1239000.0,0.0,0.0,0.0,0.0,1750000.0,149000.0,1481000.0,0.42865412445730827,1332000.0,0.38552821997105646,0.0,1332000.0,0.38552821997105646,477000.0,855000.0,0.24746743849493488,0.245819,0.245819,3478173.0,3478173.0,,,1620598381,18:13:01,20210509
