,date,symbol,reportedCurrency,fillingDate,acceptedDate,period,revenue,costOfRevenue,grossProfit,grossProfitRatio,researchAndDevelopmentExpenses,generalAndAdministrativeExpenses,sellingAndMarketingExpenses,otherExpenses,operatingExpenses,costAndExpenses,interestExpense,depreciationAndAmortization,ebitda,ebitdaratio,operatingIncome,operatingIncomeRatio,totalOtherIncomeExpensesNet,incomeBeforeTax,incomeBeforeTaxRatio,incomeTaxExpense,netIncome,netIncomeRatio,eps,epsdiluted,weightedAverageShsOut,weightedAverageShsOutDil,link,finalLink,timestamp,est_time,est_date
0,2019-06-30,JEL.L,GBP,2019-06-30,2019-06-30,Q2,27573500.0,17320500.0,10253000.0,0.3718425299653653,0.0,3869500.0,2722750.0,0.0,6592250.0,23725250.0,341250.0,2901000.0,6749250.0,0.24477306109126518,3848250.0,0.13956334886757213,0.0,3705000.0,0.13436814332601954,742250.0,2943250.0,0.10674198052477922,0.09605,0.09605,30642894.0,30642894.0,https://find-and-update.company-information.service.gov.uk/search/companies?q=Jersey+Electricity+PLC,https://find-and-update.company-information.service.gov.uk/search/companies?q=Jersey+Electricity+PLC,1620593902,16:58:22,20210509
1,2019-03-31,JEL.L,GBP,2019-03-31,2019-03-31,Q1,27573500.0,17320500.0,10253000.0,0.3718425299653653,0.0,3869500.0,2722750.0,0.0,6592250.0,23725250.0,341250.0,2901000.0,6749250.0,0.24477306109126518,3848250.0,0.13956334886757213,0.0,3705000.0,0.13436814332601954,742250.0,2943250.0,0.10674198052477922,0.09605,0.09605,30642894.0,30642894.0,https://find-and-update.company-information.service.gov.uk/search/companies?q=Jersey+Electricity+PLC,https://find-and-update.company-information.service.gov.uk/search/companies?q=Jersey+Electricity+PLC,1620593902,16:58:22,20210509
2,2019-01-31,JEL.L,GBP,2019-01-31,2019-01-31,Q1,27573500.0,17320500.0,10253000.0,0.3718425299653653,0.0,3869500.0,2722750.0,0.0,6592250.0,23725250.0,341250.0,2901000.0,6749250.0,0.24477306109126518,3848250.0,0.13956334886757213,0.0,3705000.0,0.13436814332601954,742250.0,2943250.0,0.10674198052477922,0.09605,0.09605,30642894.0,30642894.0,https://find-and-update.company-information.service.gov.uk/search/companies?q=Jersey+Electricity+PLC,https://find-and-update.company-information.service.gov.uk/search/companies?q=Jersey+Electricity+PLC,1620593902,16:58:22,20210509
3,2018-06-30,JEL.L,GBP,2018-06-30,2018-06-30,Q2,26468500.0,16277500.0,10191000.0,0.38502370742580805,0.0,3129500.0,2965500.0,0.0,6095000.0,22372500.0,344250.0,2810500.0,6906500.0,0.2609328069214349,4096000.0,0.15474998583221566,0.0,3836250.0,0.14493643387422786,788000.0,3028750.0,0.1144284715794246,0.09885,0.09885,30639858.0,30639858.0,https://find-and-update.company-information.service.gov.uk/search/companies?q=Jersey+Electricity+PLC,https://find-and-update.company-information.service.gov.uk/search/companies?q=Jersey+Electricity+PLC,1620593902,16:58:22,20210509
4,2018-03-31,JEL.L,GBP,2018-03-31,2018-03-31,Q1,26468500.0,16277500.0,10191000.0,0.38502370742580805,0.0,3129500.0,2965500.0,0.0,6095000.0,22372500.0,344250.0,2810500.0,6906500.0,0.2609328069214349,4096000.0,0.15474998583221566,0.0,3836250.0,0.14493643387422786,788000.0,3028750.0,0.1144284715794246,0.09885,0.09885,30639858.0,30639858.0,https://find-and-update.company-information.service.gov.uk/search/companies?q=Jersey+Electricity+PLC,https://find-and-update.company-information.service.gov.uk/search/companies?q=Jersey+Electricity+PLC,1620593902,16:58:22,20210509
5,2018-01-31,JEL.L,GBP,2018-01-31,2018-01-31,Q1,26468500.0,16277500.0,10191000.0,0.38502370742580805,0.0,3129500.0,2965500.0,0.0,6095000.0,22372500.0,344250.0,2810500.0,6906500.0,0.2609328069214349,4096000.0,0.15474998583221566,0.0,3836250.0,0.14493643387422786,788000.0,3028750.0,0.1144284715794246,0.09885,0.09885,30639858.0,30639858.0,https://find-and-update.company-information.service.gov.uk/search/companies?q=Jersey+Electricity+PLC,https://find-and-update.company-information.service.gov.uk/search/companies?q=Jersey+Electricity+PLC,1620593902,16:58:22,20210509
6,2017-06-30,JEL.L,GBP,2017-06-30,2017-06-30,Q2,25580000.0,15796500.0,9783500.0,0.38246677091477715,0.0,3039250.0,3055500.0,0.0,6094750.0,21891250.0,335000.0,2673750.0,6362500.0,0.24872947615324473,3688750.0,0.144204456606724,0.0,3364500.0,0.13152853792025018,708500.0,2649750.0,0.10358678655199374,0.086475,0.086475,30641804.0,30641804.0,https://find-and-update.company-information.service.gov.uk/search/companies?q=Jersey+Electricity+PLC,https://find-and-update.company-information.service.gov.uk/search/companies?q=Jersey+Electricity+PLC,1620593902,16:58:22,20210509
7,2017-03-31,JEL.L,GBP,2017-03-31,2017-03-31,Q1,25580000.0,15796500.0,9783500.0,0.38246677091477715,0.0,3039250.0,3055500.0,0.0,6094750.0,21891250.0,335000.0,2673750.0,6362500.0,0.24872947615324473,3688750.0,0.144204456606724,0.0,3364500.0,0.13152853792025018,708500.0,2649750.0,0.10358678655199374,0.086475,0.086475,30641804.0,30641804.0,https://find-and-update.company-information.service.gov.uk/search/companies?q=Jersey+Electricity+PLC,https://find-and-update.company-information.service.gov.uk/search/companies?q=Jersey+Electricity+PLC,1620593902,16:58:22,20210509
8,2017-01-31,JEL.L,GBP,2017-01-31,2017-01-31,Q1,25580000.0,15796500.0,9783500.0,0.38246677091477715,0.0,3039250.0,3055500.0,0.0,6094750.0,21891250.0,335000.0,2673750.0,6362500.0,0.24872947615324473,3688750.0,0.144204456606724,0.0,3364500.0,0.13152853792025018,708500.0,2649750.0,0.10358678655199374,0.086475,0.086475,30641804.0,30641804.0,https://find-and-update.company-information.service.gov.uk/search/companies?q=Jersey+Electricity+PLC,https://find-and-update.company-information.service.gov.uk/search/companies?q=Jersey+Electricity+PLC,1620593902,16:58:22,20210509
9,2016-06-30,JEL.L,GBP,2016-06-30,2016-06-30,Q2,25840250.0,16312250.0,9528000.0,0.36872708274881244,0.0,3081250.0,2793250.0,0.0,5874500.0,22186750.0,288500.0,2573750.0,6227250.0,0.2409903154961736,3653500.0,0.14138795096796664,0.0,3702000.0,0.14326486779346176,791500.0,2886750.0,0.1117152504329486,0.094225,0.094225,30636774.0,30636774.0,https://find-and-update.company-information.service.gov.uk/search/companies?q=Jersey+Electricity+PLC,https://find-and-update.company-information.service.gov.uk/search/companies?q=Jersey+Electricity+PLC,1620593902,16:58:22,20210509
10,2016-03-31,JEL.L,GBP,2016-03-31,2016-03-31,Q1,25840250.0,16312250.0,9528000.0,0.36872708274881244,0.0,3081250.0,2793250.0,0.0,5874500.0,22186750.0,288500.0,2573750.0,6227250.0,0.2409903154961736,3653500.0,0.14138795096796664,0.0,3702000.0,0.14326486779346176,791500.0,2886750.0,0.1117152504329486,0.094225,0.094225,30636774.0,30636774.0,https://find-and-update.company-information.service.gov.uk/search/companies?q=Jersey+Electricity+PLC,https://find-and-update.company-information.service.gov.uk/search/companies?q=Jersey+Electricity+PLC,1620593902,16:58:22,20210509
11,2016-01-31,JEL.L,GBP,2016-01-31,2016-01-31,Q1,25840250.0,16312250.0,9528000.0,0.36872708274881244,0.0,3081250.0,2793250.0,0.0,5874500.0,22186750.0,288500.0,2573750.0,6227250.0,0.2409903154961736,3653500.0,0.14138795096796664,0.0,3702000.0,0.14326486779346176,791500.0,2886750.0,0.1117152504329486,0.094225,0.094225,30636774.0,30636774.0,https://find-and-update.company-information.service.gov.uk/search/companies?q=Jersey+Electricity+PLC,https://find-and-update.company-information.service.gov.uk/search/companies?q=Jersey+Electricity+PLC,1620593902,16:58:22,20210509
12,2015-09-30,JEL.L,GBP,2015-09-30,2015-09-30,Q3,25119750.0,16151000.0,8968750.0,0.3570397794564038,0.0,2656250.0,2826500.0,0.0,5482750.0,21633750.0,388750.0,2481500.0,5967500.0,0.23756207764806578,3486000.0,0.1387752664735915,0.0,3292250.0,0.13106221200449844,599250.0,2681250.0,0.10673872152390051,8.75,8.75,30640000.0,30640000.0,https://find-and-update.company-information.service.gov.uk/search/companies?q=Jersey+Electricity+PLC,https://find-and-update.company-information.service.gov.uk/search/companies?q=Jersey+Electricity+PLC,1620593902,16:58:22,20210509
13,2015-06-30,JEL.L,GBP,2015-06-30,2015-06-30,Q2,25119750.0,16151000.0,8968750.0,0.3570397794564038,0.0,2656250.0,2826500.0,0.0,5482750.0,21633750.0,388750.0,2481500.0,5967500.0,0.23756207764806578,3486000.0,0.1387752664735915,0.0,3292250.0,0.13106221200449844,599250.0,2681250.0,0.10673872152390051,8.75,8.75,30640000.0,30640000.0,https://find-and-update.company-information.service.gov.uk/search/companies?q=Jersey+Electricity+PLC,https://find-and-update.company-information.service.gov.uk/search/companies?q=Jersey+Electricity+PLC,1620593902,16:58:22,20210509
14,2015-03-31,JEL.L,GBP,2015-03-31,2015-03-31,Q1,25119750.0,16151000.0,8968750.0,0.3570397794564038,0.0,2656250.0,2826500.0,0.0,5482750.0,21633750.0,388750.0,2481500.0,5967500.0,0.23756207764806578,3486000.0,0.1387752664735915,0.0,3292250.0,0.13106221200449844,599250.0,2681250.0,0.10673872152390051,8.75,8.75,30640000.0,30640000.0,https://find-and-update.company-information.service.gov.uk/search/companies?q=Jersey+Electricity+PLC,https://find-and-update.company-information.service.gov.uk/search/companies?q=Jersey+Electricity+PLC,1620593902,16:58:22,20210509
15,2015-01-31,JEL.L,GBP,2015-01-31,2015-01-31,Q1,25119750.0,16151000.0,8968750.0,0.3570397794564038,0.0,2656250.0,2826500.0,0.0,5482750.0,21633750.0,388750.0,2481500.0,5967500.0,0.23756207764806578,3486000.0,0.1387752664735915,0.0,3292250.0,0.13106221200449844,599250.0,2681250.0,0.10673872152390051,8.75,8.75,30640000.0,30640000.0,https://find-and-update.company-information.service.gov.uk/search/companies?q=Jersey+Electricity+PLC,https://find-and-update.company-information.service.gov.uk/search/companies?q=Jersey+Electricity+PLC,1620593902,16:58:22,20210509
16,2014-09-30,JEL.L,GBP,2014-09-30,2014-09-30,Q3,24610750.0,17117000.0,7493750.0,0.3044909236817244,0.0,2245750.0,2774000.0,0.0,5019750.0,22136750.0,9250.0,2064750.0,4538750.0,0.18442144184959824,2474000.0,0.10052517700598315,0.0,1614000.0,0.06558109769104964,369500.0,1233000.0,0.05010005790152677,0.04025,0.04025,30633540.0,30633540.0,https://find-and-update.company-information.service.gov.uk/search/companies?q=Jersey+Electricity+PLC,https://find-and-update.company-information.service.gov.uk/search/companies?q=Jersey+Electricity+PLC,1620593902,16:58:22,20210509
17,2014-06-30,JEL.L,GBP,2014-06-30,2014-06-30,Q2,24610750.0,17117000.0,7493750.0,0.3044909236817244,0.0,2245750.0,2774000.0,0.0,5019750.0,22136750.0,9250.0,2064750.0,4538750.0,0.18442144184959824,2474000.0,0.10052517700598315,0.0,1614000.0,0.06558109769104964,369500.0,1233000.0,0.05010005790152677,0.04025,0.04025,30633540.0,30633540.0,https://find-and-update.company-information.service.gov.uk/search/companies?q=Jersey+Electricity+PLC,https://find-and-update.company-information.service.gov.uk/search/companies?q=Jersey+Electricity+PLC,1620593902,16:58:22,20210509
18,2014-03-31,JEL.L,GBP,2014-03-31,2014-03-31,Q1,24610750.0,17117000.0,7493750.0,0.3044909236817244,0.0,2245750.0,2774000.0,0.0,5019750.0,22136750.0,9250.0,2064750.0,4538750.0,0.18442144184959824,2474000.0,0.10052517700598315,0.0,1614000.0,0.06558109769104964,369500.0,1233000.0,0.05010005790152677,0.04025,0.04025,30633540.0,30633540.0,https://find-and-update.company-information.service.gov.uk/search/companies?q=Jersey+Electricity+PLC,https://find-and-update.company-information.service.gov.uk/search/companies?q=Jersey+Electricity+PLC,1620593902,16:58:22,20210509
19,2014-01-31,JEL.L,GBP,2014-01-31,2014-01-31,Q1,24610750.0,17117000.0,7493750.0,0.3044909236817244,0.0,2245750.0,2774000.0,0.0,5019750.0,22136750.0,9250.0,2064750.0,4538750.0,0.18442144184959824,2474000.0,0.10052517700598315,0.0,1614000.0,0.06558109769104964,369500.0,1233000.0,0.05010005790152677,0.04025,0.04025,30633540.0,30633540.0,https://find-and-update.company-information.service.gov.uk/search/companies?q=Jersey+Electricity+PLC,https://find-and-update.company-information.service.gov.uk/search/companies?q=Jersey+Electricity+PLC,1620593902,16:58:22,20210509
20,2013-09-30,JEL.L,GBP,2013-09-30,2013-09-30,Q3,25584500.0,18980500.0,6604000.0,0.2581250366432801,0.0,2188250.0,2679000.0,0.0,4867250.0,23847750.0,2750.0,2041500.0,3778250.0,0.14767730461803044,1736750.0,0.06788289784830659,0.0,1636000.0,0.06394496667904395,370500.0,1255500.0,0.04907268072465751,0.040975,0.040975,30640635.0,30640635.0,https://find-and-update.company-information.service.gov.uk/search/companies?q=Jersey+Electricity+PLC,https://find-and-update.company-information.service.gov.uk/search/companies?q=Jersey+Electricity+PLC,1620593902,16:58:22,20210509
21,2013-06-30,JEL.L,GBP,2013-06-30,2013-06-30,Q2,25584500.0,18980500.0,6604000.0,0.2581250366432801,0.0,2188250.0,2679000.0,0.0,4867250.0,23847750.0,2750.0,2041500.0,3778250.0,0.14767730461803044,1736750.0,0.06788289784830659,0.0,1636000.0,0.06394496667904395,370500.0,1255500.0,0.04907268072465751,0.040975,0.040975,30640635.0,30640635.0,https://find-and-update.company-information.service.gov.uk/search/companies?q=Jersey+Electricity+PLC,https://find-and-update.company-information.service.gov.uk/search/companies?q=Jersey+Electricity+PLC,1620593902,16:58:22,20210509
22,2013-03-31,JEL.L,GBP,2013-03-31,2013-03-31,Q1,25584500.0,18980500.0,6604000.0,0.2581250366432801,0.0,2188250.0,2679000.0,0.0,4867250.0,23847750.0,2750.0,2041500.0,3778250.0,0.14767730461803044,1736750.0,0.06788289784830659,0.0,1636000.0,0.06394496667904395,370500.0,1255500.0,0.04907268072465751,0.040975,0.040975,30640635.0,30640635.0,https://find-and-update.company-information.service.gov.uk/search/companies?q=Jersey+Electricity+PLC,https://find-and-update.company-information.service.gov.uk/search/companies?q=Jersey+Electricity+PLC,1620593902,16:58:22,20210509
23,2013-01-31,JEL.L,GBP,2013-01-31,2013-01-31,Q1,25584500.0,18980500.0,6604000.0,0.2581250366432801,0.0,2188250.0,2679000.0,0.0,4867250.0,23847750.0,2750.0,2041500.0,3778250.0,0.14767730461803044,1736750.0,0.06788289784830659,0.0,1636000.0,0.06394496667904395,370500.0,1255500.0,0.04907268072465751,0.040975,0.040975,30640635.0,30640635.0,https://find-and-update.company-information.service.gov.uk/search/companies?q=Jersey+Electricity+PLC,https://find-and-update.company-information.service.gov.uk/search/companies?q=Jersey+Electricity+PLC,1620593902,16:58:22,20210509
24,2012-09-30,JEL.L,GBP,2012-09-30,2012-09-30,Q3,24295500.0,17336500.0,6959000.0,0.28643164372003044,0.0,2603250.0,2621750.0,0.0,5306250.0,22561500.0,0.0,2074500.0,3808500.0,0.15675742421436067,1734000.0,0.07137124158794839,0.0,1433750.0,0.059012985943899074,449000.0,961500.0,0.03957522998086065,0.031375,0.031375,11640000.0,11640000.0,https://find-and-update.company-information.service.gov.uk/search/companies?q=Jersey+Electricity+PLC,https://find-and-update.company-information.service.gov.uk/search/companies?q=Jersey+Electricity+PLC,1620593902,16:58:22,20210509
25,2012-06-30,JEL.L,GBP,2012-06-30,2012-06-30,Q2,24295500.0,17336500.0,6959000.0,0.28643164372003044,0.0,2603250.0,2621750.0,0.0,5306250.0,22561500.0,0.0,2074500.0,3808500.0,0.15675742421436067,1734000.0,0.07137124158794839,0.0,1433750.0,0.059012985943899074,449000.0,961500.0,0.03957522998086065,0.031375,0.031375,11640000.0,11640000.0,https://find-and-update.company-information.service.gov.uk/search/companies?q=Jersey+Electricity+PLC,https://find-and-update.company-information.service.gov.uk/search/companies?q=Jersey+Electricity+PLC,1620593902,16:58:22,20210509
26,2012-03-31,JEL.L,GBP,2012-03-31,2012-03-31,Q1,24295500.0,17336500.0,6959000.0,0.28643164372003044,0.0,2603250.0,2621750.0,0.0,5306250.0,22561500.0,0.0,2074500.0,3808500.0,0.15675742421436067,1734000.0,0.07137124158794839,0.0,1433750.0,0.059012985943899074,449000.0,961500.0,0.03957522998086065,0.031375,0.031375,11640000.0,11640000.0,https://find-and-update.company-information.service.gov.uk/search/companies?q=Jersey+Electricity+PLC,https://find-and-update.company-information.service.gov.uk/search/companies?q=Jersey+Electricity+PLC,1620593902,16:58:22,20210509
27,2012-01-31,JEL.L,GBP,2012-01-31,2012-01-31,Q1,24295500.0,17336500.0,6959000.0,0.28643164372003044,0.0,2603250.0,2621750.0,0.0,5306250.0,22561500.0,0.0,2074500.0,3808500.0,0.15675742421436067,1734000.0,0.07137124158794839,0.0,1433750.0,0.059012985943899074,449000.0,961500.0,0.03957522998086065,0.031375,0.031375,11640000.0,11640000.0,https://find-and-update.company-information.service.gov.uk/search/companies?q=Jersey+Electricity+PLC,https://find-and-update.company-information.service.gov.uk/search/companies?q=Jersey+Electricity+PLC,1620593902,16:58:22,20210509
28,2011-09-30,JEL.L,GBP,2011-09-30,2011-09-30,Q3,25123500.0,17497250.0,7626250.0,0.3035504607240233,0.0,0.0,2630500.0,21500.0,271250.0,22466000.0,2750.0,2053000.0,4710500.0,0.18749378072322725,2657500.0,0.10577745935080701,0.0,2766750.0,0.11012597767030867,605750.0,2148250.0,0.08550759249308416,0.07025,0.07025,1532000.0,1532000.0,https://find-and-update.company-information.service.gov.uk/search/companies?q=Jersey+Electricity+PLC,https://find-and-update.company-information.service.gov.uk/search/companies?q=Jersey+Electricity+PLC,1620593902,16:58:22,20210509
29,2011-06-30,JEL.L,GBP,2011-06-30,2011-06-30,Q2,25123500.0,17497250.0,7626250.0,0.3035504607240233,0.0,0.0,2630500.0,21500.0,271250.0,22466000.0,2750.0,2053000.0,4710500.0,0.18749378072322725,2657500.0,0.10577745935080701,0.0,2766750.0,0.11012597767030867,605750.0,2148250.0,0.08550759249308416,0.07025,0.07025,1532000.0,1532000.0,https://find-and-update.company-information.service.gov.uk/search/companies?q=Jersey+Electricity+PLC,https://find-and-update.company-information.service.gov.uk/search/companies?q=Jersey+Electricity+PLC,1620593902,16:58:22,20210509
30,2011-03-31,JEL.L,GBP,2011-03-31,2011-03-31,Q1,25123500.0,17497250.0,7626250.0,0.3035504607240233,0.0,0.0,2630500.0,21500.0,271250.0,22466000.0,2750.0,2053000.0,4710500.0,0.18749378072322725,2657500.0,0.10577745935080701,0.0,2766750.0,0.11012597767030867,605750.0,2148250.0,0.08550759249308416,0.07025,0.07025,1532000.0,1532000.0,https://find-and-update.company-information.service.gov.uk/search/companies?q=Jersey+Electricity+PLC,https://find-and-update.company-information.service.gov.uk/search/companies?q=Jersey+Electricity+PLC,1620593902,16:58:22,20210509
31,2011-01-31,JEL.L,GBP,2011-01-31,2011-01-31,Q1,25123500.0,17497250.0,7626250.0,0.3035504607240233,0.0,0.0,2630500.0,21500.0,271250.0,22466000.0,2750.0,2053000.0,4710500.0,0.18749378072322725,2657500.0,0.10577745935080701,0.0,2766750.0,0.11012597767030867,605750.0,2148250.0,0.08550759249308416,0.07025,0.07025,1532000.0,1532000.0,https://find-and-update.company-information.service.gov.uk/search/companies?q=Jersey+Electricity+PLC,https://find-and-update.company-information.service.gov.uk/search/companies?q=Jersey+Electricity+PLC,1620593902,16:58:22,20210509
32,2010-09-30,JEL.L,GBP,2010-09-30,2010-09-30,Q3,24722250.0,17267750.0,7454500.0,0.3015299982809008,0.0,0.0,2514750.0,-6500.0,-1242500.0,20565750.0,3250.0,1999250.0,6155750.0,0.248996349442304,4156500.0,0.16812790097988653,0.0,3640000.0,0.14723578962270828,546250.0,3078750.0,0.12453356793981131,0.1005,0.1005,30640000.0,30640000.0,https://find-and-update.company-information.service.gov.uk/search/companies?q=Jersey+Electricity+PLC,https://find-and-update.company-information.service.gov.uk/search/companies?q=Jersey+Electricity+PLC,1620593902,16:58:22,20210509
33,2010-06-30,JEL.L,GBP,2010-06-30,2010-06-30,Q2,24722250.0,17267750.0,7454500.0,0.3015299982809008,0.0,0.0,2514750.0,-6500.0,-1242500.0,20565750.0,3250.0,1999250.0,6155750.0,0.248996349442304,4156500.0,0.16812790097988653,0.0,3640000.0,0.14723578962270828,546250.0,3078750.0,0.12453356793981131,0.1005,0.1005,30640000.0,30640000.0,https://find-and-update.company-information.service.gov.uk/search/companies?q=Jersey+Electricity+PLC,https://find-and-update.company-information.service.gov.uk/search/companies?q=Jersey+Electricity+PLC,1620593902,16:58:22,20210509
34,2010-03-31,JEL.L,GBP,2010-03-31,2010-03-31,Q1,24722250.0,17267750.0,7454500.0,0.3015299982809008,0.0,0.0,2514750.0,-6500.0,-1242500.0,20565750.0,3250.0,1999250.0,6155750.0,0.248996349442304,4156500.0,0.16812790097988653,0.0,3640000.0,0.14723578962270828,546250.0,3078750.0,0.12453356793981131,0.1005,0.1005,30640000.0,30640000.0,https://find-and-update.company-information.service.gov.uk/search/companies?q=Jersey+Electricity+PLC,https://find-and-update.company-information.service.gov.uk/search/companies?q=Jersey+Electricity+PLC,1620593902,16:58:22,20210509
35,2010-01-31,JEL.L,GBP,2010-01-31,2010-01-31,Q1,24722250.0,17267750.0,7454500.0,0.3015299982809008,0.0,0.0,2514750.0,-6500.0,-1242500.0,20565750.0,3250.0,1999250.0,6155750.0,0.248996349442304,4156500.0,0.16812790097988653,0.0,3640000.0,0.14723578962270828,546250.0,3078750.0,0.12453356793981131,0.1005,0.1005,30640000.0,30640000.0,https://find-and-update.company-information.service.gov.uk/search/companies?q=Jersey+Electricity+PLC,https://find-and-update.company-information.service.gov.uk/search/companies?q=Jersey+Electricity+PLC,1620593902,16:58:22,20210509
36,2009-09-30,JEL.L,GBP,2009-09-30,2009-09-30,Q3,23398500.0,16725750.0,6672750.0,0.2851785370857106,0.0,0.0,2561500.0,14750.0,-27750.0,21242000.0,2750.0,1957000.0,4113500.0,0.1758018676410881,2156500.0,0.0921640276086074,0.0,2318500.0,0.09908754834711626,508000.0,1801000.0,0.07697074598799068,0.05875,0.05875,30640000.0,30640000.0,https://find-and-update.company-information.service.gov.uk/search/companies?q=Jersey+Electricity+PLC,https://find-and-update.company-information.service.gov.uk/search/companies?q=Jersey+Electricity+PLC,1620593902,16:58:22,20210509
37,2009-06-30,JEL.L,GBP,2009-06-30,2009-06-30,Q2,23398500.0,16725750.0,6672750.0,0.2851785370857106,0.0,0.0,2561500.0,14750.0,-27750.0,21242000.0,2750.0,1957000.0,4113500.0,0.1758018676410881,2156500.0,0.0921640276086074,0.0,2318500.0,0.09908754834711626,508000.0,1801000.0,0.07697074598799068,0.05875,0.05875,30640000.0,30640000.0,https://find-and-update.company-information.service.gov.uk/search/companies?q=Jersey+Electricity+PLC,https://find-and-update.company-information.service.gov.uk/search/companies?q=Jersey+Electricity+PLC,1620593902,16:58:22,20210509
38,2009-03-31,JEL.L,GBP,2009-03-31,2009-03-31,Q1,23398500.0,16725750.0,6672750.0,0.2851785370857106,0.0,0.0,2561500.0,14750.0,-27750.0,21242000.0,2750.0,1957000.0,4113500.0,0.1758018676410881,2156500.0,0.0921640276086074,0.0,2318500.0,0.09908754834711626,508000.0,1801000.0,0.07697074598799068,0.05875,0.05875,30640000.0,30640000.0,https://find-and-update.company-information.service.gov.uk/search/companies?q=Jersey+Electricity+PLC,https://find-and-update.company-information.service.gov.uk/search/companies?q=Jersey+Electricity+PLC,1620593902,16:58:22,20210509
39,2009-01-31,JEL.L,GBP,2009-01-31,2009-01-31,Q1,23398500.0,16725750.0,6672750.0,0.2851785370857106,0.0,0.0,2561500.0,14750.0,-27750.0,21242000.0,2750.0,1957000.0,4113500.0,0.1758018676410881,2156500.0,0.0921640276086074,0.0,2318500.0,0.09908754834711626,508000.0,1801000.0,0.07697074598799068,0.05875,0.05875,30640000.0,30640000.0,https://find-and-update.company-information.service.gov.uk/search/companies?q=Jersey+Electricity+PLC,https://find-and-update.company-information.service.gov.uk/search/companies?q=Jersey+Electricity+PLC,1620593902,16:58:22,20210509
40,2008-09-30,JEL.L,GBP,2008-09-30,2008-09-30,Q3,20555500.0,13992000.0,6563500.0,0.31930626839532,0.0,0.0,2424500.0,-11500.0,106750.0,18285250.0,2750.0,1737250.0,4007500.0,0.19495998637834155,2270250.0,0.11044489309430566,0.0,2567000.0,0.12488141859842865,36500.0,2518500.0,0.1225219527620345,0.08225,0.08225,30640000.0,30640000.0,https://find-and-update.company-information.service.gov.uk/search/companies?q=Jersey+Electricity+PLC,https://find-and-update.company-information.service.gov.uk/search/companies?q=Jersey+Electricity+PLC,1620593902,16:58:22,20210509
41,2008-06-30,JEL.L,GBP,2008-06-30,2008-06-30,Q2,20555500.0,13992000.0,6563500.0,0.31930626839532,0.0,0.0,2424500.0,-11500.0,106750.0,18285250.0,2750.0,1737250.0,4007500.0,0.19495998637834155,2270250.0,0.11044489309430566,0.0,2567000.0,0.12488141859842865,36500.0,2518500.0,0.1225219527620345,0.08225,0.08225,30640000.0,30640000.0,https://find-and-update.company-information.service.gov.uk/search/companies?q=Jersey+Electricity+PLC,https://find-and-update.company-information.service.gov.uk/search/companies?q=Jersey+Electricity+PLC,1620593902,16:58:22,20210509
42,2008-03-31,JEL.L,GBP,2008-03-31,2008-03-31,Q1,20555500.0,13992000.0,6563500.0,0.31930626839532,0.0,0.0,2424500.0,-11500.0,106750.0,18285250.0,2750.0,1737250.0,4007500.0,0.19495998637834155,2270250.0,0.11044489309430566,0.0,2567000.0,0.12488141859842865,36500.0,2518500.0,0.1225219527620345,0.08225,0.08225,30640000.0,30640000.0,https://find-and-update.company-information.service.gov.uk/search/companies?q=Jersey+Electricity+PLC,https://find-and-update.company-information.service.gov.uk/search/companies?q=Jersey+Electricity+PLC,1620593902,16:58:22,20210509
43,2008-01-31,JEL.L,GBP,2008-01-31,2008-01-31,Q1,20555500.0,13992000.0,6563500.0,0.31930626839532,0.0,0.0,2424500.0,-11500.0,106750.0,18285250.0,2750.0,1737250.0,4007500.0,0.19495998637834155,2270250.0,0.11044489309430566,0.0,2567000.0,0.12488141859842865,36500.0,2518500.0,0.1225219527620345,0.08225,0.08225,30640000.0,30640000.0,https://find-and-update.company-information.service.gov.uk/search/companies?q=Jersey+Electricity+PLC,https://find-and-update.company-information.service.gov.uk/search/companies?q=Jersey+Electricity+PLC,1620593902,16:58:22,20210509
44,2007-09-30,JEL.L,GBP,2007-09-30,2007-09-30,Q3,18967750.0,13029250.0,5938500.0,0.31308405055950234,0.0,0.0,2263500.0,0.0,-392000.0,16817750.0,2750.0,1892000.0,4042000.0,0.2130985488526578,2150000.0,0.11335029194290308,0.0,2183500.0,0.11511644765457157,268500.0,1892500.0,0.0997746174427647,0.06175,0.06175,30640000.0,30640000.0,https://find-and-update.company-information.service.gov.uk/search/companies?q=Jersey+Electricity+PLC,https://find-and-update.company-information.service.gov.uk/search/companies?q=Jersey+Electricity+PLC,1620593902,16:58:22,20210509
45,2007-06-30,JEL.L,GBP,2007-06-30,2007-06-30,Q2,18967750.0,13029250.0,5938500.0,0.31308405055950234,0.0,0.0,2263500.0,0.0,-392000.0,16817750.0,2750.0,1892000.0,4042000.0,0.2130985488526578,2150000.0,0.11335029194290308,0.0,2183500.0,0.11511644765457157,268500.0,1892500.0,0.0997746174427647,0.06175,0.06175,30640000.0,30640000.0,https://find-and-update.company-information.service.gov.uk/search/companies?q=Jersey+Electricity+PLC,https://find-and-update.company-information.service.gov.uk/search/companies?q=Jersey+Electricity+PLC,1620593902,16:58:22,20210509
46,2007-03-31,JEL.L,GBP,2007-03-31,2007-03-31,Q1,18967750.0,13029250.0,5938500.0,0.31308405055950234,0.0,0.0,2263500.0,0.0,-392000.0,16817750.0,2750.0,1892000.0,4042000.0,0.2130985488526578,2150000.0,0.11335029194290308,0.0,2183500.0,0.11511644765457157,268500.0,1892500.0,0.0997746174427647,0.06175,0.06175,30640000.0,30640000.0,https://find-and-update.company-information.service.gov.uk/search/companies?q=Jersey+Electricity+PLC,https://find-and-update.company-information.service.gov.uk/search/companies?q=Jersey+Electricity+PLC,1620593902,16:58:22,20210509
47,2007-01-31,JEL.L,GBP,2007-01-31,2007-01-31,Q1,18967750.0,13029250.0,5938500.0,0.31308405055950234,0.0,0.0,2263500.0,0.0,-392000.0,16817750.0,2750.0,1892000.0,4042000.0,0.2130985488526578,2150000.0,0.11335029194290308,0.0,2183500.0,0.11511644765457157,268500.0,1892500.0,0.0997746174427647,0.06175,0.06175,30640000.0,30640000.0,https://find-and-update.company-information.service.gov.uk/search/companies?q=Jersey+Electricity+PLC,https://find-and-update.company-information.service.gov.uk/search/companies?q=Jersey+Electricity+PLC,1620593902,16:58:22,20210509
48,2006-09-30,JEL.L,GBP,2006-09-30,2006-09-30,Q3,16404250.0,10718250.0,5686000.0,0.34661749241812334,0.0,0.0,2222500.0,0.0,-323750.0,14385500.0,2250.0,1737000.0,3755750.0,0.2289498148345703,2018750.0,0.12306262096712742,0.0,1830500.0,0.11158693631223617,337750.0,1485500.0,0.09055580108813265,0.0485,0.0485,30640000.0,30640000.0,https://find-and-update.company-information.service.gov.uk/search/companies?q=Jersey+Electricity+PLC,https://find-and-update.company-information.service.gov.uk/search/companies?q=Jersey+Electricity+PLC,1620593902,16:58:22,20210509
49,2006-06-30,JEL.L,GBP,2006-06-30,2006-06-30,Q2,16404250.0,10718250.0,5686000.0,0.34661749241812334,0.0,0.0,2222500.0,0.0,-323750.0,14385500.0,2250.0,1737000.0,3755750.0,0.2289498148345703,2018750.0,0.12306262096712742,0.0,1830500.0,0.11158693631223617,337750.0,1485500.0,0.09055580108813265,0.0485,0.0485,30640000.0,30640000.0,https://find-and-update.company-information.service.gov.uk/search/companies?q=Jersey+Electricity+PLC,https://find-and-update.company-information.service.gov.uk/search/companies?q=Jersey+Electricity+PLC,1620593902,16:58:22,20210509
50,2006-03-31,JEL.L,GBP,2006-03-31,2006-03-31,Q1,16404250.0,10718250.0,5686000.0,0.34661749241812334,0.0,0.0,2222500.0,0.0,-323750.0,14385500.0,2250.0,1737000.0,3755750.0,0.2289498148345703,2018750.0,0.12306262096712742,0.0,1830500.0,0.11158693631223617,337750.0,1485500.0,0.09055580108813265,0.0485,0.0485,30640000.0,30640000.0,https://find-and-update.company-information.service.gov.uk/search/companies?q=Jersey+Electricity+PLC,https://find-and-update.company-information.service.gov.uk/search/companies?q=Jersey+Electricity+PLC,1620593902,16:58:22,20210509
51,2006-01-31,JEL.L,GBP,2006-01-31,2006-01-31,Q1,16404250.0,10718250.0,5686000.0,0.34661749241812334,0.0,0.0,2222500.0,0.0,-323750.0,14385500.0,2250.0,1737000.0,3755750.0,0.2289498148345703,2018750.0,0.12306262096712742,0.0,1830500.0,0.11158693631223617,337750.0,1485500.0,0.09055580108813265,0.0485,0.0485,30640000.0,30640000.0,https://find-and-update.company-information.service.gov.uk/search/companies?q=Jersey+Electricity+PLC,https://find-and-update.company-information.service.gov.uk/search/companies?q=Jersey+Electricity+PLC,1620593902,16:58:22,20210509
52,2005-09-30,JEL.L,GBP,2005-09-30,2005-09-30,Q3,14024000.0,8006250.0,6017750.0,0.42910367940673133,0.0,0.0,2048250.0,89000.0,-1159250.0,10731000.0,88500.0,1803250.0,5096250.0,0.36339489446662865,3293000.0,0.23481175128351398,0.0,2633500.0,0.18778522532800912,477750.0,2147500.0,0.15313034797490016,0.04575,0.04575,11640000.0,11640000.0,https://find-and-update.company-information.service.gov.uk/search/companies?q=Jersey+Electricity+PLC,https://find-and-update.company-information.service.gov.uk/search/companies?q=Jersey+Electricity+PLC,1620593902,16:58:22,20210509
53,2005-06-30,JEL.L,GBP,2005-06-30,2005-06-30,Q2,14024000.0,8006250.0,6017750.0,0.42910367940673133,0.0,0.0,2048250.0,89000.0,-1159250.0,10731000.0,88500.0,1803250.0,5096250.0,0.36339489446662865,3293000.0,0.23481175128351398,0.0,2633500.0,0.18778522532800912,477750.0,2147500.0,0.15313034797490016,0.04575,0.04575,11640000.0,11640000.0,https://find-and-update.company-information.service.gov.uk/search/companies?q=Jersey+Electricity+PLC,https://find-and-update.company-information.service.gov.uk/search/companies?q=Jersey+Electricity+PLC,1620593902,16:58:22,20210509
54,2005-03-31,JEL.L,GBP,2005-03-31,2005-03-31,Q1,14024000.0,8006250.0,6017750.0,0.42910367940673133,0.0,0.0,2048250.0,89000.0,-1159250.0,10731000.0,88500.0,1803250.0,5096250.0,0.36339489446662865,3293000.0,0.23481175128351398,0.0,2633500.0,0.18778522532800912,477750.0,2147500.0,0.15313034797490016,0.04575,0.04575,11640000.0,11640000.0,https://find-and-update.company-information.service.gov.uk/search/companies?q=Jersey+Electricity+PLC,https://find-and-update.company-information.service.gov.uk/search/companies?q=Jersey+Electricity+PLC,1620593902,16:58:22,20210509
55,2005-01-31,JEL.L,GBP,2005-01-31,2005-01-31,Q1,14024000.0,8006250.0,6017750.0,0.42910367940673133,0.0,0.0,2048250.0,89000.0,-1159250.0,10731000.0,88500.0,1803250.0,5096250.0,0.36339489446662865,3293000.0,0.23481175128351398,0.0,2633500.0,0.18778522532800912,477750.0,2147500.0,0.15313034797490016,0.04575,0.04575,11640000.0,11640000.0,https://find-and-update.company-information.service.gov.uk/search/companies?q=Jersey+Electricity+PLC,https://find-and-update.company-information.service.gov.uk/search/companies?q=Jersey+Electricity+PLC,1620593902,16:58:22,20210509
56,2004-09-30,JEL.L,GBP,2004-09-30,2004-09-30,Q3,14228250.0,8009750.0,6218500.0,0.4370530458770404,0.0,0.0,0.0,492250.0,1827750.0,11815250.0,37250.0,1938000.0,4351000.0,0.30580008082511906,2413000.0,0.16959218456240227,0.0,1371500.0,0.09639273979582873,439750.0,921250.0,0.06474794862333738,0.03,0.03,11640000.0,11640000.0,https://find-and-update.company-information.service.gov.uk/search/companies?q=Jersey+Electricity+PLC,https://find-and-update.company-information.service.gov.uk/search/companies?q=Jersey+Electricity+PLC,1620593902,16:58:22,20210509
57,2004-06-30,JEL.L,GBP,2004-06-30,2004-06-30,Q2,14228250.0,8009750.0,6218500.0,0.4370530458770404,0.0,0.0,0.0,492250.0,1827750.0,11815250.0,37250.0,1938000.0,4351000.0,0.30580008082511906,2413000.0,0.16959218456240227,0.0,1371500.0,0.09639273979582873,439750.0,921250.0,0.06474794862333738,0.03,0.03,11640000.0,11640000.0,https://find-and-update.company-information.service.gov.uk/search/companies?q=Jersey+Electricity+PLC,https://find-and-update.company-information.service.gov.uk/search/companies?q=Jersey+Electricity+PLC,1620593902,16:58:22,20210509
58,2004-03-31,JEL.L,GBP,2004-03-31,2004-03-31,Q1,14228250.0,8009750.0,6218500.0,0.4370530458770404,0.0,0.0,0.0,492250.0,1827750.0,11815250.0,37250.0,1938000.0,4351000.0,0.30580008082511906,2413000.0,0.16959218456240227,0.0,1371500.0,0.09639273979582873,439750.0,921250.0,0.06474794862333738,0.03,0.03,11640000.0,11640000.0,https://find-and-update.company-information.service.gov.uk/search/companies?q=Jersey+Electricity+PLC,https://find-and-update.company-information.service.gov.uk/search/companies?q=Jersey+Electricity+PLC,1620593902,16:58:22,20210509
59,2004-01-31,JEL.L,GBP,2004-01-31,2004-01-31,Q1,14228250.0,8009750.0,6218500.0,0.4370530458770404,0.0,0.0,0.0,492250.0,1827750.0,11815250.0,37250.0,1938000.0,4351000.0,0.30580008082511906,2413000.0,0.16959218456240227,0.0,1371500.0,0.09639273979582873,439750.0,921250.0,0.06474794862333738,0.03,0.03,11640000.0,11640000.0,https://find-and-update.company-information.service.gov.uk/search/companies?q=Jersey+Electricity+PLC,https://find-and-update.company-information.service.gov.uk/search/companies?q=Jersey+Electricity+PLC,1620593902,16:58:22,20210509
60,2003-09-30,JEL.L,GBP,2003-09-30,2003-09-30,Q3,14813250.0,8633000.0,6180250.0,0.41721094290584443,0.0,0.0,0.0,0.0,2194500.0,12939250.0,17250.0,2059250.0,3933250.0,0.2655224208056976,1874000.0,0.12650836244578334,0.0,1302250.0,0.0879111606163401,442750.0,843000.0,0.05690851096147031,0.0275,0.0275,11640000.0,11640000.0,https://find-and-update.company-information.service.gov.uk/search/companies?q=Jersey+Electricity+PLC,https://find-and-update.company-information.service.gov.uk/search/companies?q=Jersey+Electricity+PLC,1620593902,16:58:22,20210509
61,2003-06-30,JEL.L,GBP,2003-06-30,2003-06-30,Q2,14813250.0,8633000.0,6180250.0,0.41721094290584443,0.0,0.0,0.0,0.0,2194500.0,12939250.0,17250.0,2059250.0,3933250.0,0.2655224208056976,1874000.0,0.12650836244578334,0.0,1302250.0,0.0879111606163401,442750.0,843000.0,0.05690851096147031,0.0275,0.0275,11640000.0,11640000.0,https://find-and-update.company-information.service.gov.uk/search/companies?q=Jersey+Electricity+PLC,https://find-and-update.company-information.service.gov.uk/search/companies?q=Jersey+Electricity+PLC,1620593902,16:58:22,20210509
62,2003-03-31,JEL.L,GBP,2003-03-31,2003-03-31,Q1,14813250.0,8633000.0,6180250.0,0.41721094290584443,0.0,0.0,0.0,0.0,2194500.0,12939250.0,17250.0,2059250.0,3933250.0,0.2655224208056976,1874000.0,0.12650836244578334,0.0,1302250.0,0.0879111606163401,442750.0,843000.0,0.05690851096147031,0.0275,0.0275,11640000.0,11640000.0,https://find-and-update.company-information.service.gov.uk/search/companies?q=Jersey+Electricity+PLC,https://find-and-update.company-information.service.gov.uk/search/companies?q=Jersey+Electricity+PLC,1620593902,16:58:22,20210509
63,2003-01-31,JEL.L,GBP,2003-01-31,2003-01-31,Q1,14813250.0,8633000.0,6180250.0,0.41721094290584443,0.0,0.0,0.0,0.0,2194500.0,12939250.0,17250.0,2059250.0,3933250.0,0.2655224208056976,1874000.0,0.12650836244578334,0.0,1302250.0,0.0879111606163401,442750.0,843000.0,0.05690851096147031,0.0275,0.0275,11640000.0,11640000.0,https://find-and-update.company-information.service.gov.uk/search/companies?q=Jersey+Electricity+PLC,https://find-and-update.company-information.service.gov.uk/search/companies?q=Jersey+Electricity+PLC,1620593902,16:58:22,20210509
64,2002-09-30,JEL.L,GBP,2002-09-30,2002-09-30,Q3,15087750.0,9377500.0,5710250.0,0.37846928799854185,0.0,0.0,0.0,0.0,2260500.0,13617000.0,63000.0,1919000.0,3389750.0,0.22466901956885552,1470750.0,0.09747974350052195,0.0,393250.0,0.026064191148448244,195500.0,187500.0,0.012427300293284286,0.006125,0.006125,30640000.0,30640000.0,https://find-and-update.company-information.service.gov.uk/search/companies?q=Jersey+Electricity+PLC,https://find-and-update.company-information.service.gov.uk/search/companies?q=Jersey+Electricity+PLC,1620593902,16:58:22,20210509
65,2002-06-30,JEL.L,GBP,2002-06-30,2002-06-30,Q2,15087750.0,9377500.0,5710250.0,0.37846928799854185,0.0,0.0,0.0,0.0,2260500.0,13617000.0,63000.0,1919000.0,3389750.0,0.22466901956885552,1470750.0,0.09747974350052195,0.0,393250.0,0.026064191148448244,195500.0,187500.0,0.012427300293284286,0.006125,0.006125,30640000.0,30640000.0,https://find-and-update.company-information.service.gov.uk/search/companies?q=Jersey+Electricity+PLC,https://find-and-update.company-information.service.gov.uk/search/companies?q=Jersey+Electricity+PLC,1620593902,16:58:22,20210509
66,2002-03-31,JEL.L,GBP,2002-03-31,2002-03-31,Q1,15087750.0,9377500.0,5710250.0,0.37846928799854185,0.0,0.0,0.0,0.0,2260500.0,13617000.0,63000.0,1919000.0,3389750.0,0.22466901956885552,1470750.0,0.09747974350052195,0.0,393250.0,0.026064191148448244,195500.0,187500.0,0.012427300293284286,0.006125,0.006125,30640000.0,30640000.0,https://find-and-update.company-information.service.gov.uk/search/companies?q=Jersey+Electricity+PLC,https://find-and-update.company-information.service.gov.uk/search/companies?q=Jersey+Electricity+PLC,1620593902,16:58:22,20210509
67,2002-01-31,JEL.L,GBP,2002-01-31,2002-01-31,Q1,15087750.0,9377500.0,5710250.0,0.37846928799854185,0.0,0.0,0.0,0.0,2260500.0,13617000.0,63000.0,1919000.0,3389750.0,0.22466901956885552,1470750.0,0.09747974350052195,0.0,393250.0,0.026064191148448244,195500.0,187500.0,0.012427300293284286,0.006125,0.006125,30640000.0,30640000.0,https://find-and-update.company-information.service.gov.uk/search/companies?q=Jersey+Electricity+PLC,https://find-and-update.company-information.service.gov.uk/search/companies?q=Jersey+Electricity+PLC,1620593902,16:58:22,20210509
68,2001-09-30,JEL.L,GBP,2001-09-30,2001-09-30,Q3,15088750.0,9151750.0,5937000.0,0.39347195758429293,0.0,0.0,0.0,-16250.0,2653000.0,13735750.0,122250.0,1871250.0,3224250.0,0.21368569298318282,1353000.0,0.08966945572032144,0.0,883000.0,0.05852042084334355,347500.0,608000.0,0.040294921713196916,0.01975,0.01975,30640000.0,30640000.0,https://find-and-update.company-information.service.gov.uk/search/companies?q=Jersey+Electricity+PLC,https://find-and-update.company-information.service.gov.uk/search/companies?q=Jersey+Electricity+PLC,1620593902,16:58:22,20210509
69,2001-06-30,JEL.L,GBP,2001-06-30,2001-06-30,Q2,15088750.0,9151750.0,5937000.0,0.39347195758429293,0.0,0.0,0.0,-16250.0,2653000.0,13735750.0,122250.0,1871250.0,3224250.0,0.21368569298318282,1353000.0,0.08966945572032144,0.0,883000.0,0.05852042084334355,347500.0,608000.0,0.040294921713196916,0.01975,0.01975,30640000.0,30640000.0,https://find-and-update.company-information.service.gov.uk/search/companies?q=Jersey+Electricity+PLC,https://find-and-update.company-information.service.gov.uk/search/companies?q=Jersey+Electricity+PLC,1620593902,16:58:22,20210509
70,2001-03-31,JEL.L,GBP,2001-03-31,2001-03-31,Q1,15088750.0,9151750.0,5937000.0,0.39347195758429293,0.0,0.0,0.0,-16250.0,2653000.0,13735750.0,122250.0,1871250.0,3224250.0,0.21368569298318282,1353000.0,0.08966945572032144,0.0,883000.0,0.05852042084334355,347500.0,608000.0,0.040294921713196916,0.01975,0.01975,30640000.0,30640000.0,https://find-and-update.company-information.service.gov.uk/search/companies?q=Jersey+Electricity+PLC,https://find-and-update.company-information.service.gov.uk/search/companies?q=Jersey+Electricity+PLC,1620593902,16:58:22,20210509
71,2001-01-31,JEL.L,GBP,2001-01-31,2001-01-31,Q1,15088750.0,9151750.0,5937000.0,0.39347195758429293,0.0,0.0,0.0,-16250.0,2653000.0,13735750.0,122250.0,1871250.0,3224250.0,0.21368569298318282,1353000.0,0.08966945572032144,0.0,883000.0,0.05852042084334355,347500.0,608000.0,0.040294921713196916,0.01975,0.01975,30640000.0,30640000.0,https://find-and-update.company-information.service.gov.uk/search/companies?q=Jersey+Electricity+PLC,https://find-and-update.company-information.service.gov.uk/search/companies?q=Jersey+Electricity+PLC,1620593902,16:58:22,20210509
72,2000-09-30,JEL.L,GBP,2000-09-30,2000-09-30,Q3,13823250.0,8964500.0,4858750.0,0.35149114716148516,0.0,0.0,0.0,0.0,2078750.0,12788750.0,6250.0,1684750.0,2719250.0,0.1967156782956251,1034500.0,0.074837682889335,0.0,895000.0,0.06474598954659722,309750.0,666500.0,0.0482158681930805,0.021625,0.021625,30640000.0,30640000.0,https://find-and-update.company-information.service.gov.uk/search/companies?q=Jersey+Electricity+PLC,https://find-and-update.company-information.service.gov.uk/search/companies?q=Jersey+Electricity+PLC,1620593902,16:58:22,20210509
73,2000-06-30,JEL.L,GBP,2000-06-30,2000-06-30,Q2,13823250.0,8964500.0,4858750.0,0.35149114716148516,0.0,0.0,0.0,0.0,2078750.0,12788750.0,6250.0,1684750.0,2719250.0,0.1967156782956251,1034500.0,0.074837682889335,0.0,895000.0,0.06474598954659722,309750.0,666500.0,0.0482158681930805,0.021625,0.021625,30640000.0,30640000.0,https://find-and-update.company-information.service.gov.uk/search/companies?q=Jersey+Electricity+PLC,https://find-and-update.company-information.service.gov.uk/search/companies?q=Jersey+Electricity+PLC,1620593902,16:58:22,20210509
74,2000-03-31,JEL.L,GBP,2000-03-31,2000-03-31,Q1,13823250.0,8964500.0,4858750.0,0.35149114716148516,0.0,0.0,0.0,0.0,2078750.0,12788750.0,6250.0,1684750.0,2719250.0,0.1967156782956251,1034500.0,0.074837682889335,0.0,895000.0,0.06474598954659722,309750.0,666500.0,0.0482158681930805,0.021625,0.021625,30640000.0,30640000.0,https://find-and-update.company-information.service.gov.uk/search/companies?q=Jersey+Electricity+PLC,https://find-and-update.company-information.service.gov.uk/search/companies?q=Jersey+Electricity+PLC,1620593902,16:58:22,20210509
75,2000-01-31,JEL.L,GBP,2000-01-31,2000-01-31,Q1,13823250.0,8964500.0,4858750.0,0.35149114716148516,0.0,0.0,0.0,0.0,2078750.0,12788750.0,6250.0,1684750.0,2719250.0,0.1967156782956251,1034500.0,0.074837682889335,0.0,895000.0,0.06474598954659722,309750.0,666500.0,0.0482158681930805,0.021625,0.021625,30640000.0,30640000.0,https://find-and-update.company-information.service.gov.uk/search/companies?q=Jersey+Electricity+PLC,https://find-and-update.company-information.service.gov.uk/search/companies?q=Jersey+Electricity+PLC,1620593902,16:58:22,20210509
76,1999-09-30,JEL.L,GBP,1999-09-30,1999-09-30,Q3,12691750.0,8246000.0,4445750.0,0.3502866035022751,0.0,0.0,0.0,-78500.0,1293000.0,11204250.0,7250.0,1612750.0,3100250.0,0.2442728544133,1487500.0,0.11720211948706837,0.0,1653750.0,0.13030117990032897,232500.0,1439000.0,0.1133807394567337,0.047,0.047,30640000.0,30640000.0,https://find-and-update.company-information.service.gov.uk/search/companies?q=Jersey+Electricity+PLC,https://find-and-update.company-information.service.gov.uk/search/companies?q=Jersey+Electricity+PLC,1620593902,16:58:22,20210509
77,1999-06-30,JEL.L,GBP,1999-06-30,1999-06-30,Q2,12691750.0,8246000.0,4445750.0,0.3502866035022751,0.0,0.0,0.0,-78500.0,1293000.0,11204250.0,7250.0,1612750.0,3100250.0,0.2442728544133,1487500.0,0.11720211948706837,0.0,1653750.0,0.13030117990032897,232500.0,1439000.0,0.1133807394567337,0.047,0.047,30640000.0,30640000.0,https://find-and-update.company-information.service.gov.uk/search/companies?q=Jersey+Electricity+PLC,https://find-and-update.company-information.service.gov.uk/search/companies?q=Jersey+Electricity+PLC,1620593902,16:58:22,20210509
78,1999-03-31,JEL.L,GBP,1999-03-31,1999-03-31,Q1,12691750.0,8246000.0,4445750.0,0.3502866035022751,0.0,0.0,0.0,-78500.0,1293000.0,11204250.0,7250.0,1612750.0,3100250.0,0.2442728544133,1487500.0,0.11720211948706837,0.0,1653750.0,0.13030117990032897,232500.0,1439000.0,0.1133807394567337,0.047,0.047,30640000.0,30640000.0,https://find-and-update.company-information.service.gov.uk/search/companies?q=Jersey+Electricity+PLC,https://find-and-update.company-information.service.gov.uk/search/companies?q=Jersey+Electricity+PLC,1620593902,16:58:22,20210509
79,1999-01-31,JEL.L,GBP,1999-01-31,1999-01-31,Q1,12691750.0,8246000.0,4445750.0,0.3502866035022751,0.0,0.0,0.0,-78500.0,1293000.0,11204250.0,7250.0,1612750.0,3100250.0,0.2442728544133,1487500.0,0.11720211948706837,0.0,1653750.0,0.13030117990032897,232500.0,1439000.0,0.1133807394567337,0.047,0.047,30640000.0,30640000.0,https://find-and-update.company-information.service.gov.uk/search/companies?q=Jersey+Electricity+PLC,https://find-and-update.company-information.service.gov.uk/search/companies?q=Jersey+Electricity+PLC,1620593902,16:58:22,20210509
80,1998-09-30,JEL.L,GBP,1998-09-30,1998-09-30,Q3,12440250.0,8593750.0,3846500.0,0.30919796627881274,0.0,0.0,0.0,-37250.0,721500.0,11026750.0,7000.0,1659500.0,3073000.0,0.24702075922911518,1413500.0,0.11362311850646088,0.0,1573500.0,0.1264845963706517,311750.0,1244250.0,0.10001808645324652,0.040625,0.040625,30640000.0,30640000.0,https://find-and-update.company-information.service.gov.uk/search/companies?q=Jersey+Electricity+PLC,https://find-and-update.company-information.service.gov.uk/search/companies?q=Jersey+Electricity+PLC,1620593902,16:58:22,20210509
81,1998-06-30,JEL.L,GBP,1998-06-30,1998-06-30,Q2,12440250.0,8593750.0,3846500.0,0.30919796627881274,0.0,0.0,0.0,-37250.0,721500.0,11026750.0,7000.0,1659500.0,3073000.0,0.24702075922911518,1413500.0,0.11362311850646088,0.0,1573500.0,0.1264845963706517,311750.0,1244250.0,0.10001808645324652,0.040625,0.040625,30640000.0,30640000.0,https://find-and-update.company-information.service.gov.uk/search/companies?q=Jersey+Electricity+PLC,https://find-and-update.company-information.service.gov.uk/search/companies?q=Jersey+Electricity+PLC,1620593902,16:58:22,20210509
82,1998-03-31,JEL.L,GBP,1998-03-31,1998-03-31,Q1,12440250.0,8593750.0,3846500.0,0.30919796627881274,0.0,0.0,0.0,-37250.0,721500.0,11026750.0,7000.0,1659500.0,3073000.0,0.24702075922911518,1413500.0,0.11362311850646088,0.0,1573500.0,0.1264845963706517,311750.0,1244250.0,0.10001808645324652,0.040625,0.040625,30640000.0,30640000.0,https://find-and-update.company-information.service.gov.uk/search/companies?q=Jersey+Electricity+PLC,https://find-and-update.company-information.service.gov.uk/search/companies?q=Jersey+Electricity+PLC,1620593902,16:58:22,20210509
83,1998-01-31,JEL.L,GBP,1998-01-31,1998-01-31,Q1,12440250.0,8593750.0,3846500.0,0.30919796627881274,0.0,0.0,0.0,-37250.0,721500.0,11026750.0,7000.0,1659500.0,3073000.0,0.24702075922911518,1413500.0,0.11362311850646088,0.0,1573500.0,0.1264845963706517,311750.0,1244250.0,0.10001808645324652,0.040625,0.040625,30640000.0,30640000.0,https://find-and-update.company-information.service.gov.uk/search/companies?q=Jersey+Electricity+PLC,https://find-and-update.company-information.service.gov.uk/search/companies?q=Jersey+Electricity+PLC,1620593902,16:58:22,20210509
84,1997-09-30,JEL.L,GBP,1997-09-30,1997-09-30,Q3,11604500.0,0.0,0.0,0.0,0.0,0.0,0.0,0.0,8806250.0,10373250.0,7000.0,1526750.0,2758000.0,0.23766642250850964,1231250.0,0.10610108147701323,0.0,1341250.0,0.11558016286785298,267250.0,1074000.0,0.09255030376147184,0.035,0.035,30640000.0,30640000.0,https://find-and-update.company-information.service.gov.uk/search/companies?q=Jersey+Electricity+PLC,https://find-and-update.company-information.service.gov.uk/search/companies?q=Jersey+Electricity+PLC,1620593902,16:58:22,20210509
85,1997-06-30,JEL.L,GBP,1997-06-30,1997-06-30,Q2,11604500.0,0.0,0.0,0.0,0.0,0.0,0.0,0.0,8806250.0,10373250.0,7000.0,1526750.0,2758000.0,0.23766642250850964,1231250.0,0.10610108147701323,0.0,1341250.0,0.11558016286785298,267250.0,1074000.0,0.09255030376147184,0.035,0.035,30640000.0,30640000.0,https://find-and-update.company-information.service.gov.uk/search/companies?q=Jersey+Electricity+PLC,https://find-and-update.company-information.service.gov.uk/search/companies?q=Jersey+Electricity+PLC,1620593902,16:58:22,20210509
86,1997-03-31,JEL.L,GBP,1997-03-31,1997-03-31,Q1,11604500.0,0.0,0.0,0.0,0.0,0.0,0.0,0.0,8806250.0,10373250.0,7000.0,1526750.0,2758000.0,0.23766642250850964,1231250.0,0.10610108147701323,0.0,1341250.0,0.11558016286785298,267250.0,1074000.0,0.09255030376147184,0.035,0.035,30640000.0,30640000.0,https://find-and-update.company-information.service.gov.uk/search/companies?q=Jersey+Electricity+PLC,https://find-and-update.company-information.service.gov.uk/search/companies?q=Jersey+Electricity+PLC,1620593902,16:58:22,20210509
87,1997-01-31,JEL.L,GBP,1997-01-31,1997-01-31,Q1,11604500.0,0.0,0.0,0.0,0.0,0.0,0.0,0.0,8806250.0,10373250.0,7000.0,1526750.0,2758000.0,0.23766642250850964,1231250.0,0.10610108147701323,0.0,1341250.0,0.11558016286785298,267250.0,1074000.0,0.09255030376147184,0.035,0.035,30640000.0,30640000.0,https://find-and-update.company-information.service.gov.uk/search/companies?q=Jersey+Electricity+PLC,https://find-and-update.company-information.service.gov.uk/search/companies?q=Jersey+Electricity+PLC,1620593902,16:58:22,20210509
88,1996-09-30,JEL.L,GBP,1996-09-30,1996-09-30,Q3,10754500.0,0.0,10754500.0,1.0,0.0,0.0,0.0,0.0,8101000.0,9673250.0,7000.0,1523000.0,2604250.0,0.24215444697568458,1081250.0,0.1005393091264122,0.0,1164750.0,0.10830350086010507,155500.0,1009250.0,0.09384443721232973,0.032875,0.032875,30640000.0,30640000.0,https://find-and-update.company-information.service.gov.uk/search/companies?q=Jersey+Electricity+PLC,https://find-and-update.company-information.service.gov.uk/search/companies?q=Jersey+Electricity+PLC,1620593902,16:58:22,20210509
89,1996-06-30,JEL.L,GBP,1996-06-30,1996-06-30,Q2,10754500.0,0.0,10754500.0,1.0,0.0,0.0,0.0,0.0,8101000.0,9673250.0,7000.0,1523000.0,2604250.0,0.24215444697568458,1081250.0,0.1005393091264122,0.0,1164750.0,0.10830350086010507,155500.0,1009250.0,0.09384443721232973,0.032875,0.032875,30640000.0,30640000.0,https://find-and-update.company-information.service.gov.uk/search/companies?q=Jersey+Electricity+PLC,https://find-and-update.company-information.service.gov.uk/search/companies?q=Jersey+Electricity+PLC,1620593902,16:58:22,20210509
90,1996-03-31,JEL.L,GBP,1996-03-31,1996-03-31,Q1,10754500.0,0.0,10754500.0,1.0,0.0,0.0,0.0,0.0,8101000.0,9673250.0,7000.0,1523000.0,2604250.0,0.24215444697568458,1081250.0,0.1005393091264122,0.0,1164750.0,0.10830350086010507,155500.0,1009250.0,0.09384443721232973,0.032875,0.032875,30640000.0,30640000.0,https://find-and-update.company-information.service.gov.uk/search/companies?q=Jersey+Electricity+PLC,https://find-and-update.company-information.service.gov.uk/search/companies?q=Jersey+Electricity+PLC,1620593902,16:58:22,20210509
91,1996-01-31,JEL.L,GBP,1996-01-31,1996-01-31,Q1,10754500.0,0.0,10754500.0,1.0,0.0,0.0,0.0,0.0,8101000.0,9673250.0,7000.0,1523000.0,2604250.0,0.24215444697568458,1081250.0,0.1005393091264122,0.0,1164750.0,0.10830350086010507,155500.0,1009250.0,0.09384443721232973,0.032875,0.032875,30640000.0,30640000.0,https://find-and-update.company-information.service.gov.uk/search/companies?q=Jersey+Electricity+PLC,https://find-and-update.company-information.service.gov.uk/search/companies?q=Jersey+Electricity+PLC,1620593902,16:58:22,20210509
92,1995-09-30,JEL.L,GBP,1995-09-30,1995-09-30,Q3,9868750.0,0.0,9868750.0,1.0,0.0,0.0,0.0,0.0,7571000.0,9079500.0,7500.0,1508500.0,2297750.0,0.2328309056364788,789250.0,0.07997466751108297,0.0,857250.0,0.08686510449651678,40750.0,816500.0,0.0827359088030399,0.026625,0.026625,30640000.0,30640000.0,https://find-and-update.company-information.service.gov.uk/search/companies?q=Jersey+Electricity+PLC,https://find-and-update.company-information.service.gov.uk/search/companies?q=Jersey+Electricity+PLC,1620593902,16:58:22,20210509
93,1995-06-30,JEL.L,GBP,1995-06-30,1995-06-30,Q2,9868750.0,0.0,9868750.0,1.0,0.0,0.0,0.0,0.0,7571000.0,9079500.0,7500.0,1508500.0,2297750.0,0.2328309056364788,789250.0,0.07997466751108297,0.0,857250.0,0.08686510449651678,40750.0,816500.0,0.0827359088030399,0.026625,0.026625,30640000.0,30640000.0,https://find-and-update.company-information.service.gov.uk/search/companies?q=Jersey+Electricity+PLC,https://find-and-update.company-information.service.gov.uk/search/companies?q=Jersey+Electricity+PLC,1620593902,16:58:22,20210509
94,1995-03-31,JEL.L,GBP,1995-03-31,1995-03-31,Q1,9868750.0,0.0,9868750.0,1.0,0.0,0.0,0.0,0.0,7571000.0,9079500.0,7500.0,1508500.0,2297750.0,0.2328309056364788,789250.0,0.07997466751108297,0.0,857250.0,0.08686510449651678,40750.0,816500.0,0.0827359088030399,0.026625,0.026625,30640000.0,30640000.0,https://find-and-update.company-information.service.gov.uk/search/companies?q=Jersey+Electricity+PLC,https://find-and-update.company-information.service.gov.uk/search/companies?q=Jersey+Electricity+PLC,1620593902,16:58:22,20210509
95,1995-01-31,JEL.L,GBP,1995-01-31,1995-01-31,Q1,9868750.0,0.0,9868750.0,1.0,0.0,0.0,0.0,0.0,7571000.0,9079500.0,7500.0,1508500.0,2297750.0,0.2328309056364788,789250.0,0.07997466751108297,0.0,857250.0,0.08686510449651678,40750.0,816500.0,0.0827359088030399,0.026625,0.026625,30640000.0,30640000.0,https://find-and-update.company-information.service.gov.uk/search/companies?q=Jersey+Electricity+PLC,https://find-and-update.company-information.service.gov.uk/search/companies?q=Jersey+Electricity+PLC,1620593902,16:58:22,20210509
96,1994-09-30,JEL.L,GBP,1994-09-30,1994-09-30,Q3,9833750.0,0.0,9833750.0,1.0,0.0,0.0,0.0,6750.0,7294250.0,8624250.0,8750.0,1330000.0,2539500.0,0.2582432947756451,1209500.0,0.12299478835642558,0.0,1231250.0,0.1252065590441083,42500.0,1188750.0,0.1208847082750731,0.03875,0.03875,30640000.0,30640000.0,https://find-and-update.company-information.service.gov.uk/search/companies?q=Jersey+Electricity+PLC,https://find-and-update.company-information.service.gov.uk/search/companies?q=Jersey+Electricity+PLC,1620593902,16:58:22,20210509
97,1994-06-30,JEL.L,GBP,1994-06-30,1994-06-30,Q2,9833750.0,0.0,9833750.0,1.0,0.0,0.0,0.0,6750.0,7294250.0,8624250.0,8750.0,1330000.0,2539500.0,0.2582432947756451,1209500.0,0.12299478835642558,0.0,1231250.0,0.1252065590441083,42500.0,1188750.0,0.1208847082750731,0.03875,0.03875,30640000.0,30640000.0,https://find-and-update.company-information.service.gov.uk/search/companies?q=Jersey+Electricity+PLC,https://find-and-update.company-information.service.gov.uk/search/companies?q=Jersey+Electricity+PLC,1620593902,16:58:22,20210509
98,1994-03-31,JEL.L,GBP,1994-03-31,1994-03-31,Q1,9833750.0,0.0,9833750.0,1.0,0.0,0.0,0.0,6750.0,7294250.0,8624250.0,8750.0,1330000.0,2539500.0,0.2582432947756451,1209500.0,0.12299478835642558,0.0,1231250.0,0.1252065590441083,42500.0,1188750.0,0.1208847082750731,0.03875,0.03875,30640000.0,30640000.0,https://find-and-update.company-information.service.gov.uk/search/companies?q=Jersey+Electricity+PLC,https://find-and-update.company-information.service.gov.uk/search/companies?q=Jersey+Electricity+PLC,1620593902,16:58:22,20210509
99,1994-01-31,JEL.L,GBP,1994-01-31,1994-01-31,Q1,9833750.0,0.0,9833750.0,1.0,0.0,0.0,0.0,6750.0,7294250.0,8624250.0,8750.0,1330000.0,2539500.0,0.2582432947756451,1209500.0,0.12299478835642558,0.0,1231250.0,0.1252065590441083,42500.0,1188750.0,0.1208847082750731,0.03875,0.03875,30640000.0,30640000.0,https://find-and-update.company-information.service.gov.uk/search/companies?q=Jersey+Electricity+PLC,https://find-and-update.company-information.service.gov.uk/search/companies?q=Jersey+Electricity+PLC,1620593902,16:58:22,20210509
100,1993-09-30,JEL.L,GBP,1993-09-30,1993-09-30,Q3,9407750.0,0.0,9407750.0,1.0,0.0,0.0,0.0,14250.0,6965750.0,8098500.0,35500.0,1132750.0,2442000.0,0.2595732242034493,1309250.0,0.13916717599851186,0.0,1505500.0,0.16002763678881773,122250.0,1383250.0,0.14703303127740427,0.045125,0.045125,30640000.0,30640000.0,https://find-and-update.company-information.service.gov.uk/search/companies?q=Jersey+Electricity+PLC,https://find-and-update.company-information.service.gov.uk/search/companies?q=Jersey+Electricity+PLC,1620593902,16:58:22,20210509
101,1993-06-30,JEL.L,GBP,1993-06-30,1993-06-30,Q2,9407750.0,0.0,9407750.0,1.0,0.0,0.0,0.0,14250.0,6965750.0,8098500.0,35500.0,1132750.0,2442000.0,0.2595732242034493,1309250.0,0.13916717599851186,0.0,1505500.0,0.16002763678881773,122250.0,1383250.0,0.14703303127740427,0.045125,0.045125,30640000.0,30640000.0,https://find-and-update.company-information.service.gov.uk/search/companies?q=Jersey+Electricity+PLC,https://find-and-update.company-information.service.gov.uk/search/companies?q=Jersey+Electricity+PLC,1620593902,16:58:22,20210509
102,1993-03-31,JEL.L,GBP,1993-03-31,1993-03-31,Q1,9407750.0,0.0,9407750.0,1.0,0.0,0.0,0.0,14250.0,6965750.0,8098500.0,35500.0,1132750.0,2442000.0,0.2595732242034493,1309250.0,0.13916717599851186,0.0,1505500.0,0.16002763678881773,122250.0,1383250.0,0.14703303127740427,0.045125,0.045125,30640000.0,30640000.0,https://find-and-update.company-information.service.gov.uk/search/companies?q=Jersey+Electricity+PLC,https://find-and-update.company-information.service.gov.uk/search/companies?q=Jersey+Electricity+PLC,1620593902,16:58:22,20210509
103,1993-01-31,JEL.L,GBP,1993-01-31,1993-01-31,Q1,9407750.0,0.0,9407750.0,1.0,0.0,0.0,0.0,14250.0,6965750.0,8098500.0,35500.0,1132750.0,2442000.0,0.2595732242034493,1309250.0,0.13916717599851186,0.0,1505500.0,0.16002763678881773,122250.0,1383250.0,0.14703303127740427,0.045125,0.045125,30640000.0,30640000.0,https://find-and-update.company-information.service.gov.uk/search/companies?q=Jersey+Electricity+PLC,https://find-and-update.company-information.service.gov.uk/search/companies?q=Jersey+Electricity+PLC,1620593902,16:58:22,20210509
104,1992-09-30,JEL.L,GBP,1992-09-30,1992-09-30,Q3,9231000.0,0.0,9231000.0,1.0,0.0,0.0,0.0,13500.0,6445500.0,7540750.0,61500.0,1095250.0,2785500.0,0.3017549561260969,1690250.0,0.18310583902069114,0.0,1931000.0,0.20918643700574152,329500.0,1601500.0,0.1734914960459322,0.05225,0.05225,30640000.0,30640000.0,https://find-and-update.company-information.service.gov.uk/search/companies?q=Jersey+Electricity+PLC,https://find-and-update.company-information.service.gov.uk/search/companies?q=Jersey+Electricity+PLC,1620593902,16:58:22,20210509
105,1992-06-30,JEL.L,GBP,1992-06-30,1992-06-30,Q2,9231000.0,0.0,9231000.0,1.0,0.0,0.0,0.0,13500.0,6445500.0,7540750.0,61500.0,1095250.0,2785500.0,0.3017549561260969,1690250.0,0.18310583902069114,0.0,1931000.0,0.20918643700574152,329500.0,1601500.0,0.1734914960459322,0.05225,0.05225,30640000.0,30640000.0,https://find-and-update.company-information.service.gov.uk/search/companies?q=Jersey+Electricity+PLC,https://find-and-update.company-information.service.gov.uk/search/companies?q=Jersey+Electricity+PLC,1620593902,16:58:22,20210509
106,1992-03-31,JEL.L,GBP,1992-03-31,1992-03-31,Q1,9231000.0,0.0,9231000.0,1.0,0.0,0.0,0.0,13500.0,6445500.0,7540750.0,61500.0,1095250.0,2785500.0,0.3017549561260969,1690250.0,0.18310583902069114,0.0,1931000.0,0.20918643700574152,329500.0,1601500.0,0.1734914960459322,0.05225,0.05225,30640000.0,30640000.0,https://find-and-update.company-information.service.gov.uk/search/companies?q=Jersey+Electricity+PLC,https://find-and-update.company-information.service.gov.uk/search/companies?q=Jersey+Electricity+PLC,1620593902,16:58:22,20210509
107,1992-01-31,JEL.L,GBP,1992-01-31,1992-01-31,Q1,9231000.0,0.0,9231000.0,1.0,0.0,0.0,0.0,13500.0,6445500.0,7540750.0,61500.0,1095250.0,2785500.0,0.3017549561260969,1690250.0,0.18310583902069114,0.0,1931000.0,0.20918643700574152,329500.0,1601500.0,0.1734914960459322,0.05225,0.05225,30640000.0,30640000.0,https://find-and-update.company-information.service.gov.uk/search/companies?q=Jersey+Electricity+PLC,https://find-and-update.company-information.service.gov.uk/search/companies?q=Jersey+Electricity+PLC,1620593902,16:58:22,20210509
