,date,symbol,reportedCurrency,fillingDate,acceptedDate,period,revenue,costOfRevenue,grossProfit,grossProfitRatio,researchAndDevelopmentExpenses,generalAndAdministrativeExpenses,sellingAndMarketingExpenses,otherExpenses,operatingExpenses,costAndExpenses,interestExpense,depreciationAndAmortization,ebitda,ebitdaratio,operatingIncome,operatingIncomeRatio,totalOtherIncomeExpensesNet,incomeBeforeTax,incomeBeforeTaxRatio,incomeTaxExpense,netIncome,netIncomeRatio,eps,epsdiluted,weightedAverageShsOut,weightedAverageShsOutDil,link,finalLink,timestamp,est_time,est_date
0,2020-12-31,VSTTILLERS.NS,INR,2020-12-31,2020-12-31,Q4,2028700000,1339200000,689500000,0.3398728249617982,0,0,0,16100000,434300000,1773500000,3600000,43300000,298500000,0.1471385616404594,255200000,0.12579484398876128,0,398400000,0.19638191945580913,90100000,308300000,0.15196924138610934,35.68,35.68,8639528,8639528,https://www.nseindia.com/companies-listing/corporate-filings-annual-reports,https://www.nseindia.com/companies-listing/corporate-filings-annual-reports,1620599657,18:34:17,20210509
1,2020-09-30,VSTTILLERS.NS,INR,2020-09-30,2020-09-30,Q3,2203900000,1446300000,757600000,0.34375425382276875,0,0,0,78900000,422300000,1868600000,4600000,42000000,377300000,0.17119651526838786,335300000,0.1521393892644857,0,409600000,0.1858523526475793,110200000,299400000,0.13585008394210263,34.65,34.65,8639528,8639528,https://www.nseindia.com/companies-listing/corporate-filings-annual-reports,https://www.nseindia.com/companies-listing/corporate-filings-annual-reports,1620599657,18:34:17,20210509
2,2020-06-30,VSTTILLERS.NS,INR,2020-06-30,2020-06-30,Q2,1462400000,980000000,482400000,0.3298687089715536,0,0,0,92600000,361100000,1341100000,4700000,42200000,163500000,0.11180251641137856,121300000,0.08294584245076586,0,209200000,0.14305251641137856,38500000,170700000,0.11672592997811816,19.76,19.76,8639528,8639528,https://www.nseindia.com/companies-listing/corporate-filings-annual-reports,https://www.nseindia.com/companies-listing/corporate-filings-annual-reports,1620599657,18:34:17,20210509
3,2020-03-31,VSTTILLERS.NS,INR,2020-03-31,2020-03-31,Q1,1184117204,850696031,333421173,0.2815778470861572,0,0,0,-154225455,173220271,1023916302,-8916254,19012610,179213512,0.15134778161706364,160200902,0.13529142339865877,0,-55866305,-0.04717970890996361,-22125357,-33740948,-0.0284946016205335,-3.9054156662262107,-3.9054156662262107,8639528,8639528,https://www.nseindia.com/companies-listing/corporate-filings-annual-reports,https://www.nseindia.com/companies-listing/corporate-filings-annual-reports,1620599657,18:34:17,20210509
4,2019-12-31,VSTTILLERS.NS,INR,2019-12-31,2019-12-31,Q4,1233200000,861500000,371700000,0.3014109633473889,0,0,0,36800000,357400000,1218900000,7800000,39400000,53700000,0.043545248134933504,14300000,0.011595848199805385,0,43300000,0.035111903989620497,8600000,34700000,0.028138177100227053,4.02,4.02,8639328,8639328,https://www.nseindia.com/companies-listing/corporate-filings-annual-reports,https://www.nseindia.com/companies-listing/corporate-filings-annual-reports,1620599657,18:34:17,20210509
5,2019-09-30,VSTTILLERS.NS,INR,2019-09-30,2019-09-30,Q3,1608800000,1164200000,444600000,0.276355047240179,0,0,0,102700000,443500000,1607700000,7900000,38100000,39200000,0.024365987071108902,1100000,0.0006837394331178519,0,96000000,0.05967180507210343,32200000,63900000,0.03971904525111885,7.39,7.39,8639528,8639528,https://www.nseindia.com/companies-listing/corporate-filings-annual-reports,https://www.nseindia.com/companies-listing/corporate-filings-annual-reports,1620599657,18:34:17,20210509
6,2019-06-30,VSTTILLERS.NS,INR,2019-06-30,2019-06-30,Q2,1396800000,893400000,503400000,0.3603951890034364,0,0,0,47800000,395500000,1288900000,7900000,37300000,145200000,0.10395189003436427,107900000,0.07724799541809851,0,147800000,0.10581328751431844,32300000,115500000,0.08268900343642611,13.37,13.37,8639528,8639528,https://www.nseindia.com/companies-listing/corporate-filings-annual-reports,https://www.nseindia.com/companies-listing/corporate-filings-annual-reports,1620599657,18:34:17,20210509
7,2019-03-31,VSTTILLERS.NS,INR,2019-03-31,2019-03-31,Q1,1760123938,1298685650,461438288,0.2621623841582001,0,0,0,-229727337,89529522,1388215172,2866183,43559304,415468070,0.23604478129653164,371908766,0.21129691947863277,0,184727204,0.10495124804103426,60794319,123932885,0.0704114536052631,14.3448675668393,14.3448675668393,8639528,8639528,https://www.nseindia.com/companies-listing/corporate-filings-annual-reports,https://www.nseindia.com/companies-listing/corporate-filings-annual-reports,1620599657,18:34:17,20210509
8,2018-12-31,VSTTILLERS.NS,INR,2018-12-31,2018-12-31,Q4,1459800000,950000000,509800000,0.3492259213590903,0,0,0,66000000,409000000,1359000000,5000000,33200000,134000000,0.09179339635566516,100800000,0.0690505548705302,0,161800000,0.110837100972736,60700000,101100000,0.06925606247431156,11.7,11.7,8639528,8639528,https://www.nseindia.com/companies-listing/corporate-filings-annual-reports,https://www.nseindia.com/companies-listing/corporate-filings-annual-reports,1620599657,18:34:17,20210509
9,2018-09-30,VSTTILLERS.NS,INR,2018-09-30,2018-09-30,Q3,1445800000,946200000,499600000,0.3455526352192558,0,0,0,160200000,502900000,1449100000,7500000,31100000,27800000,0.019228109005394938,-3300000,-0.0022824733711440033,0,149400000,0.10333379443906487,57500000,91900000,0.06356342509337391,10.64,10.64,8639528,8639528,https://www.nseindia.com/companies-listing/corporate-filings-annual-reports,https://www.nseindia.com/companies-listing/corporate-filings-annual-reports,1620599657,18:34:17,20210509
10,2018-06-30,VSTTILLERS.NS,INR,2018-06-30,2018-06-30,Q2,1455500000,906900000,548600000,0.3769151494331845,0,0,0,71500000,393500000,1300400000,7100000,28900000,184000000,0.1264170388182755,155100000,0.1065613191343181,0,219500000,0.15080728272071453,75700000,143800000,0.09879766403297836,16.64,16.64,8639528,8639528,https://www.nseindia.com/companies-listing/corporate-filings-annual-reports,https://www.nseindia.com/companies-listing/corporate-filings-annual-reports,1620599657,18:34:17,20210509
11,2018-03-31,VSTTILLERS.NS,INR,2018-03-31,2018-03-31,Q1,2415800000,1573200000,842600000,0.3487871512542429,0,0,0,93800000,452800000,2026000000,0,27000000,416800000,0.17253083864558325,389800000,0.161354416756354,0,483600000,0.20018213428263928,146600000,337000000,0.13949830283963904,39.01,39.01,8639528,8639528,https://www.nseindia.com/companies-listing/corporate-filings-annual-reports,https://www.nseindia.com/companies-listing/corporate-filings-annual-reports,1620599657,18:34:17,20210509
12,2017-12-31,VSTTILLERS.NS,INR,2017-12-31,2017-12-31,Q4,1656800000,1014400000,642400000,0.3877353935296958,0,0,0,153200000,380300000,1394700000,5600000,27500000,289600000,0.1747947851279575,262100000,0.15819652341863835,0,409700000,0.24728392081120232,95900000,313800000,0.18940125543215838,36.32,36.32,8639528,8639528,https://www.nseindia.com/companies-listing/corporate-filings-annual-reports,https://www.nseindia.com/companies-listing/corporate-filings-annual-reports,1620599657,18:34:17,20210509
13,2017-09-30,VSTTILLERS.NS,INR,2017-09-30,2017-09-30,Q3,1754900000,1147600000,607300000,0.346059604535871,0,0,0,0,333400000,1481000000,4600000,27400000,301300000,0.17169069462647443,273900000,0.1560772693600775,0,269300000,0.15345603738104735,82300000,187000000,0.10655877827796456,21.645,21.645,8639528,8639528,https://www.nseindia.com/companies-listing/corporate-filings-annual-reports,https://www.nseindia.com/companies-listing/corporate-filings-annual-reports,1620599657,18:34:17,20210509
14,2017-06-30,VSTTILLERS.NS,INR,2017-06-30,2017-06-30,Q2,1812000000,1202300000,609700000,0.33647902869757174,0,0,0,0,243400000,1445700000,0,26700000,393000000,0.21688741721854304,366300000,0.2021523178807947,0,359500000,0.19839955849889623,77700000,281800000,0.1555187637969095,32.62,32.62,8639528,8639528,https://www.nseindia.com/companies-listing/corporate-filings-annual-reports,https://www.nseindia.com/companies-listing/corporate-filings-annual-reports,1620599657,18:34:17,20210509
15,2017-03-31,VSTTILLERS.NS,INR,2017-03-31,2017-03-31,Q1,1996400000,1283900000,712500000,0.3568924063313965,0,0,0,0,433100000,1717000000,7200000,33600000,313000000,0.15678220797435383,279400000,0.13995191344419955,0,272200000,0.1363454217591665,97300000,174900000,0.08760769384892807,20.24,20.24,8641304,8641304,https://www.nseindia.com/companies-listing/corporate-filings-annual-reports,https://www.nseindia.com/companies-listing/corporate-filings-annual-reports,1620599657,18:34:17,20210509
16,2016-12-31,VSTTILLERS.NS,INR,2016-12-31,2016-12-31,Q4,1446000000,925900000,520100000,0.35968188105117566,0,0,0,0,322100000,1248000000,8000000,31800000,229800000,0.15892116182572613,198000000,0.13692946058091288,0,190000000,0.1313969571230982,55800000,134200000,0.09280774550484094,15.54,15.54,8635779,8635779,https://www.nseindia.com/companies-listing/corporate-filings-annual-reports,https://www.nseindia.com/companies-listing/corporate-filings-annual-reports,1620599657,18:34:17,20210509
17,2016-09-30,VSTTILLERS.NS,INR,2016-09-30,2016-09-30,Q3,1746500000,1105400000,641100000,0.36707701116518754,0,0,0,0,373800000,1479200000,7500000,28700000,296000000,0.169481820784426,267300000,0.15304895505296306,0,259800000,0.1487546521614658,84400000,175400000,0.10042943028914973,20.3,20.3,8640394,8640394,https://www.nseindia.com/companies-listing/corporate-filings-annual-reports,https://www.nseindia.com/companies-listing/corporate-filings-annual-reports,1620599657,18:34:17,20210509
18,2016-06-30,VSTTILLERS.NS,INR,2016-06-30,2016-06-30,Q2,1780900000,1143900000,637000000,0.357684316918412,0,0,0,0,356700000,1500600000,7100000,24000000,304300000,0.17086866191251615,280300000,0.15739232972092762,0,273200000,0.15340558144758268,73500000,199700000,0.11213431411084283,23.11,23.11,8641281,8641281,https://www.nseindia.com/companies-listing/corporate-filings-annual-reports,https://www.nseindia.com/companies-listing/corporate-filings-annual-reports,1620599657,18:34:17,20210509
19,2016-03-31,VSTTILLERS.NS,INR,2016-03-31,2016-03-31,Q1,1819600000,1194100000,625500000,0.3437568696416795,0,0,0,0,316100000,1510200000,6500000,31700000,341100000,0.18745878214992306,309400000,0.17003737085073642,0,302900000,0.16646515717740162,108400000,194500000,0.10689162453286437,22.51,22.51,8640604,8640604,https://www.nseindia.com/companies-listing/corporate-filings-annual-reports,https://www.nseindia.com/companies-listing/corporate-filings-annual-reports,1620599657,18:34:17,20210509
20,2015-12-31,VSTTILLERS.NS,INR,2015-12-31,2015-12-31,Q4,1517900000,972500000,545400000,0.35931220765531324,0,0,0,0,282500000,1255000000,6600000,31800000,294700000,0.19414981224059555,262900000,0.1731998155346202,0,256300000,0.1688517030107385,79200000,177100000,0.11667435272415838,20.5,20.5,8639024,8639024,https://www.nseindia.com/companies-listing/corporate-filings-annual-reports,https://www.nseindia.com/companies-listing/corporate-filings-annual-reports,1620599657,18:34:17,20210509
21,2015-09-30,VSTTILLERS.NS,INR,2015-09-30,2015-09-30,Q3,1509400000,951500000,557900000,0.36961706638399366,0,0,0,0,320100000,1271600000,6400000,36900000,274700000,0.18199284483900888,237800000,0.15754604478600767,0,231400000,0.15330594938386113,70000000,161400000,0.10692990592288326,18.68,18.68,8640257,8640257,https://www.nseindia.com/companies-listing/corporate-filings-annual-reports,https://www.nseindia.com/companies-listing/corporate-filings-annual-reports,1620599657,18:34:17,20210509
22,2015-06-30,VSTTILLERS.NS,INR,2015-06-30,2015-06-30,Q2,1666300000,1093300000,573000000,0.3438756526435816,0,0,0,0,257100000,1350400000,6100000,25000000,340900000,0.20458500870191443,315900000,0.18958170797575466,0,309800000,0.1859209025985717,101400000,208400000,0.12506751485326772,24.12,24.12,8640133,8640133,https://www.nseindia.com/companies-listing/corporate-filings-annual-reports,https://www.nseindia.com/companies-listing/corporate-filings-annual-reports,1620599657,18:34:17,20210509
23,2015-03-31,VSTTILLERS.NS,INR,2015-03-31,2015-03-31,Q1,1409272566,942467967,466804599,0.3312379806874066,0,0,0,0,245468505,1187936472,0,27409139,248745233,0.1765061202504101,221336094,0.15705698055857847,0,280745746,0.19921323438293626,90677680,190068065,0.13486962677452702,21.9998204763038,21.9998204763038,8639528,8639528,https://www.nseindia.com/companies-listing/corporate-filings-annual-reports,https://www.nseindia.com/companies-listing/corporate-filings-annual-reports,1620599657,18:34:17,20210509
24,2014-12-31,VSTTILLERS.NS,INR,2014-12-31,2014-12-31,Q4,1067100000,682500000,384600000,0.3604160809671071,0,0,0,0,205900000,888400000,0,22400000,201100000,0.1884546902820729,178700000,0.16746321806766,0,172900000,0.16202792615499953,52400000,120500000,0.11292287508199794,13.94,13.94,8644189,8644189,https://www.nseindia.com/companies-listing/corporate-filings-annual-reports,https://www.nseindia.com/companies-listing/corporate-filings-annual-reports,1620599657,18:34:17,20210509
25,2014-09-30,VSTTILLERS.NS,INR,2014-09-30,2014-09-30,Q3,1477900000,938100000,539800000,0.3652479870085933,0,0,0,0,258800000,1196900000,0,23100000,304100000,0.2057649367345558,281000000,0.19013465051762637,0,275800000,0.1866161445293998,87500000,188300000,0.12741051491981867,21.8,21.8,8637615,8637615,https://www.nseindia.com/companies-listing/corporate-filings-annual-reports,https://www.nseindia.com/companies-listing/corporate-filings-annual-reports,1620599657,18:34:17,20210509
26,2014-06-30,VSTTILLERS.NS,INR,2014-06-30,2014-06-30,Q2,1561700000,1008200000,553500000,0.3544214637894602,0,0,0,0,272400000,1280600000,0,21200000,302300000,0.19357110840750463,281100000,0.17999615803291286,0,276200000,0.17685855157840816,80600000,195600000,0.12524812704104502,22.63,22.63,8643394,8643394,https://www.nseindia.com/companies-listing/corporate-filings-annual-reports,https://www.nseindia.com/companies-listing/corporate-filings-annual-reports,1620599657,18:34:17,20210509
27,2014-03-31,VSTTILLERS.NS,INR,2014-03-31,2014-03-31,Q1,1619786930,1022123517,597663413,0.3689765622445169,0,0,0,0,306978240,1329101757,0,10045911,300731084,0.1856608905962712,290685173,0.179458895251118,0,357085177,0.22045194363927853,107902762,249182415,0.15383653885884854,28.84213292670618,28.84213292670618,8639528,8639528,https://www.nseindia.com/companies-listing/corporate-filings-annual-reports,https://www.nseindia.com/companies-listing/corporate-filings-annual-reports,1620599657,18:34:17,20210509
28,2013-12-31,VSTTILLERS.NS,INR,2013-12-31,2013-12-31,Q4,1604800000,1065500000,539300000,0.3360543369890329,0,0,0,0,221500000,1287000000,0,9900000,327700000,0.2041999002991027,317800000,0.1980309072781655,0,312300000,0.1946036889332004,96500000,215800000,0.1344715852442672,25.0,25.0,8639528,8639528,https://www.nseindia.com/companies-listing/corporate-filings-annual-reports,https://www.nseindia.com/companies-listing/corporate-filings-annual-reports,1620599657,18:34:17,20210509
29,2013-09-30,VSTTILLERS.NS,INR,2013-09-30,2013-09-30,Q3,1525000000,1021600000,503400000,0.3300983606557377,0,0,0,0,221900000,1243500000,0,9800000,291300000,0.19101639344262294,281500000,0.18459016393442623,0,277700000,0.1820983606557377,96900000,180800000,0.11855737704918033,21.0,21.0,8639528,8639528,https://www.nseindia.com/companies-listing/corporate-filings-annual-reports,https://www.nseindia.com/companies-listing/corporate-filings-annual-reports,1620599657,18:34:17,20210509
30,2013-06-30,VSTTILLERS.NS,INR,2013-06-30,2013-06-30,Q2,1491000000,1001300000,489700000,0.3284372904091214,0,0,0,0,213600000,1214900000,0,9500000,285600000,0.19154929577464788,276100000,0.185177733065057,0,272500000,0.18276324614352785,89000000,183500000,0.12307176391683435,21.0,21.0,8738095,8738095,https://www.nseindia.com/companies-listing/corporate-filings-annual-reports,https://www.nseindia.com/companies-listing/corporate-filings-annual-reports,1620599657,18:34:17,20210509
31,2013-03-31,VSTTILLERS.NS,INR,2013-03-31,2013-03-31,Q1,1416487168,955562340,460924828,0.3253999318968769,0,0,0,0,265479083,1221041423,0,8546150,203991895,0.14401252592215505,195445745,0.13797918499745987,0,204922342,0.14466939526839398,53888554,151033788,0.1066255956368819,17.481717519753396,17.481717519753396,8639528,8639528,https://www.nseindia.com/companies-listing/corporate-filings-annual-reports,https://www.nseindia.com/companies-listing/corporate-filings-annual-reports,1620599657,18:34:17,20210509
32,2012-12-31,VSTTILLERS.NS,INR,2012-12-31,2012-12-31,Q4,1224700000,851000000,373700000,0.30513595166163143,0,0,0,0,183500000,1034500000,2800000,8400000,198600000,0.16216216216216217,190200000,0.1553033395933698,0,187400000,0.15301706540377236,58200000,129200000,0.10549522331999674,15.0,15.0,8639528,8639528,https://www.nseindia.com/companies-listing/corporate-filings-annual-reports,https://www.nseindia.com/companies-listing/corporate-filings-annual-reports,1620599657,18:34:17,20210509
33,2012-09-30,VSTTILLERS.NS,INR,2012-09-30,2012-09-30,Q3,888500000,602400000,286100000,0.3220033764772088,0,0,0,0,187400000,789800000,2800000,8700000,107400000,0.1208778840742825,98700000,0.11108610016882386,0,95900000,0.10793472144063028,30200000,65700000,0.0739448508722566,8.0,8.0,8639528,8639528,https://www.nseindia.com/companies-listing/corporate-filings-annual-reports,https://www.nseindia.com/companies-listing/corporate-filings-annual-reports,1620599657,18:34:17,20210509
34,2012-06-30,VSTTILLERS.NS,INR,2012-06-30,2012-06-30,Q2,1286900000,884200000,402700000,0.31292252700287515,0,0,0,600000,190000000,1074200000,2600000,7900000,220600000,0.17141969072966043,212700000,0.1652809076074287,0,208100000,0.16170642629574947,68200000,139900000,0.10871085554433134,16.0,16.0,8640428,8640428,https://www.nseindia.com/companies-listing/corporate-filings-annual-reports,https://www.nseindia.com/companies-listing/corporate-filings-annual-reports,1620599657,18:34:17,20210509
