,date,symbol,reportedCurrency,fillingDate,acceptedDate,period,revenue,costOfRevenue,grossProfit,grossProfitRatio,researchAndDevelopmentExpenses,generalAndAdministrativeExpenses,sellingAndMarketingExpenses,otherExpenses,operatingExpenses,costAndExpenses,interestExpense,depreciationAndAmortization,ebitda,ebitdaratio,operatingIncome,operatingIncomeRatio,totalOtherIncomeExpensesNet,incomeBeforeTax,incomeBeforeTaxRatio,incomeTaxExpense,netIncome,netIncomeRatio,eps,epsdiluted,weightedAverageShsOut,weightedAverageShsOutDil,link,finalLink,timestamp,est_time,est_date
0,2020-12-31,UGP,BRL,2020-12-31,2020-12-31,Q3,23215652000.0,21702698000.0,1512954000.0,0.06516956749696283,0.0,459606000.0,693009000.0,0.0,1030336000.0,22733034000.0,205649000.0,326653000.0,809271000.0,0.03485885298418498,482618000.0,0.020788474947849838,181967000.0,646191000.0,0.027834281802639013,214689000.0,426025000.0,0.018350766112448617,0.39114312268722023,0.39114312268722023,1089179319.0,1089179319.0,,,1620599246,18:27:26,20210509
1,2020-09-30,UGP,BRL,2020-09-30,2020-09-30,Q2,20762078000.0,19123322000.0,1638756000.0,0.07893024965998105,0.0,373853000.0,658104000.0,0.0,1050426000.0,20173748000.0,229517000.0,396957000.0,985287000.0,0.047456087969614605,588330000.0,0.02833675896988731,10199000.0,440661000.0,0.021224320609911976,163360000.0,265433000.0,0.012784510298053981,0.2437,0.2422,1089179319.0,1095924855.0,,,1620599246,18:27:26,20210509
2,2020-06-30,UGP,BRL,2020-06-30,2020-06-30,Q1,15876234000.0,14825003000.0,1051231000.0,0.06621412861513631,0.0,694921000.0,0.0,14825003000.0,865372000.0,0.0,13270000.0,617140000.0,803701000.0,0.050622899612086845,186561000.0,0.011750960586748722,0.0,106233000.0,0.006691322387916429,56205000.0,41066000.0,0.0025866335807345747,0.03770361710292445,0.03770361710292445,1089179319.0,1089179319.0,,,1620599246,18:27:26,20210509
3,2019-12-31,UGP,BRL,2019-12-31,2019-12-31,Q3,23662787000.0,22025353000.0,1637434000.0,0.06919869582564386,0.0,481240000.0,621868000.0,-2504000.0,1052609000.0,23077962000.0,253292000.0,301860000.0,886685000.0,0.03747170610122975,584825000.0,-0.01209696896650424,-649785000.0,-286248000.0,-0.01209696896650424,-18583000.0,-266536000.0,-0.011263930998491429,-0.24577161044414858,-0.24577161044414858,1084486526.0,1084486526.0,,,1620599246,18:27:26,20210509
4,2019-09-30,UGP,BRL,2019-09-30,2019-09-30,Q2,23203290000.0,21580190000.0,1623100000.0,0.06995128708040972,0.0,445539000.0,613457000.0,0.0,1005782000.0,22585972000.0,288993000.0,368286000.0,985604000.0,0.04247690736960147,617318000.0,0.026604761652334646,-6284000.0,447633000.0,0.019291790086664436,140310000.0,297800000.0,0.012834386847727197,0.2746,0.2728,1084486526.0,1091642229.0,,,1620599246,18:27:26,20210509
5,2019-06-30,UGP,BRL,2019-06-30,2019-06-30,Q1,21692645000.0,20286893000.0,1405752000.0,0.0648031625465682,0.0,415629000.0,696557000.0,0.0,1102079000.0,21388972000.0,224315000.0,375541000.0,679214000.0,0.03131079681615589,303673000.0,0.013998892251267653,-2051000.0,209446000.0,0.009655161922393511,88713000.0,108601000.0,0.005006351231027844,0.0948,0.0942,1145580169.0,1152876858.0,,,1620599246,18:27:26,20210509
6,2018-12-31,UGP,BRL,2018-12-31,2018-12-31,Q3,23467044000.0,21911878000.0,1555166000.0,0.06627021281419168,0.0,448617000.0,653558000.0,0.0,849459000.0,22761337000.0,188563000.0,210203000.0,915910000.0,0.03902962810313902,705707000.0,0.03451926028689425,97320000.0,810065000.0,0.03451926028689425,314483000.0,507643000.0,0.02163216636914304,0.4682764513302204,0.4682764513302204,1084066898.0,1084066898.0,,,1620599246,18:27:26,20210509
7,2018-09-30,UGP,BRL,2018-09-30,2018-09-30,Q2,23834232000.0,22209129000.0,1625103000.0,0.06818356891046458,0.0,407093000.0,683390000.0,0.0,1066097000.0,23275226000.0,203836000.0,296006000.0,855012000.0,0.035873276722321074,559006000.0,0.023453912842670996,-5326000.0,494874000.0,0.020763161154091308,171656000.0,327334000.0,0.013733775856507565,0.30195,0.30005,1084066898.0,1090931511.0,,,1620599246,18:27:26,20210509
8,2018-06-30,UGP,BRL,2018-06-30,2018-06-30,Q1,22645585000.0,21186536000.0,1459049000.0,0.06442973321289779,0.0,397561000.0,662472000.0,0.0,1025163000.0,22211699000.0,256574000.0,289954000.0,723840000.0,0.031963846374469904,433886000.0,0.01915984948059412,-5750000.0,363717000.0,0.016061276403325418,123048000.0,241589000.0,0.01066826050199189,0.22285,0.22135,1084087952.0,1091434380.0,,,1620599246,18:27:26,20210509
9,2017-12-31,UGP,BRL,2017-12-31,2017-12-31,Q3,21573907000.0,19649456000.0,1924451000.0,0.08920271140503201,0.0,415961000.0,731610000.0,0.0,1072311000.0,20721767000.0,224069000.0,306447000.0,1158587000.0,0.05370316095271941,852140000.0,0.02972173746739522,-96965000.0,641214000.0,0.02972173746739522,240478000.0,404890000.0,0.018767578816391486,0.3736771794162437,0.3736771794162437,1083528838.0,1083528838.0,,,1620599246,18:27:26,20210509
10,2017-09-30,UGP,BRL,2017-09-30,2017-09-30,Q2,20532587000.0,18454915000.0,2077672000.0,0.1011890026327418,0.0,408747000.0,729254000.0,0.0,1122255000.0,19577170000.0,270799000.0,280288000.0,1235705000.0,0.06018262579381741,955417000.0,0.046531740009186376,3420000.0,838004000.0,0.04081336657674944,282386000.0,555146000.0,0.027037313904964826,0.51235,0.5086,1083528838.0,1091517892.0,,,1620599246,18:27:26,20210509
11,2017-06-30,UGP,BRL,2017-06-30,2017-06-30,Q1,19173040000.0,17590559000.0,1582481000.0,0.08253678081305833,0.0,389242000.0,721108000.0,0.0,1103774000.0,18694333000.0,249783000.0,293635000.0,772342000.0,0.04028270947121583,478707000.0,0.02496771508326275,11862000.0,377724000.0,0.019700788190083574,130548000.0,246100000.0,0.01283573184012551,0.2271,0.22545,1083663584.0,1091594589.0,,,1620599246,18:27:26,20210509
12,2016-12-31,UGP,BRL,2016-12-31,2016-12-31,Q3,19085253000.0,17269472000.0,1815781000.0,0.09514052551464736,0.0,398151000.0,686245000.0,0.0,1034233000.0,18303705000.0,331325000.0,283717000.0,1065265000.0,0.05581613196324932,781548000.0,0.03337115834932867,29981000.0,636897000.0,0.03337115834932867,201335000.0,435388000.0,0.02281279687515801,0.4020896612290893,0.4020896612290893,1082813218.0,1082813218.0,,,1620599246,18:27:26,20210509
13,2016-09-30,UGP,BRL,2016-09-30,2016-09-30,Q2,19445181000.0,17662284000.0,1782897000.0,0.09168837255873319,0.0,369579000.0,675185000.0,0.0,1030293000.0,18692577000.0,322421000.0,274458000.0,1027062000.0,0.052818330670205645,752604000.0,0.03870388246836067,2286000.0,552640000.0,0.028420409149187142,172554000.0,376819000.0,0.01937852879847197,0.348,0.3453,1082813218.0,1091280046.0,,,1620599246,18:27:26,20210509
14,2016-06-30,UGP,BRL,2016-06-30,2016-06-30,Q1,19298198000.0,17604887000.0,1693311000.0,0.08774451376237305,0.0,356309000.0,648869000.0,0.0,965002000.0,18569889000.0,328258000.0,275243000.0,1003552000.0,0.05200236830402507,728309000.0,0.03773974129605261,4225000.0,510074000.0,0.026431172485638296,142957000.0,364160000.0,0.018870155648729483,0.33635,0.3338,1082681730.0,1090952666.0,,,1620599246,18:27:26,20210509
15,2015-12-31,UGP,BRL,2015-12-31,2015-12-31,Q3,20580107000.0,18633802000.0,1946305000.0,0.09457215164138845,0.0,385942000.0,682013000.0,0.0,1028144000.0,19661946000.0,283032000.0,271200000.0,1189361000.0,0.05779177921669698,918161000.0,0.03614509875969061,-11492000.0,743870000.0,0.03614509875969061,247122000.0,494150000.0,0.024011051060132974,0.45509684540073464,0.45509684540073464,1085812844.0,1085812844.0,,,1620599246,18:27:26,20210509
16,2015-09-30,UGP,BRL,2015-09-30,2015-09-30,Q2,19160848000.0,17510348000.0,1650500000.0,0.08613919383943759,0.0,337814000.0,636721000.0,0.0,959127000.0,18469475000.0,339442000.0,253874000.0,945247000.0,0.04933221118397265,691373000.0,0.036082588829053915,-1160000.0,457078000.0,0.023854789725381673,158537000.0,295884000.0,0.015442114044221843,0.2725,0.2703,1085812844.0,1094650388.0,,,1620599246,18:27:26,20210509
17,2015-06-30,UGP,BRL,2015-06-30,2015-06-30,Q1,18510679000.0,16968005000.0,1542674000.0,0.08333967651861933,0.0,309593000.0,613623000.0,0.0,944418000.0,17912423000.0,226869000.0,241698000.0,839954000.0,0.04537672551071736,598256000.0,0.03231950594573003,5815000.0,476904000.0,0.02576372265976845,145833000.0,328561000.0,0.017749808097261045,0.30185,0.29935,1088490972.0,1097581426.0,,,1620599246,18:27:26,20210509
18,2014-12-31,UGP,BRL,2014-12-31,2014-12-31,Q3,17822271000.0,16332492000.0,1489779000.0,0.08359086224196681,0.0,296782000.0,574330000.0,0.0,826306000.0,17158798000.0,196250000.0,236361000.0,899834000.0,0.05048930071818569,663473000.0,0.0311174709440789,-1396000.0,554584000.0,0.0311174709440789,182834000.0,369394000.0,0.020726539283349468,0.33810239913616014,0.33810239913616014,1092550662.0,1092550662.0,,,1620599246,18:27:26,20210509
19,2014-09-30,UGP,BRL,2014-09-30,2014-09-30,Q2,17299930000.0,15929882000.0,1370048000.0,0.07919384644908968,0.0,268861000.0,556706000.0,0.0,804687000.0,16734569000.0,200142000.0,220774000.0,786135000.0,0.045441513347163835,565361000.0,0.032679958820642625,3317000.0,461278000.0,0.026663576095394607,132500000.0,326181000.0,0.018854469353344203,0.29855,0.2961,1092550662.0,1101590679.0,,,1620599246,18:27:26,20210509
20,2014-06-30,UGP,BRL,2014-06-30,2014-06-30,Q1,16667233000.0,15367386000.0,1299847000.0,0.0779881699619847,0.0,260760000.0,522787000.0,0.0,761993000.0,16129379000.0,179402000.0,216409000.0,754263000.0,0.045254242260847975,537854000.0,0.03227014346052521,-3404000.0,435876000.0,0.026151671366206976,134466000.0,299065000.0,0.01794329028699605,0.27375,0.2718,1092474886.0,1100312730.0,,,1620599246,18:27:26,20210509
21,2013-12-31,UGP,BRL,2013-12-31,2013-12-31,Q3,16226504000.0,14939777000.0,1286727000.0,0.0792978573819721,0.0,261761000.0,446426000.0,0.0,675153000.0,15614930000.0,148262000.0,200925000.0,812499000.0,0.05007233844086194,611574000.0,0.033200373906788545,10620000.0,538726000.0,0.033200373906788545,168016000.0,372813000.0,0.02297555899903023,0.3490689776734016,0.3490689776734016,1068021004.0,1068021004.0,,,1620599246,18:27:26,20210509
22,2013-09-30,UGP,BRL,2013-09-30,2013-09-30,Q2,15909670000.0,14645484000.0,1264186000.0,0.07946022764771363,0.0,264978000.0,461347000.0,0.0,697318000.0,15342802000.0,155110000.0,195775000.0,762643000.0,0.04793581513632904,566868000.0,0.03563040591036772,1893000.0,479857000.0,0.030161342127146572,152060000.0,325426000.0,0.020454604023842103,0.3047,0.3033,1068021004.0,1072950874.0,,,1620599246,18:27:26,20210509
23,2013-06-30,UGP,BRL,2013-06-30,2013-06-30,Q1,15204104000.0,14043739000.0,1160365000.0,0.07631919644853784,0.0,241864000.0,433957000.0,0.0,656289000.0,14700028000.0,141723000.0,192795000.0,696871000.0,0.045834401027512045,504076000.0,0.03315394317218562,9105000.0,418959000.0,0.027555652079201774,135278000.0,282067000.0,0.018552030425469334,0.26405,0.26295,1068233289.0,1072702035.0,,,1620599246,18:27:26,20210509
24,2012-12-31,UGP,BRL,2012-12-31,2012-12-31,Q3,14346881000.0,13225291000.0,1121590000.0,0.07817657370964462,0.0,264437000.0,404628000.0,0.0,632613000.0,13857904000.0,95641000.0,185719000.0,674696000.0,0.04702736434490535,488977000.0,0.030322688255377598,292000.0,435036000.0,0.030322688255377598,133366000.0,299771000.0,0.020894506617849553,0.0,0.0,0.0,0.0,,,1620599246,18:27:26,20210509
25,2012-09-30,UGP,BRL,2012-09-30,2012-09-30,Q2,14122942000.0,13036993000.0,1085949000.0,0.07689254830898548,0.0,232956000.0,406113000.0,0.0,619989000.0,13656982000.0,106259000.0,180986000.0,646946000.0,0.04580816093417363,465960000.0,0.032993125653281025,4841000.0,412440000.0,0.02920354696634738,121681000.0,288670000.0,0.02043979221893002,0.27,0.27,1069148148.0,1069148148.0,,,1620599246,18:27:26,20210509
26,2012-06-30,UGP,BRL,2012-06-30,2012-06-30,Q1,13048231000.0,12037966000.0,1010265000.0,0.07742543797699473,0.0,218882000.0,393404000.0,0.0,598763000.0,12636729000.0,139451000.0,167536000.0,579038000.0,0.044376743483465306,411502000.0,0.03153699532143476,-2551000.0,324052000.0,0.024834937394961815,90038000.0,232540000.0,0.01782157290133812,0.215,0.215,1081581395.0,1081581395.0,,,1620599246,18:27:26,20210509
27,2011-12-31,UGP,BRL,2011-12-31,2011-12-31,Q3,12758445000.0,11841227000.0,917218000.0,0.07189104941863997,0.0,223247000.0,368808000.0,0.0,560860000.0,12402087000.0,155786000.0,147339000.0,503697000.0,0.03947949769740748,356358000.0,0.021468760495499256,77000.0,273908000.0,0.021468760495499256,52708000.0,220106000.0,0.017251788913147333,0.0,0.0,0.0,0.0,,,1620599246,18:27:26,20210509
28,2011-09-30,UGP,BRL,2011-09-30,2011-09-30,Q2,12909294000.0,11982735000.0,926559000.0,0.0717745679972894,0.0,187765000.0,356047000.0,0.0,528801000.0,12511536000.0,161231000.0,149712000.0,547470000.0,0.04240898069251502,397758000.0,0.03081175469394376,164000.0,320450000.0,0.024823201020907883,95748000.0,223059000.0,0.017278946470659046,0.21,0.21,1072126000.0,1072126000.0,,,1620599246,18:27:26,20210509
29,2011-06-30,UGP,BRL,2011-06-30,2011-06-30,Q1,12187491000.0,11335275000.0,852216000.0,0.06992546702188333,0.0,189478000.0,314705000.0,0.0,488309000.0,11823584000.0,149850000.0,144684000.0,508591000.0,0.041730574406167766,363907000.0,0.029859057947201766,-175000.0,293602000.0,0.024090438302682645,78899000.0,212584000.0,0.017442802624428606,0.2,0.2,1062920000.0,1062920000.0,,,1620599246,18:27:26,20210509
30,2010-12-31,UGP,BRL,2010-12-31,2010-12-31,Q3,11255138000.0,10404901000.0,850237000.0,0.07554212129606941,0.0,215551000.0,302896000.0,0.0,449812000.0,10854713000.0,146222000.0,134157000.0,534582000.0,0.047496707725840415,400425000.0,0.029868669757758634,0.0,336176000.0,0.029868669757758634,88771000.0,247125000.0,0.021956638825752293,0.0,0.0,0.0,0.0,,,1620599246,18:27:26,20210509
31,2010-09-30,UGP,BRL,2010-09-30,2010-09-30,Q2,10910596000.0,10105803000.0,804793000.0,0.07376251489836119,0.0,180655000.0,294465000.0,0.0,461334000.0,10567137000.0,0.0,199289000.0,542748000.0,0.04974503684308355,343459000.0,0.03147939855897881,0.0,282772000.0,0.025917190958220798,78642000.0,202617000.0,0.018570662867546373,0.186097,0.186097,1088767992.0,1088767992.0,,,1620599246,18:27:26,20210509
32,2010-06-30,UGP,BRL,2010-06-30,2010-06-30,Q1,10377359000.0,9554481000.0,822878000.0,0.07929551247094757,0.0,189054000.0,232383000.0,0.0,485533000.0,10040014000.0,67811000.0,96058000.0,433403000.0,0.04176428704066227,337345000.0,0.03250778931325398,-2397000.0,267137000.0,0.025742291463560236,69854000.0,196000000.0,0.018887271800079385,0.18002,0.18002,1088767992.0,1088767992.0,,,1620599246,18:27:26,20210509
33,2009-12-31,UGP,BRL,2009-12-31,2009-12-31,Q3,10422445000.0,9666439000.0,756006000.0,0.07253633864222839,0.0,199451000.0,219048000.0,0.0,486844000.0,10153283000.0,0.0,119379000.0,388541000.0,0.03727925645086158,269162000.0,0.019239439498121604,16460000.0,200522000.0,0.019239439498121604,52054000.0,148781000.0,0.014275057340192248,0.0,0.0,0.0,0.0,,,1620599246,18:27:26,20210509
34,2009-09-30,UGP,BRL,2009-09-30,2009-09-30,Q2,9660251000.0,8932873000.0,727378000.0,0.07529597315846141,0.0,180163000.0,218446000.0,0.0,474513000.0,9407386000.0,0.0,113077000.0,365942000.0,0.037881210332940625,252865000.0,0.026175820897407324,6329000.0,199521000.0,0.02065381116908867,65078000.0,133438000.0,0.013813098645159427,0.122559,0.122559,1087605327.0,1087605327.0,,,1620599246,18:27:26,20210509
35,2009-06-30,UGP,BRL,2009-06-30,2009-06-30,Q1,9621818000.0,8927485000.0,694333000.0,0.07216235019203232,0.0,182620000.0,230911000.0,0.0,479229000.0,9406714000.0,0.0,110621000.0,325725000.0,0.03385275007280329,215104000.0,0.022355858321161343,7012000.0,135241000.0,0.014055659751618665,40566000.0,93322000.0,0.009698998671560821,0.085713,0.085713,1087605327.0,1087605327.0,,,1620599246,18:27:26,20210509
36,2008-12-31,UGP,BRL,2008-12-31,2008-12-31,Q3,7341373500.0,6732894696.0,608478804.0,0.08288351001348726,0.0,0.0,0.0,0.0,301839340.0,7034734036.0,0.0,116829220.0,423468684.0,0.05768248734381925,306639464.0,0.0176255061808257,-117122092.0,129395424.0,0.0176255061808257,50218668.0,75574004.0,0.010294259514244848,0.0,0.0,0.0,0.0,,,1620599246,18:27:26,20210509
37,2008-09-30,UGP,BRL,2008-09-30,2008-09-30,Q2,7839066716.0,7298072548.0,540994168.0,0.06901257351156341,0.0,296270988.0,0.0,0.0,385309860.0,7683382408.0,0.0,91135219.38,246819527.38,0.031485830689031734,155684308.0,0.019860056514411223,13391040.0,168007528.0,0.021432082936236104,45127420.0,118216332.0,0.015080408967398307,0.108755,0.108755,1086993731.0,1086993731.0,,,1620599246,18:27:26,20210509
38,2008-06-30,UGP,BRL,2008-06-30,2008-06-30,Q1,6987077549.54,6499765804.28,487311745.26,0.06974471684403769,0.0,267004262.04,0.0,0.0,340698638.54,6840464442.82,0.0,87147862.62,233760969.34,0.03345618646459561,146613106.72,0.020983466360646363,10929271.04,147524411.3,0.02111389350612151,39904287.94,103832862.82,0.014860699925512623,0.097016,0.097016,1070312680.0,1070312680.0,,,1620599246,18:27:26,20210509
39,2007-12-31,UGP,BRL,2007-12-31,2007-12-31,Q3,6444561121.06,5922538602.38,522022518.68,0.08100202773686128,0.0,0.0,0.0,0.0,318665314.46,6241203916.84,0.0,87339360.86,290696565.08,0.04510727101804354,203357204.22,0.014937402583617105,-47058570.38,96265003.94,0.014937402583617105,8949621.08,82958844.2,0.012872691040030814,0.0,0.0,0.0,0.0,,,1620599246,18:27:26,20210509
40,2007-09-30,UGP,BRL,2007-09-30,2007-09-30,Q2,6143195787.4,5666156948.9,477038838.5,0.07765320445726806,0.0,278755320.9,0.0,0.0,370578968.9,6036735917.8,0.0,82035201.9,188495071.5,0.030683552669217018,106459869.6,0.01732972109050382,-221151.7,105502154.8,0.01717382262443762,27801144.7,24593531.2,0.004003377403409892,0.038085,0.038085,645904000.0,645904000.0,,,1620599246,18:27:26,20210509
41,2007-06-30,UGP,BRL,2007-06-30,2007-06-30,Q1,6180993283.2,5704114147.0,476879136.2,0.0771525083996066,0.0,270686724.4,0.0,0.0,332168563.8,6036282710.8,0.0,82840365.5,227550937.9,0.03681462306689213,144710572.4,0.023412187292506006,2993187.2,116290722.8,0.01881424513371974,28687925.0,37333838.8,0.0060401034412177305,0.057762,0.057762,650603272.0,650603272.0,,,1620599246,18:27:26,20210509
42,2006-12-31,UGP,BRL,2006-12-31,2006-12-31,Q3,1168243395.5,941982154.0,226261241.5,0.19367645678250273,0.0,0.0,0.0,0.0,159404003.0,1101386157.0,0.0,46713238.5,113570477.0,0.09721473918659958,66857238.5,0.05748236262980012,-3822611.5,67153390.5,0.05748236262980012,20328158.0,46156341.5,0.039509182485252065,0.0,0.0,0.0,0.0,,,1620599246,18:27:26,20210509
43,2006-09-30,UGP,BRL,2006-09-30,2006-09-30,Q2,1303848419.5,1036775162.0,267073257.5,0.20483459082031735,0.0,124122158.5,0.0,0.0,154424139.5,1191199301.5,0.0,45592440.93,158241558.93,0.12136499654667104,112649118.0,0.08639740349817558,-6944835.0,102076093.5,0.07828831325281213,11375683.0,89393656.5,0.06856138732313738,0.137382,0.137382,650600000.0,650600000.0,,,1620599246,18:27:26,20210509
44,2006-06-30,UGP,BRL,2006-06-30,2006-06-30,Q1,1204260844.5,966263364.99,237997479.51,0.19762950908597776,0.0,117429858.21,0.0,0.0,147026302.29,1113289667.28,0.0,46753260.33,137724437.55,0.11436429090840544,90971177.22,0.07554109031733117,-10064358.78,102374692.35,0.08501039688997378,12605489.61,88615133.04,0.07358466684748215,0.136529,0.136529,650603272.0,650603272.0,,,1620599246,18:27:26,20210509
45,2005-12-31,UGP,BRL,2005-12-31,2005-12-31,Q3,1113298890.54,934762634.55,178536255.99,0.1603668677900163,0.0,0.0,0.0,0.0,141793337.01,1076555971.56,0.0,49621105.65,86364024.63,0.07757487711867705,36742918.98,0.03399008464083294,302045.07,37841123.52,0.03399008464083294,-1798033.26,40844671.92,0.036687966068293214,0.0,0.0,0.0,0.0,,,1620599246,18:27:26,20210509
46,2005-09-30,UGP,BRL,2005-09-30,2005-09-30,Q2,1232493570.0,1012323015.0,220170555.0,0.17863829910285048,0.0,109684327.5,0.0,0.0,140864872.5,1153187887.5,0.0,48741354.0,128047036.5,0.10389266087611312,79305682.5,0.06434571703282801,-300712.5,75797370.0,0.061499201168246254,7419802.5,67375192.5,0.05466575578159,0.104024,0.104024,557528000.0,557528000.0,,,1620599246,18:27:26,20210509
47,2005-06-30,UGP,BRL,2005-06-30,2005-06-30,Q1,1193033772.0,943905816.0,249127956.0,0.20881886317632256,0.0,99552348.0,0.0,0.0,131314554.0,1075220370.0,0.0,45077313.54,162890715.54,0.13653487383423374,117813402.0,0.09875110392097099,100233.0,30867102.0,0.02587278141192469,12505815.0,88832079.0,0.07445898103209772,0.13648,0.13648,556024000.0,556024000.0,,,1620599246,18:27:26,20210509
48,2004-12-31,UGP,BRL,2004-12-31,2004-12-31,Q3,1215157310.19,927977395.67,287179914.52,0.23633147092296797,0.0,0.0,0.0,0.0,145952020.46,1073929416.13,0.0,43924515.65,185152409.71,0.1523690868312761,141227894.06,0.05232204482237679,-67098987.44,63579515.25,0.05232204482237679,-47000199.39,109389301.8,0.09002069187477962,0.0,0.0,0.0,0.0,,,1620599246,18:27:26,20210509
49,2004-09-30,UGP,BRL,2004-09-30,2004-09-30,Q2,1321762549.39,999509633.11,322252916.28,0.24380545237018653,0.0,115095637.91,0.0,0.0,144849671.86,1144359304.97,0.0,42981823.16,220385067.57999998,0.1667357481733075,177403244.42,0.13421718182427883,26142371.78,187620559.49,0.14194725034128697,55596148.78,129722440.76,0.09814352874490774,0.202635,0.202635,638721408.0,638721408.0,,,1620599246,18:27:26,20210509
50,2004-06-30,UGP,BRL,2004-06-30,2004-06-30,Q1,1189192690.23,902797643.58,286395046.65,0.2408314892976753,0.0,105997171.41,0.0,0.0,135387871.14,1038185514.72,0.0,42460713.34,193467888.85,0.16268842756894314,151007175.51,0.12698293283386555,18219950.94,159558767.79,0.13417402335288486,46453779.42,111618023.19,0.09386033407959489,0.174356,0.174356,638850576.0,638850576.0,,,1620599246,18:27:26,20210509
51,2003-12-31,UGP,BRL,2003-12-31,2003-12-31,Q3,1077577929.68,872560582.65,205017347.03,0.19025755946104278,0.0,0.0,0.0,0.0,141046045.86,1013606628.51,0.0,42355622.22,106326923.39,0.09867214283200389,63971301.17,-0.0009120089535351218,-34487581.89,-982760.72,-0.0009120089535351218,-64591342.01,59523180.57,0.05523793586573932,0.0,0.0,0.0,0.0,,,1620599246,18:27:26,20210509
52,2003-09-30,UGP,BRL,2003-09-30,2003-09-30,Q2,1054688484.08,836369246.44,218319237.64,0.20699878773251124,0.0,88478403.16,0.0,0.0,114067050.44,950436296.88,0.0,38776189.6,143028376.8,0.13561196406232026,104252187.2,0.09884642600505751,17260621.56,115953077.8,0.10994059340767842,40766539.24,75186538.56,0.07128791078588942,0.11759,0.11759,640836784.0,640836784.0,,,1620599246,18:27:26,20210509
53,2003-06-30,UGP,BRL,2003-06-30,2003-06-30,Q1,918277160.16,733283666.88,184993493.28,0.20145714312198168,0.0,80436888.0,0.0,0.0,101208614.88,834492281.76,0.0,32552802.39,116337680.79,0.12669124948041766,83784878.4,0.09124138335903006,12010206.24,81716501.28,0.08898892929642481,30915002.88,50801498.4,0.05532262001501636,0.002283,0.002283,640836784.0,640836784.0,,,1620599246,18:27:26,20210509
54,2002-12-31,UGP,BRL,2002-12-31,2002-12-31,Q3,1017172162.18,760742096.58,256430065.6,0.2521009472481236,0.0,0.0,0.0,0.0,134520402.8,895262499.38,0.0,35847040.06,157756702.86,0.15509341360846562,121909662.8,0.10487302773935221,-5697373.62,106673924.38,0.10487302773935221,-7143370.36,113817294.74,0.11189580188280729,0.0,0.0,0.0,0.0,,,1620599246,18:27:26,20210509
55,2002-09-30,UGP,BRL,2002-09-30,2002-09-30,Q2,789318390.08,576899938.28,212418451.8,0.2691163090454166,0.0,70585465.82,0.0,0.0,90293738.8,667193677.08,0.0,28508115.66,150632828.66,0.19083912215035667,122124713.0,0.15472173781181287,-39790587.96,80815514.52,0.10238645841231328,35717270.58,45098243.94,0.057135681249526116,0.092744,0.092744,487172416.0,487172416.0,,,1620599246,18:27:26,20210509
56,2002-06-30,UGP,BRL,2002-06-30,2002-06-30,Q1,650884634.6,495090160.2,155794474.4,0.23935804613937955,0.0,65348926.0,0.0,0.0,84171392.8,579261553.0,0.0,29658531.0,101281612.6,0.15560608933754047,71623081.6,0.11003959502595391,8494537.0,70753043.4,0.10870289393677446,29633446.2,41119597.2,0.06317493917377535,0.085006,0.085006,487356320.0,487356320.0,,,1620599246,18:27:26,20210509
57,2001-09-30,UGP,BRL,2001-09-30,2001-09-30,Q2,600651071.0,434883531.0,165767540.0,0.275979762633271,0.0,61251675.5,0.0,0.0,79239162.0,514122693.0,0.0,26640858.0,113169236.0,0.1884109451625368,86528378.0,0.14405764374305094,-10209044.0,61251675.5,0.10197547038087276,15556885.0,45694790.5,0.07607543331925566,0.094077,0.094077,485609192.0,485609192.0,,,1620599246,18:27:26,20210509
58,2001-06-30,UGP,BRL,2001-06-30,2001-06-30,Q1,543734694.6,405396522.0,138338172.6,0.2544221915097194,0.0,57432285.6,0.0,0.0,61182992.7,466579514.7,0.0,22959714.73,100114894.63000001,0.18412452915782726,77155179.9,0.14189857786573548,8466326.4,54835471.2,0.10084968228915367,15969963.9,38865507.3,0.07147880701008333,0.079523,0.079523,488809192.0,488809192.0,,,1620599246,18:27:26,20210509
59,2000-09-30,UGP,BRL,2000-09-30,2000-09-30,Q2,492036698.45,354228446.99,137808251.46,0.2800771810194639,0.0,53815160.08,0.0,0.0,81192830.07,435421277.06,0.0,23050861.21,79666282.6,0.1619112616009384,56615421.39,0.11506341207545756,10802851.4,62217787.5,0.1264494857720912,26607091.17,35610696.33,0.07237406567879957,0.072173,0.072173,487356320.0,487356320.0,,,1620599246,18:27:26,20210509
60,2000-06-30,UGP,BRL,2000-06-30,2000-06-30,Q1,464401570.0,325261800.0,139139770.0,0.29961089494163423,0.0,57824320.0,0.0,0.0,84929470.0,410191270.0,0.0,22411440.0,76621740.0,0.1649902690897449,54210300.0,0.11673151750972763,9035050.0,56017310.0,0.12062256809338522,23491130.0,32526180.0,0.07003891050583658,0.068779,0.068779,487356320.0,487356320.0,,,1620599246,18:27:26,20210509
