,date,symbol,reportedCurrency,fillingDate,acceptedDate,period,revenue,costOfRevenue,grossProfit,grossProfitRatio,researchAndDevelopmentExpenses,generalAndAdministrativeExpenses,sellingAndMarketingExpenses,otherExpenses,operatingExpenses,costAndExpenses,interestExpense,depreciationAndAmortization,ebitda,ebitdaratio,operatingIncome,operatingIncomeRatio,totalOtherIncomeExpensesNet,incomeBeforeTax,incomeBeforeTaxRatio,incomeTaxExpense,netIncome,netIncomeRatio,eps,epsdiluted,weightedAverageShsOut,weightedAverageShsOutDil,link,finalLink,timestamp,est_time,est_date
0,2020-12-31,TANLA.NS,INR,2020-12-31,2020-12-31,Q4,6541122000,5130033000,1411089000,0.21572583419174876,0.0,0.0,0.0,24255000.0,231479000,5361512000,1737000.0,89210000,1268820000,0.19397589587841352,1179610000.0,0.18033756288294273,0.0,1202128000.0,0.18378009155004293,266933000.0,935195000.0,0.1429716492063594,6.87,6.87,136127365,136127365,https://www.nseindia.com/companies-listing/corporate-filings-annual-reports,https://www.nseindia.com/companies-listing/corporate-filings-annual-reports,1620598586,18:16:26,20210509
1,2020-09-30,TANLA.NS,INR,2020-09-30,2020-09-30,Q3,5832467000,4489165000,1343302000,0.23031454785770755,0.0,0.0,0.0,47447000.0,467203000,4956368000,894000.0,99226000,975325000,0.1672234064933415,876099000.0,0.15021070843607,0.0,922652000.0,0.1581924081182114,107921000.0,814731000.0,0.1396889172283358,5.85,5.85,139270256,139270256,https://www.nseindia.com/companies-listing/corporate-filings-annual-reports,https://www.nseindia.com/companies-listing/corporate-filings-annual-reports,1620598586,18:16:26,20210509
2,2020-06-30,TANLA.NS,INR,2020-06-30,2020-06-30,Q2,4555477000,3502458000,1053019000,0.23115449820073727,0.0,0.0,0.0,132277000.0,417895000,3920353000,6996000.0,114878000,750002000,0.1646374243575371,635124000.0,0.13941986755722838,0.0,760405000.0,0.16692104910199304,-25651000.0,786056000.0,0.1725518535161082,5.16,5.16,152336434,152336434,https://www.nseindia.com/companies-listing/corporate-filings-annual-reports,https://www.nseindia.com/companies-listing/corporate-filings-annual-reports,1620598586,18:16:26,20210509
3,2020-03-31,TANLA.NS,INR,2020-03-31,2020-03-31,Q1,5220762127,4113423877,1107338250,0.2121027970750141,0.0,0.0,0.0,-75444849.0,1236255044,5349678921,18087350.0,840742444,711825650,0.13634516047354095,-128916794.0,-0.02469309860590781,0.0,-724348580.0,-0.1387438389988918,166938086.0,-891286666.0,-0.1707196467332939,-6.39969144596101,-6.39969144596101,139270256,139270256,https://www.nseindia.com/companies-listing/corporate-filings-annual-reports,https://www.nseindia.com/companies-listing/corporate-filings-annual-reports,1620598586,18:16:26,20210509
4,2019-12-31,TANLA.NS,INR,2019-12-31,2019-12-31,Q4,5390391000,4351057000,1039334000,0.1928123581387695,0.0,0.0,0.0,22269000.0,1110824000,5461881000,18394000.0,708385000,636895000,0.11815376658205314,-71490000.0,-0.013262488750816035,0.0,-67615000.0,-0.012543616965819362,-74433000.0,6818000.0,0.001264843310995436,0.05,0.05,136360000,136360000,https://www.nseindia.com/companies-listing/corporate-filings-annual-reports,https://www.nseindia.com/companies-listing/corporate-filings-annual-reports,1620598586,18:16:26,20210509
5,2019-09-30,TANLA.NS,INR,2019-09-30,2019-09-30,Q3,4871643000,3885787000,985856000,0.2023662242902446,0.0,0.0,0.0,17183000.0,1363563000,5249350000,11803000.0,692381000,314674000,0.06459299254892036,-377707000.0,-0.07753174852919231,0.0,-387309000.0,-0.0795027468145757,82833000.0,-470143000.0,-0.09650604529108557,-3.27,-3.27,143774618,143774618,https://www.nseindia.com/companies-listing/corporate-filings-annual-reports,https://www.nseindia.com/companies-listing/corporate-filings-annual-reports,1620598586,18:16:26,20210509
6,2019-06-30,TANLA.NS,INR,2019-06-30,2019-06-30,Q2,3945601000,3179086000,766515000,0.1942707840960097,0.0,0.0,0.0,47176000.0,1989997000,5169083000,14955000.0,1536449000,312967000,0.07932048881779988,-1223482000.0,-0.3100876140288894,0.0,-1193182000.0,-0.3024081755859247,-436137000.0,-757045000.0,-0.19187064277406662,-5.39,-5.39,140453618,140453618,https://www.nseindia.com/companies-listing/corporate-filings-annual-reports,https://www.nseindia.com/companies-listing/corporate-filings-annual-reports,1620598586,18:16:26,20210509
7,2019-03-31,TANLA.NS,INR,2019-03-31,2019-03-31,Q1,3179451403,2725395571,454055832,0.14280948957784714,0.0,0.0,0.0,-64341548.0,313125887,3038521458,1683894.0,203350914,344280859,0.10828310150460255,140929945.0,0.044325239526235335,0.0,114808150.0,0.03610942123275473,17472656.0,97335494.0,0.030613927266873217,0.698896496607287,0.698896496607287,139270256,139270256,https://www.nseindia.com/companies-listing/corporate-filings-annual-reports,https://www.nseindia.com/companies-listing/corporate-filings-annual-reports,1620598586,18:16:26,20210509
8,2018-12-31,TANLA.NS,INR,2018-12-31,2018-12-31,Q4,2817761000,2424849000,392912000,0.13944120881792316,0.0,0.0,0.0,27414000.0,330127000,2754976000,2738000.0,216607000,279392000,0.09915390269082439,62785000.0,0.022281875574259136,0.0,87461000.0,0.031039183238038996,-12264000.0,99725000.0,0.03539157508390527,0.88,0.88,113323864,113323864,https://www.nseindia.com/companies-listing/corporate-filings-annual-reports,https://www.nseindia.com/companies-listing/corporate-filings-annual-reports,1620598586,18:16:26,20210509
9,2018-09-30,TANLA.NS,INR,2018-09-30,2018-09-30,Q3,2184320000,1862474000,321846000,0.14734379578083798,0.0,0.0,0.0,22107000.0,291770000,2154244000,508000.0,191870000,221946000,0.10160873864635218,30076000.0,0.013769044828596543,0.0,51675000.0,0.0236572480222678,-32676000.0,84351000.0,0.038616594638148254,0.75,0.75,112468000,112468000,https://www.nseindia.com/companies-listing/corporate-filings-annual-reports,https://www.nseindia.com/companies-listing/corporate-filings-annual-reports,1620598586,18:16:26,20210509
10,2018-06-30,TANLA.NS,INR,2018-06-30,2018-06-30,Q2,1858116000,1597569000,260547000,0.14022106262472311,0.0,0.0,0.0,18178000.0,197926000,1795495000,0.0,120448000,183069000,0.0985239888144766,62621000.0,0.033701340497579266,0.0,80798000.0,0.04348382985776991,63999000.0,16799000.0,0.009040877964561954,0.15,0.15,111993333,111993333,https://www.nseindia.com/companies-listing/corporate-filings-annual-reports,https://www.nseindia.com/companies-listing/corporate-filings-annual-reports,1620598586,18:16:26,20210509
11,2018-03-31,TANLA.NS,INR,2018-03-31,2018-03-31,Q1,2079272000,1839632000,239640000,0.11525187661835488,0.0,0.0,0.0,40166000.0,300104000,2139736000,0.0,218734000,158270000,0.07611798744945346,-60464000.0,-0.02907940856222755,0.0,-20298000.0,-0.009762070570853645,31855000.0,-52153000.0,-0.025082336510086223,-0.46,-0.46,113376087,113376087,https://www.nseindia.com/companies-listing/corporate-filings-annual-reports,https://www.nseindia.com/companies-listing/corporate-filings-annual-reports,1620598586,18:16:26,20210509
12,2017-12-31,TANLA.NS,INR,2017-12-31,2017-12-31,Q4,1999968000,1776850000,223118000,0.11156078497255956,0.0,0.0,0.0,0.0,187494000,1964344000,0.0,117956000,153580000,0.07679122865965855,35624000.0,0.017812284996559943,0.0,35624000.0,0.017812284996559943,-392000.0,36017000.0,0.01800878814061025,0.32,0.32,112553125,112553125,https://www.nseindia.com/companies-listing/corporate-filings-annual-reports,https://www.nseindia.com/companies-listing/corporate-filings-annual-reports,1620598586,18:16:26,20210509
13,2017-09-30,TANLA.NS,INR,2017-09-30,2017-09-30,Q3,1981595000,1725956000,255639000,0.12900668400959833,0.0,0.0,0.0,0.0,191996000,1917952000,0.0,117868000,181511000,0.09159843459435454,63643000.0,0.03211705721905839,0.0,63644000.0,0.032117561863044666,-9264000.0,72908000.0,0.036792583751977574,0.65,0.65,112166154,112166154,https://www.nseindia.com/companies-listing/corporate-filings-annual-reports,https://www.nseindia.com/companies-listing/corporate-filings-annual-reports,1620598586,18:16:26,20210509
14,2017-06-30,TANLA.NS,INR,2017-06-30,2017-06-30,Q2,1855297000,1612265000,243032000,0.1309935821596219,0.0,0.0,0.0,2262000.0,198080000,1810345000,0.0,118746000,163698000,0.08823277351281224,44952000.0,0.02422900484396838,0.0,47212000.0,0.02544713865219423,-72043000.0,119256000.0,0.06427865727158509,1.11,1.11,107437838,107437838,https://www.nseindia.com/companies-listing/corporate-filings-annual-reports,https://www.nseindia.com/companies-listing/corporate-filings-annual-reports,1620598586,18:16:26,20210509
15,2017-03-31,TANLA.NS,INR,2017-03-31,2017-03-31,Q1,1777964000,1522263000,255701000,0.14381674769567887,0.0,0.0,0.0,0.0,138021000,1660284000,0.0,38187000,155867000,0.08766600448603008,117680000.0,0.06618806680000269,0.0,117680000.0,0.06618806680000269,-35401000.0,153081000.0,0.08609904362518027,1.424198,1.424198,107485785,107485785,https://www.nseindia.com/companies-listing/corporate-filings-annual-reports,https://www.nseindia.com/companies-listing/corporate-filings-annual-reports,1620598586,18:16:26,20210509
16,2016-12-31,TANLA.NS,INR,2016-12-31,2016-12-31,Q4,1685893000,1468601000,217292000,0.1288883695465845,0.0,0.0,0.0,0.0,99330000,1567931000,0.0,45049000,163011000,0.09669118977301644,117962000.0,0.06997003961698636,0.0,117961000.0,0.06996944645953213,-528000.0,118489000.0,0.07028263359537053,1.17,1.17,101272650,101272650,https://www.nseindia.com/companies-listing/corporate-filings-annual-reports,https://www.nseindia.com/companies-listing/corporate-filings-annual-reports,1620598586,18:16:26,20210509
17,2016-09-30,TANLA.NS,INR,2016-09-30,2016-09-30,Q3,1349210000,1146291000,202919000,0.15039838127496832,0.0,0.0,0.0,0.0,107201000,1253492000,0.0,47101000,142819000,0.1058537959250228,95718000.0,0.0709437374463575,0.0,95720000.0,0.07094521979528762,-1308000.0,97028000.0,0.0719146759955826,0.96,0.96,101070833,101070833,https://www.nseindia.com/companies-listing/corporate-filings-annual-reports,https://www.nseindia.com/companies-listing/corporate-filings-annual-reports,1620598586,18:16:26,20210509
18,2016-06-30,TANLA.NS,INR,2016-06-30,2016-06-30,Q2,979934000,808342000,171592000,0.17510567038188285,0.0,0.0,0.0,0.0,112977000,921319000,0.0,65576000,124191000,0.12673404535407487,58615000.0,0.05981525286396839,0.0,58614000.0,0.05981423238707913,18077000.0,40538000.0,0.04136809213681738,0.4,0.4,101345000,101345000,https://www.nseindia.com/companies-listing/corporate-filings-annual-reports,https://www.nseindia.com/companies-listing/corporate-filings-annual-reports,1620598586,18:16:26,20210509
19,2016-03-31,TANLA.NS,INR,2016-03-31,2016-03-31,Q1,1138033000,829782000,308251000,0.27086297146040583,0.0,0.0,0.0,0.0,313452000,1143234000,0.0,140917000,135716000,0.11925488979669306,-5201000.0,-0.004570166242982409,0.0,-5201000.0,-0.004570166242982409,34863000.0,-40064000.0,-0.03520460302996486,-0.394799,-0.394799,101479593,101479593,https://www.nseindia.com/companies-listing/corporate-filings-annual-reports,https://www.nseindia.com/companies-listing/corporate-filings-annual-reports,1620598586,18:16:26,20210509
20,2015-12-31,TANLA.NS,INR,2015-12-31,2015-12-31,Q4,1085697000,781386000,304311000,0.28029090989474964,0.0,0.0,0.0,0.0,248297000,1029683000,0.0,134121000,190135000,0.1751271303135221,56014000.0,0.05159266351477438,0.0,56014000.0,0.05159266351477438,13041000.0,42973000.0,0.039581024908422885,0.42,0.42,102316667,102316667,https://www.nseindia.com/companies-listing/corporate-filings-annual-reports,https://www.nseindia.com/companies-listing/corporate-filings-annual-reports,1620598586,18:16:26,20210509
21,2015-09-30,TANLA.NS,INR,2015-09-30,2015-09-30,Q3,1066795000,807111000,259684000,0.243424462994296,0.0,0.0,756000.0,0.0,210437000,1017548000,0.0,127277000,176524000,0.1654713417291982,49247000.0,0.04616350845288926,0.0,49247000.0,0.04616350845288926,8291000.0,40956000.0,0.03839163100689448,0.4,0.4,102390000,102390000,https://www.nseindia.com/companies-listing/corporate-filings-annual-reports,https://www.nseindia.com/companies-listing/corporate-filings-annual-reports,1620598586,18:16:26,20210509
22,2015-06-30,TANLA.NS,INR,2015-06-30,2015-06-30,Q2,1025010000,747171000,277839000,0.27105979453858986,0.0,0.0,20059000.0,0.0,236222000,983393000,0.0,127209000,168826000,0.16470668578843134,41617000.0,0.040601555106779444,0.0,41617000.0,0.040601555106779444,10273000.0,31344000.0,0.030579213861328183,0.31,0.31,101109677,101109677,https://www.nseindia.com/companies-listing/corporate-filings-annual-reports,https://www.nseindia.com/companies-listing/corporate-filings-annual-reports,1620598586,18:16:26,20210509
23,2015-03-31,TANLA.NS,INR,2015-03-31,2015-03-31,Q1,874139720,604504715,269635005,0.3084575598509584,0.0,0.0,7070217.0,0.0,216892433,821397148,0.0,167609823,220352395,0.2520791470269764,52742572.0,0.060336546656408654,0.0,69366809.0,0.07935437254813224,21012144.0,48353665.0,0.055315716576750454,0.3471930503236815,0.3471930503236815,139270256,139270256,https://www.nseindia.com/companies-listing/corporate-filings-annual-reports,https://www.nseindia.com/companies-listing/corporate-filings-annual-reports,1620598586,18:16:26,20210509
24,2014-12-31,TANLA.NS,INR,2014-12-31,2014-12-31,Q4,648701000,376070000,272631000,0.4202722055307453,0.0,0.0,7160000.0,0.0,244179000,620249000,0.0,196348000,224800000,0.34653869810590704,28452000.0,0.04385996013571738,0.0,28452000.0,0.04385996013571738,3688000.0,24763000.0,0.0381732107704474,0.24,0.24,103179167,103179167,https://www.nseindia.com/companies-listing/corporate-filings-annual-reports,https://www.nseindia.com/companies-listing/corporate-filings-annual-reports,1620598586,18:16:26,20210509
25,2014-09-30,TANLA.NS,INR,2014-09-30,2014-09-30,Q3,499878000,272525000,227353000,0.45481697534198345,0.0,0.0,6202000.0,0.0,241969000,514494000,0.0,195816000,181200000,0.36248844718111217,-14616000.0,-0.0292391343487811,0.0,-14616000.0,-0.0292391343487811,3837000.0,-18454000.0,-0.03691700774989097,-0.18,-0.18,102522222,102522222,https://www.nseindia.com/companies-listing/corporate-filings-annual-reports,https://www.nseindia.com/companies-listing/corporate-filings-annual-reports,1620598586,18:16:26,20210509
26,2014-06-30,TANLA.NS,INR,2014-06-30,2014-06-30,Q2,402195000,160779000,241416000,0.600246149255958,0.0,0.0,6365000.0,0.0,269973000,430752000,0.0,197023000,168466000,0.4188664702445331,-28557000.0,-0.07100287174131951,0.0,-28557000.0,-0.07100287174131951,225000.0,-28782000.0,-0.07156230186849663,-0.28,-0.28,102792857,102792857,https://www.nseindia.com/companies-listing/corporate-filings-annual-reports,https://www.nseindia.com/companies-listing/corporate-filings-annual-reports,1620598586,18:16:26,20210509
27,2014-03-31,TANLA.NS,INR,2014-03-31,2014-03-31,Q1,355256070,134431779,220824291,0.6215918872265856,0.0,0.0,14698385.0,0.0,302741084,437172863,0.0,399244020,317327227,0.893235200738442,-81916793.0,-0.23058520294952314,0.0,-149300904.0,-0.4202627811538871,-61985404.0,-87315500.0,-0.24578186658429227,-0.6269500933494371,-0.6269500933494371,139270256,139270256,https://www.nseindia.com/companies-listing/corporate-filings-annual-reports,https://www.nseindia.com/companies-listing/corporate-filings-annual-reports,1620598586,18:16:26,20210509
28,2013-12-31,TANLA.NS,INR,2013-12-31,2013-12-31,Q4,231341000,118028000,113313000,0.48980941553810176,0.0,0.0,2614000.0,0.0,95605000,213633000,0.0,147437000,165145000,0.713859627130513,17708000.0,0.07654501363787655,0.0,17708000.0,0.07654501363787655,-1245000.0,18953000.0,0.0819266796633541,0.19,0.19,101479593,101479593,https://www.nseindia.com/companies-listing/corporate-filings-annual-reports,https://www.nseindia.com/companies-listing/corporate-filings-annual-reports,1620598586,18:16:26,20210509
29,2013-09-30,TANLA.NS,INR,2013-09-30,2013-09-30,Q3,231603000,121077000,110526000,0.47722179764510825,0.0,0.0,2686000.0,0.0,173929000,295006000,0.0,146437000,83034000,0.358518672037927,-63403000.0,-0.27375724839488264,0.0,-63403000.0,-0.27375724839488264,-1453000.0,-61950000.0,-0.26748358181888837,-0.61,-0.61,101479593,101479593,https://www.nseindia.com/companies-listing/corporate-filings-annual-reports,https://www.nseindia.com/companies-listing/corporate-filings-annual-reports,1620598586,18:16:26,20210509
30,2013-06-30,TANLA.NS,INR,2013-06-30,2013-06-30,Q2,227783000,124509000,103274000,0.4533876540391513,0.0,0.0,2715000.0,0.0,171747000,296256000,0.0,147336000,78863000,0.3462198671542652,-68473000.0,-0.3006062787828767,0.0,-68472000.0,-0.30060188863962634,-525000.0,-67947000.0,-0.2982970634331798,-0.67,-0.67,101413433,101413433,https://www.nseindia.com/companies-listing/corporate-filings-annual-reports,https://www.nseindia.com/companies-listing/corporate-filings-annual-reports,1620598586,18:16:26,20210509
31,2013-03-31,TANLA.NS,INR,2013-03-31,2013-03-31,Q1,295611588,132311302,163300286,0.5524150359085382,0.0,0.0,1799875.0,0.0,795958720,928270022,0.0,733477483,100819049,0.3410524251843605,-632658434.0,-2.140167908438014,0.0,-567003354.0,-1.9180687666411778,17668241.0,-590580774.0,-1.9978268713877347,-4.24053772113408,-4.24053772113408,139270256,139270256,https://www.nseindia.com/companies-listing/corporate-filings-annual-reports,https://www.nseindia.com/companies-listing/corporate-filings-annual-reports,1620598586,18:16:26,20210509
32,2012-12-31,TANLA.NS,INR,2012-12-31,2012-12-31,Q4,244781000,184394000,60387000,0.2466980688860655,0.0,21211000.0,8656000.0,0.0,354622000,539016000,0.0,306044000,11809000,0.04824312344503863,-294235000.0,-1.2020336545728632,0.0,-294235000.0,-1.2020336545728632,-3926000.0,-290462000.0,-1.1866198765427056,-2.86,-2.86,101479593,101479593,https://www.nseindia.com/companies-listing/corporate-filings-annual-reports,https://www.nseindia.com/companies-listing/corporate-filings-annual-reports,1620598586,18:16:26,20210509
33,2012-09-30,TANLA.NS,INR,2012-09-30,2012-09-30,Q3,290342000,211866000,78476000,0.27028814294866055,0.0,32203000.0,14159000.0,0.0,367173000,579039000,0.0,303912000,15215000,0.05240371699581872,-288697000.0,-0.9943342678634163,0.0,-288697000.0,-0.9943342678634163,-7918000.0,-280940000.0,-0.9676174993628204,-2.77,-2.77,101479593,101479593,https://www.nseindia.com/companies-listing/corporate-filings-annual-reports,https://www.nseindia.com/companies-listing/corporate-filings-annual-reports,1620598586,18:16:26,20210509
34,2012-06-30,TANLA.NS,INR,2012-06-30,2012-06-30,Q2,343119000,248116000,95003000,0.2768806157630443,0.0,41515000.0,14548000.0,0.0,416401000,664517000,0.0,345207000,23809000,0.0693899201151787,-321398000.0,-0.9366954321969929,0.0,-321398000.0,-0.9366954321969929,-8125000.0,-313427000.0,-0.9134644248788322,-3.09,-3.09,101479593,101479593,https://www.nseindia.com/companies-listing/corporate-filings-annual-reports,https://www.nseindia.com/companies-listing/corporate-filings-annual-reports,1620598586,18:16:26,20210509
