,date,symbol,reportedCurrency,fillingDate,acceptedDate,period,revenue,costOfRevenue,grossProfit,grossProfitRatio,researchAndDevelopmentExpenses,generalAndAdministrativeExpenses,sellingAndMarketingExpenses,otherExpenses,operatingExpenses,costAndExpenses,interestExpense,depreciationAndAmortization,ebitda,ebitdaratio,operatingIncome,operatingIncomeRatio,totalOtherIncomeExpensesNet,incomeBeforeTax,incomeBeforeTaxRatio,incomeTaxExpense,netIncome,netIncomeRatio,eps,epsdiluted,weightedAverageShsOut,weightedAverageShsOutDil,link,finalLink,timestamp,est_time,est_date
0,2021-03-31,CNP,USD,2021-05-06,2021-05-06,Q1,2484000000,40000000.0,2444000000.0,0.9838969404186796,0.0,0.0,0.0,-113000000.0,0.0,40000000.0,113000000.0,307000000.0,760000000,0.3059581320450886,453000000,0.1823671497584541,143000.0,437000000.0,0.17592592592592593,74000.0,363000000.0,0.1461352657004831,0.6660550458715596,0.6624087591240876,545000000,548000000,https://www.sec.gov/Archives/edgar/data/1130310/000113031021000024/0001130310-21-000024-index.htm,https://www.sec.gov/Archives/edgar/data/1130310/000113031021000024/cnp-20210331.htm,1620590492,16:01:32,20210509
1,2020-12-31,CNP,USD,2021-02-25,2021-02-25,Q4,1141000000,1871000.0,-730000000.0,-0.6397896581945661,0.0,0.0,0.0,-121000.0,-428000000.0,1443000.0,-17000000.0,303000000.0,363000000,0.31814198071866784,60000000,0.05258545135845749,240000.0,127000000.0,0.11130587204206836,107000.0,-40000000.0,-0.035056967572304996,-0.07339449541284404,-0.072992700729927,545000000,548000000,https://www.sec.gov/Archives/edgar/data/1130310/000113031021000009/0001130310-21-000009-index.htm,https://www.sec.gov/Archives/edgar/data/1130310/000113031021000009/cnp-20201231.htm,1620590492,16:01:32,20210509
2,2020-09-30,CNP,USD,2020-11-05,2020-11-05,Q3,1622000000,892000000.0,730000000.0,0.45006165228113443,0.0,0.0,0.0,10000000.0,428000000.0,1320000000.0,128000000.0,306000000.0,608000000,0.374845869297164,302000000,0.18618988902589395,-58000000.0,117000000.0,0.0721331689272503,-10000000.0,121000000.0,0.07459926017262639,0.22201834862385322,0.2208029197080292,545000000,548000000,https://www.sec.gov/Archives/edgar/data/1130310/000113031020000098/0001130310-20-000098-index.htm,https://www.sec.gov/ix?doc=/Archives/edgar/data/48732/000113031020000098/cnp-20200930.htm,1620590492,16:01:32,20210509
3,2020-06-30,CNP,USD,2020-08-06 00:00:00,2020-08-06 06:26:55,Q2,1575000000,914000000.0,661000000.0,0.41968253968253966,0.0,0.0,0.0,21000000.0,426000000.0,1340000000.0,135000000.0,297000000.0,532000000,0.3377777777777778,235000000,0.1492063492063492,63000000.0,164000000.0,0.10412698412698412,29000000.0,105000000.0,0.06666666666666667,0.19886363636363635,0.1977401129943503,528000000,531000000,https://www.sec.gov/Archives/edgar/data/1130310/000113031020000084/0001130310-20-000084-index.htm,https://www.sec.gov/Archives/edgar/data/48732/000113031020000084/cnp10q6302020combined.htm,1620590492,16:01:32,20210509
4,2020-03-31,CNP,USD,2020-05-07,2020-05-07 06:40:18,Q1,2167000000,1347000000.0,820000000.0,0.3784033225657591,0.0,0.0,0.0,13000000.0,418000000.0,1765000000.0,147000000.0,283000000.0,685000000,0.31610521458237195,402000000,0.1855099215505307,-1656000000.0,-1400000000.0,-0.6460544531610521,-347000000.0,-1199000000.0,-0.5532994923857868,-2.44,-2.44,502000000,502000000,https://www.sec.gov/Archives/edgar/data/1130310/000113031020000044/cnp10q3312020combined.htm,https://www.sec.gov/Archives/edgar/data/1130310/000113031020000044/cnp10q3312020combined.htm,1620590492,16:01:32,20210509
5,2019-12-31,CNP,USD,2020-02-27 00:00:00,2020-02-27 06:29:09,Q4,3230000000,2455000000.0,775000000.0,0.23993808049535603,0.0,0.0,0.0,10000000.0,425000000.0,2880000000.0,147000000.0,305000000.0,655000000,0.20278637770897834,350000000,0.10835913312693499,-21000000.0,182000000.0,0.056346749226006194,25000000.0,157000000.0,0.04860681114551084,0.3125989315886198,0.3106769988206147,502241000,505348000,https://www.sec.gov/Archives/edgar/data/1130310/000113031020000016/0001130310-20-000016-index.html,https://www.sec.gov/Archives/edgar/data/48732/000113031020000016/cnp10k12312019.htm,1620590492,16:01:32,20210509
6,2019-09-30,CNP,USD,2019-11-07 00:00:00,2019-11-07 06:33:03,Q3,2742000000,1902000000.0,840000000.0,0.3063457330415755,0.0,0.0,0.0,9000000.0,448000000.0,2350000000.0,143000000.0,341000000.0,733000000,0.2673231218088986,392000000,0.14296134208606856,83000000.0,332000000.0,0.12107950401167031,62000000.0,270000000.0,0.09846827133479212,0.48,0.47,502000000,505000000,https://www.sec.gov/Archives/edgar/data/1130310/000113031019000041/0001130310-19-000041-index.html,https://www.sec.gov/Archives/edgar/data/48732/000113031019000041/cnp10q9302019combined.htm,1620590492,16:01:32,20210509
7,2019-06-30,CNP,USD,2019-08-07,2019-08-07 06:35:14,Q2,2798000000,2058000000.0,740000000.0,0.2644746247319514,0.0,0.0,0.0,11000000.0,453000000.0,2511000000.0,144000000.0,343000000.0,630000000,0.22516082916368835,287000000,0.10257326661901359,81000000.0,224000000.0,0.08005718370264475,29000000.0,195000000.0,0.0696926375982845,0.3884462151394422,0.38613861386138615,502000000,505000000,https://www.sec.gov/Archives/edgar/data/1130310/000113031019000028/cnp10q6302019combined.htm,https://www.sec.gov/Archives/edgar/data/1130310/000113031019000028/cnp10q6302019combined.htm,1620590492,16:01:32,20210509
8,2019-03-31,CNP,USD,2019-05-09 00:00:00,2019-05-09 06:24:46,Q1,3531000000,2847000000.0,684000000.0,0.1937128292268479,0.0,0.0,0.0,20000000.0,439000000.0,3286000000.0,133000000.0,322000000.0,567000000,0.16057774001699235,245000000,0.06938544321721891,79000000.0,191000000.0,0.0540923251203625,22000000.0,169000000.0,0.047861795525346924,0.33665338645418325,0.3353174603174603,502000000,504000000,https://www.sec.gov/Archives/edgar/data/1130310/000113031019000021/0001130310-19-000021-index.html,https://www.sec.gov/Archives/edgar/data/48732/000113031019000021/cnp_10qx3312019combined.htm,1620590492,16:01:32,20210509
9,2018-12-31,CNP,USD,2019-02-28 00:00:00,2019-02-28 06:29:10,Q4,3036000000,2509000000.0,527000000.0,0.1735836627140975,0.0,0.0,0.0,34000000.0,360000000.0,2869000000.0,115000000.0,261000000.0,428000000,0.14097496706192358,167000000,0.055006587615283264,129000000.0,181000000.0,0.05961791831357049,61000000.0,120000000.0,0.039525691699604744,0.23979042317014929,0.2380607570728843,500437000,504073000,https://www.sec.gov/Archives/edgar/data/1130310/000113031019000016/0001130310-19-000016-index.html,https://www.sec.gov/Archives/edgar/data/48732/000113031019000016/cnp_10kx12312018.htm,1620590492,16:01:32,20210509
10,2018-09-30,CNP,USD,2018-11-08 00:00:00,2018-11-08 06:25:29,Q3,2212000000,1565000000.0,647000000.0,0.29249547920433994,0.0,0.0,0.0,9000000.0,421000000.0,1986000000.0,106000000.0,326000000.0,552000000,0.24954792043399637,226000000,0.10216998191681737,89000000.0,209000000.0,0.09448462929475587,51000000.0,158000000.0,0.07142857142857142,0.36574074074074076,0.3632183908045977,432000000,435000000,https://www.sec.gov/Archives/edgar/data/1130310/000113031018000023/0001130310-18-000023-index.html,https://www.sec.gov/Archives/edgar/data/48732/000113031018000023/cnp_10qx9302018combined.htm,1620590492,16:01:32,20210509
11,2018-06-30,CNP,USD,2018-08-03 00:00:00,2018-08-03 06:23:21,Q2,2186000000,1556000000.0,630000000.0,0.2881976212259835,0.0,0.0,0.0,4000000.0,443000000.0,1999000000.0,105000000.0,342000000.0,529000000,0.24199451052150045,187000000,0.08554437328453797,-170000000.0,-88000000.0,-0.04025617566331199,-13000000.0,-75000000.0,-0.0343092406221409,-0.17,-0.17,432000000,432000000,https://www.sec.gov/Archives/edgar/data/1130310/000113031018000018/0001130310-18-000018-index.html,https://www.sec.gov/Archives/edgar/data/48732/000113031018000018/cnp_10qx6302018combined.htm,1620590492,16:01:32,20210509
12,2018-03-31,CNP,USD,2018-05-04 00:00:00,2018-05-04 06:22:24,Q1,3155000000,2479000000.0,676000000.0,0.21426307448494453,0.0,0.0,0.0,3000000.0,425000000.0,2904000000.0,94000000.0,314000000.0,565000000,0.179080824088748,251000000,0.07955625990491284,55000000.0,212000000.0,0.06719492868462758,47000000.0,165000000.0,0.05229793977812995,0.382830626450116,0.38018433179723504,431000000,434000000,https://www.sec.gov/Archives/edgar/data/1130310/000113031018000012/0001130310-18-000012-index.html,https://www.sec.gov/Archives/edgar/data/1130310/000113031018000012/cnp_10qx3312018.htm,1620590492,16:01:32,20210509
13,2017-12-31,CNP,USD,2018-02-22 00:00:00,2018-02-22 06:24:04,Q4,2638000000,1952000000.0,686000000.0,0.26004548900682334,0.0,0.0,0.0,10000000.0,390000000.0,2342000000.0,97000000.0,287000000.0,583000000,0.22100075815011372,296000000,0.11220621683093253,87000000.0,286000000.0,0.10841546626231995,-1010000000.0,1296000000.0,0.49128127369219105,3.01,2.99,431038000,434382000,https://www.sec.gov/Archives/edgar/data/1130310/000113031018000003/0001130310-18-000003-index.html,https://www.sec.gov/Archives/edgar/data/1130310/000113031018000003/cnp_10kx12312017.htm,1620590492,16:01:32,20210509
14,2017-09-30,CNP,USD,2017-11-03 00:00:00,2017-11-03 06:21:53,Q3,2098000000,1457000000.0,641000000.0,0.3055290753098189,0.0,0.0,0.0,17000000.0,362000000.0,1819000000.0,98000000.0,269000000.0,548000000,0.2612011439466158,279000000,0.13298379408960914,86000000.0,267000000.0,0.12726406101048618,98000000.0,169000000.0,0.08055290753098189,0.39211136890951276,0.38940092165898615,431000000,434000000,https://www.sec.gov/Archives/edgar/data/1130310/000113031017000017/0001130310-17-000017-index.html,https://www.sec.gov/Archives/edgar/data/1130310/000113031017000017/cnp_10qx9302017.htm,1620590492,16:01:32,20210509
15,2017-06-30,CNP,USD,2017-08-03 00:00:00,2017-08-03 06:25:46,Q2,2143000000,1567000000.0,576000000.0,0.268782081194587,0.0,0.0,0.0,16000000.0,353000000.0,1920000000.0,97000000.0,254000000.0,477000000,0.2225851609892674,223000000,0.10405972935137657,85000000.0,211000000.0,0.09846010265982268,76000000.0,135000000.0,0.06299580027998133,0.31322505800464034,0.31105990783410137,431000000,434000000,https://www.sec.gov/Archives/edgar/data/1130310/000113031017000014/0001130310-17-000014-index.html,https://www.sec.gov/Archives/edgar/data/1130310/000113031017000014/cnp_10qx6302017.htm,1620590492,16:01:32,20210509
16,2017-03-31,CNP,USD,2017-05-05 00:00:00,2017-05-05 06:25:56,Q1,2735000000,2139000000.0,596000000.0,0.21791590493601462,0.0,0.0,0.0,17000000.0,322000000.0,2461000000.0,98000000.0,226000000.0,500000000,0.18281535648994515,274000000,0.10018281535648994,123000000.0,299000000.0,0.1093235831809872,107000000.0,192000000.0,0.07020109689213894,0.45,0.44,431000000,433000000,https://www.sec.gov/Archives/edgar/data/1130310/000113031017000010/0001130310-17-000010-index.html,https://www.sec.gov/Archives/edgar/data/1130310/000113031017000010/cnp_10qx3312017.htm,1620590492,16:01:32,20210509
17,2016-12-31,CNP,USD,2017-02-28 00:00:00,2017-02-28 06:22:13,Q4,2081000000,1489000000.0,592000000.0,0.284478616049976,0.0,0.0,0.0,-6000000.0,349000000.0,1838000000.0,103000000.0,253000000.0,496000000,0.2383469485824123,243000000,0.11677078327727054,22000000.0,162000000.0,0.07784718885151369,61000000.0,101000000.0,0.04853435848149928,0.2345117743485913,0.23289114759995297,430682000,433679000,https://www.sec.gov/Archives/edgar/data/1130310/000113031017000006/0001130310-17-000006-index.html,https://www.sec.gov/Archives/edgar/data/1130310/000113031017000006/cnp_10kx12312016.htm,1620590492,16:01:32,20210509
18,2016-09-30,CNP,USD,2016-11-04 00:00:00,2016-11-04 06:31:12,Q3,1889000000,1188000000.0,701000000.0,0.3710958178930651,0.0,0.0,0.0,20000000.0,417000000.0,1605000000.0,106000000.0,324000000.0,608000000,0.32186341979883537,284000000,0.15034409740603494,98000000.0,276000000.0,0.14610905240868186,97000000.0,179000000.0,0.09475913181577554,0.42,0.41,431000000,433000000,https://www.sec.gov/Archives/edgar/data/1130310/000113031016000055/0001130310-16-000055-index.html,https://www.sec.gov/Archives/edgar/data/1130310/000113031016000055/cnp_10qx9302016.htm,1620590492,16:01:32,20210509
19,2016-06-30,CNP,USD,2016-08-05,2016-08-05 06:31:36,Q2,1574000000,1009000000.0,565000000.0,0.35895806861499363,0.0,0.0,0.0,14000000.0,383000000.0,1392000000.0,109000000.0,289000000.0,471000000,0.29923761118170267,182000000,0.1156289707750953,-65000000.0,8000000.0,0.005082592121982211,10000000.0,-2000000.0,-0.0012706480304955528,-0.01,-0.01,430653000,430653000,https://www.sec.gov/Archives/edgar/data/1130310/000113031016000044/cnp_10qx6302016.htm,https://www.sec.gov/Archives/edgar/data/1130310/000113031016000044/cnp_10qx6302016.htm,1620590492,16:01:32,20210509
20,2016-03-31,CNP,USD,2016-05-10 00:00:00,2016-05-10 06:32:18,Q1,1984000000,1373000000.0,611000000.0,0.3079637096774194,0.0,0.0,0.0,7000000.0,361000000.0,1734000000.0,111000000.0,260000000.0,510000000,0.25705645161290325,250000000,0.12600806451612903,101000000.0,240000000.0,0.12096774193548387,86000000.0,154000000.0,0.07762096774193548,0.3581395348837209,0.3556581986143187,430000000,433000000,https://www.sec.gov/Archives/edgar/data/1130310/000113031016000037/0001130310-16-000037-index.html,https://www.sec.gov/Archives/edgar/data/1130310/000113031016000037/cnp_10qx3312016.htm,1620590492,16:01:32,20210509
21,2015-12-31,CNP,USD,2016-02-26 00:00:00,2016-02-26 06:32:43,Q4,1791000000,1234000000.0,557000000.0,0.310999441652708,0.0,0.0,0.0,10000000.0,331000000.0,1565000000.0,111000000.0,246000000.0,472000000,0.26353992183137914,226000000,0.12618648799553323,-933000000.0,-818000000.0,-0.4567280848687884,-309000000.0,-509000000.0,-0.2841987716359576,-1.18,-1.18,430262000,430262000,https://www.sec.gov/Archives/edgar/data/1130310/000113031016000031/0001130310-16-000031-index.html,https://www.sec.gov/Archives/edgar/data/1130310/000113031016000031/cnp_10kx12312015.htm,1620590492,16:01:32,20210509
22,2015-09-30,CNP,USD,2015-11-05 00:00:00,2015-11-05 06:26:15,Q3,1630000000,1006000000.0,624000000.0,0.38282208588957056,0.0,0.0,0.0,12000000.0,359000000.0,1365000000.0,113000000.0,268000000.0,533000000,0.32699386503067485,265000000,0.16257668711656442,-787000000.0,-635000000.0,-0.3895705521472393,-244000000.0,-391000000.0,-0.23987730061349694,-0.91,-0.91,430000000,430000000,https://www.sec.gov/Archives/edgar/data/1130310/000113031015000025/0001130310-15-000025-index.html,https://www.sec.gov/Archives/edgar/data/1130310/000113031015000025/cnp_10qx9302015.htm,1620590492,16:01:32,20210509
23,2015-06-30,CNP,USD,2015-08-10 00:00:00,2015-08-10 08:15:54,Q2,1532000000,1017000000.0,515000000.0,0.33616187989556134,0.0,0.0,0.0,13000000.0,329000000.0,1346000000.0,116000000.0,239000000.0,425000000,0.2774151436031332,186000000,0.12140992167101827,44000000.0,114000000.0,0.07441253263707572,37000000.0,77000000.0,0.05026109660574413,0.17906976744186046,0.17824074074074073,430000000,432000000,https://www.sec.gov/Archives/edgar/data/1130310/000113031015000018/0001130310-15-000018-index.html,https://www.sec.gov/Archives/edgar/data/1130310/000113031015000018/cnp_10qx6302015.htm,1620590492,16:01:32,20210509
24,2015-03-31,CNP,USD,2015-05-11 00:00:00,2015-05-11 08:14:51,Q1,2433000000,1852000000.0,581000000.0,0.238799835593917,0.0,0.0,0.0,11000000.0,325000000.0,2177000000.0,117000000.0,217000000.0,473000000,0.19441019317714756,256000000,0.10521989313604603,70000000.0,209000000.0,0.08590217838060009,78000000.0,131000000.0,0.05384299219071106,0.30465116279069765,0.3039443155452436,430000000,431000000,https://www.sec.gov/Archives/edgar/data/1130310/000113031015000012/0001130310-15-000012-index.html,https://www.sec.gov/Archives/edgar/data/1130310/000113031015000012/cnp_10qx3312015.htm,1620590492,16:01:32,20210509
25,2014-12-31,CNP,USD,2015-02-26,2015-02-26 08:15:35,Q4,2372000000,1824000000.0,548000000.0,0.23102866779089376,0.0,0.0,0.0,8000000.0,327000000.0,2151000000.0,120000000.0,229000000.0,450000000,0.1897133220910624,221000000,0.09317032040472176,108000000.0,209000000.0,0.08811129848229342,33000000.0,176000000.0,0.07419898819561552,0.4094965983862111,0.407567792881458,429796000,431830000,https://www.sec.gov/Archives/edgar/data/1130310/000113031015000008/cnp_10kx12312014.htm,https://www.sec.gov/Archives/edgar/data/1130310/000113031015000008/cnp_10kx12312014.htm,1620590492,16:01:32,20210509
26,2014-09-30,CNP,USD,2014-11-05 00:00:00,2014-11-05 08:15:51,Q3,1807000000,1195000000.0,612000000.0,0.338682899833979,0.0,0.0,0.0,10000000.0,379000000.0,1574000000.0,118000000.0,293000000.0,526000000,0.2910902047592695,233000000,0.12894299944659657,98000000.0,213000000.0,0.11787493082457111,70000000.0,143000000.0,0.07913669064748201,0.3325581395348837,0.33101851851851855,430000000,432000000,https://www.sec.gov/Archives/edgar/data/1130310/000113031014000026/0001130310-14-000026-index.html,https://www.sec.gov/Archives/edgar/data/1130310/000113031014000026/cnp_10qx9302014.htm,1620590492,16:01:32,20210509
27,2014-06-30,CNP,USD,2014-08-06 00:00:00,2014-08-06 08:18:30,Q2,1884000000,1349000000.0,535000000.0,0.28397027600849256,0.0,0.0,0.0,9000000.0,349000000.0,1698000000.0,119000000.0,256000000.0,442000000,0.2346072186836518,186000000,0.09872611464968153,102000000.0,169000000.0,0.08970276008492568,62000000.0,107000000.0,0.056794055201698515,0.24896864158520893,0.24802449647550237,429773000,431409000,https://www.sec.gov/Archives/edgar/data/1130310/000113031014000019/0001130310-14-000019-index.html,https://www.sec.gov/Archives/edgar/data/1130310/000113031014000019/cnp_10qx6302014.htm,1620590492,16:01:32,20210509
28,2014-03-31,CNP,USD,2014-05-01 00:00:00,2014-05-01 08:16:09,Q1,3163000000,2522000000.0,641000000.0,0.20265570660765098,0.0,0.0,0.0,9000000.0,346000000.0,2868000000.0,114000000.0,235000000.0,530000000,0.16756244072083465,295000000,0.09326588681631362,113000000.0,294000000.0,0.09294973126778375,109000000.0,185000000.0,0.05848877647802719,0.43123543123543123,0.42923433874709976,429000000,431000000,https://www.sec.gov/Archives/edgar/data/1130310/000113031014000011/0001130310-14-000011-index.html,https://www.sec.gov/Archives/edgar/data/1130310/000113031014000011/cnp_10qx3312014.htm,1620590492,16:01:32,20210509
29,2013-12-31,CNP,USD,2014-02-26,2014-02-26 08:16:34,Q4,2184000000,1662000000.0,522000000.0,0.23901098901098902,0.0,0.0,0.0,7000000.0,311000000.0,1973000000.0,114000000.0,213000000.0,424000000,0.19413919413919414,211000000,0.09661172161172162,78000000.0,175000000.0,0.08012820512820513,62000000.0,113000000.0,0.051739926739926737,0.2634032634032634,0.2634032634032634,429000000,429000000,https://www.sec.gov/Archives/edgar/data/1130310/000113031014000005/cnp_10kx12312013.htm,https://www.sec.gov/Archives/edgar/data/1130310/000113031014000005/cnp_10kx12312013.htm,1620590492,16:01:32,20210509
30,2013-09-30,CNP,USD,2013-11-06 00:00:00,2013-11-06 08:15:57,Q3,1640000000,1059000000.0,581000000.0,0.3542682926829268,0.0,0.0,0.0,11000000.0,337000000.0,1396000000.0,118000000.0,248000000.0,492000000,0.3,244000000,0.14878048780487804,103000000.0,229000000.0,0.13963414634146343,78000000.0,151000000.0,0.09207317073170732,0.3522868314715791,0.3504561732506783,428628000,430867000,https://www.sec.gov/Archives/edgar/data/1130310/000113031013000026/0001130310-13-000026-index.html,https://www.sec.gov/Archives/edgar/data/1130310/000113031013000026/cnp_10qx9302013.htm,1620590492,16:01:32,20210509
31,2013-06-30,CNP,USD,2013-08-01 00:00:00,2013-08-01 08:15:49,Q2,1894000000,1326000000.0,568000000.0,0.29989440337909185,0.0,0.0,0.0,0.0,345000000.0,1671000000.0,119000000.0,253000000.0,476000000,0.25131995776135163,223000000,0.117740232312566,40000000.0,144000000.0,0.07602956705385427,244000000.0,-100000000.0,-0.05279831045406547,-0.2331002331002331,-0.23201856148491878,429000000,431000000,https://www.sec.gov/Archives/edgar/data/1130310/000113031013000020/0001130310-13-000020-index.html,https://www.sec.gov/Archives/edgar/data/1130310/000113031013000020/cnp_10qx6302013.htm,1620590492,16:01:32,20210509
32,2013-03-31,CNP,USD,2013-05-02 00:00:00,2013-05-02 08:15:51,Q1,2388000000,1708000000.0,680000000.0,0.2847571189279732,0.0,0.0,0.0,6000000.0,348000000.0,2056000000.0,133000000.0,240000000.0,572000000,0.23953098827470687,332000000,0.1390284757118928,34000000.0,233000000.0,0.09757118927973199,86000000.0,147000000.0,0.06155778894472362,0.34345794392523366,0.34186046511627904,428000000,430000000,https://www.sec.gov/Archives/edgar/data/1130310/000113031013000012/0001130310-13-000012-index.html,https://www.sec.gov/Archives/edgar/data/1130310/000113031013000012/cnp_10qx3312013.htm,1620590492,16:01:32,20210509
33,2012-12-31,CNP,USD,2013-02-27 00:00:00,2013-02-27 08:17:23,Q4,2138000000,2849000000.0,-711000000.0,-0.3325537885874649,0.0,0.0,0.0,0.0,1828000000.0,1828000000.0,139000000.0,250000000.0,560000000,0.26192703461178674,310000000,0.1449953227315248,39000000.0,210000000.0,0.09822263797942002,76000000.0,134000000.0,0.0626753975678204,0.3130841121495327,0.3130841121495327,428000000,428000000,https://www.sec.gov/Archives/edgar/data/1130310/000113031013000006/0001130310-13-000006-index.html,https://www.sec.gov/Archives/edgar/data/1130310/000113031013000006/cnp_10kx12312012.htm,1620590492,16:01:32,20210509
34,2012-09-30,CNP,USD,2012-11-07 00:00:00,2012-11-07 08:15:48,Q3,1705000000,520000000.0,1185000000.0,0.6950146627565983,0.0,0.0,0.0,0.0,845000000.0,1365000000.0,141000000.0,301000000.0,641000000,0.37595307917888565,340000000,0.19941348973607037,-71000000.0,128000000.0,0.0750733137829912,118000000.0,10000000.0,0.005865102639296188,0.023396957459651948,0.023256733405739298,427406000,429983000,https://www.sec.gov/Archives/edgar/data/1130310/000113031012000033/0001130310-12-000033-index.html,https://www.sec.gov/Archives/edgar/data/1130310/000113031012000033/cnp_10qx9302012.htm,1620590492,16:01:32,20210509
35,2012-06-30,CNP,USD,2012-08-02 00:00:00,2012-08-02 08:01:39,Q2,1525000000,409000000.0,1116000000.0,0.7318032786885246,0.0,0.0,0.0,0.0,814000000.0,1223000000.0,142000000.0,275000000.0,577000000,0.37836065573770494,302000000,0.1980327868852459,40000000.0,200000000.0,0.13114754098360656,74000000.0,126000000.0,0.08262295081967214,0.29508196721311475,0.2930232558139535,427000000,430000000,https://www.sec.gov/Archives/edgar/data/1130310/000113031012000027/0001130310-12-000027-index.html,https://www.sec.gov/Archives/edgar/data/1130310/000113031012000027/cnp_10qx6302012.htm,1620590492,16:01:32,20210509
36,2012-03-31,CNP,USD,2012-05-03,2012-05-03 08:01:32,Q1,2084000000,969000000.0,1115000000.0,0.5350287907869482,0.0,0.0,0.0,0.0,777000000.0,1746000000.0,147000000.0,224000000.0,562000000,0.2696737044145873,338000000,0.16218809980806143,28000000.0,219000000.0,0.10508637236084453,72000000.0,147000000.0,0.07053742802303263,0.34507042253521125,0.34345794392523366,426000000,428000000,https://www.sec.gov/Archives/edgar/data/1130310/000113031012000020/cnp_10qx3312012.htm,https://www.sec.gov/Archives/edgar/data/1130310/000113031012000020/cnp_10qx3312012.htm,1620590492,16:01:32,20210509
37,2011-12-31,CNP,USD,2012-02-29 00:00:00,2012-02-29 08:02:43,Q4,2145000000,1066000000.0,1079000000.0,0.503030303030303,0.0,0.0,0.0,0.0,805000000.0,1871000000.0,146000000.0,209000000.0,483000000,0.22517482517482518,274000000,0.12773892773892773,31000000.0,159000000.0,0.07412587412587412,42000000.0,117000000.0,0.05454545454545454,0.2746478873239437,0.2746478873239437,426000000,426000000,https://www.sec.gov/Archives/edgar/data/1130310/000113031012000011/0001130310-12-000011-index.html,https://www.sec.gov/Archives/edgar/data/1130310/000113031012000011/cnp_10kx12312011.htm,1620590492,16:01:32,20210509
38,2011-09-30,CNP,USD,2011-11-02 00:00:00,2011-11-02 08:00:25,Q3,1881000000,735000000.0,1146000000.0,0.6092503987240829,0.0,0.0,0.0,0.0,789000000.0,1524000000.0,145000000.0,253000000.0,610000000,0.3242955874534822,357000000,0.189792663476874,378000000.0,590000000.0,0.3136629452418926,204000000.0,973000000.0,0.5172780435938331,2.28,2.27,426000000,429000000,https://www.sec.gov/Archives/edgar/data/1130310/000113031011000061/0001130310-11-000061-index.html,https://www.sec.gov/Archives/edgar/data/1130310/000113031011000061/cnp_10qx9302011.htm,1620590492,16:01:32,20210509
39,2011-06-30,CNP,USD,2011-08-04 00:00:00,2011-08-04 08:00:58,Q2,1837000000,778000000.0,1059000000.0,0.5764833968426782,0.0,0.0,0.0,0.0,756000000.0,1534000000.0,143000000.0,223000000.0,526000000,0.286336418072945,303000000,0.16494284158954817,30000000.0,190000000.0,0.10342950462710941,71000000.0,119000000.0,0.06477953184540011,0.2793427230046948,0.2780373831775701,426000000,428000000,https://www.sec.gov/Archives/edgar/data/1130310/000113031011000047/0001130310-11-000047-index.html,https://www.sec.gov/Archives/edgar/data/1130310/000113031011000047/form10-q.htm,1620590492,16:01:32,20210509
40,2011-03-31,CNP,USD,2011-05-05 00:00:00,2011-05-05 08:01:00,Q1,2587000000,1476000000.0,1111000000.0,0.42945496714340936,0.0,0.0,0.0,0.0,747000000.0,2223000000.0,149000000.0,201000000.0,565000000,0.21839969076149982,364000000,0.1407035175879397,20000000.0,235000000.0,0.09083880943177426,87000000.0,148000000.0,0.057209122535755705,0.34823529411764703,0.34660421545667447,425000000,427000000,https://www.sec.gov/Archives/edgar/data/1130310/000113031011000027/0001130310-11-000027-index.html,https://www.sec.gov/Archives/edgar/data/1130310/000113031011000027/form10-q.htm,1620590492,16:01:32,20210509
41,2010-12-31,CNP,USD,2011-03-01,2011-03-01 08:00:56,Q4,2098000000,1053000000.0,1045000000.0,0.498093422306959,0.0,0.0,0.0,0.0,743000000.0,1796000000.0,151000000.0,204000000.0,506000000,0.24118207816968543,302000000,0.14394661582459486,13000000.0,164000000.0,0.07816968541468065,40000000.0,124000000.0,0.05910390848427073,0.2917647058823529,0.2917647058823529,425000000,425000000,https://www.sec.gov/Archives/edgar/data/1130310/000113031011000006/form10-k.htm,https://www.sec.gov/Archives/edgar/data/1130310/000113031011000006/form10-k.htm,1620590492,16:01:32,20210509
42,2010-09-30,CNP,USD,2010-10-28 00:00:00,2010-10-28 08:00:44,Q3,1908000000,808000000.0,1100000000.0,0.5765199161425576,0.0,0.0,0.0,0.0,773000000.0,1581000000.0,155000000.0,229000000.0,556000000,0.2914046121593291,327000000,0.17138364779874213,27000000.0,199000000.0,0.10429769392033543,76000000.0,123000000.0,0.06446540880503145,0.2913463041655415,0.2894335573502005,422178000,424968000,https://www.sec.gov/Archives/edgar/data/1130310/000113031010000048/0001130310-10-000048-index.html,https://www.sec.gov/Archives/edgar/data/1130310/000113031010000048/form10-q.htm,1620590492,16:01:32,20210509
43,2010-06-30,CNP,USD,2010-08-04 00:00:00,2010-08-04 08:00:58,Q2,1756000000,778000000.0,978000000.0,0.5569476082004556,0.0,0.0,0.0,0.0,715000000.0,1493000000.0,157000000.0,231000000.0,494000000,0.28132118451025057,263000000,0.14977220956719817,20000000.0,126000000.0,0.07175398633257403,45000000.0,81000000.0,0.04612756264236902,0.20274582931804813,0.2014960459510489,399515000,401993000,https://www.sec.gov/Archives/edgar/data/1130310/000113031010000036/0001130310-10-000036-index.html,https://www.sec.gov/Archives/edgar/data/1130310/000113031010000036/form10-q.htm,1620590492,16:01:32,20210509
44,2010-03-31,CNP,USD,2010-05-05 00:00:00,2010-05-05 08:01:15,Q1,3023000000,1935000000.0,1088000000.0,0.3599073767780351,0.0,0.0,0.0,0.0,731000000.0,2666000000.0,158000000.0,200000000.0,557000000,0.18425405226596098,357000000,0.11809460800529276,17000000.0,216000000.0,0.07145219980152166,102000000.0,114000000.0,0.03771088322858088,0.2901834010003691,0.2885506153215314,392855000,395078000,https://www.sec.gov/Archives/edgar/data/1130310/000113031010000021/0001130310-10-000021-index.html,https://www.sec.gov/Archives/edgar/data/1130310/000113031010000021/form10-q.htm,1620590492,16:01:32,20210509
45,2009-12-31,CNP,USD,2010-02-26 00:00:00,2010-02-26 08:01:27,Q4,2299000000,1290000000.0,1009000000.0,0.43888647237929534,0.0,0.0,0.0,0.0,710000000.0,2000000000.0,162000000.0,181000000.0,480000000,0.20878642888212265,299000000,0.1300565463244889,15000000.0,152000000.0,0.06611570247933884,47000000.0,105000000.0,0.04567203131796433,0.2672741851319189,0.2672741851319189,392855000,392855000,https://www.sec.gov/Archives/edgar/data/1130310/000113031010000006/0001130310-10-000006-index.html,https://www.sec.gov/Archives/edgar/data/1130310/000113031010000006/form10-k.htm,1620590492,16:01:32,20210509
46,2009-09-30,CNP,USD,2009-10-28 00:00:00,2009-10-28 08:00:56,Q3,1576000000,582000000.0,994000000.0,0.6307106598984772,0.0,0.0,0.0,0.0,707000000.0,1289000000.0,158000000.0,208000000.0,495000000,0.31408629441624364,287000000,0.18210659898477158,23000000.0,152000000.0,0.09644670050761421,38000000.0,114000000.0,0.07233502538071065,0.30851501439736734,0.30666429943347806,369512000,371742000,https://www.sec.gov/Archives/edgar/data/1130310/000113031009000049/0001130310-09-000049-index.html,https://www.sec.gov/Archives/edgar/data/1130310/000113031009000049/form10-q.htm,1620590492,16:01:32,20210509
47,2009-06-30,CNP,USD,2009-08-05 00:00:00,2009-08-05 08:01:15,Q2,1640000000,710000000.0,930000000.0,0.5670731707317073,0.0,0.0,0.0,0.0,677000000.0,1387000000.0,162000000.0,188000000.0,441000000,0.26890243902439026,253000000,0.15426829268292683,38000000.0,129000000.0,0.07865853658536585,43000000.0,86000000.0,0.0524390243902439,0.24399862679842593,0.24274585073952806,352461000,354280000,https://www.sec.gov/Archives/edgar/data/1130310/000113031009000035/0001130310-09-000035-index.html,https://www.sec.gov/Archives/edgar/data/1130310/000113031009000035/form10-q.htm,1620590492,16:01:32,20210509
48,2009-03-31,CNP,USD,2009-04-29 00:00:00,2009-04-29 07:58:48,Q1,2766000000,1789000000.0,977000000.0,0.3532176428054953,0.0,0.0,0.0,0.0,692000000.0,2481000000.0,162000000.0,166000000.0,451000000,0.16305133767172814,285000000,0.10303687635574837,-8000000.0,115000000.0,0.041576283441793205,48000000.0,67000000.0,0.024222704266088215,0.19,0.19,347496000,347496000,https://www.sec.gov/Archives/edgar/data/1130310/000113031009000016/0001130310-09-000016-index.html,https://www.sec.gov/Archives/edgar/data/1130310/000113031009000016/form10-q.htm,1620590492,16:01:32,20210509
49,2008-12-31,CNP,USD,2009-02-25 00:00:00,2009-02-25 08:02:15,Q4,2774000000,1791000000.0,983000000.0,0.35436193222782986,0.0,0.0,0.0,0.0,680000000.0,2471000000.0,0.0,0.0,474000000,0.17087238644556596,303000000,0.10922855082912761,5000000.0,152000000.0,0.0547945205479452,65000000.0,87000000.0,0.03136265320836337,0.2503625941018026,0.2503625941018026,347496000,347496000,https://www.sec.gov/Archives/edgar/data/1130310/000113031009000004/0001130310-09-000004-index.html,https://www.sec.gov/Archives/edgar/data/1130310/000113031009000004/form10_k.htm,1620590492,16:01:32,20210509
50,2008-09-30,CNP,USD,2008-11-05 00:00:00,2008-11-05 08:01:17,Q3,2515000000,1532000000.0,983000000.0,0.3908548707753479,0.0,0.0,0.0,0.0,646000000.0,2178000000.0,150000000.0,0.0,511000000,0.20318091451292247,337000000,0.13399602385685885,26000000.0,213000000.0,0.08469184890656063,77000000.0,136000000.0,0.054075546719681906,0.4,0.39,340000000,348717949,https://www.sec.gov/Archives/edgar/data/1130310/000113031008000023/0001130310-08-000023-index.html,https://www.sec.gov/Archives/edgar/data/1130310/000113031008000023/form10_q.htm,1620590492,16:01:32,20210509
51,2008-06-30,CNP,USD,2008-08-06 00:00:00,2008-08-06 08:02:03,Q2,2670000000,1750000000.0,920000000.0,0.3445692883895131,0.0,0.0,0.0,0.0,623000000.0,2373000000.0,0.0,0.0,478000000,0.17902621722846443,297000000,0.11123595505617978,14000000.0,163000000.0,0.06104868913857678,62000000.0,101000000.0,0.037827715355805244,0.304809961551694,0.29529832440128995,331354000,342027000,https://www.sec.gov/Archives/edgar/data/1130310/000113031008000007/0001130310-08-000007-index.html,https://www.sec.gov/Archives/edgar/data/1130310/000113031008000007/form10_q.htm,1620590492,16:01:32,20210509
52,2008-03-31,CNP,USD,2008-04-30 00:00:00,2008-04-30 08:01:36,Q1,3363000000,2393000000.0,970000000.0,0.28843294677371395,0.0,0.0,0.0,0.0,634000000.0,3027000000.0,0.0,0.0,492000000,0.1462979482604817,336000000,0.09991079393398751,9000000.0,197000000.0,0.05857865001486768,74000000.0,123000000.0,0.036574487065120426,0.38,0.36,323684211,341666667,https://www.sec.gov/Archives/edgar/data/1130310/000095013408007892/0000950134-08-007892-index.html,https://www.sec.gov/Archives/edgar/data/1130310/000095013408007892/h56124e10vq.htm,1620590492,16:01:32,20210509
53,2007-12-31,CNP,USD,2008-02-28,2008-02-28 08:01:13,Q4,2602000000,1646000000.0,956000000.0,0.3674096848578017,0.0,0.0,0.0,0.0,653000000.0,2299000000.0,0.0,0.0,469000000,0.18024596464258263,303000000,0.1164488854727133,11000000.0,149000000.0,0.057263643351268254,41000000.0,108000000.0,0.0415065334358186,0.33365853609708507,0.33365853609708507,323684211,323684211,https://www.sec.gov/Archives/edgar/data/1130310/000095013408003670/h54051e10vk.htm,https://www.sec.gov/Archives/edgar/data/1130310/000095013408003670/h54051e10vk.htm,1620590492,16:01:32,20210509
54,2007-09-30,CNP,USD,2007-11-02 00:00:00,2007-11-02 08:01:03,Q3,1882000000,991000000.0,891000000.0,0.473432518597237,0.0,0.0,0.0,0.0,572000000.0,1563000000.0,0.0,0.0,551000000,0.29277364505844844,319000000,0.16950053134962806,-18000000.0,145000000.0,0.07704569606801276,54000000.0,91000000.0,0.048352816153028694,0.29,0.27,313793103,337037037,https://www.sec.gov/Archives/edgar/data/1130310/000095013407022624/0000950134-07-022624-index.html,https://www.sec.gov/Archives/edgar/data/1130310/000095013407022624/h50854e10vq.htm,1620590492,16:01:32,20210509
55,2007-06-30,CNP,USD,2007-08-02 00:00:00,2007-08-02 08:01:01,Q2,2033000000,1208000000.0,825000000.0,0.4058042302016724,0.0,0.0,0.0,0.0,583000000.0,1791000000.0,151000000.0,0.0,395000000,0.19429414658140678,242000000,0.11903590752582391,7000000.0,98000000.0,0.048204623708804725,28000000.0,70000000.0,0.03443187407771766,0.22,0.2,318181818,350000000,https://www.sec.gov/Archives/edgar/data/1130310/000095013407016563/0000950134-07-016563-index.html,https://www.sec.gov/Archives/edgar/data/1130310/000095013407016563/h48524e10vq.htm,1620590492,16:01:32,20210509
56,2007-03-31,CNP,USD,2007-05-04 00:00:00,2007-05-04 08:01:04,Q1,3106000000,2150000000.0,956000000.0,0.30779137153895686,0.0,0.0,0.0,0.0,603000000.0,2753000000.0,0.0,0.0,514000000,0.1654861558274308,353000000,0.11365099806825499,3000000.0,202000000.0,0.06503541532517708,72000000.0,130000000.0,0.04185447520927238,0.41,0.38,317073171,342105263,https://www.sec.gov/Archives/edgar/data/1130310/000095013407010192/0000950134-07-010192-index.html,https://www.sec.gov/Archives/edgar/data/1130310/000095013407010192/h45957e10vq.htm,1620590492,16:01:32,20210509
57,2006-12-31,CNP,USD,2006-12-31,2006-12-31,Q4,2464000000,1623000000.0,841000000.0,0.34131493506493504,0.0,0.0,0.0,0.0,606000000.0,2229000000.0,149000000.0,0.0,383000000,0.15543831168831168,235000000,0.09537337662337662,18000000.0,104000000.0,0.04220779220779221,37000000.0,67000000.0,0.02719155844155844,0.2113076921288935,0.2113076921288935,317073171,317073171,,,1620590492,16:01:32,20210509
58,2006-09-30,CNP,USD,2006-11-02 00:00:00,2006-11-02 08:05:39,Q3,1935000000,1058000000.0,877000000.0,0.4532299741602067,0.0,0.0,0.0,0.0,593000000.0,1651000000.0,0.0,0.0,432000000,0.22325581395348837,284000000,0.1467700258397933,20000000.0,152000000.0,0.07855297157622738,69000000.0,83000000.0,0.04289405684754522,0.27,0.26,307407407,319230769,https://www.sec.gov/Archives/edgar/data/1130310/000095013406020259/0000950134-06-020259-index.html,https://www.sec.gov/Archives/edgar/data/1130310/000095013406020259/h40672e10vq.txt,1620590492,16:01:32,20210509
59,2006-06-30,CNP,USD,2006-08-03,2006-08-03,Q2,1843000000,1035000000.0,808000000.0,0.43841562669560497,0.0,0.0,0.0,0.0,588000000.0,1623000000.0,0.0,0.0,378000000,0.20510037981551818,220000000,0.11937059142702117,9000000.0,78000000.0,0.042322300596852956,-116000000.0,194000000.0,0.10526315789473684,0.62,0.61,312903226,318032787,https://www.sec.gov/Archives/edgar/data/1130310/000095013406014620/0000950134-06-014620-index.htm,https://www.sec.gov/Archives/edgar/data/1130310/000095013406014620/h38172e10vq.txt,1620590492,16:01:32,20210509
60,2006-03-31,CNP,USD,2006-03-31,2006-03-31,Q1,3077000000,2193000000.0,884000000.0,0.287292817679558,0.0,0.0,0.0,0.0,578000000.0,2771000000.0,0.0,0.0,458000000,0.14884627884302892,306000000,0.09944751381215469,2000000.0,160000000.0,0.051998700032499186,72000000.0,88000000.0,0.028599285017874555,0.28,0.28,314285714,314285714,,,1620590492,16:01:32,20210509
61,2005-12-31,CNP,USD,2005-12-31,2005-12-31,Q4,2810000000,1946000000.0,864000000.0,0.3074733096085409,0.0,0.0,0.0,0.0,595000000.0,2541000000.0,162000000.0,0.0,412000000,0.14661921708185052,269000000,0.09572953736654805,5000000.0,112000000.0,0.0398576512455516,31000000.0,81000000.0,0.02882562277580071,0.2577272729615703,0.2577272729615703,314285714,314285714,,,1620590492,16:01:32,20210509
62,2005-09-30,CNP,USD,2006-01-10,2006-01-10,Q3,2218000000,1422000000.0,796000000.0,0.35888187556357076,0.0,0.0,0.0,0.0,536000000.0,1958000000.0,0.0,0.0,416869000,0.18794815148782687,260000000,0.11722272317403065,8000000.0,91000000.0,0.04102795311091073,41000000.0,50000000.0,0.02254283137962128,0.16,0.15,312500000,333333333,https://www.sec.gov/Archives/edgar/data/1130310/000095012906000178/0000950129-06-000178-index.htm,https://www.sec.gov/Archives/edgar/data/1130310/000095012906000178/h31727ce10vqza.txt,1620590492,16:01:32,20210509
63,2005-06-30,CNP,USD,2005-06-30,2005-06-30,Q2,1932256000,1192626000.0,739630000.0,0.3827805425368067,0.0,0.0,0.0,0.0,512201000.0,1704827000.0,188729000.0,0.0,375727000,0.1944499072586655,227429000,0.11770127767749201,6936000.0,45636000.0,0.023617988506698905,17931000.0,54423000.0,0.028165522580858852,0.18,0.16,302350000,340143750,,,1620590492,16:01:32,20210509
64,2005-03-31,CNP,USD,2005-03-31,2005-03-31,Q1,2761808000,1948336000.0,813472000.0,0.2945432846888705,0.0,0.0,0.0,0.0,503423000.0,2451759000.0,0.0,0.0,457719000,0.16573165115026098,310049000,0.11226305376767683,2227000.0,129716000.0,0.046967783423033024,63064000.0,67088000.0,0.024291333792935643,0.22,0.2,304945455,335440000,,,1620590492,16:01:32,20210509
65,2004-12-31,CNP,USD,2004-12-31,2004-12-31,Q4,2617549000,1823772000.0,793777000.0,0.3032520117101915,0.0,0.0,0.0,0.0,336167000.0,2159939000.0,0.0,0.0,601961000,0.2299712440913236,457610000,0.17482385239015583,12752000.0,276436000.0,0.1056087202188001,113525000.0,100255000.0,0.03830109770628936,0.3287637128416949,0.3287637128416949,304945455,304945455,,,1620590492,16:01:32,20210509
66,2004-09-30,CNP,USD,2004-11-09 00:00:00,2004-11-09 08:32:48,Q3,1667089000,928189000.0,738900000.0,0.44322768610434116,0.0,0.0,0.0,0.0,532165000.0,1460354000.0,0.0,0.0,327997000,0.19674834396963808,206735000,0.12400957597344833,4266000.0,18805000.0,0.01128014161211549,2174000.0,-1136198000.0,-0.681546096219218,-3.6900000015264065,-3.6600000002577016,307912737,310436612,https://www.sec.gov/Archives/edgar/data/1130310/000095012904008716/0000950129-04-008716-index.html,https://www.sec.gov/Archives/edgar/data/1130310/000095012904008716/h19775e10vq.txt,1620590492,16:01:32,20210509
67,2004-06-30,CNP,USD,2004-08-06 00:00:00,2004-08-06 10:32:38,Q2,2241177000,1282753000.0,958424000.0,0.42764315357510807,0.0,0.0,0.0,0.0,650351000.0,1933104000.0,0.0,0.0,484563000,0.2162091615253949,308073000,0.13746036122983593,13421000.0,95895000.0,0.04278778516823972,38243000.0,57652000.0,0.025723983424780817,0.19,0.19,303431579,303431579,https://www.sec.gov/Archives/edgar/data/1130310/000095012904005650/0000950129-04-005650-index.html,https://www.sec.gov/Archives/edgar/data/1130310/000095012904005650/h17233e10vq.txt,1620590492,16:01:32,20210509
68,2004-03-31,CNP,USD,2004-05-10 00:00:00,2004-05-07 18:11:17,Q1,2959187000,1950528000.0,1008659000.0,0.34085679614029124,0.0,0.0,0.0,0.0,673444000.0,2623972000.0,204426000.0,0.0,517179000,0.1747706380164552,335215000,0.11327942438244018,4385000.0,123584000.0,0.04176282201834491,49997000.0,73587000.0,0.024867303080204125,0.24,0.24,306612500,306612500,https://www.sec.gov/Archives/edgar/data/1130310/000095012904002997/0000950129-04-002997-index.html,https://www.sec.gov/Archives/edgar/data/1130310/000095012904002997/h15096e10vq.txt,1620590492,16:01:32,20210509
69,2003-12-31,CNP,USD,2003-12-31,2003-12-31,Q4,2518838000,1411076000.0,1107762000.0,0.4397908877029805,0.0,0.0,0.0,0.0,759379000.0,2170455000.0,229985000.0,0.0,679865000,0.26991215790773365,348383000,0.13831099896063184,-17273000.0,92287000.0,0.036638719917676324,20047000.0,70287000.0,0.0279045337572325,0.22923722940193242,0.22923722940193242,306612500,306612500,,,1620590492,16:01:32,20210509
70,2003-09-30,CNP,USD,2003-11-12 00:00:00,2003-11-12 17:07:56,Q3,2250218000,1053860000.0,1196358000.0,0.5316631544143723,0.0,0.0,0.0,0.0,647634000.0,1701494000.0,236957000.0,0.0,717417000,0.3188211097769194,548724000,0.2438537066186476,-2248000.0,293833000.0,0.1305797927134171,110799000.0,181725000.0,0.08075884203219422,0.6,0.59,302875000,308008475,https://www.sec.gov/Archives/edgar/data/1130310/000095012903005578/0000950129-03-005578-index.html,https://www.sec.gov/Archives/edgar/data/1130310/000095012903005578/h10111e10vq.txt,1620590492,16:01:32,20210509
71,2003-06-30,CNP,USD,2003-08-13 00:00:00,2003-08-13 17:03:10,Q2,2090900000,1103831000.0,987069000.0,0.47207853077622075,0.0,0.0,0.0,0.0,641039000.0,1744870000.0,0.0,0.0,489558000,0.23413745277153378,346030000,0.16549332823186189,16554000.0,127303000.0,0.060884308192644315,44346000.0,63225000.0,0.030238174948586733,0.21,0.21,301071429,301071429,https://www.sec.gov/Archives/edgar/data/1130310/000095012903004181/0000950129-03-004181-index.html,https://www.sec.gov/Archives/edgar/data/1130310/000095012903004181/h07932e10vq.txt,1620590492,16:01:32,20210509
72,2003-03-31,CNP,USD,2003-05-12 00:00:00,2003-05-12 16:31:50,Q1,2902302000,1871139000.0,1031163000.0,0.35529142039663686,0.0,0.0,0.0,0.0,671125000.0,2542264000.0,0.0,0.0,521809000,0.17979142074119095,360038000,0.1240525624142491,-2584000.0,121198000.0,0.04175926557608409,40260000.0,168432000.0,0.05803393306416769,0.56,0.56,300771429,300771429,https://www.sec.gov/Archives/edgar/data/1130310/000095012903002620/0000950129-03-002620-index.html,https://www.sec.gov/Archives/edgar/data/1130310/000095012903002620/h05473e10vq.txt,1620590492,16:01:32,20210509
73,2002-12-31,CNP,USD,2003-03-10 00:00:00,2003-03-10 17:21:09,Q4,2116932000,1183336000.0,933596000.0,0.44101369340158303,0.0,0.0,0.0,0.0,674390000.0,1857726000.0,0.0,0.0,424795000,0.200665396904577,259206000,0.12244417865099115,2235000.0,-7287000.0,-0.003442245664952866,681000.0,-62990000.0,-0.02975532515923988,-0.20942813687266817,-0.20942813687266817,300771429,300771429,https://www.sec.gov/Archives/edgar/data/1130310/000095012903001299/0000950129-03-001299-index.html,https://www.sec.gov/Archives/edgar/data/1130310/000095012903001299/h03755e10vk.txt,1620590492,16:01:32,20210509
74,2002-09-30,CNP,USD,2002-11-14 00:00:00,2002-11-14 19:49:57,Q3,1922872000,848152000.0,1074720000.0,0.5589139578713508,0.0,0.0,0.0,0.0,643582000.0,1491734000.0,0.0,0.0,583958000,0.3036905212619457,431138000,0.22421565241992186,7653000.0,254659000.0,0.13243679246460502,93208000.0,-4124493000.0,-2.1449649274626705,-13.800000016060157,-13.76999999909858,298876304,299527451,https://www.sec.gov/Archives/edgar/data/1130310/000095012902005740/0000950129-02-005740-index.html,https://www.sec.gov/Archives/edgar/data/1130310/000095012902005740/h00881e10vq.txt,1620590492,16:01:32,20210509
75,2002-06-30,CNP,USD,2002-08-14 00:00:00,2002-08-14 15:15:02,Q2,9790443000,8014316000.0,1776127000.0,0.18141436500881522,0.0,0.0,0.0,0.0,1154528000.0,9168844000.0,205239000.0,0.0,867286000,0.08858495984298156,621599000,0.06349038547081066,12129000.0,384045000.0,0.03922651916772305,148400000.0,235645000.0,0.02406888023350935,0.7915625335913147,0.7895071883030512,297696000,298471000,https://www.sec.gov/Archives/edgar/data/1130310/000095012902004192/0000950129-02-004192-index.html,https://www.sec.gov/Archives/edgar/data/1130310/000095012902004192/h98679e10vq.txt,1620590492,16:01:32,20210509
76,2002-03-31,CNP,USD,2002-05-15,2002-05-15,Q2,8655733000,7139037000.0,1516696000.0,0.17522444372995333,0.0,0.0,0.0,0.0,1000172000.0,8139209000.0,0.0,0.0,729177000,0.08424208556340636,516524000,0.05967420667897219,7037000.0,339173000.0,0.03918478076900015,113821000.0,225352000.0,0.026034999000084685,0.7607537590050705,0.7583370910534852,296222000,297166000,https://www.sec.gov/Archives/edgar/data/1130310/000095012902002591/0000950129-02-002591-index.htm,https://www.sec.gov/Archives/edgar/data/1130310/000095012902002591/h96681e10-q.txt,1620590492,16:01:32,20210509
77,2001-09-30,CNP,USD,2001-09-30,2001-09-30,Q3,12466991000,10713182000.0,1753809000.0,0.1406762064719546,0.0,0.0,0.0,0.0,1108044000.0,11821226000.0,0.0,0.0,912950000,0.07322937828382166,645765000,0.05179798397223516,19290000.0,487163000.0,0.039076229380449544,196863000.0,290300000.0,0.023285490460368503,1.0,0.99,290318000,292212000,,,1620590492,16:01:32,20210509
78,2001-06-30,CNP,USD,2001-06-30,2001-06-30,Q2,11974351000,10465541000.0,1508810000.0,0.12600348862330826,0.0,0.0,0.0,0.0,986419000.0,11451960000.0,0.0,0.0,659311000,0.055060270072256945,522391000,0.04362582990927859,87791000.0,422508000.0,0.03528441750204249,148767000.0,273694000.0,0.02285668759835084,0.94,0.93,289743000,292737000,,,1620590492,16:01:32,20210509
79,2001-03-31,CNP,USD,2001-03-31,2001-03-31,Q2,13284321000,11774762000.0,1509559000.0,0.11363463740450114,0.0,0.0,0.0,0.0,1049756000.0,12824518000.0,0.0,0.0,604436000,0.04549995441995116,459803000,0.03461245779893455,50421000.0,318372000.0,0.023965997208287876,110150000.0,262594000.0,0.01976721279168126,0.91,0.9,287336000,290173000,,,1620590492,16:01:32,20210509
80,2000-09-30,CNP,USD,2000-09-30,2000-09-30,Q3,9522727000,7710253000.0,1812474000.0,0.19033140401903784,0.0,0.0,0.0,0.0,1035495000.0,8745748000.0,0.0,0.0,1034391000,0.10862340167895183,776979000,0.08159206916254136,37762000.0,614698000.0,0.06455062714703466,225635000.0,389063000.0,0.0408562589266709,1.36,1.34,285183000,289599000,,,1620590492,16:01:32,20210509
81,2000-06-30,CNP,USD,2000-06-30,2000-06-30,Q2,5770452000,4342581000.0,1427871000.0,0.24744526078719656,0.0,0.0,0.0,0.0,2248208000.0,6590789000.0,0.0,0.0,-1928916000,-0.3342746807355819,-820337000,-0.14216165388777172,1344548000.0,323893000.0,0.0561295718255693,107407000.0,223931000.0,0.038806492108417155,0.79,0.78,284238000,286568000,,,1620590492,16:01:32,20210509
82,2000-03-31,CNP,USD,2000-03-31,2000-03-31,Q2,4234103000,3125125000.0,1108978000.0,0.2619156879272894,0.0,0.0,0.0,0.0,-760800000.0,2364325000.0,0.0,0.0,3555091000,0.8396326211242381,1869778000,0.44159955485258623,-1503812000.0,189089000.0,0.04465857349242567,55936000.0,133153000.0,0.03144774701985285,0.47,0.47,293420705,293420705,,,1620590492,16:01:32,20210509
83,1999-09-30,CNP,USD,1999-09-30,1999-09-30,Q3,4947200000,3626200000.0,1321000000.0,0.2670197283311772,0.0,0.0,0.0,0.0,-1364700000.0,2261500000.0,0.0,0.0,2961800000,0.5986820827943079,2685700000,0.5428727360931436,12700000.0,2567500000.0,0.5189804333764554,877400000.0,1690100000.0,0.3416275873221216,5.92,5.9,285472973,286440678,,,1620590492,16:01:32,20210509
84,1999-06-30,CNP,USD,1999-06-30,1999-06-30,Q2,3657700000,2545700000.0,1112000000.0,0.30401618503431116,0.0,0.0,0.0,0.0,857400000.0,3403100000.0,0.0,0.0,462900000,0.12655493889602756,254600000,0.0696065833720644,11800000.0,126300000.0,0.034529895836181206,51500000.0,74800000.0,0.020450009568854746,0.26,0.26,287307692,287307692,,,1620590492,16:01:32,20210509
85,1999-03-31,CNP,USD,1999-03-31,1999-03-31,Q2,2642900000,1745900000.0,897000000.0,0.3393999016232169,0.0,0.0,0.0,0.0,1038200000.0,2784100000.0,0.0,0.0,44200000,0.016724053123462864,-141200000,-0.05342616065685421,11000000.0,-266200000.0,-0.10072269098338946,-56500000.0,-209700000.0,-0.07934465927579552,-0.74,-0.74,283513514,283513514,,,1620590492,16:01:32,20210509
86,1998-09-30,CNP,USD,1998-09-30,1998-09-30,Q3,3468800000,2104400000.0,1364400000.0,0.3933348708487085,0.0,0.0,0.0,0.0,898700000.0,3003100000.0,128700000.0,0.0,726400000,0.20940959409594095,465700000,0.13425392066420663,13000000.0,351500000.0,0.10133187269372694,104100000.0,247400000.0,0.07132149446494465,0.87,0.87,284252874,284252874,,,1620590492,16:01:32,20210509
87,1998-06-30,CNP,USD,1998-06-30,1998-06-30,Q2,2738700000,1538000000.0,1200700000.0,0.43841968817322086,0.0,0.0,0.0,0.0,995200000.0,2533200000.0,0.0,0.0,430500000,0.1571913681673787,205500000,0.07503560083251178,16600000.0,89100000.0,0.032533683864607296,44900000.0,44200000.0,0.016139044072004966,0.16,0.16,276250000,276250000,,,1620590492,16:01:32,20210509
88,1998-03-31,CNP,USD,1998-03-31,1998-03-31,Q2,2636800000,1698700000.0,938100000.0,0.3557721480582524,0.0,0.0,0.0,0.0,846300000.0,2545000000.0,0.0,0.0,257600000,0.09769417475728155,91800000,0.03481492718446602,16500000.0,-27700000.0,-0.010505157766990292,3600000.0,-31300000.0,-0.011870449029126214,-0.11,-0.11,285454545,285454545,,,1620590492,16:01:32,20210509
89,1997-09-30,CNP,USD,1997-09-30,1997-09-30,Q3,2158600000,994300000.0,1164300000.0,0.5393773742240341,0.0,0.0,0.0,0.0,701500000.0,1695800000.0,0.0,0.0,632400000,0.2929676642268137,462800000,0.21439822106921153,21300000.0,370200000.0,0.17150004632632262,126200000.0,244000000.0,0.11303622718428612,0.93,0.93,262258065,262258065,,,1620590492,16:01:32,20210509
90,1997-06-30,CNP,USD,1997-06-30,1997-06-30,Q2,1064400000,325700000.0,738700000.0,0.6940060127771515,0.0,0.0,0.0,0.0,491500000.0,817200000.0,0.0,0.0,377600000,0.35475385193536263,247200000,0.2322435174746336,9700000.0,172000000.0,0.16159338594513342,50600000.0,121400000.0,0.11405486659150695,0.52,0.52,233461538,233461538,,,1620590492,16:01:32,20210509
91,1997-03-31,CNP,USD,1997-03-31,1997-03-31,Q2,878100000,320300000.0,557800000.0,0.63523516683749,0.0,0.0,0.0,0.0,401500000.0,721800000.0,0.0,0.0,284500000,0.32399498918118663,156300000,0.17799795011957636,9400000.0,80100000.0,0.09121967885206696,20500000.0,59600000.0,0.06787381847170026,0.26,0.26,229230769,229230769,,,1620590492,16:01:32,20210509
92,1996-09-30,CNP,USD,1996-09-30,1996-09-30,Q3,1245800000,391300000.0,854500000.0,0.6859046395890191,0.0,0.0,0.0,0.0,419700000.0,811000000.0,79700000.0,0.0,556000000,0.44629956654358643,434800000,0.34901268261358165,19000000.0,370200000.0,0.2971584524000642,130200000.0,240000000.0,0.19264729491090063,0.98,0.98,244897959,244897959,,,1620590492,16:01:32,20210509
93,1996-06-30,CNP,USD,1996-06-30,1996-06-30,Q2,1113800000,374800000.0,739000000.0,0.6634943436882744,0.0,0.0,0.0,0.0,452700000.0,827500000.0,0.0,0.0,413300000,0.37107200574609445,286300000,0.2570479439755791,9900000.0,215800000.0,0.19375112228407254,70500000.0,145300000.0,0.130454300592566,0.58,0.58,250517241,250517241,,,1620590492,16:01:32,20210509
94,1996-03-31,CNP,USD,1996-03-31,1996-03-31,Q2,824500000,275800000.0,548700000.0,0.6654942389326864,0.0,0.0,0.0,0.0,506100000.0,781900000.0,0.0,0.0,171500000,0.20800485142510614,42600000,0.05166767738023044,8000000.0,-26600000.0,-0.03226197695573075,-9900000.0,-16700000.0,-0.02025469981807156,-0.07,-0.07,238571429,238571429,,,1620590492,16:01:32,20210509
95,1995-09-30,CNP,USD,1995-09-30,1995-09-30,Q3,1171800000,319300000.0,852500000.0,0.7275132275132276,0.0,0.0,0.0,0.0,418200000.0,737500000.0,0.0,0.0,567900000,0.4846390168970814,434300000,0.37062638675541903,1600000.0,353700000.0,0.30184331797235026,117800000.0,854000000.0,0.7287933094384708,3.45,3.45,247536232,247536232,,,1620590492,16:01:32,20210509
96,1995-06-30,CNP,USD,1995-06-30,1995-06-30,Q2,978200000,289300000.0,688900000.0,0.7042527090574524,0.0,0.0,0.0,0.0,394600000.0,683900000.0,0.0,0.0,431300000,0.4409118789613576,294300000,0.30085872009813946,-17400000.0,199000000.0,0.20343488039255775,65700000.0,133300000.0,0.13627070128808014,0.54,0.54,246851852,246851852,,,1620590492,16:01:32,20210509
97,1995-03-31,CNP,USD,1995-03-31,1995-03-31,Q2,746200000,249200000.0,497000000.0,0.6660412757973734,0.0,0.0,0.0,0.0,373700000.0,622900000.0,0.0,0.0,244700000,0.32792816939158403,123300000,0.16523720182256768,-10600000.0,34200000.0,0.04583221656392388,10400000.0,114400000.0,0.15331010452961671,0.47,0.47,243404255,243404255,,,1620590492,16:01:32,20210509
98,1994-09-30,CNP,USD,1994-09-30,1994-09-30,Q3,1215900000,313500000.0,902400000.0,0.7421662965704416,0.0,0.0,0.0,0.0,438500000.0,752000000.0,0.0,0.0,593000000,0.4877045809688297,463900000,0.38152808619129863,-300000.0,367600000.0,0.3023274940373386,131600000.0,236000000.0,0.19409490912081587,0.96,0.96,245833333,245833333,,,1620590492,16:01:32,20210509
99,1994-06-30,CNP,USD,1994-06-30,1994-06-30,Q2,1066700000,339400000.0,727300000.0,0.6818224430486547,0.0,0.0,0.0,0.0,426500000.0,765900000.0,0.0,0.0,422700000,0.3962688665979188,300800000,0.281991187775382,3700000.0,212100000.0,0.19883753632698978,78300000.0,133800000.0,0.12543358020061873,0.51,0.51,262352941,262352941,,,1620590492,16:01:32,20210509
100,1994-03-31,CNP,USD,1994-03-31,1994-03-31,Q2,882100000,315700000.0,566400000.0,0.6421040698333522,0.0,0.0,0.0,0.0,415700000.0,731400000.0,0.0,0.0,270900000,0.3071080376374561,150700000,0.17084230812833012,-400000.0,60700000.0,0.06881305974379322,22300000.0,30200000.0,0.03423648112458905,0.12,0.12,251666667,251666667,,,1620590492,16:01:32,20210509
101,1993-09-30,CNP,USD,1993-09-30,1993-09-30,Q3,1416700000,0.0,0.0,0.0,0.0,0.0,0.0,0.0,0.0,0.0,0.0,0.0,1416700000,1.0,1416700000,1.0,0.0,0.0,0.0,0.0,260400000.0,0.1838074398249453,1.0,1.0,260400000,260400000,,,1620590492,16:01:32,20210509
102,1993-06-30,CNP,USD,1993-06-30,1993-06-30,Q2,1068200000,0.0,0.0,0.0,0.0,0.0,0.0,0.0,0.0,0.0,0.0,0.0,1068200000,1.0,1068200000,1.0,0.0,0.0,0.0,0.0,100200000.0,0.09380265867815016,0.39,0.39,256923077,256923077,,,1620590492,16:01:32,20210509
103,1993-03-31,CNP,USD,1993-03-31,1993-03-31,Q2,992200000,0.0,0.0,0.0,0.0,0.0,0.0,0.0,0.0,0.0,0.0,0.0,992200000,1.0,992200000,1.0,0.0,0.0,0.0,0.0,27100000.0,0.02731304172545858,0.11,0.11,246363636,246363636,,,1620590492,16:01:32,20210509
104,1992-09-30,CNP,USD,1992-09-30,1992-09-30,Q3,1392200000,0.0,0.0,0.0,0.0,0.0,0.0,0.0,0.0,0.0,0.0,0.0,1392200000,1.0,1392200000,1.0,0.0,0.0,0.0,0.0,230900000.0,0.16585260738399654,0.9,0.9,256555556,256555556,,,1620590492,16:01:32,20210509
105,1992-06-30,CNP,USD,1992-06-30,1992-06-30,Q2,1097600000,0.0,0.0,0.0,0.0,0.0,0.0,0.0,0.0,0.0,0.0,0.0,1097600000,1.0,1097600000,1.0,0.0,0.0,0.0,0.0,74900000.0,0.06823979591836735,0.3,0.3,249666667,249666667,,,1620590492,16:01:32,20210509
106,1992-03-31,CNP,USD,1992-03-31,1992-03-31,Q2,975300000,0.0,0.0,0.0,0.0,0.0,0.0,0.0,0.0,0.0,0.0,0.0,975300000,1.0,975300000,1.0,0.0,0.0,0.0,0.0,-33900000.0,-0.034758535835127655,-0.13,-0.13,260769231,260769231,,,1620590492,16:01:32,20210509
107,1991-09-30,CNP,USD,1991-09-30,1991-09-30,Q3,1370600000,0.0,0.0,0.0,0.0,0.0,0.0,0.0,0.0,0.0,0.0,0.0,1370600000,1.0,1370600000,1.0,0.0,0.0,0.0,0.0,223800000.0,0.163286152050197,0.88,0.88,254318182,254318182,,,1620590492,16:01:32,20210509
108,1991-06-30,CNP,USD,1991-06-30,1991-06-30,Q2,1059600000,0.0,0.0,0.0,0.0,0.0,0.0,0.0,0.0,0.0,0.0,0.0,1059600000,1.0,1059600000,1.0,0.0,0.0,0.0,0.0,87400000.0,0.08248395620989052,0.35,0.35,249714286,249714286,,,1620590492,16:01:32,20210509
109,1991-03-31,CNP,USD,1991-03-31,1991-03-31,Q2,918200000,0.0,0.0,0.0,0.0,0.0,0.0,0.0,0.0,0.0,0.0,0.0,918200000,1.0,918200000,1.0,0.0,0.0,0.0,0.0,51800000.0,0.05641472446090177,0.21,0.21,246666667,246666667,,,1620590492,16:01:32,20210509
110,1990-09-30,CNP,USD,1990-09-30,1990-09-30,Q3,1279200000,0.0,0.0,0.0,0.0,0.0,0.0,0.0,0.0,0.0,0.0,0.0,1279200000,1.0,1279200000,1.0,0.0,0.0,0.0,0.0,209200000.0,0.16353971232020012,0.82,0.82,255121951,255121951,,,1620590492,16:01:32,20210509
111,1990-06-30,CNP,USD,1990-06-30,1990-06-30,Q2,1074100000,0.0,0.0,0.0,0.0,0.0,0.0,0.0,0.0,0.0,0.0,0.0,1074100000,1.0,1074100000,1.0,0.0,0.0,0.0,0.0,77500000.0,0.07215343077925705,0.31,0.31,250000000,250000000,,,1620590492,16:01:32,20210509
112,1990-03-31,CNP,USD,1990-03-31,1990-03-31,Q2,817900000,0.0,0.0,0.0,0.0,0.0,0.0,0.0,0.0,0.0,0.0,0.0,817900000,1.0,817900000,1.0,0.0,0.0,0.0,0.0,-8900000.0,-0.010881525858906957,-0.04,-0.04,222500000,222500000,,,1620590492,16:01:32,20210509
113,1989-09-30,CNP,USD,1989-09-30,1989-09-30,Q3,1141700000,0.0,0.0,0.0,0.0,0.0,0.0,0.0,0.0,0.0,0.0,0.0,1141700000,1.0,1141700000,1.0,0.0,0.0,0.0,0.0,141200000.0,0.12367522116142594,0.56,0.56,252142857,252142857,,,1620590492,16:01:32,20210509
114,1989-06-30,CNP,USD,1989-06-30,1989-06-30,Q2,950400000,0.0,0.0,0.0,0.0,0.0,0.0,0.0,0.0,0.0,0.0,0.0,950400000,1.0,950400000,1.0,0.0,0.0,0.0,0.0,0.0,0.0,0.23,0.23,250476000,250476000,,,1620590492,16:01:32,20210509
115,1989-03-31,CNP,USD,1989-03-31,1989-03-31,Q2,805900000,0.0,0.0,0.0,0.0,0.0,0.0,0.0,0.0,0.0,0.0,0.0,805900000,1.0,805900000,1.0,0.0,0.0,0.0,0.0,0.0,0.0,0.36,0.36,245778000,245778000,,,1620590492,16:01:32,20210509
116,1988-09-30,CNP,USD,1988-09-30,1988-09-30,Q3,1107800000,0.0,0.0,0.0,0.0,0.0,0.0,0.0,0.0,0.0,0.0,0.0,1107800000,1.0,1107800000,1.0,0.0,0.0,0.0,0.0,0.0,0.0,0.76,0.76,236546000,236546000,,,1620590492,16:01:32,20210509
117,1988-06-30,CNP,USD,1988-06-30,1988-06-30,Q2,863000000,0.0,0.0,0.0,0.0,0.0,0.0,0.0,0.0,0.0,0.0,0.0,863000000,1.0,863000000,1.0,0.0,0.0,0.0,0.0,0.0,0.0,0.38,0.38,235322000,235322000,,,1620590492,16:01:32,20210509
118,1988-03-31,CNP,USD,1988-03-31,1988-03-31,Q2,808900000,0.0,0.0,0.0,0.0,0.0,0.0,0.0,0.0,0.0,0.0,0.0,808900000,1.0,808900000,1.0,0.0,0.0,0.0,0.0,0.0,0.0,0.34,0.34,234432000,234432000,,,1620590492,16:01:32,20210509
119,1987-09-30,CNP,USD,1987-09-30,1987-09-30,Q3,1135700000,0.0,0.0,0.0,0.0,0.0,0.0,0.0,0.0,0.0,0.0,0.0,1135700000,1.0,1135700000,1.0,0.0,0.0,0.0,0.0,0.0,0.0,0.88,0.88,233310000,233310000,,,1620590492,16:01:32,20210509
120,1987-06-30,CNP,USD,1987-06-30,1987-06-30,Q2,899000000,0.0,0.0,0.0,0.0,0.0,0.0,0.0,0.0,0.0,0.0,0.0,899000000,1.0,899000000,1.0,0.0,0.0,0.0,0.0,0.0,0.0,0.43,0.43,232528000,232528000,,,1620590492,16:01:32,20210509
121,1987-03-31,CNP,USD,1987-03-31,1987-03-31,Q2,777300000,0.0,0.0,0.0,0.0,0.0,0.0,0.0,0.0,0.0,0.0,0.0,777300000,1.0,777300000,1.0,0.0,0.0,0.0,0.0,0.0,0.0,0.25,0.25,226690000,226690000,,,1620590492,16:01:32,20210509
122,1986-09-30,CNP,USD,1986-09-30,1986-09-30,Q3,1101200000,0.0,0.0,0.0,0.0,0.0,0.0,0.0,0.0,0.0,0.0,0.0,1101200000,1.0,1101200000,1.0,0.0,0.0,0.0,0.0,0.0,0.0,0.83,0.83,224166000,224166000,,,1620590492,16:01:32,20210509
123,1986-06-30,CNP,USD,1986-06-30,1986-06-30,Q2,860700000,0.0,0.0,0.0,0.0,0.0,0.0,0.0,0.0,0.0,0.0,0.0,860700000,1.0,860700000,1.0,0.0,0.0,0.0,0.0,0.0,0.0,0.35,0.35,217050000,217050000,,,1620590492,16:01:32,20210509
124,1986-03-31,CNP,USD,1986-03-31,1986-03-31,Q2,795800000,0.0,0.0,0.0,0.0,0.0,0.0,0.0,0.0,0.0,0.0,0.0,795800000,1.0,795800000,1.0,0.0,0.0,0.0,0.0,0.0,0.0,0.34,0.34,216086000,216086000,,,1620590492,16:01:32,20210509
125,1985-09-30,CNP,USD,1985-09-30,1985-09-30,Q3,1219400000,0.0,0.0,0.0,0.0,0.0,0.0,0.0,0.0,0.0,0.0,0.0,1219400000,1.0,1219400000,1.0,0.0,0.0,0.0,0.0,0.0,0.0,0.84,0.84,213706000,213706000,,,1620590492,16:01:32,20210509
