,date,symbol,reportedCurrency,fillingDate,acceptedDate,period,revenue,costOfRevenue,grossProfit,grossProfitRatio,researchAndDevelopmentExpenses,generalAndAdministrativeExpenses,sellingAndMarketingExpenses,otherExpenses,operatingExpenses,costAndExpenses,interestExpense,depreciationAndAmortization,ebitda,ebitdaratio,operatingIncome,operatingIncomeRatio,totalOtherIncomeExpensesNet,incomeBeforeTax,incomeBeforeTaxRatio,incomeTaxExpense,netIncome,netIncomeRatio,eps,epsdiluted,weightedAverageShsOut,weightedAverageShsOutDil,link,finalLink,timestamp,est_time,est_date
0,2021-03-31,CEA,CNY,2021-03-31,2021-03-31,Q1,13395000000.0,17872000000.0,-4477000000.0,-0.3342291899962673,44000000.0,706000000.0,676000000.0,33000000.0,125000000.0,17997000000.0,1313000000.0,0.0,-4374000000.0,-0.3265397536394177,-4602000000.0,-0.4174692049272116,128000000.0,-5592000000.0,-0.4174692049272116,-1479000000.0,-3805000000.0,-0.28406121687196717,-11.615122,-11.615122,327590184.0,327590184.0,,,1620590097,15:54:57,20210509
1,2020-12-31,CEA,CNY,2020-12-31,2020-12-31,Q4,16427000000.0,21494000000.0,-5067000000.0,-0.3084555914043952,0.0,0.0,-1052000000.0,0.0,-1456000000.0,20038000000.0,1241000000.0,0.0,-2225000000.0,-0.1354477384793328,-3611000000.0,-0.21982102635904305,-429000000.0,-3651000000.0,-0.222256041882267,-771000000.0,-2731000000.0,-0.16625068484811592,-8.336635630083471,-8.336635630083471,327590184.0,327590184.0,,,1620590097,15:54:57,20210509
2,2020-09-30,CEA,CNY,2020-09-30,2020-09-30,Q1,17171000000.0,18453000000.0,-1282000000.0,-0.07466076524372489,103000000.0,816000000.0,885000000.0,111000000.0,128000000.0,18581000000.0,1262000000.0,0.0,429000000.0,0.024983984625240232,-1410000000.0,-0.08211519422281754,128000000.0,-804000000.0,-0.046823132024925745,-195000000.0,-563000000.0,-0.032787839962727855,-1.718611,-1.718611,327590184.0,327590184.0,,,1620590097,15:54:57,20210509
3,2019-12-31,CEA,CNY,2019-12-31,2019-12-31,Q4,27396000000.0,28864000000.0,-1468000000.0,-0.05358446488538473,0.0,0.0,-334000000.0,-381000000.0,-479000000.0,28385000000.0,1338000000.0,0.0,511000000.0,0.01865235800846839,-989000000.0,-0.06555701562271865,-1305000000.0,-1796000000.0,-0.06555701562271865,-495000000.0,-1175000000.0,-0.04288947291575412,-3.586798559263302,-3.586798559263302,327590184.0,327590184.0,,,1620590097,15:54:57,20210509
4,2019-09-30,CEA,CNY,2019-09-30,2019-09-30,Q1,34616000000.0,27620000000.0,6996000000.0,0.20210307372313382,24000000.0,893000000.0,1492000000.0,149000000.0,1039000000.0,28659000000.0,1343000000.0,0.0,4702000000.0,0.13583314074416455,5957000000.0,0.17208805176796857,179000000.0,3385000000.0,0.09778715045065865,738000000.0,2424000000.0,0.07002542177027964,7.399489,7.399489,327590184.0,327590184.0,,,1620590097,15:54:57,20210509
5,2017-09-30,CEA,CNY,2017-09-30,2017-09-30,Q1,29485000000.0,23022000000.0,6463000000.0,0.21919620145836866,0.0,852000000.0,1535000000.0,0.0,3698000000.0,24763000000.0,0.0,0.0,4820000000.0,0.16347295234865186,4813000000.0,0.16323554349669323,665000000.0,5156000000.0,0.17486857724266577,1287000000.0,3568000000.0,0.12101068339833813,12.5,12.5,285440000.0,285440000.0,,,1620590097,15:54:57,20210509
6,2016-12-31,CEA,CNY,2016-12-31,2016-12-31,Q4,23496000000.0,-14496000000.0,37992000000.0,1.616956077630235,0.0,0.0,-989000000.0,0.0,0.0,16257000000.0,0.0,0.0,3713000000.0,0.15802689819543753,6977000000.0,-0.12585120871637726,-11291000000.0,-2957000000.0,-0.12585120871637726,-648000000.0,-2196000000.0,-0.09346271705822268,-7.613984388773205,-7.613984388773205,288416667.0,288416667.0,,,1620590097,15:54:57,20210509
7,2016-09-30,CEA,CNY,2016-09-30,2016-09-30,Q1,29076000000.0,22135000000.0,6941000000.0,0.23871921859953227,0.0,820000000.0,1350000000.0,0.0,3813000000.0,25470000000.0,0.0,0.0,3659000000.0,0.12584261934241298,3659000000.0,0.12584261934241298,2386000000.0,4880000000.0,0.16783601595817857,1149000000.0,3461000000.0,0.11903287935066721,12.0,12.0,288416667.0,288416667.0,,,1620590097,15:54:57,20210509
8,2015-12-31,CEA,CNY,2015-12-31,2015-12-31,Q4,22006000000.0,-14363000000.0,36369000000.0,1.6526856311914933,0.0,0.0,-485000000.0,0.0,0.0,12713000000.0,0.0,0.0,4497000000.0,0.20435335817504316,9175000000.0,-0.05989275652094883,-13337000000.0,-1318000000.0,-0.05989275652094883,-535000000.0,-797000000.0,-0.036217395255839314,-3.1313754627618953,-3.1313754627618953,254520740.0,254520740.0,,,1620590097,15:54:57,20210509
9,2015-09-30,CEA,CNY,2015-09-30,2015-09-30,Q1,27652000000.0,20425000000.0,7227000000.0,0.2613554173296687,0.0,701000000.0,1366000000.0,0.0,3605000000.0,26342000000.0,0.0,0.0,1351000000.0,0.04885722551714162,1350000000.0,0.048821061767684075,4739000000.0,2295000000.0,0.08299580500506293,328000000.0,1770000000.0,0.06400983653985245,6.9,6.9,254520740.0,254520740.0,,,1620590097,15:54:57,20210509
10,2014-12-31,CEA,CNY,2014-12-31,2014-12-31,Q4,21367000000.0,-4788000000.0,26155000000.0,1.2240838676463706,0.0,0.0,-375000000.0,0.0,0.0,14267000000.0,32000000.0,0.0,7036000000.0,0.3292928347451678,7017000000.0,0.07829831047877568,-5400000000.0,1673000000.0,0.07829831047877568,273000000.0,1351000000.0,0.06322834277156363,5.72958820419014,5.72958820419014,235793560.0,235793560.0,,,1620590097,15:54:57,20210509
11,2014-09-30,CEA,CNY,2014-09-30,2014-09-30,Q1,0.0,0.0,0.0,0.0,0.0,0.0,0.0,0.0,0.0,0.0,0.0,0.0,0.0,0.0,0.0,0.0,0.0,0.0,0.0,0.0,0.0,0.0,8.065,8.065,235793560.0,235793560.0,,,1620590097,15:54:57,20210509
12,2013-12-31,CEA,CNY,2013-12-31,2013-12-31,Q4,23857820000.0,-2373161000.0,26230981000.0,1.0994709910628884,0.0,0.0,-69404000.0,0.0,0.0,24231140000.0,1548622000.0,0.0,137368000.0,0.005757776695439902,-448913000.0,-0.066134667794459,-1704734000.0,-1577829000.0,-0.066134667794459,-79793000.0,-1248790000.0,-0.05234300535421929,-4.926456135381582,-4.926456135381582,253486475.0,253486475.0,,,1620590097,15:54:57,20210509
13,2013-09-30,CEA,CNY,2013-09-30,2013-09-30,Q1,25633287000.0,20868445000.0,4764842000.0,0.18588493937589823,0.0,683492000.0,1583237000.0,0.0,3767000000.0,23234772000.0,0.0,0.0,3045208000.0,0.1187989663596401,2451411000.0,0.09563389197803622,593797000.0,3045208000.0,0.1187989663596401,123163000.0,2858060000.0,0.11149799087413174,11.275,11.275,253486475.0,253486475.0,,,1620590097,15:54:57,20210509
14,2012-12-31,CEA,CNY,2012-12-31,2012-12-31,Q4,21444170000.0,-4701359000.0,26145529000.0,1.219237163294266,0.0,0.0,-276561000.0,0.0,0.0,19603147000.0,0.0,0.0,2209323000.0,0.1030267433992549,1702306000.0,-0.04243801462122339,-2612354000.0,-910048000.0,-0.04243801462122339,-86512000.0,-676110000.0,-0.031528849099778634,0.0,0.0,0.0,0.0,,,1620590097,15:54:57,20210509
15,2012-09-30,CEA,CNY,2012-09-30,2012-09-30,Q1,25125993000.0,19633297000.0,5492696000.0,0.21860612633299706,0.0,691812000.0,1532240000.0,0.0,3492000000.0,22653518000.0,0.0,0.0,2537798000.0,0.10100289369657947,2545646000.0,0.10131523956088025,309245000.0,2854891000.0,0.11362301183479594,112480000.0,2634649000.0,0.10485750752219027,11.68,11.68,225569264.0,225569264.0,,,1620590097,15:54:57,20210509
16,2011-09-30,CEA,CNY,2011-09-30,2011-09-30,Q1,24451190000.0,18907235000.0,5543955000.0,0.22673559037412902,0.0,614972000.0,1498882000.0,0.0,3370000000.0,21284478000.0,0.0,0.0,3218668000.0,0.13163645613976252,3199684000.0,0.13086005221013783,255889000.0,3455573000.0,0.1413253506271065,63213000.0,3308042000.0,0.1352916565615007,14.67,14.67,225497069.0,225497069.0,,,1620590097,15:54:57,20210509
17,2010-12-31,CEA,CNY,2010-12-31,2010-12-31,Q4,18996315000.0,-3997367000.0,22993682000.0,1.210428548905406,0.0,0.0,-433976000.0,0.0,0.0,18262943000.0,0.0,0.0,2671668000.0,0.14064138228914397,675909000.0,-0.00485762633437064,-768186000.0,-92277000.0,-0.00485762633437064,62013000.0,-141078000.0,-0.007426598263926451,0.0,0.0,0.0,0.0,,,1620590097,15:54:57,20210509
18,2010-09-30,CEA,CNY,2010-09-30,2010-09-30,Q1,21829791000.0,16266018000.0,5563773000.0,0.254870649013543,0.0,681031000.0,1456476000.0,0.0,2786000000.0,18507381000.0,0.0,0.0,3134246000.0,0.14357654638104414,3354247000.0,0.15365456316095744,-11795000.0,3342452000.0,0.1531142464900374,23191000.0,3154877000.0,0.14452163101332485,13.99,13.99,225509435.0,225509435.0,,,1620590097,15:54:57,20210509
19,2009-12-31,CEA,CNY,2009-12-31,2009-12-31,Q4,12114073000.0,-1998545000.0,14112618000.0,1.1649771303177718,0.0,0.0,-9117000.0,0.0,0.0,10222822000.0,442839000.0,0.0,-1350271000.0,-0.11146300670303043,1915621000.0,-0.0860237510538363,-2624805000.0,-1042098000.0,-0.0860237510538363,23936000.0,-1027897000.0,-0.08485147811144939,0.0,0.0,0.0,0.0,,,1620590097,15:54:57,20210509
20,2009-09-30,CEA,CNY,2009-09-30,2009-09-30,Q1,30837480000.0,30810399000.0,27081000.0,0.0008781845987415315,0.0,1526035000.0,1769792000.0,0.0,1666000000.0,33705823000.0,410771000.0,0.0,-1805223000.0,-0.058539900147482865,-2792257000.0,-0.09054750907013154,118298000.0,-2263188000.0,-0.07339082181812522,71905000.0,-2292226000.0,-0.07433246815239118,-23.55,-23.55,97334437.0,97334437.0,,,1620590097,15:54:57,20210509
21,2008-12-31,CEA,CNY,2008-12-31,2008-12-31,Q4,30639941000.0,21466778000.0,9173163000.0,0.2993857918982285,0.0,0.0,849559000.0,0.0,0.0,45644984000.0,2068493000.0,0.0,-10137059000.0,-0.33084459921120607,-15009900000.0,-0.500266400643526,-311365000.0,-15328133000.0,-0.500266400643526,58736000.0,-15291688000.0,-0.4990769401285727,0.0,0.0,0.0,0.0,,,1620590097,15:54:57,20210509
22,2008-09-30,CEA,CNY,2008-09-30,2008-09-30,Q1,10526738000.0,11080699000.0,-553961000.0,-0.052624184243969974,0.0,544233000.0,584810000.0,0.0,1829000000.0,12919522000.0,442632000.0,0.0,-1643323000.0,-0.15610942345102538,-2381387000.0,-0.22622269120785565,470916000.0,-2353103000.0,-0.22353581897830077,24591000.0,-2333847000.0,-0.22170657234938307,-23.97760825390093,-23.97760825390093,97334437.0,97334437.0,,,1620590097,15:54:57,20210509
23,2006-12-31,CEA,CNY,2006-12-31,2006-12-31,Q4,6112435571.9,0.0,0.0,0.0,0.0,0.0,0.0,0.0,0.0,0.0,0.0,0.0,-34792144428.1,-5.692026364751547,-34792144428.1,0.0,0.0,0.0,0.0,0.0,-558283580.0,-0.0913356997277048,0.0,0.0,0.0,0.0,,,1620590097,15:54:57,20210509
24,2006-09-30,CEA,CNY,2006-09-30,2006-09-30,Q1,14609503714.5,0.0,0.0,0.0,0.0,0.0,0.0,0.0,0.0,0.0,0.0,0.0,14609503714.5,1.0,14609503714.5,1.0,0.0,0.0,0.0,0.0,-1198435450.2,-0.08203122252609768,-12.3118,-12.3118,97339000.0,97339000.0,,,1620590097,15:54:57,20210509
25,2005-12-31,CEA,CNY,2005-12-31,2005-12-31,Q4,8061002052.0,0.0,0.0,0.0,0.0,0.0,0.0,0.0,0.0,0.0,0.0,0.0,-34760261171.2,-4.312151386014806,-34760261171.2,0.0,0.0,0.0,0.0,0.0,37486200.0,0.004650315154143816,0.0,0.0,0.0,0.0,,,1620590097,15:54:57,20210509
26,2005-09-30,CEA,CNY,2005-09-30,2005-09-30,Q1,9265380460.0,0.0,0.0,0.0,0.0,0.0,0.0,0.0,0.0,0.0,0.0,0.0,9265380460.0,1.0,9265380460.0,1.0,0.0,0.0,0.0,0.0,-11595836.0,-0.0012515229191138904,-0.2391,-0.2391,97339000.0,97339000.0,,,1620590097,15:54:57,20210509
27,2004-12-31,CEA,CNY,2004-12-31,2004-12-31,Q4,5886374989.0,0.0,0.0,0.0,0.0,0.0,0.0,0.0,0.0,0.0,0.0,0.0,-25395370724.5,-4.31426315380126,-25395370724.5,0.0,0.0,0.0,0.0,0.0,17203599.0,0.0029226134984856977,0.0,0.0,0.0,0.0,,,1620590097,15:54:57,20210509
28,2004-09-30,CEA,CNY,2004-09-30,2004-09-30,Q1,5882191315.0,0.0,0.0,0.0,0.0,0.0,0.0,0.0,0.0,0.0,0.0,0.0,5882191315.0,1.0,5882191315.0,1.0,0.0,0.0,0.0,0.0,17099249.0,0.0029069522027268505,0.2748,0.2748,97339000.0,97339000.0,,,1620590097,15:54:57,20210509
29,2003-12-31,CEA,CNY,2003-12-31,2003-12-31,Q4,4400842952.0,0.0,0.0,0.0,0.0,0.0,0.0,0.0,0.0,0.0,0.0,0.0,-17396248572.3,-3.9529355539474835,-17396248572.3,0.0,0.0,0.0,0.0,0.0,151190540.0,0.034354904651003326,0.0,0.0,0.0,0.0,,,1620590097,15:54:57,20210509
30,2003-09-30,CEA,CNY,2003-09-30,2003-09-30,Q1,4398869589.0,0.0,0.0,0.0,0.0,0.0,0.0,0.0,0.0,0.0,0.0,0.0,4398869589.0,1.0,4398869589.0,1.0,0.0,0.0,0.0,0.0,151320114.0,0.03439977270033135,1.54035,1.54035,98237488.0,98237488.0,,,1620590097,15:54:57,20210509
31,2002-12-31,CEA,CNY,2002-12-31,2002-12-31,Q4,3577080275.2,0.0,0.0,0.0,0.0,0.0,0.0,0.0,0.0,0.0,0.0,0.0,-14641148081.8,-4.0930443141876065,-14641148081.8,0.0,0.0,0.0,0.0,0.0,30501289.8,0.008526867571708221,0.0,0.0,0.0,0.0,,,1620590097,15:54:57,20210509
32,2002-09-30,CEA,CNY,2002-09-30,2002-09-30,Q1,3560644765.9,0.0,0.0,0.0,0.0,0.0,0.0,0.0,0.0,0.0,0.0,0.0,3560644765.9,1.0,3560644765.9,1.0,0.0,0.0,0.0,0.0,30389124.4,0.00853472514052346,0.2885,0.2885,105334920.0,105334920.0,,,1620590097,15:54:57,20210509
33,2001-09-30,CEA,CNY,2001-09-30,2001-09-30,Q1,3171876680.0,0.0,0.0,0.0,0.0,0.0,0.0,0.0,0.0,0.0,0.0,0.0,3171876680.0,1.0,3171876680.0,1.0,0.0,0.0,0.0,0.0,235706710.4,0.07431143584056364,2.34025,2.34025,100718603.0,100718603.0,,,1620590097,15:54:57,20210509
34,2000-09-30,CEA,CNY,2000-09-30,2000-09-30,Q1,2939043960.0,0.0,0.0,0.0,0.0,0.0,0.0,0.0,0.0,0.0,0.0,0.0,2939043960.0,1.0,2939043960.0,1.0,0.0,0.0,0.0,0.0,-14076000.0,-0.00478931250827565,-0.1656,-0.1656,85000000.0,85000000.0,,,1620590097,15:54:57,20210509
35,1999-09-30,CEA,CNY,1999-09-30,1999-09-30,Q1,2723797080.0,0.0,0.0,0.0,0.0,0.0,0.0,0.0,0.0,0.0,0.0,0.0,2723797080.0,1.0,2723797080.0,1.0,0.0,0.0,0.0,0.0,43031160.0,0.015798225321542677,0.414,0.414,103940000.0,103940000.0,,,1620590097,15:54:57,20210509
36,1998-09-30,CEA,CNY,1998-09-30,1998-09-30,Q1,554760000.0,0.0,0.0,0.0,0.0,0.0,0.0,0.0,0.0,0.0,0.0,0.0,554760000.0,1.0,554760000.0,1.0,0.0,0.0,0.0,0.0,-414000000.0,-0.746268656716418,-4.14,-4.14,100000000.0,100000000.0,,,1620590097,15:54:57,20210509
