,date,symbol,reportedCurrency,fillingDate,acceptedDate,period,revenue,costOfRevenue,grossProfit,grossProfitRatio,researchAndDevelopmentExpenses,generalAndAdministrativeExpenses,sellingAndMarketingExpenses,otherExpenses,operatingExpenses,costAndExpenses,interestExpense,depreciationAndAmortization,ebitda,ebitdaratio,operatingIncome,operatingIncomeRatio,totalOtherIncomeExpensesNet,incomeBeforeTax,incomeBeforeTaxRatio,incomeTaxExpense,netIncome,netIncomeRatio,eps,epsdiluted,weightedAverageShsOut,weightedAverageShsOutDil,link,finalLink,timestamp,est_time,est_date
0,2018-06-30,GKP.L,USD,2018-06-30,2018-06-30,Q2,0.0,0.0,0.0,0.0,0.0,0.0,0.0,0.0,0.0,0.0,0.0,17781750.0,0.0,0.0,0.0,0.0,0.0,0.0,0.0,0.0,0.0,0.0,0.0,0.0,0.0,0.0,https://find-and-update.company-information.service.gov.uk/search/companies?q=Gulf+Keystone+Petroleum+Ltd,https://find-and-update.company-information.service.gov.uk/search/companies?q=Gulf+Keystone+Petroleum+Ltd,1620592574,16:36:14,20210509
1,2017-06-30,GKP.L,USD,2017-06-30,2017-06-30,Q2,0.0,0.0,0.0,0.0,0.0,0.0,0.0,0.0,0.0,0.0,0.0,20052500.0,0.0,0.0,0.0,0.0,0.0,0.0,0.0,0.0,0.0,0.0,0.0,0.0,0.0,0.0,https://find-and-update.company-information.service.gov.uk/search/companies?q=Gulf+Keystone+Petroleum+Ltd,https://find-and-update.company-information.service.gov.uk/search/companies?q=Gulf+Keystone+Petroleum+Ltd,1620592574,16:36:14,20210509
2,2016-06-30,GKP.L,USD,2016-06-30,2016-06-30,Q2,0.0,0.0,0.0,0.0,0.0,0.0,0.0,0.0,0.0,0.0,0.0,20553500.0,0.0,0.0,0.0,0.0,0.0,0.0,0.0,0.0,0.0,0.0,0.0,0.0,0.0,0.0,https://find-and-update.company-information.service.gov.uk/search/companies?q=Gulf+Keystone+Petroleum+Ltd,https://find-and-update.company-information.service.gov.uk/search/companies?q=Gulf+Keystone+Petroleum+Ltd,1620592574,16:36:14,20210509
3,2015-06-30,GKP.L,USD,2015-06-30,2015-06-30,Q2,0.0,0.0,0.0,0.0,0.0,0.0,0.0,0.0,0.0,0.0,0.0,18685500.0,0.0,0.0,0.0,0.0,0.0,0.0,0.0,0.0,0.0,0.0,0.0,0.0,0.0,0.0,https://find-and-update.company-information.service.gov.uk/search/companies?q=Gulf+Keystone+Petroleum+Ltd,https://find-and-update.company-information.service.gov.uk/search/companies?q=Gulf+Keystone+Petroleum+Ltd,1620592574,16:36:14,20210509
4,2014-06-30,GKP.L,USD,2014-06-30,2014-06-30,Q2,0.0,0.0,0.0,0.0,0.0,0.0,0.0,0.0,0.0,0.0,0.0,9782500.0,0.0,0.0,0.0,0.0,0.0,0.0,0.0,0.0,0.0,0.0,0.0,0.0,0.0,0.0,https://find-and-update.company-information.service.gov.uk/search/companies?q=Gulf+Keystone+Petroleum+Ltd,https://find-and-update.company-information.service.gov.uk/search/companies?q=Gulf+Keystone+Petroleum+Ltd,1620592574,16:36:14,20210509
5,2013-06-30,GKP.L,USD,2013-06-30,2013-06-30,Q2,0.0,0.0,0.0,0.0,0.0,0.0,0.0,0.0,0.0,0.0,0.0,793750.0,0.0,0.0,0.0,0.0,0.0,0.0,0.0,0.0,0.0,0.0,0.0,0.0,0.0,0.0,https://find-and-update.company-information.service.gov.uk/search/companies?q=Gulf+Keystone+Petroleum+Ltd,https://find-and-update.company-information.service.gov.uk/search/companies?q=Gulf+Keystone+Petroleum+Ltd,1620592574,16:36:14,20210509
6,2011-06-30,GKP.L,USD,2011-06-30,2011-06-30,Q2,0.0,0.0,0.0,0.0,0.0,0.0,0.0,0.0,0.0,0.0,0.0,132098.5,0.0,0.0,0.0,0.0,0.0,0.0,0.0,0.0,0.0,0.0,0.0,0.0,0.0,0.0,https://find-and-update.company-information.service.gov.uk/search/companies?q=Gulf+Keystone+Petroleum+Ltd,https://find-and-update.company-information.service.gov.uk/search/companies?q=Gulf+Keystone+Petroleum+Ltd,1620592574,16:36:14,20210509
7,2010-06-30,GKP.L,USD,2010-06-30,2010-06-30,Q2,0.0,0.0,0.0,0.0,0.0,0.0,0.0,0.0,0.0,0.0,0.0,123690.3,0.0,0.0,0.0,0.0,0.0,0.0,0.0,0.0,0.0,0.0,0.0,0.0,0.0,0.0,https://find-and-update.company-information.service.gov.uk/search/companies?q=Gulf+Keystone+Petroleum+Ltd,https://find-and-update.company-information.service.gov.uk/search/companies?q=Gulf+Keystone+Petroleum+Ltd,1620592574,16:36:14,20210509
