,date,symbol,reportedCurrency,fillingDate,acceptedDate,period,revenue,costOfRevenue,grossProfit,grossProfitRatio,researchAndDevelopmentExpenses,generalAndAdministrativeExpenses,sellingAndMarketingExpenses,otherExpenses,operatingExpenses,costAndExpenses,interestExpense,depreciationAndAmortization,ebitda,ebitdaratio,operatingIncome,operatingIncomeRatio,totalOtherIncomeExpensesNet,incomeBeforeTax,incomeBeforeTaxRatio,incomeTaxExpense,netIncome,netIncomeRatio,eps,epsdiluted,weightedAverageShsOut,weightedAverageShsOutDil,link,finalLink,timestamp,est_time,est_date
0,2020-12-31,TVK.TO,CAD,2020-12-31,2020-12-31,Q4,82340000.0,60248000.0,22092000.0,0.26830216176827787,0.0,6113000.0,1608000.0,0.0,7721000.0,67969000.0,909000.0,4717000.0,19088000.0,0.23181928588778236,14371000.0,0.1745324265241681,1907000.0,15302000.0,0.18583920330337625,3350000.0,12017000.0,0.14594364828758805,0.65,0.64,18493271,18746722,https://www.sedar.com/ModifyCompanyDocumentSearchForm.do?lang=EN&company_search=TerraVest Industries Inc&document_selection=0&industry_group=A&FromDate=13&FromMonth=05&FromYear=2000&ToDate=13&ToMonth=11&ToYear=2020&Variable=Issuer,https://www.sedar.com/ModifyCompanyDocumentSearchForm.do?lang=EN&company_search=TerraVest Industries Inc&document_selection=0&industry_group=A&FromDate=13&FromMonth=05&FromYear=2000&ToDate=13&ToMonth=11&ToYear=2020&Variable=Issuer,1620599137,18:25:37,20210509
1,2020-09-30,TVK.TO,CAD,2020-09-30,2020-09-30,Q3,68231000.0,48854000.0,19377000.0,0.28399114771877887,0.0,6314000.0,1174000.0,0.0,7488000.0,56342000.0,956000.0,5276000.0,17165000.0,0.25157186616054283,11889000.0,0.17424631032814997,3883000.0,14734000.0,0.21594289985490467,3652000.0,11173000.0,0.16375254649646057,0.5979505703114786,0.5979505703114786,18685491,18685491,,,1620599137,18:25:37,20210509
2,2020-06-30,TVK.TO,CAD,2020-06-30,2020-06-30,Q2,61019000.0,45915000.0,15104000.0,0.2475294580376604,0.0,7491000.0,1040000.0,0.0,8531000.0,54446000.0,1094000.0,5248000.0,11821000.0,0.19372654419115357,6573000.0,0.10772054605942412,487000.0,5885000.0,0.09644536947508153,2031000.0,3882000.0,0.06361952834363067,0.21,0.2,18685491,18995139,https://www.sedar.com/ModifyCompanyDocumentSearchForm.do?lang=EN&company_search=TerraVest Industries Inc&document_selection=0&industry_group=A&FromDate=13&FromMonth=05&FromYear=2000&ToDate=13&ToMonth=11&ToYear=2020&Variable=Issuer,https://www.sedar.com/ModifyCompanyDocumentSearchForm.do?lang=EN&company_search=TerraVest Industries Inc&document_selection=0&industry_group=A&FromDate=13&FromMonth=05&FromYear=2000&ToDate=13&ToMonth=11&ToYear=2020&Variable=Issuer,1620599137,18:25:37,20210509
3,2020-03-31,TVK.TO,CAD,2020-03-31,2020-03-31,Q1,86751000.0,69451000.0,17300000.0,0.1994213323189358,0.0,9048000.0,1738000.0,0.0,10786000.0,80237000.0,1379000.0,4274000.0,10788000.0,0.1243559152055884,6514000.0,0.07508847160263282,712000.0,5770000.0,0.0665122015884543,498000.0,5323000.0,0.06135952323316158,0.2844596735794518,0.27933020992166424,18712670,19056299,https://www.sedar.com/ModifyCompanyDocumentSearchForm.do?lang=EN&company_search=TerraVest Industries Inc&document_selection=0&industry_group=A&FromDate=13&FromMonth=05&FromYear=2000&ToDate=13&ToMonth=11&ToYear=2020&Variable=Issuer,https://www.sedar.com/ModifyCompanyDocumentSearchForm.do?lang=EN&company_search=TerraVest Industries Inc&document_selection=0&industry_group=A&FromDate=13&FromMonth=05&FromYear=2000&ToDate=13&ToMonth=11&ToYear=2020&Variable=Issuer,1620599137,18:25:37,20210509
4,2019-12-31,TVK.TO,CAD,2019-12-31,2019-12-31,Q4,88252000.0,67770000.0,20482000.0,0.23208539183247973,0.0,8311000.0,1704000.0,0.0,10015000.0,77785000.0,1525000.0,3939000.0,14406000.0,0.16323709377691156,10467000.0,0.11860354439559444,213000.0,9109000.0,0.10321579114354348,2689000.0,6461000.0,0.07321080542084032,0.36,0.35,17869479,19107518,https://www.sedar.com/ModifyCompanyDocumentSearchForm.do?lang=EN&company_search=TerraVest Industries Inc&document_selection=0&industry_group=A&FromDate=13&FromMonth=05&FromYear=2000&ToDate=13&ToMonth=11&ToYear=2020&Variable=Issuer,https://www.sedar.com/ModifyCompanyDocumentSearchForm.do?lang=EN&company_search=TerraVest Industries Inc&document_selection=0&industry_group=A&FromDate=13&FromMonth=05&FromYear=2000&ToDate=13&ToMonth=11&ToYear=2020&Variable=Issuer,1620599137,18:25:37,20210509
5,2019-09-30,TVK.TO,CAD,2019-09-30,2019-09-30,Q3,80345000.0,61617000.0,18728000.0,0.23309477876656917,0.0,427000.0,1311000.0,0.0,8534000.0,70151000.0,1272000.0,2850000.0,13044000.0,0.16234986620200387,10194000.0,0.1268778393179414,-569000.0,8428000.0,0.10489762897504512,2120000.0,6320000.0,0.07866077540606137,0.3382303413916177,0.3382303413916177,18685491,18685491,https://www.sedar.com/ModifyCompanyDocumentSearchForm.do?lang=EN&company_search=TerraVest Industries Inc&document_selection=0&industry_group=A&FromDate=13&FromMonth=05&FromYear=2000&ToDate=13&ToMonth=11&ToYear=2020&Variable=Issuer,https://www.sedar.com/ModifyCompanyDocumentSearchForm.do?lang=EN&company_search=TerraVest Industries Inc&document_selection=0&industry_group=A&FromDate=13&FromMonth=05&FromYear=2000&ToDate=13&ToMonth=11&ToYear=2020&Variable=Issuer,1620599137,18:25:37,20210509
6,2019-06-30,TVK.TO,CAD,2019-06-30,2019-06-30,Q2,70751000.0,54607000.0,16144000.0,0.22818052041667256,0.0,7040000.0,1378000.0,0.0,8418000.0,63025000.0,1249000.0,2857000.0,10583000.0,0.14958092465124168,7726000.0,0.10919986996650224,201000.0,6598000.0,0.09325663241508954,1995000.0,4610000.0,0.065158089638309,0.27,0.25,17295368,19127339,https://www.sedar.com/ModifyCompanyDocumentSearchForm.do?lang=EN&company_search=TerraVest Industries Inc&document_selection=0&industry_group=A&FromDate=13&FromMonth=05&FromYear=2000&ToDate=13&ToMonth=11&ToYear=2020&Variable=Issuer,https://www.sedar.com/ModifyCompanyDocumentSearchForm.do?lang=EN&company_search=TerraVest Industries Inc&document_selection=0&industry_group=A&FromDate=13&FromMonth=05&FromYear=2000&ToDate=13&ToMonth=11&ToYear=2020&Variable=Issuer,1620599137,18:25:37,20210509
7,2019-03-31,TVK.TO,CAD,2019-03-31,2019-03-31,Q1,76159000.0,60307000.0,15852000.0,0.2081434892790084,0.0,6540000.0,1268000.0,0.0,7808000.0,68115000.0,1461000.0,2913000.0,10957000.0,0.14387006131908245,8044000.0,0.10562113473128586,793000.0,7297000.0,0.09581270762483751,1792000.0,5472000.0,0.07184968290024817,0.32,0.3,17086419,19056906,https://www.sedar.com/ModifyCompanyDocumentSearchForm.do?lang=EN&company_search=TerraVest Industries Inc&document_selection=0&industry_group=A&FromDate=13&FromMonth=05&FromYear=2000&ToDate=13&ToMonth=11&ToYear=2020&Variable=Issuer,https://www.sedar.com/ModifyCompanyDocumentSearchForm.do?lang=EN&company_search=TerraVest Industries Inc&document_selection=0&industry_group=A&FromDate=13&FromMonth=05&FromYear=2000&ToDate=13&ToMonth=11&ToYear=2020&Variable=Issuer,1620599137,18:25:37,20210509
8,2018-12-31,TVK.TO,CAD,2018-12-31,2018-12-31,Q4,79031000.0,59013000.0,20018000.0,0.25329301160304185,0.0,7349000.0,1580000.0,0.0,8929000.0,67942000.0,1322000.0,3020000.0,14109000.0,0.17852488264098898,11089000.0,0.14031202945679544,-984000.0,8629000.0,0.1091850033531146,2490000.0,6093000.0,0.07709632928850704,0.35,0.33,17183864,19187921,https://www.sedar.com/ModifyCompanyDocumentSearchForm.do?lang=EN&company_search=TerraVest Industries Inc&document_selection=0&industry_group=A&FromDate=13&FromMonth=05&FromYear=2000&ToDate=13&ToMonth=11&ToYear=2020&Variable=Issuer,https://www.sedar.com/ModifyCompanyDocumentSearchForm.do?lang=EN&company_search=TerraVest Industries Inc&document_selection=0&industry_group=A&FromDate=13&FromMonth=05&FromYear=2000&ToDate=13&ToMonth=11&ToYear=2020&Variable=Issuer,1620599137,18:25:37,20210509
9,2018-09-30,TVK.TO,CAD,2018-09-30,2018-09-30,Q3,79297000.0,59869000.0,19428000.0,0.24500296354212645,0.0,6534000.0,1313000.0,0.0,7847000.0,67716000.0,1297000.0,3886000.0,15467000.0,0.19505151518972974,11581000.0,0.14604587815428074,-442000.0,9789000.0,0.12344729308801089,1523000.0,8268000.0,0.10426623958031199,0.4424823516813125,0.4424823516813125,18685491,18685491,https://www.sedar.com/ModifyCompanyDocumentSearchForm.do?lang=EN&company_search=TerraVest Industries Inc&document_selection=0&industry_group=A&FromDate=13&FromMonth=05&FromYear=2000&ToDate=13&ToMonth=11&ToYear=2020&Variable=Issuer,https://www.sedar.com/ModifyCompanyDocumentSearchForm.do?lang=EN&company_search=TerraVest Industries Inc&document_selection=0&industry_group=A&FromDate=13&FromMonth=05&FromYear=2000&ToDate=13&ToMonth=11&ToYear=2020&Variable=Issuer,1620599137,18:25:37,20210509
10,2018-06-30,TVK.TO,CAD,2018-06-30,2018-06-30,Q2,65459000.0,52007000.0,13452000.0,0.20550268106753847,0.0,6884000.0,1986000.0,0.0,8870000.0,60877000.0,1240000.0,2686000.0,7268000.0,0.11103133258986542,4582000.0,0.06999801402404558,-323000.0,2857000.0,0.04364564078278006,990000.0,1900000.0,0.029025802410669273,0.10691954602410945,0.09387780351237379,17770371,20239076,https://www.sedar.com/ModifyCompanyDocumentSearchForm.do?lang=EN&company_search=TerraVest Industries Inc&document_selection=0&industry_group=A&FromDate=13&FromMonth=05&FromYear=2000&ToDate=13&ToMonth=11&ToYear=2020&Variable=Issuer,https://www.sedar.com/ModifyCompanyDocumentSearchForm.do?lang=EN&company_search=TerraVest Industries Inc&document_selection=0&industry_group=A&FromDate=13&FromMonth=05&FromYear=2000&ToDate=13&ToMonth=11&ToYear=2020&Variable=Issuer,1620599137,18:25:37,20210509
11,2018-03-31,TVK.TO,CAD,2018-03-31,2018-03-31,Q1,62568000.0,49445000.0,13123000.0,0.20973980309423348,0.0,7155000.0,1718000.0,0.0,8873000.0,58318000.0,1407000.0,2670000.0,6920000.0,0.11059966756169287,4250000.0,0.06792609640710906,-106000.0,2731000.0,0.04364851042066232,859000.0,1892000.0,0.030239099859353025,0.10353617631707374,0.10251900353912723,18273806,18455115,https://www.sedar.com/ModifyCompanyDocumentSearchForm.do?lang=EN&company_search=TerraVest Industries Inc&document_selection=0&industry_group=A&FromDate=13&FromMonth=05&FromYear=2000&ToDate=13&ToMonth=11&ToYear=2020&Variable=Issuer,https://www.sedar.com/ModifyCompanyDocumentSearchForm.do?lang=EN&company_search=TerraVest Industries Inc&document_selection=0&industry_group=A&FromDate=13&FromMonth=05&FromYear=2000&ToDate=13&ToMonth=11&ToYear=2020&Variable=Issuer,1620599137,18:25:37,20210509
12,2017-12-31,TVK.TO,CAD,2017-12-31,2017-12-31,Q4,62603000.0,47017000.0,15586000.0,0.24896570451895278,0.0,5989000.0,1387000.0,0.0,7376000.0,54393000.0,1077000.0,2451000.0,10661000.0,0.1702953532578311,8210000.0,0.1311438748941744,-45000.0,7088000.0,0.11322141111448333,1941000.0,5208000.0,0.08319090139450186,0.28,0.26,18343337,21192251,https://www.sedar.com/ModifyCompanyDocumentSearchForm.do?lang=EN&company_search=TerraVest Industries Inc&document_selection=0&industry_group=A&FromDate=13&FromMonth=05&FromYear=2000&ToDate=13&ToMonth=11&ToYear=2020&Variable=Issuer,https://www.sedar.com/ModifyCompanyDocumentSearchForm.do?lang=EN&company_search=TerraVest Industries Inc&document_selection=0&industry_group=A&FromDate=13&FromMonth=05&FromYear=2000&ToDate=13&ToMonth=11&ToYear=2020&Variable=Issuer,1620599137,18:25:37,20210509
13,2017-09-30,TVK.TO,CAD,2017-09-30,2017-09-30,Q3,52699000.0,41420000.0,11279000.0,0.21402683162868366,0.0,5317000.0,911000.0,0.0,7167000.0,48587000.0,992000.0,371000.0,4483000.0,0.08506802785631606,4112000.0,0.07802804607298051,254000.0,3374000.0,0.0640239852748629,-104000.0,3527000.0,0.06692726617203362,0.1887560781785183,0.1887560781785183,18685491,18685491,https://www.sedar.com/ModifyCompanyDocumentSearchForm.do?lang=EN&company_search=TerraVest Industries Inc&document_selection=0&industry_group=A&FromDate=13&FromMonth=05&FromYear=2000&ToDate=13&ToMonth=11&ToYear=2020&Variable=Issuer,https://www.sedar.com/ModifyCompanyDocumentSearchForm.do?lang=EN&company_search=TerraVest Industries Inc&document_selection=0&industry_group=A&FromDate=13&FromMonth=05&FromYear=2000&ToDate=13&ToMonth=11&ToYear=2020&Variable=Issuer,1620599137,18:25:37,20210509
14,2017-06-30,TVK.TO,CAD,2017-06-30,2017-06-30,Q2,44993000.0,34577000.0,10416000.0,0.2315026781943858,0.0,5403000.0,1198000.0,0.0,8062000.0,42639000.0,1025000.0,555000.0,2909000.0,0.06465450181139289,2354000.0,0.05231924966105839,571000.0,1900000.0,0.04222879114528927,746000.0,1190000.0,0.02644855866468117,0.07,0.07,18312655,18312655,https://www.sedar.com/ModifyCompanyDocumentSearchForm.do?lang=EN&company_search=TerraVest Industries Inc&document_selection=0&industry_group=A&FromDate=13&FromMonth=05&FromYear=2000&ToDate=13&ToMonth=11&ToYear=2020&Variable=Issuer,https://www.sedar.com/ModifyCompanyDocumentSearchForm.do?lang=EN&company_search=TerraVest Industries Inc&document_selection=0&industry_group=A&FromDate=13&FromMonth=05&FromYear=2000&ToDate=13&ToMonth=11&ToYear=2020&Variable=Issuer,1620599137,18:25:37,20210509
15,2017-03-31,TVK.TO,CAD,2017-03-31,2017-03-31,Q1,46565000.0,36495000.0,10070000.0,0.21625684527005262,0.0,4849000.0,1203000.0,0.0,7512000.0,44007000.0,959000.0,560000.0,3118000.0,0.0669601632127134,2558000.0,0.05493396327713948,-283000.0,1313000.0,0.0281971437775153,658000.0,698000.0,0.01498979920541179,0.03809404677916199,0.037753073373314454,18323073,18488561,https://www.sedar.com/ModifyCompanyDocumentSearchForm.do?lang=EN&company_search=TerraVest Industries Inc&document_selection=0&industry_group=A&FromDate=13&FromMonth=05&FromYear=2000&ToDate=13&ToMonth=11&ToYear=2020&Variable=Issuer,https://www.sedar.com/ModifyCompanyDocumentSearchForm.do?lang=EN&company_search=TerraVest Industries Inc&document_selection=0&industry_group=A&FromDate=13&FromMonth=05&FromYear=2000&ToDate=13&ToMonth=11&ToYear=2020&Variable=Issuer,1620599137,18:25:37,20210509
16,2016-12-31,TVK.TO,CAD,2016-12-31,2016-12-31,Q4,48278000.0,36190000.0,12088000.0,0.2503831973155475,0.0,3536000.0,1436000.0,0.0,6393000.0,42583000.0,886000.0,540000.0,6235000.0,0.12914785202369608,5695000.0,0.11796263308339203,310000.0,5118000.0,0.10601101951199304,1377000.0,3776000.0,0.07821367910849662,0.21,0.19,18318160,21148404,https://www.sedar.com/ModifyCompanyDocumentSearchForm.do?lang=EN&company_search=TerraVest Industries Inc&document_selection=0&industry_group=A&FromDate=13&FromMonth=05&FromYear=2000&ToDate=13&ToMonth=11&ToYear=2020&Variable=Issuer,https://www.sedar.com/ModifyCompanyDocumentSearchForm.do?lang=EN&company_search=TerraVest Industries Inc&document_selection=0&industry_group=A&FromDate=13&FromMonth=05&FromYear=2000&ToDate=13&ToMonth=11&ToYear=2020&Variable=Issuer,1620599137,18:25:37,20210509
17,2016-09-30,TVK.TO,CAD,2016-09-30,2016-09-30,Q3,43320000.0,31264000.0,12056000.0,0.27830101569713755,0.0,4231000.0,1181000.0,0.0,6520000.0,37784000.0,909000.0,298000.0,5834000.0,0.13467220683287165,5536000.0,0.12779316712834718,-2436000.0,2195000.0,0.05066943674976916,665000.0,1552000.0,0.0358264081255771,0.08305909649363777,0.08305909649363777,18685491,18685491,https://www.sedar.com/ModifyCompanyDocumentSearchForm.do?lang=EN&company_search=TerraVest Industries Inc&document_selection=0&industry_group=A&FromDate=13&FromMonth=05&FromYear=2000&ToDate=13&ToMonth=11&ToYear=2020&Variable=Issuer,https://www.sedar.com/ModifyCompanyDocumentSearchForm.do?lang=EN&company_search=TerraVest Industries Inc&document_selection=0&industry_group=A&FromDate=13&FromMonth=05&FromYear=2000&ToDate=13&ToMonth=11&ToYear=2020&Variable=Issuer,1620599137,18:25:37,20210509
18,2016-06-30,TVK.TO,CAD,2016-06-30,2016-06-30,Q2,36016000.0,30833000.0,5183000.0,0.1439082629942248,0.0,3754000.0,1233000.0,0.0,6146000.0,36979000.0,831000.0,362000.0,-601000.0,-0.016687027987561085,-963000.0,-0.02673811639271435,1782000.0,-14000.0,-0.0003887161261661484,-4000.0,-204000.0,-0.0056641492669924475,-0.01,-0.01,18305789,18305789,https://www.sedar.com/ModifyCompanyDocumentSearchForm.do?lang=EN&company_search=TerraVest Industries Inc&document_selection=0&industry_group=A&FromDate=13&FromMonth=05&FromYear=2000&ToDate=13&ToMonth=11&ToYear=2020&Variable=Issuer,https://www.sedar.com/ModifyCompanyDocumentSearchForm.do?lang=EN&company_search=TerraVest Industries Inc&document_selection=0&industry_group=A&FromDate=13&FromMonth=05&FromYear=2000&ToDate=13&ToMonth=11&ToYear=2020&Variable=Issuer,1620599137,18:25:37,20210509
19,2016-03-31,TVK.TO,CAD,2016-03-31,2016-03-31,Q1,43415000.0,34479000.0,8936000.0,0.2058274789819187,0.0,4083000.0,1130000.0,0.0,6219000.0,40698000.0,852000.0,338000.0,3055000.0,0.07036738454451226,2717000.0,0.06258205689277899,-147000.0,1717000.0,0.03954854313025452,479000.0,1267000.0,0.02918346193711851,0.06945982894681083,0.06934734569339847,18240759,18270346,https://www.sedar.com/ModifyCompanyDocumentSearchForm.do?lang=EN&company_search=TerraVest Industries Inc&document_selection=0&industry_group=A&FromDate=13&FromMonth=05&FromYear=2000&ToDate=13&ToMonth=11&ToYear=2020&Variable=Issuer,https://www.sedar.com/ModifyCompanyDocumentSearchForm.do?lang=EN&company_search=TerraVest Industries Inc&document_selection=0&industry_group=A&FromDate=13&FromMonth=05&FromYear=2000&ToDate=13&ToMonth=11&ToYear=2020&Variable=Issuer,1620599137,18:25:37,20210509
20,2015-12-31,TVK.TO,CAD,2015-12-31,2015-12-31,Q4,55762000.0,42226000.0,13536000.0,0.24274595602740218,0.0,4150000.0,1140000.0,0.0,6491000.0,48717000.0,896000.0,301000.0,7346000.0,0.1317384598830745,7045000.0,0.12634051863276066,647000.0,6795000.0,0.12185717872386213,1861000.0,4838000.0,0.08676159391700441,0.26,0.24,18279175,21153978,https://www.sedar.com/ModifyCompanyDocumentSearchForm.do?lang=EN&company_search=TerraVest Industries Inc&document_selection=0&industry_group=A&FromDate=13&FromMonth=05&FromYear=2000&ToDate=13&ToMonth=11&ToYear=2020&Variable=Issuer,https://www.sedar.com/ModifyCompanyDocumentSearchForm.do?lang=EN&company_search=TerraVest Industries Inc&document_selection=0&industry_group=A&FromDate=13&FromMonth=05&FromYear=2000&ToDate=13&ToMonth=11&ToYear=2020&Variable=Issuer,1620599137,18:25:37,20210509
21,2015-09-30,TVK.TO,CAD,2015-09-30,2015-09-30,Q3,54288000.0,41550000.0,12738000.0,0.2346374889478338,0.0,3240000.0,1061000.0,0.0,4862000.0,46412000.0,908000.0,-198000.0,7678000.0,0.1414308871205423,7876000.0,0.1450781019746537,1015000.0,7916000.0,0.14581491305629238,2358000.0,5357000.0,0.09867742410845859,0.28669302829666077,0.28669302829666077,18685491,18685491,https://www.sedar.com/ModifyCompanyDocumentSearchForm.do?lang=EN&company_search=TerraVest Industries Inc&document_selection=0&industry_group=A&FromDate=13&FromMonth=05&FromYear=2000&ToDate=13&ToMonth=11&ToYear=2020&Variable=Issuer,https://www.sedar.com/ModifyCompanyDocumentSearchForm.do?lang=EN&company_search=TerraVest Industries Inc&document_selection=0&industry_group=A&FromDate=13&FromMonth=05&FromYear=2000&ToDate=13&ToMonth=11&ToYear=2020&Variable=Issuer,1620599137,18:25:37,20210509
22,2015-06-30,TVK.TO,CAD,2015-06-30,2015-06-30,Q2,46305000.0,35224000.0,11081000.0,0.23930461073318215,0.0,3992000.0,1008000.0,0.0,6193000.0,41417000.0,973000.0,301000.0,5189000.0,0.11206133246949573,4888000.0,0.10556095454054638,-831000.0,3084000.0,0.0666018788467768,846000.0,2183000.0,0.04714393693985531,0.12074452300797119,0.10621041436171093,18079495,20553540,https://www.sedar.com/ModifyCompanyDocumentSearchForm.do?lang=EN&company_search=TerraVest Industries Inc&document_selection=0&industry_group=A&FromDate=13&FromMonth=05&FromYear=2000&ToDate=13&ToMonth=11&ToYear=2020&Variable=Issuer,https://www.sedar.com/ModifyCompanyDocumentSearchForm.do?lang=EN&company_search=TerraVest Industries Inc&document_selection=0&industry_group=A&FromDate=13&FromMonth=05&FromYear=2000&ToDate=13&ToMonth=11&ToYear=2020&Variable=Issuer,1620599137,18:25:37,20210509
23,2015-03-31,TVK.TO,CAD,2015-03-31,2015-03-31,Q1,41441000.0,33002000.0,8439000.0,0.20363890832750176,0.0,3369000.0,1084000.0,0.0,5210000.0,38212000.0,555000.0,270000.0,3499000.0,0.08443329070244444,3229000.0,0.07791800390917207,58000.0,2732000.0,0.06592505007118554,282000.0,2364000.0,0.05704495547887358,0.13,0.13,18081588,18081588,https://www.sedar.com/ModifyCompanyDocumentSearchForm.do?lang=EN&company_search=TerraVest Industries Inc&document_selection=0&industry_group=A&FromDate=13&FromMonth=05&FromYear=2000&ToDate=13&ToMonth=11&ToYear=2020&Variable=Issuer,https://www.sedar.com/ModifyCompanyDocumentSearchForm.do?lang=EN&company_search=TerraVest Industries Inc&document_selection=0&industry_group=A&FromDate=13&FromMonth=05&FromYear=2000&ToDate=13&ToMonth=11&ToYear=2020&Variable=Issuer,1620599137,18:25:37,20210509
24,2014-12-31,TVK.TO,CAD,2014-12-31,2014-12-31,Q4,53004000.0,38827000.0,14177000.0,0.2674703795939929,0.0,4306000.0,715000.0,0.0,5832000.0,44659000.0,658000.0,274000.0,8619000.0,0.16261036902875256,8345000.0,0.15744094785299223,117000.0,7804000.0,0.1472341710059618,2470000.0,5060000.0,0.09546449324579277,0.28,0.28,18108136,18108136,https://www.sedar.com/ModifyCompanyDocumentSearchForm.do?lang=EN&company_search=TerraVest Industries Inc&document_selection=0&industry_group=A&FromDate=13&FromMonth=05&FromYear=2000&ToDate=13&ToMonth=11&ToYear=2020&Variable=Issuer,https://www.sedar.com/ModifyCompanyDocumentSearchForm.do?lang=EN&company_search=TerraVest Industries Inc&document_selection=0&industry_group=A&FromDate=13&FromMonth=05&FromYear=2000&ToDate=13&ToMonth=11&ToYear=2020&Variable=Issuer,1620599137,18:25:37,20210509
25,2014-09-30,TVK.TO,CAD,2014-09-30,2014-09-30,Q3,51007000.0,39167000.0,11840000.0,0.23212500245064402,0.0,3064000.0,975000.0,0.0,5343000.0,44510000.0,704000.0,275000.0,6772000.0,0.13276609092869607,6497000.0,0.1273746740643441,-1926000.0,3867000.0,0.07581312368890544,1102000.0,2617000.0,0.051306683396396574,0.14005519041485182,0.14005519041485182,18685491,18685491,https://www.sedar.com/ModifyCompanyDocumentSearchForm.do?lang=EN&company_search=TerraVest Industries Inc&document_selection=0&industry_group=A&FromDate=13&FromMonth=05&FromYear=2000&ToDate=13&ToMonth=11&ToYear=2020&Variable=Issuer,https://www.sedar.com/ModifyCompanyDocumentSearchForm.do?lang=EN&company_search=TerraVest Industries Inc&document_selection=0&industry_group=A&FromDate=13&FromMonth=05&FromYear=2000&ToDate=13&ToMonth=11&ToYear=2020&Variable=Issuer,1620599137,18:25:37,20210509
26,2014-06-30,TVK.TO,CAD,2014-06-30,2014-06-30,Q2,29732000.0,22597000.0,7135000.0,0.23997712901923854,0.0,3237000.0,725000.0,0.0,4294000.0,26891000.0,785000.0,20000.0,2861000.0,0.09622628817435759,2841000.0,0.0955536122696085,108000.0,2164000.0,0.07278353289385174,326000.0,1815000.0,0.06104533835598009,0.12,0.12,15281631,15281631,https://www.sedar.com/ModifyCompanyDocumentSearchForm.do?lang=EN&company_search=TerraVest Industries Inc&document_selection=0&industry_group=A&FromDate=13&FromMonth=05&FromYear=2000&ToDate=13&ToMonth=11&ToYear=2020&Variable=Issuer,https://www.sedar.com/ModifyCompanyDocumentSearchForm.do?lang=EN&company_search=TerraVest Industries Inc&document_selection=0&industry_group=A&FromDate=13&FromMonth=05&FromYear=2000&ToDate=13&ToMonth=11&ToYear=2020&Variable=Issuer,1620599137,18:25:37,20210509
27,2014-03-31,TVK.TO,CAD,2014-03-31,2014-03-31,Q1,30228000.0,22577000.0,7651000.0,0.25310969961624985,0.0,3180000.0,345000.0,0.0,4071000.0,26648000.0,499000.0,144000.0,3724000.0,0.12319703586079132,3580000.0,0.11843324070398306,-525000.0,2556000.0,0.08455736403334657,827000.0,1589000.0,0.052567156278946675,0.12,0.12,13429454,13429454,https://www.sedar.com/ModifyCompanyDocumentSearchForm.do?lang=EN&company_search=TerraVest Industries Inc&document_selection=0&industry_group=A&FromDate=13&FromMonth=05&FromYear=2000&ToDate=13&ToMonth=11&ToYear=2020&Variable=Issuer,https://www.sedar.com/ModifyCompanyDocumentSearchForm.do?lang=EN&company_search=TerraVest Industries Inc&document_selection=0&industry_group=A&FromDate=13&FromMonth=05&FromYear=2000&ToDate=13&ToMonth=11&ToYear=2020&Variable=Issuer,1620599137,18:25:37,20210509
28,2013-12-31,TVK.TO,CAD,2013-12-31,2013-12-31,Q4,20668000.0,15508000.0,5160000.0,0.24966131217340817,0.0,1581000.0,0.0,0.0,1684000.0,17192000.0,135000.0,55000.0,3531000.0,0.17084381652796593,3476000.0,0.16818269789045867,30000.0,3371000.0,0.16310238049158118,788000.0,2409000.0,0.11655699632281788,0.19,0.19,12428568,12428568,https://www.sedar.com/ModifyCompanyDocumentSearchForm.do?lang=EN&company_search=TerraVest Industries Inc&document_selection=0&industry_group=A&FromDate=13&FromMonth=05&FromYear=2000&ToDate=13&ToMonth=11&ToYear=2020&Variable=Issuer,https://www.sedar.com/ModifyCompanyDocumentSearchForm.do?lang=EN&company_search=TerraVest Industries Inc&document_selection=0&industry_group=A&FromDate=13&FromMonth=05&FromYear=2000&ToDate=13&ToMonth=11&ToYear=2020&Variable=Issuer,1620599137,18:25:37,20210509
29,2013-06-30,TVK.TO,CAD,2013-06-30,2013-06-30,Q2,11428000.0,9048000.0,2380000.0,0.20826041302065104,0.0,1402000.0,0.0,0.0,1515000.0,10563000.0,173000.0,47000.0,912000.0,0.07980399019950997,865000.0,0.07569128456422822,11000.0,703000.0,0.06151557577878894,249000.0,476000.0,0.041652082604130204,0.04,0.04,12476069,12476069,https://www.sedar.com/ModifyCompanyDocumentSearchForm.do?lang=EN&company_search=TerraVest Industries Inc&document_selection=0&industry_group=A&FromDate=13&FromMonth=05&FromYear=2000&ToDate=13&ToMonth=11&ToYear=2020&Variable=Issuer,https://www.sedar.com/ModifyCompanyDocumentSearchForm.do?lang=EN&company_search=TerraVest Industries Inc&document_selection=0&industry_group=A&FromDate=13&FromMonth=05&FromYear=2000&ToDate=13&ToMonth=11&ToYear=2020&Variable=Issuer,1620599137,18:25:37,20210509
30,2013-03-31,TVK.TO,CAD,2013-03-31,2013-03-31,Q1,19249000.0,14196000.0,5053000.0,0.26250714322821966,0.0,1410000.0,0.0,0.0,1511000.0,15707000.0,195000.0,35000.0,3577000.0,0.18582783521221882,3542000.0,0.18400955893812665,7000.0,3354000.0,0.17424281780871734,854000.0,2357000.0,0.12244791937243493,0.19,0.19,12507662,12507662,https://www.sedar.com/ModifyCompanyDocumentSearchForm.do?lang=EN&company_search=TerraVest Industries Inc&document_selection=0&industry_group=A&FromDate=13&FromMonth=05&FromYear=2000&ToDate=13&ToMonth=11&ToYear=2020&Variable=Issuer,https://www.sedar.com/ModifyCompanyDocumentSearchForm.do?lang=EN&company_search=TerraVest Industries Inc&document_selection=0&industry_group=A&FromDate=13&FromMonth=05&FromYear=2000&ToDate=13&ToMonth=11&ToYear=2020&Variable=Issuer,1620599137,18:25:37,20210509
31,2012-12-31,TVK.TO,CAD,2012-12-31,2012-12-31,Q4,17297000.0,13109000.0,4188000.0,0.2421229114875412,0.0,0.0,0.0,0.0,1919000.0,15028000.0,175000.0,991000.0,3260000.0,0.18847198936231715,2269000.0,0.13117881713591953,0.0,1770000.0,0.10232988379487773,5059000.0,-3319000.0,-0.19188298548881308,-0.17762444668968025,-0.17762444668968025,18685491,18685491,https://www.sedar.com/ModifyCompanyDocumentSearchForm.do?lang=EN&company_search=TerraVest Industries Inc&document_selection=0&industry_group=A&FromDate=13&FromMonth=05&FromYear=2000&ToDate=13&ToMonth=11&ToYear=2020&Variable=Issuer,https://www.sedar.com/ModifyCompanyDocumentSearchForm.do?lang=EN&company_search=TerraVest Industries Inc&document_selection=0&industry_group=A&FromDate=13&FromMonth=05&FromYear=2000&ToDate=13&ToMonth=11&ToYear=2020&Variable=Issuer,1620599137,18:25:37,20210509
32,2012-09-30,TVK.TO,CAD,2012-09-30,2012-09-30,Q3,17088000.0,12229000.0,4859000.0,0.2843515917602996,0.0,0.0,0.0,0.0,2005000.0,14234000.0,152000.0,731000.0,3585000.0,0.20979634831460675,2854000.0,0.16701779026217228,0.0,2702000.0,0.15812265917602997,795000.0,1736000.0,0.10159176029962547,0.06,0.06,16515573,16515573,https://www.sedar.com/ModifyCompanyDocumentSearchForm.do?lang=EN&company_search=TerraVest Industries Inc&document_selection=0&industry_group=A&FromDate=13&FromMonth=05&FromYear=2000&ToDate=13&ToMonth=11&ToYear=2020&Variable=Issuer,https://www.sedar.com/ModifyCompanyDocumentSearchForm.do?lang=EN&company_search=TerraVest Industries Inc&document_selection=0&industry_group=A&FromDate=13&FromMonth=05&FromYear=2000&ToDate=13&ToMonth=11&ToYear=2020&Variable=Issuer,1620599137,18:25:37,20210509
33,2012-06-30,TVK.TO,CAD,2012-06-30,2012-06-30,Q2,15872000.0,11982000.0,3890000.0,0.24508568548387097,0.0,0.0,0.0,0.0,1729000.0,13711000.0,139000.0,637000.0,2798000.0,0.17628528225806453,2161000.0,0.1361517137096774,0.0,2022000.0,0.12739415322580644,449000.0,1515000.0,0.09545110887096774,0.08,0.08,19720466,19720466,https://www.sedar.com/ModifyCompanyDocumentSearchForm.do?lang=EN&company_search=TerraVest Industries Inc&document_selection=0&industry_group=A&FromDate=13&FromMonth=05&FromYear=2000&ToDate=13&ToMonth=11&ToYear=2020&Variable=Issuer,https://www.sedar.com/ModifyCompanyDocumentSearchForm.do?lang=EN&company_search=TerraVest Industries Inc&document_selection=0&industry_group=A&FromDate=13&FromMonth=05&FromYear=2000&ToDate=13&ToMonth=11&ToYear=2020&Variable=Issuer,1620599137,18:25:37,20210509
34,2012-03-31,TVK.TO,CAD,2012-03-31,2012-03-31,Q1,20657000.0,15104000.0,5553000.0,0.2688192864404318,0.0,0.0,0.0,0.0,1893000.0,16997000.0,157000.0,717000.0,4377000.0,0.21188943215374934,3660000.0,0.1771796485452873,0.0,3503000.0,0.16957931935905504,748000.0,2598000.0,0.12576850462313016,0.14,0.14,19720466,19720466,https://www.sedar.com/ModifyCompanyDocumentSearchForm.do?lang=EN&company_search=TerraVest Industries Inc&document_selection=0&industry_group=A&FromDate=13&FromMonth=05&FromYear=2000&ToDate=13&ToMonth=11&ToYear=2020&Variable=Issuer,https://www.sedar.com/ModifyCompanyDocumentSearchForm.do?lang=EN&company_search=TerraVest Industries Inc&document_selection=0&industry_group=A&FromDate=13&FromMonth=05&FromYear=2000&ToDate=13&ToMonth=11&ToYear=2020&Variable=Issuer,1620599137,18:25:37,20210509
35,2011-12-31,TVK.TO,CAD,2011-12-31,2011-12-31,Q4,-4367000.0,-7553000.0,3186000.0,-0.7295626288069613,0.0,0.0,0.0,0.0,848000.0,-6705000.0,35000.0,64000.0,2402000.0,-0.5500343485230135,2338000.0,-0.5353789787039157,0.0,428000.0,-0.0980077856652164,1232000.0,-3859000.0,0.8836730020609114,-0.2065238745933944,-0.2065238745933944,18685491,18685491,https://www.sedar.com/ModifyCompanyDocumentSearchForm.do?lang=EN&company_search=TerraVest Industries Inc&document_selection=0&industry_group=A&FromDate=13&FromMonth=05&FromYear=2000&ToDate=13&ToMonth=11&ToYear=2020&Variable=Issuer,https://www.sedar.com/ModifyCompanyDocumentSearchForm.do?lang=EN&company_search=TerraVest Industries Inc&document_selection=0&industry_group=A&FromDate=13&FromMonth=05&FromYear=2000&ToDate=13&ToMonth=11&ToYear=2020&Variable=Issuer,1620599137,18:25:37,20210509
36,2011-09-30,TVK.TO,CAD,2011-09-30,2011-09-30,Q3,32015000.0,25310000.0,6705000.0,0.20943307824457286,0.0,2514000.0,403000.0,0.0,2917000.0,28227000.0,202000.0,1073000.0,4861000.0,0.1518350773075121,3788000.0,0.1183195377166953,0.0,3586000.0,0.11200999531469624,957000.0,2755000.0,0.08605341246290801,0.14,0.14,19741514,19741514,https://www.sedar.com/ModifyCompanyDocumentSearchForm.do?lang=EN&company_search=TerraVest Industries Inc&document_selection=0&industry_group=A&FromDate=13&FromMonth=05&FromYear=2000&ToDate=13&ToMonth=11&ToYear=2020&Variable=Issuer,https://www.sedar.com/ModifyCompanyDocumentSearchForm.do?lang=EN&company_search=TerraVest Industries Inc&document_selection=0&industry_group=A&FromDate=13&FromMonth=05&FromYear=2000&ToDate=13&ToMonth=11&ToYear=2020&Variable=Issuer,1620599137,18:25:37,20210509
37,2011-06-30,TVK.TO,CAD,2011-06-30,2011-06-30,Q2,19507000.0,16447000.0,3060000.0,0.15686676577638797,0.0,2489000.0,340000.0,0.0,2829000.0,19276000.0,156000.0,789000.0,1020000.0,0.05228892192546265,231000.0,0.011841902906648894,0.0,75000.0,0.003844773670989901,-60000.0,-320000.0,-0.016404367662890246,-0.02,-0.02,19685371,19685371,https://www.sedar.com/ModifyCompanyDocumentSearchForm.do?lang=EN&company_search=TerraVest Industries Inc&document_selection=0&industry_group=A&FromDate=13&FromMonth=05&FromYear=2000&ToDate=13&ToMonth=11&ToYear=2020&Variable=Issuer,https://www.sedar.com/ModifyCompanyDocumentSearchForm.do?lang=EN&company_search=TerraVest Industries Inc&document_selection=0&industry_group=A&FromDate=13&FromMonth=05&FromYear=2000&ToDate=13&ToMonth=11&ToYear=2020&Variable=Issuer,1620599137,18:25:37,20210509
38,2011-03-31,TVK.TO,CAD,2011-03-31,2011-03-31,Q1,27600000.0,22502000.0,5098000.0,0.18471014492753624,0.0,3170000.0,375000.0,0.0,3545000.0,26047000.0,190000.0,888000.0,2441000.0,0.08844202898550725,1553000.0,0.05626811594202898,0.0,1363000.0,0.04938405797101449,668000.0,53000.0,0.0019202898550724637,0.0027012610199981997,0.002695620136058629,19620466,19661524,https://www.sedar.com/ModifyCompanyDocumentSearchForm.do?lang=EN&company_search=TerraVest Industries Inc&document_selection=0&industry_group=A&FromDate=13&FromMonth=05&FromYear=2000&ToDate=13&ToMonth=11&ToYear=2020&Variable=Issuer,https://www.sedar.com/ModifyCompanyDocumentSearchForm.do?lang=EN&company_search=TerraVest Industries Inc&document_selection=0&industry_group=A&FromDate=13&FromMonth=05&FromYear=2000&ToDate=13&ToMonth=11&ToYear=2020&Variable=Issuer,1620599137,18:25:37,20210509
39,2010-12-31,TVK.TO,CAD,2010-12-31,2010-12-31,Q4,-55258000.0,-40617000.0,-14641000.0,0.264957110282674,0.0,-2688000.0,-8541000.0,0.0,-11218000.0,-51835000.0,129000.0,-175000.0,-3598000.0,0.06511274385609324,-3423000.0,0.06194578160628325,-464000.0,-6248000.0,0.11306960078178725,-1333000.0,2992000.0,-0.054146006008179814,0.16012423757020888,0.16012423757020888,18685491,18685491,https://www.sedar.com/ModifyCompanyDocumentSearchForm.do?lang=EN&company_search=TerraVest Industries Inc&document_selection=0&industry_group=A&FromDate=13&FromMonth=05&FromYear=2000&ToDate=13&ToMonth=11&ToYear=2020&Variable=Issuer,https://www.sedar.com/ModifyCompanyDocumentSearchForm.do?lang=EN&company_search=TerraVest Industries Inc&document_selection=0&industry_group=A&FromDate=13&FromMonth=05&FromYear=2000&ToDate=13&ToMonth=11&ToYear=2020&Variable=Issuer,1620599137,18:25:37,20210509
40,2010-09-30,TVK.TO,CAD,2010-09-30,2010-09-30,Q3,46925000.0,36952000.0,9973000.0,0.21253063399041022,0.0,5131000.0,3322000.0,0.0,9633000.0,46585000.0,304000.0,898000.0,1238000.0,0.026382525306339905,340000.0,0.007245604688332445,-8000.0,-233000.0,-0.004965370271710175,-445000.0,212000.0,0.004517847629195525,0.01,0.01,19644856,19644856,https://www.sedar.com/ModifyCompanyDocumentSearchForm.do?lang=EN&company_search=TerraVest Industries Inc&document_selection=0&industry_group=A&FromDate=13&FromMonth=05&FromYear=2000&ToDate=13&ToMonth=11&ToYear=2020&Variable=Issuer,https://www.sedar.com/ModifyCompanyDocumentSearchForm.do?lang=EN&company_search=TerraVest Industries Inc&document_selection=0&industry_group=A&FromDate=13&FromMonth=05&FromYear=2000&ToDate=13&ToMonth=11&ToYear=2020&Variable=Issuer,1620599137,18:25:37,20210509
41,2010-06-30,TVK.TO,CAD,2010-06-30,2010-06-30,Q2,48350000.0,39058000.0,9292000.0,0.19218200620475698,0.0,4917000.0,3362000.0,38000.0,9557000.0,48615000.0,295000.0,997000.0,732000.0,0.015139607032057911,-265000.0,-0.005480868665977249,12000.0,-548000.0,-0.011334022750775595,-711000.0,163000.0,0.003371251292657704,0.008307651816220878,0.008297582461170877,19620466,19644276,https://www.sedar.com/ModifyCompanyDocumentSearchForm.do?lang=EN&company_search=TerraVest Industries Inc&document_selection=0&industry_group=A&FromDate=13&FromMonth=05&FromYear=2000&ToDate=13&ToMonth=11&ToYear=2020&Variable=Issuer,https://www.sedar.com/ModifyCompanyDocumentSearchForm.do?lang=EN&company_search=TerraVest Industries Inc&document_selection=0&industry_group=A&FromDate=13&FromMonth=05&FromYear=2000&ToDate=13&ToMonth=11&ToYear=2020&Variable=Issuer,1620599137,18:25:37,20210509
42,2010-03-31,TVK.TO,CAD,2010-03-31,2010-03-31,Q1,48638000.0,38346000.0,10292000.0,0.21160409556313994,0.0,3933000.0,3405000.0,2041000.0,8496000.0,46842000.0,314000.0,1226000.0,3022000.0,0.06213248900037008,1796000.0,0.03692586043834039,2041000.0,3511000.0,0.07218635634688926,561000.0,4451000.0,0.09151280891484025,0.2268549584907922,0.226618181610823,19620466,19640966,https://www.sedar.com/ModifyCompanyDocumentSearchForm.do?lang=EN&company_search=TerraVest Industries Inc&document_selection=0&industry_group=A&FromDate=13&FromMonth=05&FromYear=2000&ToDate=13&ToMonth=11&ToYear=2020&Variable=Issuer,https://www.sedar.com/ModifyCompanyDocumentSearchForm.do?lang=EN&company_search=TerraVest Industries Inc&document_selection=0&industry_group=A&FromDate=13&FromMonth=05&FromYear=2000&ToDate=13&ToMonth=11&ToYear=2020&Variable=Issuer,1620599137,18:25:37,20210509
43,2009-12-31,TVK.TO,CAD,2009-12-31,2009-12-31,Q4,58612000.0,49945000.0,8667000.0,0.1478707431925203,0.0,5529000.0,4238000.0,0.0,12109000.0,62054000.0,359000.0,973000.0,-2469000.0,-0.042124479628744965,-3442000.0,-0.058725175731932026,-3468000.0,-3521000.0,-0.060073022589230876,-1251000.0,-2270000.0,-0.0387292704565618,-0.12148463211376143,-0.12148463211376143,18685491,18685491,https://www.sedar.com/ModifyCompanyDocumentSearchForm.do?lang=EN&company_search=TerraVest Industries Inc&document_selection=0&industry_group=A&FromDate=13&FromMonth=05&FromYear=2000&ToDate=13&ToMonth=11&ToYear=2020&Variable=Issuer,https://www.sedar.com/ModifyCompanyDocumentSearchForm.do?lang=EN&company_search=TerraVest Industries Inc&document_selection=0&industry_group=A&FromDate=13&FromMonth=05&FromYear=2000&ToDate=13&ToMonth=11&ToYear=2020&Variable=Issuer,1620599137,18:25:37,20210509
44,2009-09-30,TVK.TO,CAD,2009-09-30,2009-09-30,Q3,54282000.0,42839000.0,11443000.0,0.21080652886776463,0.0,4079000.0,4659000.0,0.0,10101000.0,52940000.0,336000.0,893000.0,2235000.0,0.04117386979109097,1342000.0,0.024722744187760215,-428000.0,578000.0,0.010648096975056188,71000.0,507000.0,0.009340112744556206,0.03,0.03,19620466,19620466,https://www.sedar.com/ModifyCompanyDocumentSearchForm.do?lang=EN&company_search=TerraVest Industries Inc&document_selection=0&industry_group=A&FromDate=13&FromMonth=05&FromYear=2000&ToDate=13&ToMonth=11&ToYear=2020&Variable=Issuer,https://www.sedar.com/ModifyCompanyDocumentSearchForm.do?lang=EN&company_search=TerraVest Industries Inc&document_selection=0&industry_group=A&FromDate=13&FromMonth=05&FromYear=2000&ToDate=13&ToMonth=11&ToYear=2020&Variable=Issuer,1620599137,18:25:37,20210509
45,2009-06-30,TVK.TO,CAD,2009-06-30,2009-06-30,Q2,55732000.0,45595000.0,10137000.0,0.18188832268714564,0.0,4260000.0,3777000.0,97000.0,9728000.0,55323000.0,333000.0,848000.0,1257000.0,0.022554367329361946,409000.0,0.007338692313213235,97000.0,173000.0,0.0031041412473982633,-396000.0,569000.0,0.01020957439173186,0.02900033057318822,0.028857594768670877,19620466,19717513,https://www.sedar.com/ModifyCompanyDocumentSearchForm.do?lang=EN&company_search=TerraVest Industries Inc&document_selection=0&industry_group=A&FromDate=13&FromMonth=05&FromYear=2000&ToDate=13&ToMonth=11&ToYear=2020&Variable=Issuer,https://www.sedar.com/ModifyCompanyDocumentSearchForm.do?lang=EN&company_search=TerraVest Industries Inc&document_selection=0&industry_group=A&FromDate=13&FromMonth=05&FromYear=2000&ToDate=13&ToMonth=11&ToYear=2020&Variable=Issuer,1620599137,18:25:37,20210509
46,2009-03-31,TVK.TO,CAD,2009-03-31,2009-03-31,Q1,55293000.0,44744000.0,10549000.0,0.19078364349917712,0.0,4287000.0,3772000.0,4737000.0,9677000.0,54421000.0,378000.0,910000.0,1782000.0,0.03222831099777549,872000.0,0.015770531532020328,4737000.0,5231000.0,0.09460510372018158,-372000.0,5603000.0,0.10133289928200677,0.28,0.28,19717513,19717513,https://www.sedar.com/ModifyCompanyDocumentSearchForm.do?lang=EN&company_search=TerraVest Industries Inc&document_selection=0&industry_group=A&FromDate=13&FromMonth=05&FromYear=2000&ToDate=13&ToMonth=11&ToYear=2020&Variable=Issuer,https://www.sedar.com/ModifyCompanyDocumentSearchForm.do?lang=EN&company_search=TerraVest Industries Inc&document_selection=0&industry_group=A&FromDate=13&FromMonth=05&FromYear=2000&ToDate=13&ToMonth=11&ToYear=2020&Variable=Issuer,1620599137,18:25:37,20210509
47,2008-12-31,TVK.TO,CAD,2008-12-31,2008-12-31,Q4,67977000.0,54269000.0,13708000.0,0.20165644262029805,0.0,0.0,0.0,0.0,17560000.0,71829000.0,0.0,1055000.0,-2797000.0,-0.041146270061932715,-3852000.0,-0.05666622534092414,-29497000.0,-28904000.0,-0.42520264207011194,812000.0,-29716000.0,-0.43714785883460583,-1.5903248140495747,-1.5903248140495747,18685491,18685491,https://www.sedar.com/ModifyCompanyDocumentSearchForm.do?lang=EN&company_search=TerraVest Industries Inc&document_selection=0&industry_group=A&FromDate=13&FromMonth=05&FromYear=2000&ToDate=13&ToMonth=11&ToYear=2020&Variable=Issuer,https://www.sedar.com/ModifyCompanyDocumentSearchForm.do?lang=EN&company_search=TerraVest Industries Inc&document_selection=0&industry_group=A&FromDate=13&FromMonth=05&FromYear=2000&ToDate=13&ToMonth=11&ToYear=2020&Variable=Issuer,1620599137,18:25:37,20210509
48,2008-09-30,TVK.TO,CAD,2008-09-30,2008-09-30,Q3,60640000.0,46055000.0,14585000.0,0.24051781002638523,0.0,0.0,0.0,0.0,9672000.0,55727000.0,0.0,879000.0,5792000.0,0.09551451187335093,4913000.0,0.08101912928759894,-4317000.0,-1551000.0,-0.025577176781002638,-935000.0,-686000.0,-0.011312664907651714,-0.04,-0.04,17150000,17150000,https://www.sedar.com/ModifyCompanyDocumentSearchForm.do?lang=EN&company_search=TerraVest Industries Inc&document_selection=0&industry_group=A&FromDate=13&FromMonth=05&FromYear=2000&ToDate=13&ToMonth=11&ToYear=2020&Variable=Issuer,https://www.sedar.com/ModifyCompanyDocumentSearchForm.do?lang=EN&company_search=TerraVest Industries Inc&document_selection=0&industry_group=A&FromDate=13&FromMonth=05&FromYear=2000&ToDate=13&ToMonth=11&ToYear=2020&Variable=Issuer,1620599137,18:25:37,20210509
49,2008-06-30,TVK.TO,CAD,2008-06-30,2008-06-30,Q2,55896000.0,42422000.0,13474000.0,0.24105481608701876,0.0,0.0,0.0,0.0,8536000.0,50958000.0,0.0,864000.0,5802000.0,0.10379991412623443,4938000.0,0.08834263632460283,-275000.0,2432000.0,0.0435093745527408,-331000.0,2441000.0,0.04367038786317447,0.14,0.14,17435714,17435714,https://www.sedar.com/ModifyCompanyDocumentSearchForm.do?lang=EN&company_search=TerraVest Industries Inc&document_selection=0&industry_group=A&FromDate=13&FromMonth=05&FromYear=2000&ToDate=13&ToMonth=11&ToYear=2020&Variable=Issuer,https://www.sedar.com/ModifyCompanyDocumentSearchForm.do?lang=EN&company_search=TerraVest Industries Inc&document_selection=0&industry_group=A&FromDate=13&FromMonth=05&FromYear=2000&ToDate=13&ToMonth=11&ToYear=2020&Variable=Issuer,1620599137,18:25:37,20210509
50,2008-03-31,TVK.TO,CAD,2008-03-31,2008-03-31,Q1,57198000.0,43294000.0,13904000.0,0.24308542256722263,0.0,0.0,0.0,0.0,9639000.0,52933000.0,0.0,891000.0,5156000.0,0.09014301199342635,4265000.0,0.07456554424979894,2718000.0,5807000.0,0.10152452882967936,-673000.0,5740000.0,0.10035315920137068,0.33,0.33,17626498,17626498,https://www.sedar.com/ModifyCompanyDocumentSearchForm.do?lang=EN&company_search=TerraVest Industries Inc&document_selection=0&industry_group=A&FromDate=13&FromMonth=05&FromYear=2000&ToDate=13&ToMonth=11&ToYear=2020&Variable=Issuer,https://www.sedar.com/ModifyCompanyDocumentSearchForm.do?lang=EN&company_search=TerraVest Industries Inc&document_selection=0&industry_group=A&FromDate=13&FromMonth=05&FromYear=2000&ToDate=13&ToMonth=11&ToYear=2020&Variable=Issuer,1620599137,18:25:37,20210509
51,2007-12-31,TVK.TO,CAD,2007-12-31,2007-12-31,Q4,59640000.0,44257000.0,15383000.0,0.2579309188464118,0.0,0.0,0.0,0.0,54019000.0,98276000.0,0.0,1303000.0,-37333000.0,-0.625972501676727,-38636000.0,-0.6478202548625084,-36560000.0,-33272000.0,-0.5578806170355466,-7239000.0,-23140000.0,-0.38799463447350774,-1.2383940031332332,-1.2383940031332332,18685491,18685491,https://www.sedar.com/ModifyCompanyDocumentSearchForm.do?lang=EN&company_search=TerraVest Industries Inc&document_selection=0&industry_group=A&FromDate=13&FromMonth=05&FromYear=2000&ToDate=13&ToMonth=11&ToYear=2020&Variable=Issuer,https://www.sedar.com/ModifyCompanyDocumentSearchForm.do?lang=EN&company_search=TerraVest Industries Inc&document_selection=0&industry_group=A&FromDate=13&FromMonth=05&FromYear=2000&ToDate=13&ToMonth=11&ToYear=2020&Variable=Issuer,1620599137,18:25:37,20210509
52,2007-09-30,TVK.TO,CAD,2007-09-30,2007-09-30,Q3,54928000.0,41378000.0,13550000.0,0.24668657151179726,0.0,0.0,0.0,0.0,10286000.0,51664000.0,0.0,1131000.0,4395000.0,0.0800138362947859,3264000.0,0.05942324497524031,-982000.0,-746000.0,-0.01358141567142441,-242000.0,-445000.0,-0.008101514710166036,-0.02524608121250177,-0.022519122657005473,17626498,19760983,https://www.sedar.com/ModifyCompanyDocumentSearchForm.do?lang=EN&company_search=TerraVest Industries Inc&document_selection=0&industry_group=A&FromDate=13&FromMonth=05&FromYear=2000&ToDate=13&ToMonth=11&ToYear=2020&Variable=Issuer,https://www.sedar.com/ModifyCompanyDocumentSearchForm.do?lang=EN&company_search=TerraVest Industries Inc&document_selection=0&industry_group=A&FromDate=13&FromMonth=05&FromYear=2000&ToDate=13&ToMonth=11&ToYear=2020&Variable=Issuer,1620599137,18:25:37,20210509
53,2007-06-30,TVK.TO,CAD,2007-06-30,2007-06-30,Q2,50443000.0,38157000.0,12286000.0,0.2435620403227405,0.0,0.0,0.0,0.0,9485000.0,47642000.0,0.0,1199000.0,4000000.0,0.0792974248161291,2801000.0,0.0555280217274944,-487000.0,-702000.0,-0.013916698055230657,-610000.0,-79000.0,-0.0015661241401185497,-0.01,-0.01,17626376,17626376,https://www.sedar.com/ModifyCompanyDocumentSearchForm.do?lang=EN&company_search=TerraVest Industries Inc&document_selection=0&industry_group=A&FromDate=13&FromMonth=05&FromYear=2000&ToDate=13&ToMonth=11&ToYear=2020&Variable=Issuer,https://www.sedar.com/ModifyCompanyDocumentSearchForm.do?lang=EN&company_search=TerraVest Industries Inc&document_selection=0&industry_group=A&FromDate=13&FromMonth=05&FromYear=2000&ToDate=13&ToMonth=11&ToYear=2020&Variable=Issuer,1620599137,18:25:37,20210509
54,2007-03-31,TVK.TO,CAD,2007-03-31,2007-03-31,Q1,64227000.0,46869000.0,17358000.0,0.27026017095613997,0.0,0.0,0.0,0.0,11800000.0,58669000.0,0.0,1167000.0,6725000.0,0.10470674326996435,5558000.0,0.08653681473523596,-247000.0,4646000.0,0.07233717906799321,477000.0,3747000.0,0.058339950488112476,0.21,0.21,17625845,17625845,https://www.sedar.com/ModifyCompanyDocumentSearchForm.do?lang=EN&company_search=TerraVest Industries Inc&document_selection=0&industry_group=A&FromDate=13&FromMonth=05&FromYear=2000&ToDate=13&ToMonth=11&ToYear=2020&Variable=Issuer,https://www.sedar.com/ModifyCompanyDocumentSearchForm.do?lang=EN&company_search=TerraVest Industries Inc&document_selection=0&industry_group=A&FromDate=13&FromMonth=05&FromYear=2000&ToDate=13&ToMonth=11&ToYear=2020&Variable=Issuer,1620599137,18:25:37,20210509
55,2006-12-31,TVK.TO,CAD,2006-12-31,2006-12-31,Q4,67341000.0,48923000.0,18418000.0,0.27350351197635914,0.0,0.0,0.0,0.0,39060000.0,87983000.0,0.0,1295000.0,-19347000.0,-0.2872989709092529,-20642000.0,-0.30652945456705427,-18145000.0,-13027000.0,-0.19344827074145024,1269000.0,-12874000.0,-0.1911762522089069,-0.6889837682081782,-0.6889837682081782,18685491,18685491,https://www.sedar.com/ModifyCompanyDocumentSearchForm.do?lang=EN&company_search=TerraVest Industries Inc&document_selection=0&industry_group=A&FromDate=13&FromMonth=05&FromYear=2000&ToDate=13&ToMonth=11&ToYear=2020&Variable=Issuer,https://www.sedar.com/ModifyCompanyDocumentSearchForm.do?lang=EN&company_search=TerraVest Industries Inc&document_selection=0&industry_group=A&FromDate=13&FromMonth=05&FromYear=2000&ToDate=13&ToMonth=11&ToYear=2020&Variable=Issuer,1620599137,18:25:37,20210509
56,2006-09-30,TVK.TO,CAD,2006-09-30,2006-09-30,Q3,72915000.0,51685000.0,21230000.0,0.2911609408215045,0.0,0.0,0.0,0.0,10360000.0,62045000.0,0.0,1273000.0,12143000.0,0.1665363779743537,10870000.0,0.1490776932044161,23000.0,7394000.0,0.10140574641706096,-491000.0,6608000.0,0.09062607145306179,0.4,0.4,16364714,16364714,https://www.sedar.com/ModifyCompanyDocumentSearchForm.do?lang=EN&company_search=TerraVest Industries Inc&document_selection=0&industry_group=A&FromDate=13&FromMonth=05&FromYear=2000&ToDate=13&ToMonth=11&ToYear=2020&Variable=Issuer,https://www.sedar.com/ModifyCompanyDocumentSearchForm.do?lang=EN&company_search=TerraVest Industries Inc&document_selection=0&industry_group=A&FromDate=13&FromMonth=05&FromYear=2000&ToDate=13&ToMonth=11&ToYear=2020&Variable=Issuer,1620599137,18:25:37,20210509
57,2006-06-30,TVK.TO,CAD,2006-06-30,2006-06-30,Q2,63757000.0,46254000.0,17503000.0,0.2745267186348166,0.0,0.0,0.0,0.0,13028000.0,59282000.0,0.0,1298000.0,5773000.0,0.09054692033815895,4475000.0,0.0701883714729363,-121000.0,3170000.0,0.04972003074172248,-853000.0,3319000.0,0.05205702903210628,0.22,0.22,15073721,15073721,https://www.sedar.com/ModifyCompanyDocumentSearchForm.do?lang=EN&company_search=TerraVest Industries Inc&document_selection=0&industry_group=A&FromDate=13&FromMonth=05&FromYear=2000&ToDate=13&ToMonth=11&ToYear=2020&Variable=Issuer,https://www.sedar.com/ModifyCompanyDocumentSearchForm.do?lang=EN&company_search=TerraVest Industries Inc&document_selection=0&industry_group=A&FromDate=13&FromMonth=05&FromYear=2000&ToDate=13&ToMonth=11&ToYear=2020&Variable=Issuer,1620599137,18:25:37,20210509
58,2006-03-31,TVK.TO,CAD,2006-03-31,2006-03-31,Q1,67334000.0,48748000.0,18586000.0,0.2760269700299997,0.0,0.0,0.0,0.0,12856000.0,61604000.0,0.0,1378000.0,7108000.0,0.10556331125434401,5730000.0,0.08509816734487777,1000.0,4171000.0,0.06194493123830457,693000.0,2742000.0,0.040722369085454596,0.21,0.21,12804307,12804307,https://www.sedar.com/ModifyCompanyDocumentSearchForm.do?lang=EN&company_search=TerraVest Industries Inc&document_selection=0&industry_group=A&FromDate=13&FromMonth=05&FromYear=2000&ToDate=13&ToMonth=11&ToYear=2020&Variable=Issuer,https://www.sedar.com/ModifyCompanyDocumentSearchForm.do?lang=EN&company_search=TerraVest Industries Inc&document_selection=0&industry_group=A&FromDate=13&FromMonth=05&FromYear=2000&ToDate=13&ToMonth=11&ToYear=2020&Variable=Issuer,1620599137,18:25:37,20210509
