,date,symbol,reportedCurrency,fillingDate,acceptedDate,period,revenue,costOfRevenue,grossProfit,grossProfitRatio,researchAndDevelopmentExpenses,generalAndAdministrativeExpenses,sellingAndMarketingExpenses,otherExpenses,operatingExpenses,costAndExpenses,interestExpense,depreciationAndAmortization,ebitda,ebitdaratio,operatingIncome,operatingIncomeRatio,totalOtherIncomeExpensesNet,incomeBeforeTax,incomeBeforeTaxRatio,incomeTaxExpense,netIncome,netIncomeRatio,eps,epsdiluted,weightedAverageShsOut,weightedAverageShsOutDil,link,finalLink,timestamp,est_time,est_date
0,2021-03-28,KTOS,USD,2021-05-05,2021-05-05 16:27:46,Q1,194000000,142000000.0,51000000.0,0.26288659793814434,8000000.0,37000000.0,0.0,-5000000.0,45000000.0,187000000.0,5000.0,6000.0,4006000.0,0.020649484536082473,4000000.0,0.020618556701030927,0.0,1000000.0,0.005154639175257732,0.0,1000.0,5.154639175257732e-06,0.008928571428571428,0.008695652173913044,112000000.0,115000000.0,https://www.sec.gov/Archives/edgar/data/1069258/000106925821000022/0001069258-21-000022-index.htm,https://www.sec.gov/Archives/edgar/data/1069258/000106925821000022/ktos-20210328.htm,1620594268,17:04:28,20210509
1,2020-12-27,KTOS,USD,2021-02-25,2021-02-25 16:26:01,Q4,205700000,152500000.0,53200000.0,0.25862907146329606,7300000.0,36100000.0,0.0,-6000.0,41800000.0,194300000.0,28000.0,5700.0,8405700.0,0.04086387943607195,8400000.0,0.04083616917841517,200.0,2600000.0,0.012639766650461837,-73800000.0,77900.0,0.00037870685464268353,0.0006955357142857143,0.0006773913043478261,112000000.0,115000000.0,https://www.sec.gov/Archives/edgar/data/1069258/000106925821000009/0001069258-21-000009-index.htm,https://www.sec.gov/Archives/edgar/data/1069258/000106925821000009/ktos-20201227.htm,1620594268,17:04:28,20210509
2,2020-09-27,KTOS,USD,2020-10-29,2020-10-29 16:18:26,Q3,202000000,144000000.0,58000000.0,0.2871287128712871,8000000.0,37000000.0,0.0,-5000000.0,45000000.0,189000000.0,5000000.0,6000000.0,19000000.0,0.09405940594059406,13000000.0,0.06435643564356436,0.0,7000000.0,0.034653465346534656,4000000.0,2000000.0,0.009900990099009901,0.017857142857142856,0.017391304347826087,112000000.0,115000000.0,https://www.sec.gov/Archives/edgar/data/1069258/000106925820000044/0001069258-20-000044-index.htm,https://www.sec.gov/Archives/edgar/data/1069258/000106925820000044/ktos-20200927.htm,1620594268,17:04:28,20210509
3,2020-06-28,KTOS,USD,2020-08-04,2020-08-04 16:25:55,Q2,170400000,124400000.0,46000000.0,0.2699530516431925,6000000.0,36000000.0,0.0,-11000000.0,43099999.99999999,167500000.0,-5600000.0,6000000.000000001,8900000.0,0.052230046948356805,2900000.0,0.017018779342723004,300000.0,-2400000.0,-0.014084507042253521,-1800000.0,-700000.0,-0.004107981220657277,-0.00646,-0.00646,108300000.0,108300000.0,https://www.sec.gov/Archives/edgar/data/1069258/000106925820000034/0001069258-20-000034-index.htm,https://www.sec.gov/Archives/edgar/data/1069258/000106925820000034/ktos-20200628.htm,1620594268,17:04:28,20210509
4,2020-03-29,KTOS,USD,2020-05-07 00:00:00,2020-05-07 16:27:14,Q1,168900000,123100000.0,45800000.0,0.27116637063351096,5700000.0,34900000.0,0.0,0.0,41099999.99999999,164200000.0,-5400000.0,6300000.0,11000000.0,0.06512729425695678,4700000.0,0.027827116637063352,-500000.0,-1200000.0,-0.007104795737122558,-1400000.0,-200000.0,-0.0011841326228537595,-0.00187,-0.00187,107200000.0,107200000.0,https://www.sec.gov/Archives/edgar/data/1069258/000106925820000018/0001069258-20-000018-index.html,https://www.sec.gov/Archives/edgar/data/1069258/000106925820000018/ktos2020032910-q.htm,1620594268,17:04:28,20210509
5,2019-12-29,KTOS,USD,2020-02-24 00:00:00,2020-02-24 16:45:04,Q4,185100000,136700000.0,48400000.0,0.2614802809292274,5000000.0,33100000.0,0.0,-21000000.0,39100000.00000002,175800000.00000003,5000000.0,6599999.999999998,15899999.999999998,0.0858995137763371,9300000.0,0.050243111831442464,400000.0,4300000.0,0.023230686115613183,1000000.0,3000000.0,0.01620745542949757,0.02732,0.02732,109800000.0,109800000.0,https://www.sec.gov/Archives/edgar/data/1069258/000106925820000006/0001069258-20-000006-index.html,https://www.sec.gov/Archives/edgar/data/1069258/000106925820000006/ktos20191229form10-k.htm,1620594268,17:04:28,20210509
6,2019-09-29,KTOS,USD,2019-11-05 00:00:00,2019-11-05 16:19:56,Q3,184100000,135500000.0,48600000.0,0.26398696360673546,4600000.0,32500000.0,0.0,10000000.0,37099999.99999999,172600000.0,-5400000.0,5700000.000000001,17200000.0,0.09342748506246605,11500000.0,0.06246605105920695,-700000.0,5400000.0,0.02933188484519283,2800000.0,2500000.0,0.013579576317218903,0.02275,0.02275,109900000.0,109900000.0,https://www.sec.gov/Archives/edgar/data/1069258/000106925819000036/0001069258-19-000036-index.html,https://www.sec.gov/Archives/edgar/data/1069258/000106925819000036/ktos2019092910-q.htm,1620594268,17:04:28,20210509
7,2019-06-30,KTOS,USD,2019-07-31,2019-07-31 16:26:10,Q2,187900000,139800000.0,48100000.0,0.25598722724853645,4500000.0,33700000.0,0.0,100000.0,38200000.0,178000000.0,5300000.0,7700000.0,17600000.0,0.09366684406599254,9900000.0,0.05268759978712081,-800000.0,3800000.0,0.020223523150612027,2500000.0,3900000.0,0.020755721128259713,0.036757775683317624,0.0356489945155393,106100000.0,109400000.0,https://www.sec.gov/Archives/edgar/data/1069258/000106925819000028/ktos2019063010-q.htm,https://www.sec.gov/Archives/edgar/data/1069258/000106925819000028/ktos2019063010-q.htm,1620594268,17:04:28,20210509
8,2019-03-31,KTOS,USD,2019-05-08 00:00:00,2019-05-08 16:29:12,Q1,160400000,115500000.0,44900000.0,0.279925187032419,3900000.0,31500000.0,0.0,-500000.0,35400000.0,150900000.0,5500000.0,8800000.0,18300000.0,0.11408977556109726,9500000.0,0.05922693266832918,-1800000.0,2200000.0,0.01371571072319202,-1500000.0,3100000.0,0.019326683291770574,0.029551954242135366,0.0287569573283859,104900000.0,107800000.0,https://www.sec.gov/Archives/edgar/data/1069258/000106925819000017/0001069258-19-000017-index.html,https://www.sec.gov/Archives/edgar/data/1069258/000106925819000017/ktos2019033110-q.htm,1620594268,17:04:28,20210509
9,2018-12-30,KTOS,USD,2019-02-28 00:00:00,2019-02-28 16:15:35,Q4,164400000,118900000.0,45500000.0,0.2767639902676399,4000000.0,30400000.0,0.0,0.0,34699999.99999999,153600000.0,-5000000.0,4299999.999999999,15100000.0,0.09184914841849148,10800000.0,0.06569343065693431,-400000.0,5400000.0,0.032846715328467155,200000.0,4700000.0,0.028588807785888078,0.04528,0.04528,103800000.0,103800000.0,https://www.sec.gov/Archives/edgar/data/1069258/000162828019002271/0001628280-19-002271-index.html,https://www.sec.gov/Archives/edgar/data/1069258/000162828019002271/ktos20181230form10-k.htm,1620594268,17:04:28,20210509
10,2018-09-30,KTOS,USD,2018-11-06 00:00:00,2018-11-06 16:23:05,Q3,159400000,115300000.0,44100000.0,0.2766624843161857,4400000.0,29500000.0,0.0,-300000.0,33900000.0,149200000.0,5000000.0,4400000.0,14600000.0,0.09159347553324969,10200000.0,0.06398996235884567,-400000.0,4800000.0,0.030112923462986198,3400000.0,1700000.0,0.01066499372647428,0.016361886429258902,0.015977443609022556,103900000.0,106400000.0,https://www.sec.gov/Archives/edgar/data/1069258/000106925818000046/0001069258-18-000046-index.html,https://www.sec.gov/Archives/edgar/data/1069258/000106925818000046/ktos2018093010-q.htm,1620594268,17:04:28,20210509
11,2018-07-01,KTOS,USD,2018-08-02 00:00:00,2018-08-02 16:05:59,Q2,151200000,111900000.0,39300000.0,0.25992063492063494,3600000.0,30100000.0,0.0,9000000.0,36699999.99999999,148600000.0,-5700000.0,4699999.999999999,7299999.999999999,0.04828042328042327,2600000.0,0.017195767195767195,-600000.0,-3700000.0,-0.02447089947089947,100000.0,-7700000.0,-0.05092592592592592,-0.07425,-0.07425,103700000.0,103700000.0,https://www.sec.gov/Archives/edgar/data/1069258/000106925818000034/0001069258-18-000034-index.html,https://www.sec.gov/Archives/edgar/data/1069258/000106925818000034/ktos2018070110-q.htm,1620594268,17:04:28,20210509
12,2018-04-01,KTOS,USD,2018-05-10 00:00:00,2018-05-10 16:52:01,Q1,143000000,102200000.0,40800000.0,0.2853146853146853,3600000.0,29800000.0,0.0,-6000000.0,33800000.0,136000000.0,-5100000.0,4500000.0,11500000.0,0.08041958041958042,7000000.0,0.04895104895104895,300000.0,2200000.0,0.015384615384615385,900000.0,-2200000.0,-0.015384615384615385,-0.02122,-0.02122,103700000.0,103700000.0,https://www.sec.gov/Archives/edgar/data/1069258/000106925818000021/0001069258-18-000021-index.html,https://www.sec.gov/Archives/edgar/data/1069258/000106925818000021/ktos2018040110-q.htm,1620594268,17:04:28,20210509
13,2017-12-31,KTOS,USD,2018-02-28 00:00:00,2018-02-28 16:31:07,Q4,202200000,145500000.0,56700000.0,0.28041543026706234,5100000.0,40600000.0,0.0,-100000.0,45700000.0,191200000.0,6000000.0,800000.0,11800000.0,0.058358061325420374,11000000.0,0.05440158259149357,-39500000.0,-34000000.0,-0.1681503461918892,-11700000.0,-22200000.0,-0.10979228486646884,-0.21,-0.21,103500000.0,103500000.0,https://www.sec.gov/Archives/edgar/data/1069258/000106925818000006/0001069258-18-000006-index.html,https://www.sec.gov/Archives/edgar/data/1069258/000106925818000006/ktos20171231form10-k.htm,1620594268,17:04:28,20210509
14,2017-10-01,KTOS,USD,2017-11-02 00:00:00,2017-11-02 16:23:11,Q3,157100000,119900000.0,37200000.0,0.23679185232336092,4200000.0,32900000.0,0.0,-25000000.0,37099999.99999999,157000000.0,-7700000.0,5900000.0,6000000.0,0.03819223424570337,100000.0,0.0006365372374283895,600000.0,-7000000.0,-0.04455760661998727,-1100000.0,-4300000.0,-0.02737110120942075,-0.04751,-0.04751,90500000.0,90500000.0,https://www.sec.gov/Archives/edgar/data/1069258/000106925817000039/0001069258-17-000039-index.html,https://www.sec.gov/Archives/edgar/data/1069258/000106925817000039/ktos2017100110-q.htm,1620594268,17:04:28,20210509
15,2017-06-25,KTOS,USD,2017-07-27 00:00:00,2017-07-27 16:24:58,Q2,147900000,110400000.0,37500000.0,0.2535496957403651,4100000.0,31900000.0,0.0,-17000000.0,36000000.0,146400000.0,-7200000.0,5400000.0,6900000.0,0.04665314401622718,1500000.0,0.010141987829614604,100000.0,-5600000.0,-0.03786342123056119,1300000.0,-6200000.0,-0.04192021636240703,-0.07159,-0.07159,86600000.0,86600000.0,https://www.sec.gov/Archives/edgar/data/1069258/000106925817000030/0001069258-17-000030-index.html,https://www.sec.gov/Archives/edgar/data/1069258/000106925817000030/ktos2017062510-q.htm,1620594268,17:04:28,20210509
16,2017-03-26,KTOS,USD,2017-05-04 00:00:00,2017-05-04 16:14:21,Q1,132000000,95900000.0,36100000.0,0.2734848484848485,4400000.0,30000000.0,0.0,-10000000.0,36799999.99999998,132699999.99999999,-8200000.0,5500000.0,4800000.0,0.03636363636363636,-700000.0,-0.005303030303030303,200000.0,-8700000.0,-0.0659090909090909,1400000.0,-10000000.0,-0.07575757575757576,-0.12937,-0.12937,77300000.0,77300000.0,https://www.sec.gov/Archives/edgar/data/1069258/000106925817000015/0001069258-17-000015-index.html,https://www.sec.gov/Archives/edgar/data/1069258/000106925817000015/ktos2017032610-q.htm,1620594268,17:04:28,20210509
17,2016-12-25,KTOS,USD,2017-02-27 00:00:00,2017-02-27 17:10:03,Q4,55300000,41800000.0,13500000.0,0.244122965641953,3800000.0,5000000.0,0.0,-78000000.0,8100000.000000001,49900000.0,-8600000.0,5500000.0,10900000.0,0.19710669077757687,5400000.0,0.09764918625678119,100000.0,-3100000.0,-0.05605786618444846,-1500000.0,-4300000.0,-0.07775768535262206,-0.06595,-0.06595,65200000.0,65200000.0,https://www.sec.gov/Archives/edgar/data/1069258/000106925817000009/0001069258-17-000009-index.html,https://www.sec.gov/Archives/edgar/data/1069258/000106925817000009/ktos20161225form10-k.htm,1620594268,17:04:28,20210509
18,2016-09-25,KTOS,USD,2016-11-02 00:00:00,2016-11-02 16:31:42,Q3,165400000,139500000.0,25900000.0,0.156590084643289,3200000.0,35500000.0,0.0,-26000000.0,38900000.00000001,178400000.0,-8700000.0,5600000.000000001,-7399999.999999999,-0.04474002418379685,-13000000.0,-0.07859733978234583,100000.0,-21600000.0,-0.13059250302297462,1900000.0,-23600000.0,-0.14268440145102781,-0.39008,-0.39008,60500000.0,60500000.0,https://www.sec.gov/Archives/edgar/data/1069258/000106925816000095/0001069258-16-000095-index.html,https://www.sec.gov/Archives/edgar/data/1069258/000106925816000095/ktos2016092510-q.htm,1620594268,17:04:28,20210509
19,2016-06-26,KTOS,USD,2016-08-04,2016-08-04 16:20:35,Q2,168200000,123000000.0,45200000.0,0.26872770511296074,4000000.0,36400000.0,0.0,-17000000.0,45199999.99999999,168200000.0,-8700000.0,5600000.0,-11700000.0,-0.06956,0.0,0.0,200000.0,-8500000.0,-0.050535077288941736,1800000.0,-10400000.0,-0.06183115338882283,-0.17391,-0.17391,59800000.0,59800000.0,https://www.sec.gov/Archives/edgar/data/1069258/000106925816000085/ktos2016062610-q.htm,https://www.sec.gov/Archives/edgar/data/1069258/000106925816000085/ktos2016062610-q.htm,1620594268,17:04:28,20210509
20,2016-03-27,KTOS,USD,2016-05-04 00:00:00,2016-05-04 16:27:09,Q1,153000000,117100000.0,35900000.0,0.234640522875817,2900000.0,37700000.0,0.0,-8000000.0,46099999.99999999,163200000.0,-8700000.0,6100000.0,-4100000.0,-0.02679738562091503,-10200000.0,-0.06666666666666667,300000.0,-18600000.0,-0.12156862745098039,3600000.0,-22200000.0,-0.1450980392156863,-0.37248,-0.37248,59600000.0,59600000.0,https://www.sec.gov/Archives/edgar/data/1069258/000106925816000065/0001069258-16-000065-index.html,https://www.sec.gov/Archives/edgar/data/1069258/000106925816000065/ktos2016032710-q.htm,1620594268,17:04:28,20210509
21,2015-12-27,KTOS,USD,2016-03-11 00:00:00,2016-03-10 19:04:05,Q4,177500000,135300000.0,42200000.0,0.23774647887323944,4500000.0,38100000.0,0.0,-48000000.0,40699999.99999999,176000000.0,-8700000.0,6000000.0,7500000.0,0.04225352112676056,1500000.0,0.008450704225352112,-100000.0,-7300000.0,-0.04112676056338028,-300000.0,-4000000.0,-0.022535211267605635,-0.0678,-0.0678,59000000.0,59000000.0,https://www.sec.gov/Archives/edgar/data/1069258/000106925816000059/0001069258-16-000059-index.html,https://www.sec.gov/Archives/edgar/data/1069258/000106925816000059/ktos20151227form10-k.htm,1620594268,17:04:28,20210509
22,2015-09-27,KTOS,USD,2015-11-06 00:00:00,2015-11-05 21:59:32,Q3,161700000,121300000.0,40400000.0,0.24984539270253556,3500000.0,34000000.0,0.0,-69000000.0,42200000.0,163500000.0,-9500000.0,5900000.0,4100000.0,0.025355596784168214,-1800000.0,-0.011131725417439703,300000.0,-11000000.0,-0.06802721088435375,-15300000.0,55100000.0,0.34075448361162647,0.91833,0.91833,60000000.0,60000000.0,https://www.sec.gov/Archives/edgar/data/1069258/000106925815000050/0001069258-15-000050-index.html,https://www.sec.gov/Archives/edgar/data/1069258/000106925815000050/ktos2015092710-q.htm,1620594268,17:04:28,20210509
23,2015-06-28,KTOS,USD,2015-08-06 00:00:00,2015-08-06 17:12:00,Q2,160500000,119600000.0,40900000.0,0.25482866043613706,4300000.0,38700000.0,0.0,-60000000.0,44599999.99999999,164200000.0,-8900000.0,6699999.999999999,2999999.999999999,0.018691588785046724,-3700000.0,-0.023052959501557634,-1000000.0,-13600000.0,-0.08473520249221184,2300000.0,-15000000.0,-0.09345794392523364,-0.25685,-0.25685,58400000.0,58400000.0,https://www.sec.gov/Archives/edgar/data/1069258/000106925815000029/0001069258-15-000029-index.html,https://www.sec.gov/Archives/edgar/data/1069258/000106925815000029/ktos2015062810-q.htm,1620594268,17:04:28,20210509
24,2015-03-29,KTOS,USD,2015-05-07 00:00:00,2015-05-07 16:20:17,Q1,157100000,118800000.0,38300000.0,0.2437937619350732,3900000.0,37400000.0,0.0,-16000000.0,42200000.0,161000000.0,-8800000.0,6900000.0,3000000.0,0.019096117122851686,-3900000.0,-0.024824952259707194,100000.0,-12600000.0,-0.08020369191597708,1900000.0,-16200000.0,-0.10311903246339911,-0.27787,-0.27787,58300000.0,58300000.0,https://www.sec.gov/Archives/edgar/data/1069258/000106925815000016/0001069258-15-000016-index.html,https://www.sec.gov/Archives/edgar/data/1069258/000106925815000016/ktos2015032910-q.htm,1620594268,17:04:28,20210509
25,2014-12-28,KTOS,USD,2015-03-13,2015-03-13 16:38:17,Q4,192100000,147000000.0,45100000.0,0.23477355543987508,5000000.0,34300000.0,0.0,-65000000.0,39500000.0,186500000.0,-8700000.0,8200000.0,13800000.0,0.07183758459135867,5600000.0,0.029151483602290473,1100000.0,-2000000.0,-0.010411244143675169,800000.0,-2200000.0,-0.011452368558042686,-0.03819,-0.03819,57600000.0,57600000.0,https://www.sec.gov/Archives/edgar/data/1069258/000106925815000009/ktos2014form10-k.htm,https://www.sec.gov/Archives/edgar/data/1069258/000106925815000009/ktos2014form10-k.htm,1620594268,17:04:28,20210509
26,2014-09-28,KTOS,USD,2014-11-07 00:00:00,2014-11-07 17:12:31,Q3,190800000,148400000.0,42400000.0,0.2222222222222222,4900000.0,38800000.0,0.0,-48000000.0,45400000.00000001,193800000.0,-8700000.0,8399999.999999998,5399999.999999998,0.02830188679245282,-3000000.0,-0.015723270440251572,200000.0,-11500000.0,-0.06027253668763103,-200000.0,-10900000.0,-0.05712788259958071,-0.18858,-0.18858,57800000.0,57800000.0,https://www.sec.gov/Archives/edgar/data/1069258/000106925814000038/0001069258-14-000038-index.html,https://www.sec.gov/Archives/edgar/data/1069258/000106925814000038/ktos2014092810-q.htm,1620594268,17:04:28,20210509
27,2014-06-29,KTOS,USD,2014-08-07 00:00:00,2014-08-07 16:44:56,Q2,206300000,158200000.0,48100000.0,0.23315559864275326,4600000.0,38700000.0,0.0,-32000000.0,84900000.0,243100000.0,-10000000.0,6200000.000000001,-30600000.0,-0.14832767813863307,-36800000.0,-0.17838099854580708,-200000.0,-47000000.0,-0.22782355792535142,1200000.0,-49900000.0,-0.24188075618031993,-0.86034,-0.86034,58000000.0,58000000.0,https://www.sec.gov/Archives/edgar/data/1069258/000106925814000028/0001069258-14-000028-index.html,https://www.sec.gov/Archives/edgar/data/1069258/000106925814000028/ktos2014062910-q.htm,1620594268,17:04:28,20210509
28,2014-03-30,KTOS,USD,2014-04-30 00:00:00,2014-04-30 16:42:05,Q1,173800000,130000000.0,43800000.0,0.2520138089758343,4100000.0,36800000.0,0.0,-16000000.0,43400000.00000001,173400000.0,-11800000.0,9600000.0,10000000.0,0.05753739930955121,400000.0,0.0023014959723820483,100000.0,-11300000.0,-0.06501726121979287,2100000.0,-15000000.0,-0.08630609896432681,-0.26132,-0.26132,57400000.0,57400000.0,https://www.sec.gov/Archives/edgar/data/1069258/000106925814000017/0001069258-14-000017-index.html,https://www.sec.gov/Archives/edgar/data/1069258/000106925814000017/ktos2014033010-q.htm,1620594268,17:04:28,20210509
29,2013-12-29,KTOS,USD,2014-03-12,2014-03-11 21:57:02,Q4,129200000,103200000.0,26000000.0,0.20123839009287925,5200000.0,27900000.0,0.0,-50000000.0,34200000.0,137400000.0,2500000.0,5699999.999999996,-2500000.0000000037,-0.01934984520123842,-8200000.0,-0.06346749226006192,-600000.0,-6300000.0,-0.048761609907120744,-1800000.0,-7400000.0,-0.05727554179566564,-0.1296,-0.1296,57100000.0,57100000.0,https://www.sec.gov/Archives/edgar/data/1069258/000106925814000011/ktos2013form10-k.htm,https://www.sec.gov/Archives/edgar/data/1069258/000106925814000011/ktos2013form10-k.htm,1620594268,17:04:28,20210509
30,2013-09-29,KTOS,USD,2013-11-07 00:00:00,2013-11-07 16:09:58,Q3,226400000,174100000.0,52300000.0,0.2310070671378092,4800000.0,47800000.0,0.0,-17000000.0,46200000.00000002,220300000.00000003,-16200000.0,12900000.000000002,19000000.0,0.08392226148409894,6100000.0,0.026943462897526502,800000.0,-9300000.0,-0.04107773851590106,200000.0,-9900000.0,-0.04372791519434629,-0.17338,-0.17338,57100000.0,57100000.0,https://www.sec.gov/Archives/edgar/data/1069258/000106925813000045/0001069258-13-000045-index.html,https://www.sec.gov/Archives/edgar/data/1069258/000106925813000045/ktos2013092910-q1.htm,1620594268,17:04:28,20210509
31,2013-06-30,KTOS,USD,2013-08-08 00:00:00,2013-08-08 16:32:08,Q2,235200000,174800000.0,60400000.0,0.2568027210884354,4800000.0,48000000.0,0.0,200000.0,52800000.0,227600000.0,16300000.0,13600000.0,21200000.0,0.09013605442176871,7600000.0,0.03231292517006803,1500000.0,-7200000.0,-0.030612244897959183,-100000.0,-9600000.0,-0.04081632653061224,-0.17,-0.17,56600000.0,56600000.0,https://www.sec.gov/Archives/edgar/data/1069258/000106925813000039/0001069258-13-000039-index.html,https://www.sec.gov/Archives/edgar/data/1069258/000106925813000039/ktos2013063010-q.htm,1620594268,17:04:28,20210509
32,2013-03-31,KTOS,USD,2013-05-09 00:00:00,2013-05-09 16:27:05,Q1,252800000,187100000.0,65700000.0,0.2598892405063291,4900000.0,49200000.0,0.0,-700000.0,54100000.0,241200000.0,16200000.0,14200000.0,25800000.0,0.10205696202531646,11600000.0,0.04588607594936709,-800000.0,-5400000.0,-0.021360759493670885,2800000.0,-10300000.0,-0.04074367088607595,-0.18,-0.18,56600000.0,56600000.0,https://www.sec.gov/Archives/edgar/data/1069258/000106925813000016/0001069258-13-000016-index.html,https://www.sec.gov/Archives/edgar/data/1069258/000106925813000016/ktos2013033110-q.htm,1620594268,17:04:28,20210509
33,2012-12-30,KTOS,USD,2013-03-12 00:00:00,2013-03-12 16:22:27,Q4,263600000,195600000.0,68000000.0,0.25796661608497723,4900000.0,40700000.0,0.0,-50000000.0,148299999.99999997,343900000.0,-16200000.0,15500000.0,-64800000.0,-0.24582701062215478,-80300000.0,-0.30462822458270106,0.0,-96500000.0,-0.36608497723823974,-5400000.0,-90000000.0,-0.34142640364188165,-1.58451,-1.58451,56800000.0,56800000.0,https://www.sec.gov/Archives/edgar/data/1069258/000106925813000007/0001069258-13-000007-index.html,https://www.sec.gov/Archives/edgar/data/1069258/000106925813000007/ktos2012form10-k.htm,1620594268,17:04:28,20210509
34,2012-09-30,KTOS,USD,2012-11-08 00:00:00,2012-11-08 16:59:37,Q3,276300000,202200000.0,74100000.0,0.2681867535287731,4500000.0,55200000.0,0.0,0.0,59700000.0,261900000.0,17600000.0,16600000.0,31000000.0,0.11219688744118711,14400000.0,0.05211726384364821,100000.0,-3100000.0,-0.011219688744118711,1300000.0,-4200000.0,-0.01520086862106406,-0.07,-0.07,56600000.0,56600000.0,https://www.sec.gov/Archives/edgar/data/1069258/000106925812000037/0001069258-12-000037-index.html,https://www.sec.gov/Archives/edgar/data/1069258/000106925812000037/ktos2012093010-q.htm,1620594268,17:04:28,20210509
35,2012-06-24,KTOS,USD,2012-08-02 00:00:00,2012-08-02 16:26:39,Q2,219800000,162100000.0,57700000.0,0.2625113739763421,4800000.0,33700000.0,0.0,16000000.0,50300000.00000001,212400000.0,-16200000.0,12200000.0,19600000.0,0.08917197452229299,7400000.0,0.03366696997270246,500000.0,-8300000.0,-0.03776160145586897,6600000.0,-17200000.0,-0.07825295723384895,-0.41247,-0.41247,41700000.0,41700000.0,https://www.sec.gov/Archives/edgar/data/1069258/000106925812000027/0001069258-12-000027-index.html,https://www.sec.gov/Archives/edgar/data/1069258/000106925812000027/ktos2012062410-q.htm,1620594268,17:04:28,20210509
36,2012-03-25,KTOS,USD,2012-05-03,2012-05-03 16:20:50,Q1,209500000,151700000.0,57800000.0,0.2758949880668258,3600000.0,44200000.0,0.0,-15000000.0,48700000.00000002,200400000.00000003,-16100000.0,13700000.0,22800000.0,0.10883054892601432,9100000.0,0.04343675417661098,400000.0,-6600000.0,-0.031503579952267304,-4100000.0,-3000000.0,-0.014319809069212411,-0.09231,-0.09231,32500000.0,32500000.0,https://www.sec.gov/Archives/edgar/data/1069258/000104746912002229/a2207786z10-k.htm,https://www.sec.gov/Archives/edgar/data/1069258/000104746912002229/a2207786z10-k.htm,1620594268,17:04:28,20210509
37,2011-12-25,KTOS,USD,2012-03-07 00:00:00,2012-03-07 16:24:39,Q4,209000000,150800000.0,58200000.0,0.2784688995215311,3500000.0,30600000.0,0.0,0.0,48799999.99999998,199599999.99999997,-16300000.0,16600000.0,26000000.0,0.12440191387559808,9400000.0,0.044976076555023926,0.0,-6900000.0,-0.03301435406698565,600000.0,-8600000.0,-0.04114832535885168,-0.25519,-0.25519,33700000.0,33700000.0,https://www.sec.gov/Archives/edgar/data/1069258/000104746912002229/0001047469-12-002229-index.html,https://www.sec.gov/Archives/edgar/data/1069258/000104746912002229/a2207786z10-k.htm,1620594268,17:04:28,20210509
38,2011-09-25,KTOS,USD,2011-11-04 00:00:00,2011-11-04 14:21:04,Q3,206600000,147600000.0,59000000.0,0.2855759922555663,3200000.0,30500000.0,0.0,-41000000.0,49300000.00000001,196900000.0,-15000000.0,15200000.0,24900000.0,0.12052274927395934,9700000.0,0.04695062923523717,-300000.0,-5600000.0,-0.027105517909002903,1600000.0,-6900000.0,-0.03339787028073572,-0.22403,-0.22403,30800000.0,30800000.0,https://www.sec.gov/Archives/edgar/data/1069258/000110465911061072/0001104659-11-061072-index.html,https://www.sec.gov/Archives/edgar/data/1069258/000110465911061072/a11-25789_110q.htm,1620594268,17:04:28,20210509
39,2011-06-26,KTOS,USD,2011-08-04 00:00:00,2011-08-04 16:48:15,Q2,171100000,125700000.0,45400000.0,0.2653419053185272,1200000.0,24500000.0,0.0,2000000.0,36700000.0,162400000.0,-13100000.0,11399999.999999998,20100000.0,0.11747516072472239,8700000.0,0.05084745762711865,0.0,-4400000.0,-0.02571595558153127,900000.0,-5200000.0,-0.030391583869082407,-0.21849,-0.21849,23800000.0,23800000.0,https://www.sec.gov/Archives/edgar/data/1069258/000110465911043760/0001104659-11-043760-index.html,https://www.sec.gov/Archives/edgar/data/1069258/000110465911043760/a11-14022_110q.htm,1620594268,17:04:28,20210509
40,2011-03-27,KTOS,USD,2011-05-06 00:00:00,2011-05-05 19:06:14,Q1,122800000,95400000.0,27400000.0,0.22312703583061888,600000.0,16200000.0,0.0,5000000.0,26000000.0,121400000.0,6000000.0,4800000.0,6200000.0,0.050488599348534204,1400000.0,0.011400651465798045,300000.0,-5000000.0,-0.04071661237785016,-1200000.0,-3500000.0,-0.028501628664495113,-0.16432,-0.16432,21300000.0,21300000.0,https://www.sec.gov/Archives/edgar/data/1069258/000110465911026467/0001104659-11-026467-index.html,https://www.sec.gov/Archives/edgar/data/1069258/000110465911026467/a11-9417_110q.htm,1620594268,17:04:28,20210509
41,2010-12-26,KTOS,USD,2011-03-02,2011-03-01 21:37:24,Q4,120800000,96000000.0,24800000.0,0.2052980132450331,600000.0,13000000.0,0.0,0.0,18200000.000000004,114200000.0,7000000.0,4200000.000000001,10800000.0,0.08940397350993377,6600000.0,0.054635761589403975,300000.0,400000.0,0.0033112582781456954,-200000.0,400000.0,0.0033112582781456954,0.02162,0.02162,18500000.0,18500000.0,https://www.sec.gov/Archives/edgar/data/1069258/000104746911001644/a2202354z10-k.htm,https://www.sec.gov/Archives/edgar/data/1069258/000104746911001644/a2202354z10-k.htm,1620594268,17:04:28,20210509
42,2010-09-26,KTOS,USD,2010-11-05 00:00:00,2010-11-04 18:09:13,Q3,119900000,95500000.0,24400000.0,0.20350291909924936,500000.0,13600000.0,0.0,-1400000.0,16000000.0,111500000.0,6000000.0,3899999.9999999995,12300000.0,0.10258548790658882,8400000.0,0.07005838198498748,200000.0,2200000.0,0.01834862385321101,-1100000.0,3200000.0,0.026688907422852376,0.19632,0.19632,16300000.0,16300000.0,https://www.sec.gov/Archives/edgar/data/1069258/000110465910056167/0001104659-10-056167-index.html,https://www.sec.gov/Archives/edgar/data/1069258/000110465910056167/a10-17484_110q.htm,1620594268,17:04:28,20210509
43,2010-06-27,KTOS,USD,2010-08-06 00:00:00,2010-08-06 06:01:22,Q2,99100000,79200000.0,19900000.0,0.20080726538849647,500000.0,11800000.0,0.0,-5000000.0,15399999.99999999,94599999.99999999,6000000.0,2900000.0,7400000.0,0.07467204843592332,4500000.0,0.045408678102926335,400000.0,-600000.0,-0.006054490413723511,-11700000.0,10700000.0,0.10797174571140263,0.65244,0.65244,16400000.0,16400000.0,https://www.sec.gov/Archives/edgar/data/1069258/000104746910007087/0001047469-10-007087-index.html,https://www.sec.gov/Archives/edgar/data/1069258/000104746910007087/a2199694z10-q.htm,1620594268,17:04:28,20210509
44,2010-03-28,KTOS,USD,2010-04-29 00:00:00,2010-04-29 16:21:40,Q1,68700000,53400000.0,15300000.0,0.22270742358078602,600000.0,9800000.0,0.0,-3000000.0,11699999.999999996,65099999.99999999,3000000.0,1900000.0,5500000.0,0.08005822416302766,3600000.0,0.05240174672489083,200000.0,-100000.0,-0.001455604075691412,300000.0,200000.0,0.002911208151382824,0.01258,0.01258,15900000.0,15900000.0,https://www.sec.gov/Archives/edgar/data/1069258/000104746910004433/0001047469-10-004433-index.html,https://www.sec.gov/Archives/edgar/data/1069258/000104746910004433/a2198356z10-q.htm,1620594268,17:04:28,20210509
45,2009-12-27,KTOS,USD,2010-03-11 00:00:00,2010-03-11 06:00:55,Q4,75200000,58200000.0,17000000.0,0.22606382978723405,500000.0,10900000.0,0.0,300000.0,13599999.999999994,71800000.0,3000000.0,2000000.000000001,5400000.000000001,0.07180851063829788,3400000.0,0.04521276595744681,300000.0,1000000.0,0.013297872340425532,500000.0,400000.0,0.005319148936170213,0.02484,0.02484,16100000.0,16100000.0,https://www.sec.gov/Archives/edgar/data/1069258/000104746910002038/0001047469-10-002038-index.html,https://www.sec.gov/Archives/edgar/data/1069258/000104746910002038/a2197108z10-k.htm,1620594268,17:04:28,20210509
46,2009-09-27,KTOS,USD,2009-11-03 00:00:00,2009-11-03 16:36:27,Q3,86100000,68400000.0,17700000.0,0.20557491289198607,400000.0,11800000.0,0.0,-500000.0,13199999.999999989,81599999.99999999,2000000.0,2000000.0,6500000.0,0.07549361207897794,4500000.0,0.05226480836236934,0.0,2300000.0,0.026713124274099883,-100000.0,2700000.0,0.0313588850174216,0.19014,0.19014,14200000.0,14200000.0,https://www.sec.gov/Archives/edgar/data/1069258/000104746909009475/0001047469-09-009475-index.html,https://www.sec.gov/Archives/edgar/data/1069258/000104746909009475/a2195211z10-q.htm,1620594268,17:04:28,20210509
47,2009-06-28,KTOS,USD,2009-08-06 00:00:00,2009-08-06 16:02:44,Q2,90600000,73200000.0,17400000.0,0.19205298013245034,500000.0,11700000.0,0.0,-3000000.0,13599999.999999994,86800000.0,3000000.0,2099999.9999999995,5900000.0,0.06512141280353201,3800000.0,0.04194260485651214,-200000.0,600000.0,0.006622516556291391,300000.0,-2500000.0,-0.02759381898454746,-0.18657,-0.18657,13400000.0,13400000.0,https://www.sec.gov/Archives/edgar/data/1069258/000104746909007294/0001047469-09-007294-index.html,https://www.sec.gov/Archives/edgar/data/1069258/000104746909007294/a2193970z10-q.htm,1620594268,17:04:28,20210509
48,2009-03-29,KTOS,USD,2009-05-12 00:00:00,2009-05-12 17:05:06,Q1,82600000,65400000.0,17200000.0,0.20823244552058112,400000.0,12700000.0,0.0,-2000000.0,55899999.99999999,121299999.99999999,2000000.0,2200000.0,-36500000.0,-0.44188861985472155,-38700000.0,-0.4685230024213075,0.0,-41200000.0,-0.49878934624697335,300000.0,-42100000.0,-0.5096852300242131,-3.28906,-3.28906,12800000.0,12800000.0,https://www.sec.gov/Archives/edgar/data/1069258/000104746909005460/0001047469-09-005460-index.html,https://www.sec.gov/Archives/edgar/data/1069258/000104746909005460/a2192955z10-q.htm,1620594268,17:04:28,20210509
49,2008-12-28,KTOS,USD,2009-03-10 00:00:00,2009-03-10 16:11:59,Q4,73300000,57000000.0,16300000.0,0.22237380627557982,400000.0,14100000.0,0.0,-2300000.0,118000000.0,175000000.0,3000000.0,2000000.0,-99700000.0,-1.360163710777626,-101700000.0,-1.3874488403819918,-2200000.0,-106400000.0,-1.451568894952251,-2100000.0,-109800000.0,-1.4979536152796726,-10.35849,-10.35849,10600000.0,10600000.0,https://www.sec.gov/Archives/edgar/data/1069258/000104746909002424/0001047469-09-002424-index.html,https://www.sec.gov/Archives/edgar/data/1069258/000104746909002424/a2191385z10-k.htm,1620594268,17:04:28,20210509
50,2008-09-28,KTOS,USD,2008-11-06 00:00:00,2008-11-06 16:37:11,Q3,77900000,60700000.0,17200000.0,0.220795892169448,500000.0,13100000.0,0.0,-1000000.0,12899999.99999999,73599999.99999999,3000000.0,2000000.0,6300000.0,0.08087291399229782,4300000.0,0.055198973042362,-200000.0,1400000.0,0.01797175866495507,500000.0,-200000.0,-0.0025673940949935813,-0.01835,-0.01835,10900000.0,10900000.0,https://www.sec.gov/Archives/edgar/data/1069258/000104746908011734/0001047469-08-011734-index.html,https://www.sec.gov/Archives/edgar/data/1069258/000104746908011734/a2188864z10-q.htm,1620594268,17:04:28,20210509
51,2008-06-29,KTOS,USD,2008-08-07 00:00:00,2008-08-06 21:46:37,Q2,69500000,57000000.0,12500000.0,0.17985611510791366,0.0,10500000.0,0.0,-1200000.0,9299999.999999996,66300000.0,2000000.0,1700000.0,4900000.0,0.07050359712230216,3200000.0,0.0460431654676259,1300000.0,2000000.0,0.02877697841726619,400000.0,800000.0,0.011510791366906475,0.09524,0.09524,8400000.0,8400000.0,https://www.sec.gov/Archives/edgar/data/1069258/000104746908008838/0001047469-08-008838-index.html,https://www.sec.gov/Archives/edgar/data/1069258/000104746908008838/a2187179z10-q.htm,1620594268,17:04:28,20210509
52,2008-03-30,KTOS,USD,2008-05-08 00:00:00,2008-05-08 17:18:42,Q1,65500000,53300000.0,12200000.0,0.18625954198473282,0.0,11200000.0,0.0,0.0,11200000.000000004,64500000.0,2000000.0,1800000.0,2800000.0,0.042748091603053436,1000000.0,0.015267175572519083,-400000.0,-1700000.0,-0.025954198473282442,500000.0,-1900000.0,-0.02900763358778626,-0.24051,-0.24051,7900000.0,7900000.0,https://www.sec.gov/Archives/edgar/data/1069258/000104746908006233/0001047469-08-006233-index.html,https://www.sec.gov/Archives/edgar/data/1069258/000104746908006233/a2185510z10-q.htm,1620594268,17:04:28,20210509
53,2007-12-31,KTOS,USD,2008-03-27,2008-03-27 16:19:30,Q4,49300000,40700000.0,8600000.0,0.1744421906693712,0.0,11700000.0,0.0,0.0,13200000.0,53900000.0,0.0,700000.0,-3900000.0,-0.07910750507099391,-4600000.0,-0.09330628803245436,-3300000.0,-7700000.0,-0.15618661257606492,400000.0,-11500000.0,-0.2332657200811359,-1.4556962025316456,-1.4556962025316456,7900000.0,7900000.0,https://www.sec.gov/Archives/edgar/data/1069258/000104746908003537/a2184011z10-k.htm,https://www.sec.gov/Archives/edgar/data/1069258/000104746908003537/a2184011z10-k.htm,1620594268,17:04:28,20210509
54,2007-09-30,KTOS,USD,2007-10-05 00:00:00,2007-10-04 21:58:17,Q3,47500000,39300000.0,8200000.0,0.1726315789473684,0.0,15400000.0,0.0,0.0,16600000.0,55900000.0,0.0,1100000.0,-7300000.0,-0.15368421052631578,-8400000.0,-0.17684210526315788,-1200000.0,-8300000.0,-0.17473684210526316,400000.0,-13400000.0,-0.28210526315789475,-1.8,-1.8,7410000.0,7410000.0,https://www.sec.gov/Archives/edgar/data/1069258/000110465907073399/0001104659-07-073399-index.html,https://www.sec.gov/Archives/edgar/data/1069258/000110465907073399/a07-21668_110q.htm,1620594268,17:04:28,20210509
55,2007-06-30,KTOS,USD,2007-09-11 00:00:00,2007-09-11 08:24:54,Q2,47800000,40300000.0,7500000.0,0.15690376569037656,0.0,15800000.0,0.0,0.0,15800000.0,56100000.0,0.0,1300000.0,-7000000.0,-0.14644351464435146,-8300000.0,-0.17364016736401675,200000.0,-8100000.0,-0.1694560669456067,300000.0,4200000.0,0.08786610878661087,0.6,0.6,7390000.0,7390000.0,https://www.sec.gov/Archives/edgar/data/1069258/000110465907068220/0001104659-07-068220-index.html,https://www.sec.gov/Archives/edgar/data/1069258/000110465907068220/a07-22826_110k.htm,1620594268,17:04:28,20210509
56,2007-03-31,KTOS,USD,2007-10-05,2007-10-04 21:56:17,Q1,49000000,41700000.0,7300000.0,0.1489795918367347,0.0,10600000.0,0.0,0.0,10600000.0,52300000.0,0.0,1200000.0,-2100000.0,-0.04285714285714286,-3300000.0,-0.0673469387755102,500000.0,-2800000.0,-0.05714285714285714,200000.0,-20100000.0,-0.41020408163265304,-2.7,-2.7,7390000.0,7390000.0,https://www.sec.gov/Archives/edgar/data/1069258/000110465907068220/a07-22826_110k.htm,https://www.sec.gov/Archives/edgar/data/1069258/000110465907068220/a07-22826_110k.htm,1620594268,17:04:28,20210509
57,2006-12-31,KTOS,USD,2007-09-11,2007-09-11 08:24:54,Q4,73400000,65000000.0,8400000.0,0.11444141689373297,0.0,15800000.0,0.0,0.0,37600000.0,102600000.0,0.0,900000.0,-28300000.0,-0.385558583106267,-29200000.0,-0.3978201634877384,-21800000.0,-30300000.0,-0.4128065395095368,13900000.0,-55600000.0,-0.7574931880108992,-7.523680649526387,-7.523680649526387,7390000.0,7390000.0,https://www.sec.gov/Archives/edgar/data/1069258/000110465907068220/a07-22826_110k.htm,https://www.sec.gov/Archives/edgar/data/1069258/000110465907068220/a07-22826_110k.htm,1620594268,17:04:28,20210509
58,2006-09-30,KTOS,USD,2006-11-09,2006-11-09 16:59:48,Q3,84300000,69000000.0,15300000.0,0.18149466192170818,0.0,16100000.0,0.0,0.0,16100000.0,85100000.0,0.0,1900000.0,1100000.0,0.013048635824436536,-800000.0,-0.009489916963226572,0.0,-700000.0,-0.00830367734282325,400000.0,-900000.0,-0.010676156583629894,-0.1,-0.1,7390000.0,7390000.0,https://www.sec.gov/Archives/edgar/data/1069258/000110465906073699/a06-21707_110q.htm,https://www.sec.gov/Archives/edgar/data/1069258/000110465906073699/a06-21707_110q.htm,1620594268,17:04:28,20210509
59,2006-06-30,KTOS,USD,2006-08-09,2006-08-09 16:34:05,Q2,86200000,70600000.0,15600000.0,0.18097447795823665,0.0,15500000.0,0.0,0.0,15500000.0,86100000.0,0.0,2100000.0,2200000.0,0.025522041763341066,100000.0,0.001160092807424594,-200000.0,200000.0,0.002320185614849188,600000.0,-600000.0,-0.0069605568445475635,-0.1,-0.1,7390000.0,7390000.0,https://www.sec.gov/Archives/edgar/data/1069258/000110465906053183/a06-15370_210q.htm,https://www.sec.gov/Archives/edgar/data/1069258/000110465906053183/a06-15370_210q.htm,1620594268,17:04:28,20210509
60,2006-03-31,KTOS,USD,2006-05-10,2006-05-10 16:51:06,Q1,83900000,69700000.0,14200000.0,0.16924910607866508,0.0,15600000.0,0.0,0.0,15600000.0,85300000.0,0.0,2100000.0,700000.0,0.00834326579261025,-1400000.0,-0.0166865315852205,-100000.0,-1400000.0,-0.0166865315852205,-400000.0,-800000.0,-0.009535160905840286,-0.1,-0.1,7230000.0,7230000.0,https://www.sec.gov/Archives/edgar/data/1069258/000110465906021798/a06-6968_110k.htm,https://www.sec.gov/Archives/edgar/data/1069258/000110465906021798/a06-6968_110k.htm,1620594268,17:04:28,20210509
61,2005-12-31,KTOS,USD,2005-12-31,2005-12-31,Q4,54400000,41700000.0,12700000.0,0.23345588235294118,0.0,15400000.0,0.0,0.0,15800000.0,57500000.0,0.0,1900000.0,-1200000.0,-0.022058823529411766,-3100000.0,-0.05698529411764706,-600000.0,-3300000.0,-0.06066176470588235,-1200000.0,-9900000.0,-0.18198529411764705,-1.3692946058091287,-1.3692946058091287,7230000.0,7230000.0,,,1620594268,17:04:28,20210509
62,2005-12-30,KTOS,USD,2006-04-03,2006-04-03 17:29:49,Q4,55000000,42000000.0,13000000.0,0.23636363636363636,0.0,16000000.0,0.0,0.0,16000000.0,58000000.0,0.0,2000000.0,-1000000.0,-0.01818181818181818,-3000000.0,-0.05454545454545454,0.0,-4000000.0,-0.07272727272727272,-1000000.0,-10000000.0,-0.18181818181818182,-0.13513513513513514,-0.13333333333333333,74000000.0,75000000.0,https://www.sec.gov/Archives/edgar/data/1069258/000110465906021798/0001104659-06-021798-index.htm,https://www.sec.gov/Archives/edgar/data/1069258/000110465906021798/a06-6968_110k.htm,1620594268,17:04:28,20210509
63,2005-09-30,KTOS,USD,2005-11-09,2005-11-09 16:59:21,Q3,108900000,85800000.0,23100000.0,0.21212121212121213,0.0,17800000.0,0.0,0.0,15300000.0,101100000.0,0.0,2100000.0,9900000.0,0.09090909090909091,7800000.0,0.07162534435261708,2300000.0,7600000.0,0.06978879706152434,1900000.0,5800000.0,0.05325987144168962,0.8089260808926081,0.7702523240371846,7170000.0,7530000.0,https://www.sec.gov/Archives/edgar/data/1069258/000110465905054129/a05-18178_110q.htm,https://www.sec.gov/Archives/edgar/data/1069258/000110465905054129/a05-18178_110q.htm,1620594268,17:04:28,20210509
64,2005-07-01,KTOS,USD,2005-08-10,2005-08-10 16:43:55,Q2,111000000,85000000.0,26000000.0,0.23423423423423423,0.0,19000000.0,0.0,0.0,19000000.0,104000000.0,0.0,3000000.0,10000000.0,0.09009009009009009,7000000.0,0.06306306306306306,0.0,7000000.0,0.06306306306306306,2000000.0,4000000.0,0.036036036036036036,0.056338028169014086,0.05333333333333334,71000000.0,75000000.0,https://www.sec.gov/Archives/edgar/data/1069258/000110465905038319/0001104659-05-038319-index.htm,https://www.sec.gov/Archives/edgar/data/1069258/000110465905038319/a05-12837_110q.htm,1620594268,17:04:28,20210509
65,2005-06-30,KTOS,USD,2005-06-30,2005-06-30,Q2,110800000,85100000.0,25700000.0,0.2319494584837545,0.0,18900000.0,0.0,0.0,18900000.0,104000000.0,0.0,2200000.0,9000000.0,0.0812274368231047,6800000.0,0.061371841155234655,100000.0,6900000.0,0.06227436823104693,2600000.0,4300000.0,0.0388086642599278,0.603085553997195,0.5748663101604278,7130000.0,7480000.0,,,1620594268,17:04:28,20210509
66,2005-04-01,KTOS,USD,2005-05-11,2005-05-11 16:07:03,Q1,101000000,78000000.0,23000000.0,0.22772277227722773,0.0,17000000.0,0.0,0.0,17000000.0,95000000.0,0.0,1000000.0,6000000.0,0.0594059405940594,5000000.0,0.04950495049504951,0.0,5000000.0,0.04950495049504951,2000000.0,3000000.0,0.0297029702970297,0.04225352112676056,0.04,71000000.0,75000000.0,https://www.sec.gov/Archives/edgar/data/1069258/000110465905022566/0001104659-05-022566-index.htm,https://www.sec.gov/Archives/edgar/data/1069258/000104746905008376/a2153646z10-k.htm,1620594268,17:04:28,20210509
67,2005-03-31,KTOS,USD,2005-03-31,2005-03-31,Q1,101200000,78400000.0,22800000.0,0.22529644268774704,0.0,17200000.0,0.0,0.0,17200000.0,95600000.0,0.0,1800000.0,7400000.0,0.07312252964426877,5600000.0,0.05533596837944664,-200000.0,5600000.0,0.05533596837944664,2100000.0,3500000.0,0.03458498023715415,0.49157303370786515,0.461133069828722,7120000.0,7590000.0,,,1620594268,17:04:28,20210509
68,2004-12-31,KTOS,USD,2005-03-31 00:00:00,2005-03-31 07:24:16,Q4,101400000,76400000.0,25000000.0,0.2465483234714004,0.0,35700000.0,0.0,0.0,18200000.0,94600000.0,0.0,1900000.0,8700000.0,0.08579881656804733,6800000.0,0.0670611439842209,14100000.0,7100000.0,0.07001972386587771,-5100000.0,12400000.0,0.1222879684418146,0.18507462686567164,0.18507462686567164,67000000.0,67000000.0,https://www.sec.gov/Archives/edgar/data/1069258/000104746905008376/0001047469-05-008376-index.html,https://www.sec.gov/Archives/edgar/data/1069258/000104746905008376/a2153646z10-k.htm,1620594268,17:04:28,20210509
69,2004-10-01,KTOS,USD,2004-11-10 00:00:00,2004-11-10 13:59:03,Q3,96000000,82000000.0,14000000.0,0.14583333333333334,0.0,14000000.0,0.0,0.0,14000000.0,96000000.0,0.0,2000000.0,-18000000.0,-0.1875,-20000000.0,-0.20833333333333334,1000000.0,-15000000.0,-0.15625,-1000000.0,-14000000.0,-0.14583333333333334,-0.20896,-0.20896,67000000.0,67000000.0,https://www.sec.gov/Archives/edgar/data/1069258/000110465904034965/0001104659-04-034965-index.html,https://www.sec.gov/Archives/edgar/data/1069258/000110465904034965/a04-13157_110q.htm,1620594268,17:04:28,20210509
70,2004-09-30,KTOS,USD,2004-11-10 00:00:00,2004-11-10 13:59:03,Q3,95800000,82400000.0,13400000.0,0.13987473903966596,0.0,14400000.0,0.0,0.0,29500000.0,111900000.0,0.0,2100000.0,-14000000.0,-0.14613778705636743,-16100000.0,-0.16805845511482254,-13600000.0,-15800000.0,-0.1649269311064718,-800000.0,-14900000.0,-0.15553235908141963,-2.2,-2.2,6890000.0,6890000.0,https://www.sec.gov/Archives/edgar/data/1069258/000110465904034965/0001104659-04-034965-index.html,https://www.sec.gov/Archives/edgar/data/1069258/000110465904034965/a04-13157_110q.htm,1620594268,17:04:28,20210509
71,2004-07-02,KTOS,USD,2004-09-20 00:00:00,2004-09-20 06:03:07,Q2,102700000,78800000.0,23900000.0,0.23271665043816941,0.0,13400000.0,0.0,-2000000.0,14600000.00000001,93400000.00000001,-400000.0,1799999.9999999998,11100000.0,0.10808179162609542,9300000.0,0.09055501460564752,-3000000.0,5900000.0,0.05744888023369036,1700000.0,1700000.0,0.016553067185978577,0.22368,0.22368,7600000.0,7600000.0,https://www.sec.gov/Archives/edgar/data/1069258/000110465904027992/0001104659-04-027992-index.html,https://www.sec.gov/Archives/edgar/data/1069258/000110465904027992/a04-10639_110q.htm,1620594268,17:04:28,20210509
72,2004-04-02,KTOS,USD,2004-05-10 00:00:00,2004-05-10 17:06:29,Q1,97100000,75400000.0,21700000.0,0.223480947476828,0.0,14600000.0,0.0,0.0,14599999.999999994,90000000.0,300000.0,1600000.0,8700000.0,0.08959835221421215,7100000.0,0.07312049433573635,100000.0,7500000.0,0.07723995880535531,1400000.0,5900000.0,0.0607621009268795,0.76623,0.76623,7700000.0,7700000.0,https://www.sec.gov/Archives/edgar/data/1069258/000119312504083790/0001193125-04-083790-index.html,https://www.sec.gov/Archives/edgar/data/1069258/000119312504083790/d10q.htm,1620594268,17:04:28,20210509
73,2003-12-26,KTOS,USD,2004-03-08 00:00:00,2004-03-08 16:59:18,Q4,79900000,60900000.0,19000000.0,0.23779724655819776,0.0,22100000.0,0.0,0.0,16900000.0,77800000.0,0.0,9600000.0,11700000.0,0.14643304130162704,2100000.0,0.026282853566958697,200000.0,2300000.0,0.028785982478097622,-300000.0,2600000.0,0.03254067584480601,0.34211,0.34211,7600000.0,7600000.0,https://www.sec.gov/Archives/edgar/data/1069258/000119312504036425/0001193125-04-036425-index.html,https://www.sec.gov/Archives/edgar/data/1069258/000119312504036425/d10k.htm,1620594268,17:04:28,20210509
74,2003-09-26,KTOS,USD,2003-11-05 00:00:00,2003-11-05 13:59:00,Q3,66100000,47900000.0,18200000.0,0.2753403933434191,0.0,16200000.0,0.0,0.0,17900000.0,65800000.0,600000.0,0.0,1500000.0,0.022693,300000.0,0.0045385779122541605,-100000.0,800000.0,0.012102874432677761,0.0,900000.0,0.01361573373676248,0.11842,0.11842,7600000.0,7600000.0,https://www.sec.gov/Archives/edgar/data/1069258/000119312503073265/0001193125-03-073265-index.html,https://www.sec.gov/Archives/edgar/data/1069258/000119312503073265/d10q.htm,1620594268,17:04:28,20210509
75,2003-06-27,KTOS,USD,2003-08-08 00:00:00,2003-08-08 16:03:28,Q2,58300000,39000000.0,19300000.0,0.33104631217838765,0.0,10900000.0,0.0,0.0,12700000.000000004,51700000.0,-300000.0,0.0,5800000.0,0.099485,6600000.0,0.11320754716981132,100000.0,6400000.0,0.1097770154373928,0.0,6100000.0,0.10463121783876501,0.84722,0.84722,7200000.0,7200000.0,https://www.sec.gov/Archives/edgar/data/1069258/000119312503031885/0001193125-03-031885-index.html,https://www.sec.gov/Archives/edgar/data/1069258/000119312503031885/d10q.htm,1620594268,17:04:28,20210509
76,2003-03-28,KTOS,USD,2003-05-09 00:00:00,2003-05-09 17:26:05,Q1,51600000,38800000.0,12800000.0,0.24806201550387597,0.0,11400000.0,0.0,0.0,13200000.000000004,52000000.0,800000.0,2300000.0,1900000.0,0.03682170542635659,-400000.0,-0.007751937984496124,0.0,400000.0,0.007751937984496124,0.0,-100000.0,-0.001937984496124031,-0.01449,-0.01449,6900000.0,6900000.0,https://www.sec.gov/Archives/edgar/data/1069258/000089843003002846/0000898430-03-002846-index.html,https://www.sec.gov/Archives/edgar/data/1069258/000089843003002846/d10q.htm,1620594268,17:04:28,20210509
77,2002-12-31,KTOS,USD,2003-03-21 00:00:00,2003-03-21 17:03:44,Q4,51000000,37300000.0,13700000.0,0.26862745098039215,0.0,9400000.0,0.0,0.0,11200000.0,48500000.0,0.0,3400000.0,5900000.0,0.11568627450980393,2500000.0,0.049019607843137254,500000.0,3200000.0,0.06274509803921569,0.0,3100000.0,0.060784313725490195,0.4492753623188406,0.4492753623188406,6900000.0,6900000.0,https://www.sec.gov/Archives/edgar/data/1069258/000089843003002007/0000898430-03-002007-index.html,https://www.sec.gov/Archives/edgar/data/1069258/000089843003002007/d10k.htm,1620594268,17:04:28,20210509
78,2002-12-27,KTOS,USD,2003-03-21 00:00:00,2003-03-21 17:03:44,Q4,51000000,37000000.0,14000000.0,0.27450980392156865,0.0,10000000.0,0.0,1000000.0,10000000.0,47000000.0,-1000000.0,9000000.0,12000000.0,0.23529411764705882,3000000.0,0.058823529411764705,1000000.0,3000000.0,0.058823529411764705,0.0,4000000.0,0.0784313725490196,0.08333,0.08333,48000000.0,48000000.0,https://www.sec.gov/Archives/edgar/data/1069258/000089843003002007/0000898430-03-002007-index.html,https://www.sec.gov/Archives/edgar/data/1069258/000089843003002007/d10k.htm,1620594268,17:04:28,20210509
79,2002-09-30,KTOS,USD,2002-11-13 00:00:00,2002-11-13 16:55:18,Q3,49100000,37200000.0,11900000.0,0.24236252545824846,0.0,8600000.0,0.0,0.0,10300000.0,47500000.0,0.0,0.0,2700000.0,0.054989816700611,1600000.0,0.032586558044806514,600000.0,25000.0,0.0005091649694501018,0.0,2500000.0,0.05091649694501019,0.5,0.4,4810000.0,6540000.0,https://www.sec.gov/Archives/edgar/data/1069258/000089843002004104/0000898430-02-004104-index.html,https://www.sec.gov/Archives/edgar/data/1069258/000089843002004104/d10q.htm,1620594268,17:04:28,20210509
80,2002-06-30,KTOS,USD,2002-08-13 00:00:00,2002-08-13 16:34:47,Q2,46800000,35000000.0,11800000.0,0.25213675213675213,0.0,9000000.0,0.0,0.0,10600000.0,45600000.0,0.0,0.0,1400000.0,0.029914529914529916,1200000.0,0.02564102564102564,1400000.0,2200000.0,0.04700854700854701,0.0,2200000.0,0.04700854700854701,0.5,0.4,4770000.0,5940000.0,https://www.sec.gov/Archives/edgar/data/1069258/000089843002003033/0000898430-02-003033-index.html,https://www.sec.gov/Archives/edgar/data/1069258/000089843002003033/d10q.htm,1620594268,17:04:28,20210509
81,2002-03-31,KTOS,USD,2002-05-15 00:00:00,2002-05-15 13:43:22,Q1,40100000,29200000.0,10900000.0,0.2718204488778055,0.0,47100000.0,0.0,0.0,70900000.0,100100000.0,0.0,0.0,-35500000.0,-0.885286783042394,-60000000.0,-1.4962593516209477,-21800000.0,-61600000.0,-1.5361596009975063,10100000.0,-71700000.0,-1.7880299251870324,-15.2,-15.2,4730000.0,4730000.0,https://www.sec.gov/Archives/edgar/data/1069258/000089843002002005/0000898430-02-002005-index.html,https://www.sec.gov/Archives/edgar/data/1069258/000089843002002005/d10q.htm,1620594268,17:04:28,20210509
82,2001-12-31,KTOS,USD,2002-03-19 00:00:00,2002-03-19 00:00:00,Q4,45000000,32400000.0,12600000.0,0.28,0.0,16700000.0,0.0,0.0,21800000.0,54200000.0,0.0,6000000.0,-3200000.0,-0.07111111111111111,-9200000.0,-0.20444444444444446,1800000.0,-8000000.0,-0.17777777777777778,2400000.0,-10400000.0,-0.2311111111111111,-2.1987315010570825,-2.1987315010570825,4730000.0,4730000.0,https://www.sec.gov/Archives/edgar/data/1069258/000102140802003825/0001021408-02-003825-index.html,https://www.sec.gov/Archives/edgar/data/1069258/000102140802003825/d10k.txt,1620594268,17:04:28,20210509
83,2001-09-30,KTOS,USD,2001-11-13 00:00:00,2001-11-13 00:00:00,Q3,54800000,37000000.0,17800000.0,0.3248175182481752,0.0,15900000.0,0.0,0.0,21500000.0,58500000.0,0.0,0.0,1200000.0,0.021897810218978103,-3700000.0,-0.06751824817518248,700000.0,-3900000.0,-0.07116788321167883,-1000000.0,-2900000.0,-0.05291970802919708,-0.6,-0.6,4640000.0,4640000.0,https://www.sec.gov/Archives/edgar/data/1069258/000089843001503404/0000898430-01-503404-index.html,https://www.sec.gov/Archives/edgar/data/1069258/000089843001503404/d10q.txt,1620594268,17:04:28,20210509
84,2001-06-30,KTOS,USD,2001-08-10 00:00:00,2001-08-10 00:00:00,Q2,54700000,32500000.0,22200000.0,0.40585009140767825,0.0,40300000.0,0.0,0.0,58700000.0,91200000.0,0.0,0.0,-16500000.0,-0.3016453382084095,-36500000.0,-0.6672760511882998,-14500000.0,-38900000.0,-0.7111517367458866,-600000.0,-38300000.0,-0.70018281535649,-8.7,-8.7,4410000.0,4410000.0,https://www.sec.gov/Archives/edgar/data/1069258/000089843001501718/0000898430-01-501718-index.html,https://www.sec.gov/Archives/edgar/data/1069258/000089843001501718/d10q.txt,1620594268,17:04:28,20210509
85,2001-03-31,KTOS,USD,2001-05-15 00:00:00,2001-05-15 00:00:00,Q1,52700000,39100000.0,13600000.0,0.25806451612903225,0.0,30300000.0,0.0,0.0,35700000.0,74800000.0,0.0,0.0,-15400000.0,-0.2922201138519924,-22100000.0,-0.41935483870967744,-1300000.0,-24300000.0,-0.46110056925996207,-15800000.0,-8500000.0,-0.16129032258064516,-1.9,-1.9,4370000.0,4370000.0,https://www.sec.gov/Archives/edgar/data/1069258/000089843001500620/0000898430-01-500620-index.html,https://www.sec.gov/Archives/edgar/data/1069258/000089843001500620/d10q.txt,1620594268,17:04:28,20210509
86,2000-12-31,KTOS,USD,2001-03-29 00:00:00,2001-03-29 00:00:00,Q4,80059000,40514000.0,39545000.0,0.4939482131927703,0.0,18752000.0,0.0,0.0,23618000.0,64132000.0,0.0,4866000.0,20793000.0,0.2597209557951011,15927000.0,0.19894078117388425,-1133000.0,14801000.0,0.18487615383654554,5751000.0,9050000.0,0.11304163179655004,2.070938215102975,2.070938215102975,4370000.0,4370000.0,https://www.sec.gov/Archives/edgar/data/1069258/000089843001001094/0000898430-01-001094-index.html,https://www.sec.gov/Archives/edgar/data/1069258/000089843001001094/0000898430-01-001094-0001.txt,1620594268,17:04:28,20210509
87,2000-09-30,KTOS,USD,2000-11-14 00:00:00,2000-11-14 00:00:00,Q3,73073000,40800000.0,32273000.0,0.4416542361747841,0.0,15425000.0,0.0,0.0,18254000.0,59054000.0,0.0,2828000.0,16847000.0,0.23055027164616207,14019000.0,0.19184924664376718,223000.0,14367000.0,0.1966116075705117,5324000.0,9043000.0,0.12375295936939773,2.1,1.7,4236300.0,5192100.0,https://www.sec.gov/Archives/edgar/data/1069258/000089843000003415/0000898430-00-003415-index.html,https://www.sec.gov/Archives/edgar/data/1069258/000089843000003415/0000898430-00-003415-0001.txt,1620594268,17:04:28,20210509
88,2000-06-30,KTOS,USD,2000-08-14 00:00:00,2000-08-14 00:00:00,Q2,59435000,33056000.0,26379000.0,0.4438293934550349,0.0,11690000.0,0.0,0.0,13583000.0,46639000.0,0.0,1893000.0,14689000.0,0.24714393875662488,12796000.0,0.2152940186758644,459000.0,13188000.0,0.22188945907293683,5302000.0,7886000.0,0.13268276268192142,1.9,1.6,4134800.0,5007300.0,https://www.sec.gov/Archives/edgar/data/1069258/000107299300000611/0001072993-00-000611-index.html,https://www.sec.gov/Archives/edgar/data/1069258/000107299300000611/0001072993-00-000611-0001.txt,1620594268,17:04:28,20210509
89,2000-03-31,KTOS,USD,2000-05-15 00:00:00,2000-05-15 00:00:00,Q1,43333000,25330000.0,18003000.0,0.415457041977246,0.0,7633000.0,0.0,0.0,8746000.0,34076000.0,0.0,1113000.0,10370000.0,0.239309533150255,9257000.0,0.2136247201901553,551000.0,9744000.0,0.224863268178986,3923000.0,5821000.0,0.13433180255232732,1.4,1.2,4047800.0,4888500.0,https://www.sec.gov/Archives/edgar/data/1069258/000107299300000408/0001072993-00-000408-index.html,https://www.sec.gov/Archives/edgar/data/1069258/0001072993-00-000408.txt,1620594268,17:04:28,20210509
90,1999-12-31,KTOS,USD,1999-12-31,1999-12-31,Q4,35789285,15658105.0,20131180.0,0.5624918184311309,0.0,9986437.0,0.0,0.0,12598429.0,28256534.0,0.0,0.0,7532751.0,0.21047503463676348,7532751.0,0.21047503463676348,0.0,7108424.0,0.1986187765416381,2902000.0,4206424.0,0.11753305493529698,1.039187706902515,1.039187706902515,4047800.0,4047800.0,,,1620594268,17:04:28,20210509
91,1999-09-30,KTOS,USD,1999-09-30,1999-09-30,Q3,23800000,13700000.0,10100000.0,0.42436974789915966,0.0,0.0,0.0,0.0,4800000.0,18500000.0,0.0,0.0,5300000.0,0.22268907563025211,5300000.0,0.22268907563025211,0.0,4900000.0,0.20588235294117646,2100000.0,2800000.0,0.11764705882352941,1.0,0.8,2800000.0,3500000.0,,,1620594268,17:04:28,20210509
92,1999-06-30,KTOS,USD,1999-06-30,1999-06-30,Q2,16552865,9850105.0,6702760.0,0.40493050598793623,0.0,0.0,0.0,0.0,3980811.0,13830916.0,0.0,0.0,3473991.0,0.20987249035136818,2721949.0,0.16443975106424175,-89944.0,2408302.0,0.14549155085841636,1090378.0,1317924.0,0.07961908708854933,0.4,0.4,3446190.0,3970100.0,,,1620594268,17:04:28,20210509
93,1999-03-31,KTOS,USD,1999-03-31,1999-03-31,Q1,16552865,0.0,0.0,0.0,0.0,0.0,0.0,0.0,0.0,0.0,0.0,0.0,16552865.0,1.0,16552865.0,1.0,0.0,0.0,0.0,0.0,1317924.0,0.07961908708854933,0.4,0.4,3294810.0,3294810.0,,,1620594268,17:04:28,20210509
