,date,symbol,reportedCurrency,fillingDate,acceptedDate,period,revenue,costOfRevenue,grossProfit,grossProfitRatio,researchAndDevelopmentExpenses,generalAndAdministrativeExpenses,sellingAndMarketingExpenses,otherExpenses,operatingExpenses,costAndExpenses,interestExpense,depreciationAndAmortization,ebitda,ebitdaratio,operatingIncome,operatingIncomeRatio,totalOtherIncomeExpensesNet,incomeBeforeTax,incomeBeforeTaxRatio,incomeTaxExpense,netIncome,netIncomeRatio,eps,epsdiluted,weightedAverageShsOut,weightedAverageShsOutDil,link,finalLink,timestamp,est_time,est_date
0,2020-09-30,KEYS.L,GBP,2020-09-30,2020-09-30,Q3,12407658.5,9100706.5,3306952.0,0.2665250659501952,0.0,1091230.0,0.0,0.0,0.0,11117592.25,21591.25,198664.5,1488730.75,0.11998482630707479,1290066.25,0.10397338466399603,0.0,1306472.75,0.1052956728298091,265817.75,1040655.0,0.08387198922343003,0.03327546726522251,0.033132205221099775,31273941,31409168,https://find-and-update.company-information.service.gov.uk/search/companies?q=Keystone+Law+Group+PLC,https://find-and-update.company-information.service.gov.uk/search/companies?q=Keystone+Law+Group+PLC,1620594111,17:01:51,20210509
1,2020-06-30,KEYS.L,GBP,2020-06-30,2020-06-30,Q2,12407658.5,9100706.5,3306952.0,0.2665250659501952,0.0,1091230.0,0.0,0.0,0.0,11117592.25,21591.25,198664.5,1488730.75,0.11998482630707479,1290066.25,0.10397338466399603,0.0,1306472.75,0.1052956728298091,265817.75,1040655.0,0.08387198922343003,0.03327546726522251,0.033132205221099775,31273941,31409168,https://find-and-update.company-information.service.gov.uk/search/companies?q=Keystone+Law+Group+PLC,https://find-and-update.company-information.service.gov.uk/search/companies?q=Keystone+Law+Group+PLC,1620594111,17:01:51,20210509
2,2020-03-31,KEYS.L,GBP,2020-03-31,2020-03-31,Q1,12407658.5,9100706.5,3306952.0,0.2665250659501952,0.0,1091230.0,0.0,0.0,0.0,11117592.25,21591.25,198664.5,1488730.75,0.11998482630707479,1290066.25,0.10397338466399603,0.0,1306472.75,0.1052956728298091,265817.75,1040655.0,0.08387198922343003,0.03327546726522251,0.033132205221099775,31273941,31409168,https://find-and-update.company-information.service.gov.uk/search/companies?q=Keystone+Law+Group+PLC,https://find-and-update.company-information.service.gov.uk/search/companies?q=Keystone+Law+Group+PLC,1620594111,17:01:51,20210509
3,2020-01-31,KEYS.L,GBP,2020-01-31,2020-01-31,Q1,12407658.5,9100706.5,3306952.0,0.2665250659501952,0.0,1091230.0,0.0,0.0,0.0,11117592.25,21591.25,198664.5,1488730.75,0.11998482630707479,1290066.25,0.10397338466399603,0.0,1306472.75,0.1052956728298091,265817.75,1040655.0,0.08387198922343003,0.03327546726522251,0.033132205221099775,31273941,31409168,https://find-and-update.company-information.service.gov.uk/search/companies?q=Keystone+Law+Group+PLC,https://find-and-update.company-information.service.gov.uk/search/companies?q=Keystone+Law+Group+PLC,1620594111,17:01:51,20210509
4,2019-06-30,KEYS.L,GBP,2019-06-30,2019-06-30,Q2,10672313.25,7776832.5,2895480.75,0.27130769891897616,0.0,966924.5,0.0,0.0,0.0,9514261.5,1914.75,96277.5,1254329.25,0.11753115005315272,1158051.75,0.10850990997663978,0.0,1186252.75,0.111152354903001,234445.5,951807.25,0.08918471822404575,0.030434515752268,0.030382592062893975,31273941,31327388,https://find-and-update.company-information.service.gov.uk/search/companies?q=Keystone+Law+Group+PLC,https://find-and-update.company-information.service.gov.uk/search/companies?q=Keystone+Law+Group+PLC,1620594111,17:01:51,20210509
5,2019-03-31,KEYS.L,GBP,2019-03-31,2019-03-31,Q1,10672313.25,7776832.5,2895480.75,0.27130769891897616,0.0,966924.5,0.0,0.0,0.0,9514261.5,1914.75,96277.5,1254329.25,0.11753115005315272,1158051.75,0.10850990997663978,0.0,1186252.75,0.111152354903001,234445.5,951807.25,0.08918471822404575,0.030434515752268,0.030382592062893975,31273941,31327388,https://find-and-update.company-information.service.gov.uk/search/companies?q=Keystone+Law+Group+PLC,https://find-and-update.company-information.service.gov.uk/search/companies?q=Keystone+Law+Group+PLC,1620594111,17:01:51,20210509
6,2019-01-31,KEYS.L,GBP,2019-01-31,2019-01-31,Q1,10672313.25,7776832.5,2895480.75,0.27130769891897616,0.0,966924.5,0.0,0.0,0.0,9514261.5,1914.75,96277.5,1254329.25,0.11753115005315272,1158051.75,0.10850990997663978,0.0,1186252.75,0.111152354903001,234445.5,951807.25,0.08918471822404575,0.030434515752268,0.030382592062893975,31273941,31327388,https://find-and-update.company-information.service.gov.uk/search/companies?q=Keystone+Law+Group+PLC,https://find-and-update.company-information.service.gov.uk/search/companies?q=Keystone+Law+Group+PLC,1620594111,17:01:51,20210509
7,2018-06-30,KEYS.L,GBP,2018-06-30,2018-06-30,Q2,7900122.5,5722844.75,2177277.75,0.2756005049288793,0.0,776064.0,0.0,0.0,0.0,7178345.5,98115.5,95566.5,817343.5,0.10345959825306507,721777.0,0.09136276051415658,0.0,483108.25,0.06115199479501742,86130.0,396978.25,0.05024963220507024,0.015,0.015,26300000,26300000,https://find-and-update.company-information.service.gov.uk/search/companies?q=Keystone+Law+Group+PLC,https://find-and-update.company-information.service.gov.uk/search/companies?q=Keystone+Law+Group+PLC,1620594111,17:01:51,20210509
8,2018-03-31,KEYS.L,GBP,2018-03-31,2018-03-31,Q1,7900122.5,5722844.75,2177277.75,0.2756005049288793,0.0,776064.0,0.0,0.0,0.0,7178345.5,98115.5,95566.5,817343.5,0.10345959825306507,721777.0,0.09136276051415658,0.0,483108.25,0.06115199479501742,86130.0,396978.25,0.05024963220507024,0.015,0.015,26300000,26300000,https://find-and-update.company-information.service.gov.uk/search/companies?q=Keystone+Law+Group+PLC,https://find-and-update.company-information.service.gov.uk/search/companies?q=Keystone+Law+Group+PLC,1620594111,17:01:51,20210509
9,2018-01-31,KEYS.L,GBP,2018-01-31,2018-01-31,Q1,7900122.5,5722844.75,2177277.75,0.2756005049288793,0.0,776064.0,0.0,0.0,0.0,7178345.5,98115.5,95566.5,817343.5,0.10345959825306507,721777.0,0.09136276051415658,0.0,483108.25,0.06115199479501742,86130.0,396978.25,0.05024963220507024,0.015,0.015,26300000,26300000,https://find-and-update.company-information.service.gov.uk/search/companies?q=Keystone+Law+Group+PLC,https://find-and-update.company-information.service.gov.uk/search/companies?q=Keystone+Law+Group+PLC,1620594111,17:01:51,20210509
10,2017-06-30,KEYS.L,GBP,2017-06-30,2017-06-30,Q2,6389743.75,4748503.75,1641240.0,0.25685537076506393,0.0,588224.5,0.0,0.0,0.0,5968865.0,128162.25,96521.5,517400.25,0.0809735523431593,420878.75,0.06586786050692565,0.0,300163.0,0.046975749223120256,83210.5,216952.5,0.03395323951762541,0.00693725,0.00693725,31273941,31273941,https://find-and-update.company-information.service.gov.uk/search/companies?q=Keystone+Law+Group+PLC,https://find-and-update.company-information.service.gov.uk/search/companies?q=Keystone+Law+Group+PLC,1620594111,17:01:51,20210509
11,2017-03-31,KEYS.L,GBP,2017-03-31,2017-03-31,Q1,6389743.75,4748503.75,1641240.0,0.25685537076506393,0.0,588224.5,0.0,0.0,0.0,5968865.0,128162.25,96521.5,517400.25,0.0809735523431593,420878.75,0.06586786050692565,0.0,300163.0,0.046975749223120256,83210.5,216952.5,0.03395323951762541,0.00693725,0.00693725,31273941,31273941,https://find-and-update.company-information.service.gov.uk/search/companies?q=Keystone+Law+Group+PLC,https://find-and-update.company-information.service.gov.uk/search/companies?q=Keystone+Law+Group+PLC,1620594111,17:01:51,20210509
12,2017-01-31,KEYS.L,GBP,2017-01-31,2017-01-31,Q1,6389743.75,4748503.75,1641240.0,0.25685537076506393,0.0,588224.5,0.0,0.0,0.0,5968865.0,128162.25,96521.5,517400.25,0.0809735523431593,420878.75,0.06586786050692565,0.0,300163.0,0.046975749223120256,83210.5,216952.5,0.03395323951762541,0.00693725,0.00693725,31273941,31273941,https://find-and-update.company-information.service.gov.uk/search/companies?q=Keystone+Law+Group+PLC,https://find-and-update.company-information.service.gov.uk/search/companies?q=Keystone+Law+Group+PLC,1620594111,17:01:51,20210509
13,2016-06-30,KEYS.L,GBP,2016-06-30,2016-06-30,Q2,5222552.5,3897544.25,1325008.25,0.25370893830172125,0.0,452345.25,0.0,0.0,0.0,4902080.5,133378.5,94928.75,415400.75,0.07953979399919867,320472.0,0.06136309783386572,0.0,195802.5,0.03749172459252444,58298.5,137504.0,0.02632888802936878,0.005495,0.005495,25023941,25023941,https://find-and-update.company-information.service.gov.uk/search/companies?q=Keystone+Law+Group+PLC,https://find-and-update.company-information.service.gov.uk/search/companies?q=Keystone+Law+Group+PLC,1620594111,17:01:51,20210509
14,2016-03-31,KEYS.L,GBP,2016-03-31,2016-03-31,Q1,5222552.5,3897544.25,1325008.25,0.25370893830172125,0.0,452345.25,0.0,0.0,0.0,4902080.5,133378.5,94928.75,415400.75,0.07953979399919867,320472.0,0.06136309783386572,0.0,195802.5,0.03749172459252444,58298.5,137504.0,0.02632888802936878,0.005495,0.005495,25023941,25023941,https://find-and-update.company-information.service.gov.uk/search/companies?q=Keystone+Law+Group+PLC,https://find-and-update.company-information.service.gov.uk/search/companies?q=Keystone+Law+Group+PLC,1620594111,17:01:51,20210509
15,2016-01-31,KEYS.L,GBP,2016-01-31,2016-01-31,Q1,5222552.5,3897544.25,1325008.25,0.25370893830172125,0.0,452345.25,0.0,0.0,0.0,4902080.5,133378.5,94928.75,415400.75,0.07953979399919867,320472.0,0.06136309783386572,0.0,195802.5,0.03749172459252444,58298.5,137504.0,0.02632888802936878,0.005495,0.005495,25023941,25023941,https://find-and-update.company-information.service.gov.uk/search/companies?q=Keystone+Law+Group+PLC,https://find-and-update.company-information.service.gov.uk/search/companies?q=Keystone+Law+Group+PLC,1620594111,17:01:51,20210509
16,2015-09-30,KEYS.L,GBP,2015-09-30,2015-09-30,Q3,4031484.0,2987044.75,1044439.25,0.259070667277856,0.0,381939.75,0.0,0.0,0.0,3808584.25,38734.0,32238.0,255137.75,0.06328631094653979,222899.75,0.05528975186308565,0.0,142638.75,0.03538120205859679,80972.25,61666.5,0.015296228386370875,0.00246425,0.00246425,25023941,25023941,https://find-and-update.company-information.service.gov.uk/search/companies?q=Keystone+Law+Group+PLC,https://find-and-update.company-information.service.gov.uk/search/companies?q=Keystone+Law+Group+PLC,1620594111,17:01:51,20210509
17,2015-06-30,KEYS.L,GBP,2015-06-30,2015-06-30,Q2,4031484.0,2987044.75,1044439.25,0.259070667277856,0.0,381939.75,0.0,0.0,0.0,3808584.25,38734.0,32238.0,255137.75,0.06328631094653979,222899.75,0.05528975186308565,0.0,142638.75,0.03538120205859679,80972.25,61666.5,0.015296228386370875,0.00246425,0.00246425,25023941,25023941,https://find-and-update.company-information.service.gov.uk/search/companies?q=Keystone+Law+Group+PLC,https://find-and-update.company-information.service.gov.uk/search/companies?q=Keystone+Law+Group+PLC,1620594111,17:01:51,20210509
18,2015-03-31,KEYS.L,GBP,2015-03-31,2015-03-31,Q1,4031484.0,2987044.75,1044439.25,0.259070667277856,0.0,381939.75,0.0,0.0,0.0,3808584.25,38734.0,32238.0,255137.75,0.06328631094653979,222899.75,0.05528975186308565,0.0,142638.75,0.03538120205859679,80972.25,61666.5,0.015296228386370875,0.00246425,0.00246425,25023941,25023941,https://find-and-update.company-information.service.gov.uk/search/companies?q=Keystone+Law+Group+PLC,https://find-and-update.company-information.service.gov.uk/search/companies?q=Keystone+Law+Group+PLC,1620594111,17:01:51,20210509
19,2015-01-31,KEYS.L,GBP,2015-01-31,2015-01-31,Q1,4031484.0,2987044.75,1044439.25,0.259070667277856,0.0,381939.75,0.0,0.0,0.0,3808584.25,38734.0,32238.0,255137.75,0.06328631094653979,222899.75,0.05528975186308565,0.0,142638.75,0.03538120205859679,80972.25,61666.5,0.015296228386370875,0.00246425,0.00246425,25023941,25023941,https://find-and-update.company-information.service.gov.uk/search/companies?q=Keystone+Law+Group+PLC,https://find-and-update.company-information.service.gov.uk/search/companies?q=Keystone+Law+Group+PLC,1620594111,17:01:51,20210509
