,date,symbol,reportedCurrency,fillingDate,acceptedDate,period,revenue,costOfRevenue,grossProfit,grossProfitRatio,researchAndDevelopmentExpenses,generalAndAdministrativeExpenses,sellingAndMarketingExpenses,otherExpenses,operatingExpenses,costAndExpenses,interestExpense,depreciationAndAmortization,ebitda,ebitdaratio,operatingIncome,operatingIncomeRatio,totalOtherIncomeExpensesNet,incomeBeforeTax,incomeBeforeTaxRatio,incomeTaxExpense,netIncome,netIncomeRatio,eps,epsdiluted,weightedAverageShsOut,weightedAverageShsOutDil,link,finalLink,timestamp,est_time,est_date
0,2021-03-31,CRK,USD,2021-05-06,2021-05-06,Q1,340485000.0,172801000.0,167684000.0,0.4924857189009795,0.0,8028000.0,0.0,281000.0,8028000.0,180829000.0,63811000.0,0.0,269065000.0,0.7902403923814558,159656000.0,-0.48193606179420534,-259937000.0,-164092000.0,-0.48193606179420534,-29967000.0,-134125000.0,-0.3939233740106025,-0.6,-0.6,231377000.0,231377000.0,https://www.sec.gov/Archives/edgar/data/23194/000002319421000043/0000023194-21-000043-index.htm,https://www.sec.gov/Archives/edgar/data/23194/000002319421000043/crk-20210331.htm,1620590681,16:04:41,20210509
1,2020-12-31,CRK,USD,2021-02-17,2021-02-17 16:19:15,Q4,274771000.0,165984000.0,108787000.0,0.39591878327771124,0.0,6049000.0,0.0,287000.0,6049000.0,172033000.0,66065000.0,104284.0,102842284.0,0.37428361799462095,102738000.0,0.3739040874036925,82217000.0,118890000.0,0.4326875834786058,36967000.0,81923000.0,0.2981500958980387,0.34,0.3,231377000.0,275127000.0,https://www.sec.gov/Archives/edgar/data/23194/000002319421000015/0000023194-21-000015-index.htm,https://www.sec.gov/Archives/edgar/data/23194/000002319421000015/crk-20201231.htm,1620590681,16:04:41,20210509
2,2020-09-30,CRK,USD,2020-11-05,2020-11-05 15:07:22,Q3,178011000.0,156688000.0,21323000.0,0.11978473240417727,0.0,8974000.0,0.0,489000.0,8974000.0,165662000.0,63890000.0,312828.0,12661828.0,0.07112946952716405,12349000.0,0.0693721174534158,-121074000.0,-172615000.0,-0.9696872665172377,-46123000.0,-126492000.0,-0.7105853009083708,-0.57,-0.57,231223000.0,231223000.0,https://www.sec.gov/Archives/edgar/data/23194/000002319420000006/0000023194-20-000006-index.htm,https://www.sec.gov/Archives/edgar/data/23194/000002319420000006/crk-20200930.htm,1620590681,16:04:41,20210509
3,2020-06-30,CRK,USD,2020-08-07,2020-08-06 17:58:24,Q2,179535000.0,167326000.0,12209000.0,0.06800345336563901,0.0,8298000.0,0.0,-9000.0,8298000.0,175624000.0,52064000.0,0.0,107249000.0,0.5973709861586877,3911000.0,0.021784053248670176,-13168000.0,-61321000.0,-0.34155457153201324,-11445000.0,-49876000.0,-0.27780655582476954,-0.29,-0.29,208904000.0,208904000.0,https://www.sec.gov/Archives/edgar/data/23194/000156459020037920/0001564590-20-037920-index.htm,https://www.sec.gov/Archives/edgar/data/23194/000156459020037920/crk-10q_20200630.htm,1620590681,16:04:41,20210509
4,2020-03-31,CRK,USD,2020-05-07,2020-05-07 16:31:31,Q1,225878000.0,173115000.0,52763000.0,0.2335906994041031,0.0,8719000.0,0.0,313000.0,8746000.0,181861000.0,52810000.0,0.0,154755000.0,0.6851264842082895,44017000.0,0.1948706824037755,62212000.0,53419000.0,0.2364949220375601,11391000.0,42028000.0,0.1860650439617847,0.16,0.15,188916000.0,285166000.0,https://www.sec.gov/Archives/edgar/data/23194/000156459020022917/0001564590-20-022917-index.htm,https://www.sec.gov/Archives/edgar/data/23194/000156459020008081/crk-10k_20191231.htm,1620590681,16:04:41,20210509
5,2019-12-31,CRK,USD,2020-03-02,2020-03-02 14:05:58,Q4,289248000.0,181083000.0,108165000.0,0.37395245602389643,0.0,6484000.0,0.0,282000.0,6484000.0,187567000.0,54107000.0,0.0,213805000.0,0.7391753789135966,101681000.0,0.3515357063834495,20162000.0,67736000.0,0.2341796658922447,12620000.0,55116000.0,0.19054928642548954,0.22,0.19,187280000.0,284100000.0,https://www.sec.gov/Archives/edgar/data/23194/000156459020008081/0001564590-20-008081-index.htm,https://www.sec.gov/Archives/edgar/data/23194/000156459020008081/crk-10k_20191231.htm,1620590681,16:04:41,20210509
6,2019-09-30,CRK,USD,2019-11-12,2019-11-12 16:44:12,Q3,224444000.0,139738000.0,84706000.0,0.377403717631124,0.0,8105000.0,0.0,92000.0,8346000.0,148084000.0,51015000.0,0.0,156699000.0,0.6981652438915721,76360000.0,0.34021849548216926,-14707000.0,10638000.0,0.04739712355866051,3847000.0,6791000.0,0.030256990607902195,-0.01,-0.01,171487000.0,171487000.0,https://www.sec.gov/Archives/edgar/data/23194/000156459019042984/0001564590-19-042984-index.htm,https://www.sec.gov/Archives/edgar/data/23194/000156459019042984/crk-10q_20190930.htm,1620590681,16:04:41,20210509
7,2019-06-30,CRK,USD,2019-08-09,2019-08-09 14:37:43,Q2,128116000.0,77654000.0,50462000.0,0.3938774235848762,0.0,6841000.0,0.0,155000.0,6841000.0,84495000.0,28568000.0,0.0,90623000.0,0.7073511505198414,43621000.0,0.3404805020450217,13456000.0,28509000.0,0.2225248993100003,7102000.0,21407000.0,0.167090761497393,0.2,0.2,105457000.0,105457000.0,https://www.sec.gov/Archives/edgar/data/23194/000156459019031188/0001564590-19-031188-index.htm,https://www.sec.gov/Archives/edgar/data/23194/000156459019031188/crk-10q_20190630.htm,1620590681,16:04:41,20210509
8,2019-03-31,CRK,USD,2019-05-09,2019-05-09 16:14:14,Q1,126881000.0,65843000.0,61038000.0,0.48106493486022334,0.0,7814000.0,0.0,93000.0,7814000.0,73657000.0,27851000.0,0.0,90907000.0,0.716474491846691,53224000.0,0.4194796699269394,-7564000.0,17809000.0,0.1403598647551643,4234000.0,13575000.0,0.10699001426533523,0.13,0.13,105457000.0,105457000.0,https://www.sec.gov/Archives/edgar/data/23194/000156459019017992/0001564590-19-017992-index.htm,https://www.sec.gov/Archives/edgar/data/23194/000156459019005805/crk-10k_20181231.htm,1620590681,16:04:41,20210509
9,2018-12-31,CRK,USD,2019-03-01,2019-03-01 16:09:30,Q4,153498000.0,63952000.0,89546000.0,0.5833691644190804,0.0,8096000.0,0.0,131000.0,8096000.0,72048000.0,28758000.0,0.0,117705000.0,0.7668178087010906,81450000.0,0.5306258061994293,12611000.0,65303000.0,0.42543225318896666,15004000.0,50299000.0,0.3276850512710263,0.48,0.48,105457000.0,105457000.0,https://www.sec.gov/Archives/edgar/data/23194/000156459019005805/0001564590-19-005805-index.htm,https://www.sec.gov/Archives/edgar/data/23194/000156459019005805/crk-10k_20181231.htm,1620590681,16:04:41,20210509
10,2018-09-30,CRK,USD,2018-11-09,2018-11-09 15:47:58,Q3,0.0,0.0,0.0,0.0,0.0,0.0,0.0,0.0,60000000.0,0.0,0.0,31852000.0,0.0,0.0,0.0,0.0,0.0,0.0,0.0,0.0,0.0,0.0,0.0,0.0,105457000.0,105457000.0,https://www.sec.gov/Archives/edgar/data/23194/000156459018028915/0001564590-18-028915-index.htm,https://www.sec.gov/Archives/edgar/data/23194/000156459018028915/crk-10q_20180930.htm,1620590681,16:04:41,20210509
11,2018-06-30,CRK,USD,2018-08-09,2018-08-09 12:54:03,Q2,61449000.0,47094000.0,14355000.0,0.23360835815066153,0.0,6956000.0,0.0,327000.0,6956000.0,54050000.0,40213000.0,0.0,34524000.0,0.5618317629253528,7399000.0,0.12040879428469137,-1311000.0,-34125000.0,-0.5553385734511547,-122000.0,-34003000.0,-0.553353187195886,-2.22,-2.22,15340000.0,15340000.0,https://www.sec.gov/Archives/edgar/data/23194/000156459018020870/0001564590-18-020870-index.htm,https://www.sec.gov/Archives/edgar/data/23194/000156459018020870/crk-10q_20180630.htm,1620590681,16:04:41,20210509
12,2018-03-31,CRK,USD,2018-05-10,2018-05-10 16:33:50,Q1,72593000.0,71699000.0,894000.0,0.012315237006322925,0.0,6016000.0,0.0,66000.0,6016000.0,77715000.0,38850000.0,0.0,22096000.0,0.3043819652032565,-5122000.0,-0.0705577672778367,2668000.0,-41304000.0,-0.5689804802115906,582000.0,-41886000.0,-0.5769977821553043,-2.78,-2.78,15084000.0,15084000.0,https://www.sec.gov/Archives/edgar/data/23194/000156459018012993/0001564590-18-012993-index.htm,https://www.sec.gov/Archives/edgar/data/23194/000156459018003306/crk-10k_20171231.htm,1620590681,16:04:41,20210509
13,2017-12-31,CRK,USD,2018-02-27,2018-02-26 18:26:29,Q4,73248000.0,46479000.0,26769000.0,0.36545707732634336,0.0,7003000.0,0.0,132000.0,7003000.0,53482000.0,39199000.0,0.0,50446000.0,0.6887013979903888,19766000.0,0.26985037134119705,-41690000.0,-61123000.0,-0.8344664700742682,-18827000.0,-42296000.0,-0.5774355613805155,-2.86,-2.86,14808000.0,14808000.0,https://www.sec.gov/Archives/edgar/data/23194/000156459018003306/0001564590-18-003306-index.htm,https://www.sec.gov/Archives/edgar/data/23194/000156459018003306/crk-10k_20171231.htm,1620590681,16:04:41,20210509
14,2017-09-30,CRK,USD,2017-11-02,2017-11-02 17:28:59,Q3,66811000.0,49447000.0,17364000.0,0.2598973222972265,0.0,6174000.0,0.0,170000.0,6174000.0,55621000.0,37595000.0,0.0,44143000.0,0.6607145529927706,11190000.0,0.16748738980108066,1600000.0,-24805000.0,-0.37127119785664037,-69000.0,-24736000.0,-0.3702384337908428,-1.67,-1.67,14796000.0,14796000.0,https://www.sec.gov/Archives/edgar/data/23194/000156459017021301/0001564590-17-021301-index.htm,https://www.sec.gov/Archives/edgar/data/23194/000156459017021301/crk-10q_20170930.htm,1620590681,16:04:41,20210509
15,2017-06-30,CRK,USD,2017-08-07,2017-08-07 11:41:38,Q2,61471000.0,44442000.0,17029000.0,0.2770249385889281,0.0,6559000.0,0.0,65000.0,6559000.0,51001000.0,36755000.0,0.0,40856000.0,0.6646386100762961,10470000.0,0.17032421792389907,5360000.0,-20925000.0,-0.3404044183436092,517000.0,-21442000.0,-0.34881488832132224,-1.45,-1.45,14749000.0,14749000.0,https://www.sec.gov/Archives/edgar/data/23194/000156459017015874/0001564590-17-015874-index.htm,https://www.sec.gov/Archives/edgar/data/23194/000156459017015874/crk-10q_20170630.htm,1620590681,16:04:41,20210509
16,2017-03-31,CRK,USD,2017-05-08,2017-05-08 13:41:05,Q1,53801000.0,45019000.0,8782000.0,0.16323116670693855,0.0,6401000.0,0.0,163000.0,6401000.0,51420000.0,32900000.0,0.0,32449000.0,0.6031300533447334,2381000.0,0.044255682979870266,8023000.0,-22496000.0,-0.41813349194252897,435000.0,-22931000.0,-0.42621884351591977,-1.61,-1.61,14225000.0,14225000.0,https://www.sec.gov/Archives/edgar/data/23194/000156459017009326/0001564590-17-009326-index.htm,https://www.sec.gov/Archives/edgar/data/23194/000156459017002442/crk-10k_20161231.htm,1620590681,16:04:41,20210509
17,2016-12-31,CRK,USD,2017-02-24,2017-02-24 17:30:04,Q4,48498000.0,43205000.0,5293000.0,0.10913852117613097,0.0,8537000.0,0.0,102000.0,8537000.0,51742000.0,38690000.0,0.0,25935000.0,0.5347643201781517,-3244000.0,-0.0668893562621139,-9553000.0,-51487000.0,-1.061631407480721,3446000.0,-54933000.0,-1.1326858839539775,-4.48,-4.48,12262000.0,12262000.0,https://www.sec.gov/Archives/edgar/data/23194/000156459017002442/0001564590-17-002442-index.htm,https://www.sec.gov/Archives/edgar/data/23194/000156459017002442/crk-10k_20161231.htm,1620590681,16:04:41,20210509
18,2016-09-30,CRK,USD,2016-11-09,2016-11-09 16:43:22,Q3,50330000.0,68427000.0,-18097000.0,-0.3595668587323664,0.0,4188000.0,0.0,175000.0,80579000.0,149006000.0,31227000.0,0.0,-60956000.0,-1.2111265646731573,-98676000.0,-1.9605801708722432,100602000.0,-29301000.0,-0.5821776276574607,-825000.0,-28476000.0,-0.5657858136300418,-2.32,-2.32,12293000.0,12293000.0,https://www.sec.gov/Archives/edgar/data/23194/000156459016028682/0001564590-16-028682-index.htm,https://www.sec.gov/Archives/edgar/data/23194/000156459016028682/crk-10q_20160930.htm,1620590681,16:04:41,20210509
19,2016-06-30,CRK,USD,2016-08-01,2016-08-01 09:14:57,Q2,40715000.0,56016000.0,-15301000.0,-0.37580744197470217,0.0,5663000.0,0.0,314000.0,5663000.0,61679000.0,28882000.0,0.0,15379000.0,0.3777231978386344,-20964000.0,-0.5148962298907037,54786000.0,4940000.0,0.12133120471570674,88000.0,4852000.0,0.11916983912562938,0.41,0.41,11557000.0,11557000.0,https://www.sec.gov/Archives/edgar/data/23194/000119312516665826/0001193125-16-665826-index.htm,https://www.sec.gov/Archives/edgar/data/23194/000119312516665826/d228961d10q.htm,1620590681,16:04:41,20210509
20,2016-03-31,CRK,USD,2016-05-04,2016-05-04 17:24:59,Q1,36903000.0,57347000.0,-20444000.0,-0.5539929003062082,0.0,5575000.0,0.0,281000.0,13328000.0,70675000.0,29944000.0,0.0,5345000.0,0.14483917296696747,-33772000.0,-0.9151559493808091,11599000.0,-52117000.0,-1.412270005148633,4460000.0,-56577000.0,-1.5331273880172345,-5.7,-5.7,9902400.0,9902400.0,https://www.sec.gov/Archives/edgar/data/23194/000156459016017706/0001564590-16-017706-index.htm,https://www.sec.gov/Archives/edgar/data/23194/000156459016013592/crk-10k_20151231.htm,1620590681,16:04:41,20210509
21,2015-12-31,CRK,USD,2016-02-26,2016-02-26 17:55:30,Q4,47228000.0,80366000.0,-33138000.0,-0.7016600321842974,0.0,2746000.0,0.0,529000.0,3131000.0,83497000.0,31872000.0,0.0,23368000.0,0.4947912255441687,-36269000.0,-0.7679554501566868,-229591000.0,-298040000.0,-6.310663165918523,-9497000.0,-288543000.0,-6.1095748284915725,-31.25,-31.25,9230000.0,9230000.0,https://www.sec.gov/Archives/edgar/data/23194/000156459016013592/0001564590-16-013592-index.htm,https://www.sec.gov/Archives/edgar/data/23194/000156459016013592/crk-10k_20151231.htm,1620590681,16:04:41,20210509
22,2015-09-30,CRK,USD,2015-11-05,2015-11-05 16:29:18,Q3,61360000.0,101979000.0,-40619000.0,-0.6619784876140808,0.0,5653000.0,0.0,273000.0,10693000.0,112672000.0,32159000.0,0.0,28544000.0,0.4651890482398957,-51312000.0,-0.836245110821382,-492309000.0,-575642000.0,-9.381388526727509,-30646000.0,-544996000.0,-8.881942633637548,-59.05,-59.05,9230000.0,9230000.0,https://www.sec.gov/Archives/edgar/data/23194/000156459015009682/0001564590-15-009682-index.htm,https://www.sec.gov/Archives/edgar/data/23194/000156459015009682/crk-10q_20150930.htm,1620590681,16:04:41,20210509
23,2015-06-30,CRK,USD,2015-08-05,2015-08-05 14:29:55,Q2,77312000.0,227297000.0,-149985000.0,-1.9399963783112584,0.0,7176000.0,0.0,214000.0,30216000.0,257513000.0,33807000.0,0.0,-89272000.0,-1.1546978476821192,-180201000.0,-2.3308283319536423,6124000.0,-207742000.0,-2.687060223509934,-72674000.0,-135068000.0,-1.7470509105960266,-14.65,-14.65,9224400.0,9224400.0,https://www.sec.gov/Archives/edgar/data/23194/000156459015006189/0001564590-15-006189-index.htm,https://www.sec.gov/Archives/edgar/data/23194/000156459015006189/crk-10q_20150630.htm,1620590681,16:04:41,20210509
24,2015-03-31,CRK,USD,2015-05-11,2015-05-11 13:45:56,Q1,66522000.0,112852000.0,-46330000.0,-0.6964613210667148,0.0,7966000.0,0.0,287000.0,50195000.0,163047000.0,20754000.0,0.0,-4349000.0,-0.0653768678031328,-96525000.0,-1.451023721475602,-2851000.0,-120130000.0,-1.805868735155287,-41628000.0,-78502000.0,-1.1800907970295542,-8.55,-8.55,9205400.0,9205400.0,https://www.sec.gov/Archives/edgar/data/23194/000156459015003874/0001564590-15-003874-index.htm,https://www.sec.gov/Archives/edgar/data/23194/000156459015000911/crk-10k_20141231.htm,1620590681,16:04:41,20210509
25,2014-12-31,CRK,USD,2015-02-25,2015-02-24 19:44:59,Q4,112616000.0,118487000.0,-5871000.0,-0.05213291184201179,0.0,6469000.0,0.0,214000.0,14423000.0,132910000.0,15272000.0,0.0,74805000.0,0.6642484194075442,-20294000.0,-0.18020529942459332,-48845000.0,-84411000.0,-0.7495471336222207,-26140000.0,-58271000.0,-0.5174309156780564,-6.3,-6.3,9261200.0,9261200.0,https://www.sec.gov/Archives/edgar/data/23194/000156459015000911/0001564590-15-000911-index.htm,https://www.sec.gov/Archives/edgar/data/23194/000156459015000911/crk-10k_20141231.htm,1620590681,16:04:41,20210509
26,2014-09-30,CRK,USD,2014-11-05,2014-11-05 17:14:44,Q3,144983000.0,125329000.0,19654000.0,0.13556072091210694,0.0,7927000.0,0.0,223000.0,19376000.0,144705000.0,14912000.0,0.0,100478000.0,0.6930329762799776,278000.0,0.001917466185690736,12241000.0,-2393000.0,-0.016505383389776734,-490000.0,-1903000.0,-0.013125676803487306,-0.2,-0.2,9330200.0,9330200.0,https://www.sec.gov/Archives/edgar/data/23194/000156459014005048/0001564590-14-005048-index.htm,https://www.sec.gov/Archives/edgar/data/23194/000156459014005048/crk-10q_20140930.htm,1620590681,16:04:41,20210509
27,2014-06-30,CRK,USD,2014-08-06,2014-08-06 15:20:37,Q2,155723000.0,118124000.0,37599000.0,0.24144795566486646,0.0,9614000.0,0.0,39000.0,9614000.0,127738000.0,14767000.0,0.0,122563000.0,0.7870577885090835,27985000.0,0.17971012631403196,-10067000.0,3151000.0,0.020234647418814176,1253000.0,1898000.0,0.012188308727676707,0.20342543568197896,0.20189771083312058,9330200.0,9400800.0,https://www.sec.gov/Archives/edgar/data/23194/000156459014003205/0001564590-14-003205-index.htm,https://www.sec.gov/Archives/edgar/data/23194/000156459014003205/crk-10q_20140630.htm,1620590681,16:04:41,20210509
28,2014-03-31,CRK,USD,2014-05-06,2014-05-06 15:14:48,Q1,141909000.0,113312000.0,28597000.0,0.2015164647767231,0.0,8369000.0,0.0,251000.0,8369000.0,121681000.0,13680000.0,0.0,109353000.0,0.7705853751347694,20228000.0,0.14254205159644562,-4695000.0,1853000.0,0.013057663714070284,688000.0,1165000.0,0.00820948636097781,0.12500268246099702,0.12460159575605895,9319800.0,9349800.0,https://www.sec.gov/Archives/edgar/data/23194/000156459014001811/0001564590-14-001811-index.htm,https://www.sec.gov/Archives/edgar/data/23194/000156459014000379/crk-10k_20131231.htm,1620590681,16:04:41,20210509
29,2013-12-31,CRK,USD,2014-02-27,2014-02-26 18:44:39,Q4,105860000.0,103394000.0,2466000.0,0.023294917815983373,0.0,8771000.0,0.0,0.0,26852000.0,130246000.0,15894000.0,0.0,56970000.0,0.538163612318156,-24386000.0,-0.2303608539580578,-14862000.0,-56006000.0,-0.5290572454184772,-19365000.0,-37498000.0,-0.35422255809559794,-4.05,-4.05,9233000.0,9233000.0,https://www.sec.gov/Archives/edgar/data/23194/000156459014000379/0001564590-14-000379-index.htm,https://www.sec.gov/Archives/edgar/data/23194/000156459014000379/crk-10k_20131231.htm,1620590681,16:04:41,20210509
30,2013-09-30,CRK,USD,2013-11-07,2013-11-07 16:41:14,Q3,111590000.0,109528000.0,2062000.0,0.018478358275831167,0.0,8153000.0,0.0,0.0,11148000.0,120676000.0,20530000.0,0.0,77099000.0,0.6909131642620306,-9086000.0,-0.08142306658302716,-7395000.0,-36588000.0,-0.3278788421901604,-12554000.0,-24034000.0,-0.21537772201810199,-2.6,-2.6,9314000.0,9314000.0,https://www.sec.gov/Archives/edgar/data/23194/000156459013001081/0001564590-13-001081-index.htm,https://www.sec.gov/Archives/edgar/data/23194/000156459013001081/crk-10q_20131001.htm,1620590681,16:04:41,20210509
31,2013-06-30,CRK,USD,2013-08-05,2013-08-02 21:33:35,Q2,107901000.0,106443000.0,1458000.0,0.013512386354157978,0.0,9056000.0,0.0,196000.0,18810000.0,125253000.0,19240000.0,0.0,68088000.0,0.6310228820863569,-17352000.0,-0.16081407957294186,2869000.0,-33527000.0,-0.310720011862726,-11996000.0,129705000.0,1.202074123502099,13.4,13.4,9350800.0,9350800.0,https://www.sec.gov/Archives/edgar/data/23194/000156459013000187/0001564590-13-000187-index.htm,https://www.sec.gov/Archives/edgar/data/23194/000156459013000187/crk-10q_20130630.htm,1620590681,16:04:41,20210509
32,2013-03-31,CRK,USD,2013-05-03,2013-05-03 16:41:10,Q1,95020000.0,104496000.0,-9476000.0,-0.09972637339507472,0.0,8787000.0,0.0,245000.0,11380000.0,115876000.0,17578000.0,0.0,64356000.0,0.6772889917912018,-20856000.0,-0.2194906335508314,1675000.0,-36759000.0,-0.3868553988633972,-12242000.0,-27144000.0,-0.28566617554199114,-2.9,-2.9,9346000.0,9346000.0,https://www.sec.gov/Archives/edgar/data/23194/000119312513199280/0001193125-13-199280-index.htm,https://www.sec.gov/Archives/edgar/data/23194/000119312513083473/d445060d10k.htm,1620590681,16:04:41,20210509
33,2012-12-31,CRK,USD,2013-02-28,2013-02-28 14:01:11,Q4,124040000.0,390554000.0,-266514000.0,-2.1486133505320866,0.0,7825000.0,0.0,269000.0,194000000.0,188621000.0,19274000.0,0.0,81116000.0,0.6539503386004515,-64581000.0,-0.5206465656239923,-22764000.0,-106619000.0,-0.8595533698806836,-35992000.0,-70627000.0,-0.5693889068042567,-8.4,-8.4,9289200.0,9289200.0,https://www.sec.gov/Archives/edgar/data/23194/000119312513083473/0001193125-13-083473-index.htm,https://www.sec.gov/Archives/edgar/data/23194/000119312513083473/d445060d10k.htm,1620590681,16:04:41,20210509
34,2012-09-30,CRK,USD,2012-11-02,2012-11-02 14:56:52,Q3,117129000.0,25741000.0,91388000.0,0.7802337593593388,0.0,8142000.0,0.0,0.0,108779000.0,134520000.0,17535000.0,0.0,81839000.0,0.6987082618309727,-17391000.0,-0.14847731987808313,-2641000.0,-37567000.0,-0.3207318426691938,-11579000.0,-25988000.0,-0.22187502667998532,-2.8,-2.8,9288600.0,9288600.0,https://www.sec.gov/Archives/edgar/data/23194/000119312512448864/0001193125-12-448864-index.htm,https://www.sec.gov/Archives/edgar/data/23194/000119312512448864/d404541d10q.htm,1620590681,16:04:41,20210509
35,2012-06-30,CRK,USD,2012-08-03,2012-08-03 17:13:54,Q2,125028000.0,24666000.0,100362000.0,0.8027161915730876,0.0,9033000.0,0.0,0.0,99153000.0,123819000.0,14529000.0,0.0,91292000.0,0.7301724413731324,1209000.0,0.00966983395719359,-4756000.0,-18076000.0,-0.14457561506222605,-7772000.0,-10304000.0,-0.08241353936718175,-1.1,-1.1,9285200.0,9285200.0,https://www.sec.gov/Archives/edgar/data/23194/000119312512335118/0001193125-12-335118-index.htm,https://www.sec.gov/Archives/edgar/data/23194/000119312512335118/d358735d10q.htm,1620590681,16:04:41,20210509
36,2012-03-31,CRK,USD,2012-05-04,2012-05-04 17:12:07,Q1,117062000.0,26278000.0,90784000.0,0.7755206642633818,0.0,8798000.0,0.0,0.0,89248000.0,115526000.0,13237000.0,0.0,80633000.0,0.6888059318993354,1536000.0,0.01312125198612701,26549000.0,14848000.0,0.12683876919922776,7989000.0,6859000.0,0.058592882404196064,0.7,0.7,9274400.0,9274400.0,https://www.sec.gov/Archives/edgar/data/23194/000119312512212301/0001193125-12-212301-index.htm,https://www.sec.gov/Archives/edgar/data/23194/000119312512081407/d259684d10k.htm,1620590681,16:04:41,20210509
37,2011-12-31,CRK,USD,2012-02-27,2012-02-27 15:40:58,Q4,114456000.0,19631000.0,94825000.0,0.828484308380513,0.0,9199000.0,0.0,0.0,87525000.0,107156000.0,12006000.0,0.0,85754000.0,0.7492311455930664,7300000.0,0.06377996784790661,-57912000.0,-62408000.0,-0.5452575662263228,-21274000.0,-41134000.0,-0.35938701335010836,-4.435219529026137,-4.435219529026137,9274400.0,9274400.0,https://www.sec.gov/Archives/edgar/data/23194/000119312512081407/0001193125-12-081407-index.htm,https://www.sec.gov/Archives/edgar/data/23194/000119312512081407/d259684d10k.htm,1620590681,16:04:41,20210509
38,2011-09-30,CRK,USD,2011-11-04,2011-11-03 17:47:42,Q3,119422000.0,20769000.0,98653000.0,0.8260873205941954,0.0,8628000.0,0.0,0.0,86593000.0,107362000.0,9988000.0,0.0,89765000.0,0.7516621727989817,12060000.0,0.10098641791294737,2510000.0,4769000.0,0.03993401550803034,3460000.0,1309000.0,0.010961129440136658,0.15,0.15,9202200.0,9202200.0,https://www.sec.gov/Archives/edgar/data/23194/000095012311094942/0000950123-11-094942-index.htm,https://www.sec.gov/Archives/edgar/data/23194/000095012311094942/d84405e10vq.htm,1620590681,16:04:41,20210509
39,2011-06-30,CRK,USD,2011-08-05,2011-08-05 13:10:06,Q2,112451000.0,20411000.0,92040000.0,0.8184898311264461,0.0,8917000.0,0.0,0.0,83688000.0,104099000.0,10410000.0,0.0,83041000.0,0.7384638642608781,8352000.0,0.07427234973455105,8589000.0,6531000.0,0.05807862980320317,2582000.0,3949000.0,0.03511751785222008,0.4,0.4,9198400.0,9198400.0,https://www.sec.gov/Archives/edgar/data/23194/000095012311073468/0000950123-11-073468-index.htm,https://www.sec.gov/Archives/edgar/data/23194/000095012311073468/d83063e10vq.htm,1620590681,16:04:41,20210509
40,2011-03-31,CRK,USD,2011-05-04,2011-05-04 15:11:20,Q1,88038000.0,17902000.0,70136000.0,0.7966559894590972,0.0,8428000.0,0.0,0.0,78290000.0,96192000.0,10284000.0,0.0,52171000.0,0.5925963788364116,-8154000.0,-0.09261909629932528,21450000.0,3012000.0,0.03421249914809514,608000.0,2404000.0,0.027306390422317636,0.25,0.25,9194800.0,9194800.0,https://www.sec.gov/Archives/edgar/data/23194/000095012311044558/0000950123-11-044558-index.htm,https://www.sec.gov/Archives/edgar/data/23194/000095012311016458/d78717e10vk.htm,1620590681,16:04:41,20210509
41,2010-12-31,CRK,USD,2011-02-22,2011-02-22 15:29:01,Q4,72650000.0,17674000.0,54976000.0,0.7567240192704748,0.0,8235000.0,0.0,0.0,85172000.0,102846000.0,6905000.0,0.0,20010000.0,0.27543014452856157,-30196000.0,-0.4156366139022712,11714000.0,-25387000.0,-0.3494425326909842,-4778000.0,-20609000.0,-0.28367515485203026,-2.2413755600991867,-2.2413755600991867,9194800.0,9194800.0,https://www.sec.gov/Archives/edgar/data/23194/000095012311016458/0000950123-11-016458-index.htm,https://www.sec.gov/Archives/edgar/data/23194/000095012311016458/d78717e10vk.htm,1620590681,16:04:41,20210509
42,2010-09-30,CRK,USD,2010-11-04,2010-11-04 15:59:43,Q3,79720000.0,20165000.0,59555000.0,0.7470521826392373,0.0,9400000.0,0.0,0.0,57434000.0,77599000.0,7108000.0,0.0,48922000.0,0.6136728549924737,2121000.0,0.026605619668840945,74000.0,-4908000.0,-0.06156547917711992,-208000.0,-4700000.0,-0.058956347215253384,-0.5,-0.5,9124600.0,9124600.0,https://www.sec.gov/Archives/edgar/data/23194/000095012310100876/0000950123-10-100876-index.htm,https://www.sec.gov/Archives/edgar/data/23194/000095012310100876/d76607e10vq.htm,1620590681,16:04:41,20210509
43,2010-06-30,CRK,USD,2010-08-05,2010-08-05 11:25:07,Q2,90682000.0,22473000.0,68209000.0,0.7521779404953574,0.0,9764000.0,0.0,0.0,67261000.0,89734000.0,7599000.0,0.0,58465000.0,0.6447255243598509,948000.0,0.010454114377715533,4892000.0,-1640000.0,-0.018085176771575395,-21000.0,-1619000.0,-0.017853598288524734,-0.2,-0.2,9115800.0,9115800.0,https://www.sec.gov/Archives/edgar/data/23194/000095012310073076/0000950123-10-073076-index.htm,https://www.sec.gov/Archives/edgar/data/23194/000095012310073076/d74148e10vq.htm,1620590681,16:04:41,20210509
44,2010-03-31,CRK,USD,2010-05-05,2010-05-05 12:45:44,Q1,106089000.0,20363000.0,85726000.0,0.8080573857798641,0.0,9801000.0,0.0,0.0,70379000.0,90742000.0,7844000.0,0.0,74895000.0,0.7059638605321946,15347000.0,0.14466155774868272,-139000.0,7503000.0,0.07072363770042134,161000.0,7342000.0,0.06920604398193969,0.8084478505990134,0.8060337256279642,9081600.0,9108800.0,https://www.sec.gov/Archives/edgar/data/23194/000002319410000015/0000023194-10-000015-index.htm,https://www.sec.gov/Archives/edgar/data/23194/000095012310018130/d71139e10vk.htm,1620590681,16:04:41,20210509
45,2009-12-31,CRK,USD,2010-02-26,2010-02-26 16:06:42,Q4,90414000.0,18716000.0,71698000.0,0.7929966598093215,0.0,11613000.0,0.0,0.0,73386000.0,92102000.0,7779000.0,0.0,59759000.0,0.6609485256708032,-1688000.0,-0.018669675050324065,0.0,-9239000.0,-0.1021855022452275,-2472000.0,-6767000.0,-0.07484460371181455,-0.7451330162085976,-0.7451330162085976,9081600.0,9081600.0,https://www.sec.gov/Archives/edgar/data/23194/000095012310018130/0000950123-10-018130-index.htm,https://www.sec.gov/Archives/edgar/data/23194/000095012310018130/d71139e10vk.htm,1620590681,16:04:41,20210509
46,2009-09-30,CRK,USD,2009-11-04,2009-11-04 15:45:09,Q3,67436000.0,16019000.0,51417000.0,0.7624562548193843,0.0,8689000.0,0.0,0.0,62849000.0,78868000.0,3244000.0,0.0,42504000.0,0.6302864938608458,-11432000.0,-0.1695236965419064,-92000.0,-14765000.0,-0.21894833620024912,-2193000.0,-12572000.0,-0.1864286137967851,-1.4,-1.4,9006400.0,9006400.0,https://www.sec.gov/Archives/edgar/data/23194/000002319409000040/0000023194-09-000040-index.htm,https://www.sec.gov/Archives/edgar/data/23194/000002319409000040/form10qsept302009.htm,1620590681,16:04:41,20210509
47,2009-06-30,CRK,USD,2009-08-04,2009-08-04 16:29:27,Q2,64875000.0,17485000.0,47390000.0,0.7304816955684008,0.0,9051000.0,0.0,0.0,59978000.0,77463000.0,2901000.0,0.0,38218000.0,0.589102119460501,-12588000.0,-0.19403468208092486,29000.0,-15450000.0,-0.23815028901734103,-3975000.0,-11475000.0,-0.176878612716763,-1.3,-1.3,9000000.0,9000000.0,https://www.sec.gov/Archives/edgar/data/23194/000002319409000025/0000023194-09-000025-index.htm,https://www.sec.gov/Archives/edgar/data/23194/000002319409000025/form10qjune3009.htm,1620590681,16:04:41,20210509
48,2009-03-31,CRK,USD,2009-05-06,2009-05-06 17:17:24,Q1,68351000.0,16959000.0,51392000.0,0.751883659346608,0.0,9819000.0,0.0,0.0,57104000.0,74063000.0,2162000.0,0.0,41582000.0,0.608359789907975,-5712000.0,-0.08356863835203582,63000.0,-7789000.0,-0.11395590408333456,-2132000.0,-5657000.0,-0.08276396833989261,-0.6,-0.6,8988200.0,8988200.0,https://www.sec.gov/Archives/edgar/data/23194/000002319409000019/0000023194-09-000019-index.htm,https://www.sec.gov/Archives/edgar/data/23194/000095013409003729/d66286e10vk.htm,1620590681,16:04:41,20210509
49,2008-12-31,CRK,USD,2009-02-25,2009-02-25 17:14:44,Q4,126714000.0,15578000.0,111136000.0,0.8770617295642155,0.0,11938000.0,0.0,0.0,93839000.0,109417000.0,2088000.0,0.0,69230000.0,0.5463484697823445,17297000.0,0.13650425367362723,-163562000.0,-147769000.0,-1.1661615922471076,-51392000.0,-96377000.0,-0.7605868333412251,-10.7226140940344,-10.7226140940344,8988200.0,8988200.0,https://www.sec.gov/Archives/edgar/data/23194/000095013409003729/0000950134-09-003729-index.htm,https://www.sec.gov/Archives/edgar/data/23194/000095013409003729/d66286e10vk.htm,1620590681,16:04:41,20210509
50,2008-09-30,CRK,USD,2008-11-06,2008-11-06 16:37:56,Q3,163852000.0,24350000.0,139502000.0,0.8513902790322975,0.0,7242000.0,0.0,0.0,47829000.0,72179000.0,4751000.0,46146000.0,137819000.0,0.8411188145399506,91673000.0,0.5594866098674414,5385000.0,87538000.0,0.5342504211117349,32774000.0,224617000.0,1.370852964870737,25.1,24.55,8949600.0,9151800.0,https://www.sec.gov/Archives/edgar/data/23194/000002319408000090/0000023194-08-000090-index.htm,https://www.sec.gov/Archives/edgar/data/23194/000002319408000090/form10qsept302008.htm,1620590681,16:04:41,20210509
51,2008-06-30,CRK,USD,2008-08-11,2008-08-08 18:21:31,Q2,193466000.0,23362000.0,170104000.0,0.8792449319260232,0.0,6922000.0,0.0,0.0,51344000.0,74706000.0,8546000.0,15441000.0,134201000.0,0.693667104297396,118760000.0,0.6138546307878386,21480000.0,110455000.0,0.5709271913411142,40027000.0,82627000.0,0.4270879637765809,9.35,9.05,8857400.0,9074600.0,https://www.sec.gov/Archives/edgar/data/23194/000002319408000075/0000023194-08-000075-index.htm,https://www.sec.gov/Archives/edgar/data/23194/000002319408000075/form10qjune302008.htm,1620590681,16:04:41,20210509
52,2008-03-31,CRK,USD,2008-05-12,2008-05-09 18:04:25,Q1,240987000.0,45295000.0,195692000.0,0.8120438031927033,0.0,9339000.0,0.0,0.0,80141000.0,125436000.0,11314000.0,70891000.0,186442000.0,0.7736599899579646,115551000.0,0.4794905949283571,-83000.0,104638000.0,0.4342059945142269,44073000.0,41095000.0,0.17052787079800985,4.65,4.55,8835800.0,8998800.0,https://www.sec.gov/Archives/edgar/data/23194/000002319408000042/0000023194-08-000042-index.htm,https://www.sec.gov/Archives/edgar/data/23194/000095013408003749/d54071e10vk.htm,1620590681,16:04:41,20210509
53,2007-12-31,CRK,USD,2008-02-29,2008-02-28 21:32:41,Q4,195764000.0,38734000.0,157030000.0,0.8021393105984758,0.0,16142000.0,0.0,0.0,80874000.0,119608000.0,11446000.0,65036000.0,141192000.0,0.721235773686684,76156000.0,0.3890194315604503,180000.0,65238000.0,0.33324819680840195,29222000.0,21698000.0,0.11083753907766494,2.4556916181896375,2.4556916181896375,8835800.0,8835800.0,https://www.sec.gov/Archives/edgar/data/23194/000095013408003749/0000950134-08-003749-index.htm,https://www.sec.gov/Archives/edgar/data/23194/000095013408003749/d54071e10vk.htm,1620590681,16:04:41,20210509
54,2007-09-30,CRK,USD,2007-11-07,2007-11-07 17:26:55,Q3,171074000.0,39715000.0,131359000.0,0.7678490010171037,0.0,8676000.0,0.0,0.0,71096000.0,110811000.0,11225000.0,62711000.0,122974000.0,0.7188351239814349,60263000.0,0.3522627634824696,-1498000.0,48776000.0,0.28511638238423137,21570000.0,16428000.0,0.096028619194033,1.9,1.85,8675800.0,8886800.0,https://www.sec.gov/Archives/edgar/data/23194/000002319407000078/0000023194-07-000078-index.htm,https://www.sec.gov/Archives/edgar/data/23194/000002319407000078/comstockform10qsept302007.htm,1620590681,16:04:41,20210509
55,2007-06-30,CRK,USD,2007-08-09,2007-08-09 16:44:18,Q2,174206000.0,50046000.0,124160000.0,0.712719424130053,0.0,8162000.0,0.0,0.0,67922000.0,117968000.0,10206000.0,60042000.0,116280000.0,0.6674856204723144,56238000.0,0.322824701789835,221000.0,46588000.0,0.26743051330034556,19561000.0,18217000.0,0.10457159914124657,2.1,2.05,8674800.0,8872200.0,https://www.sec.gov/Archives/edgar/data/23194/000002319407000058/0000023194-07-000058-index.htm,https://www.sec.gov/Archives/edgar/data/23194/000002319407000058/form10qcrkjune3007.htm,1620590681,16:04:41,20210509
56,2007-03-31,CRK,USD,2007-05-10,2007-05-10 15:51:57,Q1,146029000.0,38216000.0,107813000.0,0.7382985571359114,0.0,9702000.0,0.0,0.0,66409000.0,104625000.0,0.0,56988000.0,98392000.0,0.6737839744160407,41404000.0,0.2835327229522903,130000.0,33381000.0,0.22859158112429723,14824000.0,12558000.0,0.0859966171103,1.45,1.4,8672800.0,8847600.0,https://www.sec.gov/Archives/edgar/data/23194/000095013407011085/0000950134-07-011085-index.htm,https://www.sec.gov/Archives/edgar/data/23194/000095013407004595/d43050e10vk.htm,1620590681,16:04:41,20210509
57,2006-12-31,CRK,USD,2007-03-01,2007-03-01 17:02:58,Q4,126775000.0,32553000.0,94222000.0,0.7432222441333071,0.0,9031000.0,0.0,0.0,50562000.0,83115000.0,9107000.0,50236000.0,93896000.0,0.740650759219089,43660000.0,0.3443896667323999,-8211000.0,26905000.0,0.2122263853283376,12492000.0,8412000.0,0.06635377637546835,0.9699289733419426,0.9699289733419426,8672800.0,8672800.0,https://www.sec.gov/Archives/edgar/data/23194/000095013407004595/0000950134-07-004595-index.htm,https://www.sec.gov/Archives/edgar/data/23194/000095013407004595/d43050e10vk.htm,1620590681,16:04:41,20210509
58,2006-09-30,CRK,USD,2006-11-09,2006-11-09 17:07:31,Q3,129251000.0,34973000.0,94278000.0,0.7294179542131202,0.0,7370000.0,0.0,0.0,48079000.0,83052000.0,6733000.0,72004000.0,118203000.0,0.914522905045222,46199000.0,0.35743630610208044,-1411000.0,39702000.0,0.30716977044665034,16662000.0,17036000.0,0.13180555663012278,2.0,1.95,8448600.0,8710600.0,https://www.sec.gov/Archives/edgar/data/23194/000002319406000030/0000023194-06-000030-index.htm,https://www.sec.gov/Archives/edgar/data/23194/000002319406000030/form10qcomstocksep3006.htm,1620590681,16:04:41,20210509
59,2006-06-30,CRK,USD,2006-08-07,2006-08-07 17:13:22,Q2,64571000.0,13200000.0,51371000.0,0.7955738644283037,0.0,4592000.0,0.0,0.0,29094000.0,42294000.0,4537000.0,16803000.0,39080000.0,0.6052252559198402,22277000.0,0.34500007743414224,505000.0,26351000.0,0.4080934165492249,10768000.0,15583000.0,0.2413312477737684,1.85,1.8,8415400.0,8704200.0,https://www.sec.gov/Archives/edgar/data/23194/000095013406015058/0000950134-06-015058-index.htm,https://www.sec.gov/Archives/edgar/data/23194/000095013406015058/d38446e10vq.htm,1620590681,16:04:41,20210509
60,2006-03-31,CRK,USD,2006-05-10,2006-05-10 14:46:23,Q1,69891000.0,14199000.0,55692000.0,0.7968407949521398,0.0,4894000.0,0.0,0.0,21186000.0,35385000.0,4406000.0,16528000.0,51034000.0,0.7301941594768997,34506000.0,0.4937116366914195,16226000.0,46494000.0,0.6652358672790488,16860000.0,29634000.0,0.42400309052667723,3.5,3.4,8410200.0,8685800.0,https://www.sec.gov/Archives/edgar/data/23194/000095013406009420/0000950134-06-009420-index.htm,https://www.sec.gov/Archives/edgar/data/23194/000095013406005194/d33117e10vk.htm,1620590681,16:04:41,20210509
61,2005-12-31,CRK,USD,2006-03-16,2006-03-15 17:53:57,Q4,93366000.0,14113000.0,79253000.0,0.8488421909474541,0.0,5518000.0,0.0,0.0,53685000.0,67798000.0,4773000.0,15263000.0,40831000.0,0.4373219373219373,25568000.0,0.27384701068911593,44727000.0,65677000.0,0.7034359402780456,24346000.0,41331000.0,0.44267720583510056,4.914389669686809,4.914389669686809,8410200.0,8410200.0,https://www.sec.gov/Archives/edgar/data/23194/000095013406005194/0000950134-06-005194-index.htm,https://www.sec.gov/Archives/edgar/data/23194/000095013406005194/d33117e10vk.htm,1620590681,16:04:41,20210509
62,2005-09-30,CRK,USD,2005-11-09,2005-11-09 16:25:14,Q3,71619000.0,13226000.0,58393000.0,0.8153283346597969,0.0,3058000.0,0.0,0.0,17094000.0,30320000.0,0.0,14272000.0,55571000.0,0.775925382929111,41299000.0,0.5766486546866055,-18219000.0,21740000.0,0.30355073374383895,7602000.0,14138000.0,0.19740571636018375,1.75,1.65,8086400.0,8476000.0,https://www.sec.gov/Archives/edgar/data/23194/000002319405000015/0000023194-05-000015-index.htm,https://www.sec.gov/Archives/edgar/data/23194/000002319405000015/comstockresources10qnov05.htm,1620590681,16:04:41,20210509
63,2005-06-30,CRK,USD,2005-08-15,2005-08-15 13:03:21,Q2,68529000.0,28080000.0,40449000.0,0.5902464650002189,0.0,3769000.0,0.0,0.0,48000000.0,15407000.0,4719000.0,16214000.0,69336000.0,1.0117760364225366,53122000.0,0.7751754731573495,-64810000.0,-15948000.0,-0.23271899487808081,-5070000.0,-10878000.0,-0.15873571772534256,-1.35,-1.35,7952400.0,7952400.0,https://www.sec.gov/Archives/edgar/data/23194/000095013405015997/0000950134-05-015997-index.htm,https://www.sec.gov/Archives/edgar/data/23194/000095013405015997/d27810e10vq.htm,1620590681,16:04:41,20210509
64,2005-03-31,CRK,USD,2005-05-10,2005-05-10 17:26:22,Q1,69822000.0,15272000.0,54550000.0,0.7812723783334765,0.0,4188000.0,0.0,0.0,18303000.0,33575000.0,5798000.0,17589000.0,53836000.0,0.7710463750680301,36247000.0,0.5191343702557933,-6372000.0,24825000.0,0.35554696227550053,8937000.0,15888000.0,0.22755005585632035,2.25,2.15,6999800.0,7471200.0,https://www.sec.gov/Archives/edgar/data/23194/000095013405009683/0000950134-05-009683-index.htm,https://www.sec.gov/Archives/edgar/data/23194/000095013405005460/d23400e10vk.htm,1620590681,16:04:41,20210509
65,2004-12-31,CRK,USD,2005-03-18,2005-03-18 16:15:25,Q4,56025000.0,12584000.0,43441000.0,0.7753859883980366,0.0,4932000.0,0.0,0.0,38564000.0,51148000.0,5588000.0,11839000.0,16716000.0,0.2983668005354752,4877000.0,0.08705042391789379,-1383000.0,24757000.0,0.4418920124944221,8899000.0,15858000.0,0.2830522088353414,2.265493299808566,2.265493299808566,6999800.0,6999800.0,https://www.sec.gov/Archives/edgar/data/23194/000095013405005460/0000950134-05-005460-index.htm,https://www.sec.gov/Archives/edgar/data/23194/000095013405005460/d23400e10vk.htm,1620590681,16:04:41,20210509
66,2004-09-30,CRK,USD,2004-11-09,2004-11-09 16:04:21,Q3,78353000.0,24809000.0,53544000.0,0.6833688563296875,0.0,3665000.0,0.0,0.0,21974000.0,46783000.0,0.0,20503000.0,52073000.0,0.6645948464002654,31570000.0,0.4029201179278394,-4345000.0,19247000.0,0.24564471047694408,6929000.0,12318000.0,0.15721159368498971,1.8,1.7,6840800.0,7195800.0,https://www.sec.gov/Archives/edgar/data/23194/000095013404016933/0000950134-04-016933-index.htm,https://www.sec.gov/Archives/edgar/data/23194/000095013404016933/d19996e10vq.htm,1620590681,16:04:41,20210509
67,2004-06-30,CRK,USD,2004-08-06,2004-08-06 14:51:41,Q2,66508000.0,14253000.0,52255000.0,0.7856949539904974,0.0,2882000.0,0.0,0.0,18592000.0,32845000.0,4526000.0,15728000.0,49391000.0,0.7426324652673363,33663000.0,0.5061496361339989,11000.0,29166000.0,0.4385337102303482,10500000.0,18666000.0,0.2806579659589824,2.75,2.6,6822200.0,7226600.0,https://www.sec.gov/Archives/edgar/data/23194/000095013404011584/0000950134-04-011584-index.htm,https://www.sec.gov/Archives/edgar/data/23194/000095013404011584/d16950e10vq.htm,1620590681,16:04:41,20210509
68,2004-03-31,CRK,USD,2004-05-07,2004-05-07 17:29:20,Q1,60761000.0,16032000.0,44729000.0,0.7361465413669953,0.0,3090000.0,0.0,0.0,-682000.0,15350000.0,6265000.0,15809000.0,61220000.0,1.007554187719096,45411000.0,0.7473708464310989,-39123000.0,39000.0,0.0006418590872434621,14000.0,25000.0,0.0004114481328483731,0.003693525987648849,0.003514197357323587,6768600.0,7114000.0,https://www.sec.gov/Archives/edgar/data/23194/000095013404006985/0000950134-04-006985-index.htm,https://www.sec.gov/Archives/edgar/data/23194/000095013404003512/d13479e10vk.htm,1620590681,16:04:41,20210509
69,2003-12-31,CRK,USD,2004-03-15,2004-03-15 16:26:01,Q4,52499000.0,13082000.0,39417000.0,0.7508143012247852,0.0,2023000.0,0.0,0.0,18325000.0,31407000.0,7212000.0,15402000.0,36494000.0,0.6951370502295282,21092000.0,0.4017600335244481,-8457000.0,9695000.0,0.18467018419398465,4043000.0,5652000.0,0.10765919350844778,0.8350323552876519,0.8350323552876519,6768600.0,6768600.0,https://www.sec.gov/Archives/edgar/data/23194/000095013404003512/0000950134-04-003512-index.htm,https://www.sec.gov/Archives/edgar/data/23194/000095013404003512/d13479e10vk.htm,1620590681,16:04:41,20210509
70,2003-09-30,CRK,USD,2003-11-10,2003-11-10 17:22:29,Q3,56866000.0,13037000.0,43829000.0,0.7707417437484613,0.0,1508000.0,0.0,0.0,16671000.0,29708000.0,7370000.0,15463000.0,42621000.0,0.7494988217915802,27158000.0,0.477578869623325,73000.0,19877000.0,0.3495410262722892,6957000.0,12920000.0,0.22720078781697323,1.9,1.8,6712400.0,7079600.0,https://www.sec.gov/Archives/edgar/data/23194/000002319403000030/0000023194-03-000030-index.htm,https://www.sec.gov/Archives/edgar/data/23194/000002319403000030/form10q_9-03.htm,1620590681,16:04:41,20210509
71,2003-06-30,CRK,USD,2003-06-30,2003-06-30,Q2,57161000.0,11036000.0,46125000.0,0.8069312993124683,0.0,1947000.0,0.0,0.0,17064000.0,28100000.0,0.0,15117000.0,44178000.0,0.7728696138975876,29061000.0,0.5084060810692606,44000.0,21758000.0,0.38064414548380887,7615000.0,14143000.0,0.24742394289812986,2.2,2.0,6294600.0,7002000.0,,,1620590681,16:04:41,20210509
72,2003-03-31,CRK,USD,2003-05-14,2003-05-14,Q1,68576000.0,13001000.0,55575000.0,0.8104147223518432,0.0,1528000.0,0.0,0.0,16712000.0,29713000.0,0.0,15187000.0,54050000.0,0.7881766215585627,38863000.0,0.5667143023798413,44000.0,31619000.0,0.4610796780214652,11067000.0,21227000.0,0.3095397806812879,3.6,3.1,5784600.0,6895000.0,https://www.sec.gov/Archives/edgar/data/23194/000002319403000017/0000023194-03-000017-index.htm,https://www.sec.gov/Archives/edgar/data/23194/000002319403000017/form10q.htm,1620590681,16:04:41,20210509
73,2002-12-31,CRK,USD,2003-03-26,2003-03-26,Q4,49803000.0,11060000.0,38743000.0,0.7779250245969118,0.0,2171000.0,0.0,0.0,15865000.0,26925000.0,7615000.0,13694000.0,36572000.0,0.7343332730959983,22878000.0,0.4593699174748509,7636000.0,15231000.0,0.30582495030419854,5331000.0,9900000.0,0.19878320583097403,1.7114407219168135,1.7114407219168135,5784600.0,5784600.0,https://www.sec.gov/Archives/edgar/data/23194/000002319403000007/0000023194-03-000007-index.htm,https://www.sec.gov/Archives/edgar/data/23194/000002319403000007/form_10k-2002.htm,1620590681,16:04:41,20210509
74,2002-09-30,CRK,USD,2002-11-08 00:00:00,2002-11-08 16:38:19,Q3,35678000.0,8355000.0,27323000.0,0.765822075228432,0.0,935000.0,0.0,0.0,14131000.0,22486000.0,7875000.0,13196000.0,26388000.0,0.7396154492964853,13192000.0,0.3697516676943775,-124000.0,5191000.0,0.14549582375693704,1817000.0,3431000.0,0.09616570435562531,0.5949367088607594,0.5082210042956599,5767000.0,6751000.0,https://www.sec.gov/Archives/edgar/data/23194/000002319402000032/0000023194-02-000032-index.html,https://www.sec.gov/Archives/edgar/data/23194/000002319402000032/form10q_9-02.htm,1620590681,16:04:41,20210509
75,2002-06-30,CRK,USD,2002-08-12 00:00:00,2002-08-12 16:05:30,Q2,38083000.0,9495000.0,28588000.0,0.7506761547147021,0.0,1077000.0,0.0,0.0,15134000.0,24629000.0,7702000.0,13954000.0,27408000.0,0.7196912007982564,13454000.0,0.3532809915185253,-329000.0,5548000.0,0.1456818002783394,1942000.0,3203000.0,0.08410576897828427,0.5,0.45,5755200.0,6808400.0,https://www.sec.gov/Archives/edgar/data/23194/000002319402000026/0000023194-02-000026-index.html,https://www.sec.gov/Archives/edgar/data/23194/000002319402000026/form10q6_02.htm,1620590681,16:04:41,20210509
76,2002-03-31,CRK,USD,2002-05-14 00:00:00,2002-05-14 14:30:11,Q1,26678000.0,10089000.0,16589000.0,0.6218232251293201,0.0,930000.0,0.0,0.0,14491000.0,24580000.0,6810000.0,13561000.0,15659000.0,0.5869630407076992,2098000.0,0.0786415773296349,-3808000.0,-6556000.0,-0.24574555813779145,-2295000.0,-4261000.0,-0.1597196191618562,-0.95,-0.95,5712000.0,5712000.0,https://www.sec.gov/Archives/edgar/data/23194/000002319402000018/0000023194-02-000018-index.html,https://www.sec.gov/Archives/edgar/data/23194/000002319402000018/form10q_march2002.htm,1620590681,16:04:41,20210509
77,2001-12-31,CRK,USD,2001-12-31,2001-12-31,Q4,24498000.0,8197000.0,16301000.0,0.6654012572454894,0.0,3301000.0,0.0,0.0,16034000.0,24231000.0,5258000.0,12733000.0,13000000.0,0.5306555637194873,267000.0,0.010898848885623317,0.0,-4991000.0,-0.20373091680953548,-1747000.0,-3244000.0,-0.13241897297738592,-0.5679271708683473,-0.5679271708683473,5712000.0,5712000.0,,,1620590681,16:04:41,20210509
78,2001-09-30,CRK,USD,2001-11-14 00:00:00,2001-11-14 00:00:00,Q3,29781000.0,7313000.0,22468000.0,0.7544407508142775,0.0,623000.0,0.0,0.0,13004000.0,20317000.0,5018000.0,12381000.0,21845000.0,0.7335213726872838,9464000.0,0.31778650817635407,113000.0,4446000.0,0.1492898156542762,1556000.0,2890000.0,0.0970417380208858,0.5018058063619947,0.4253753311745658,5759200.0,6794000.0,https://www.sec.gov/Archives/edgar/data/23194/000002319401500016/0000023194-01-500016-index.html,https://www.sec.gov/Archives/edgar/data/23194/000002319401500016/form10q9-01.htm,1620590681,16:04:41,20210509
79,2001-06-30,CRK,USD,2001-08-13 00:00:00,2001-08-13 00:00:00,Q2,46575000.0,8791000.0,37784000.0,0.8112506709608159,0.0,998000.0,0.0,0.0,18032000.0,26823000.0,4956000.0,12078000.0,31830000.0,0.6834138486312399,19752000.0,0.4240901771336554,121000.0,19752000.0,0.4240901771336554,6913000.0,12839000.0,0.2756629092860977,2.15,1.85,5850400.0,6980400.0,https://www.sec.gov/Archives/edgar/data/23194/000002319401500007/0000023194-01-500007-index.html,https://www.sec.gov/Archives/edgar/data/23194/000002319401500007/form10q6-01.htm,1620590681,16:04:41,20210509
80,2001-03-31,CRK,USD,2001-05-10 00:00:00,2001-05-10 00:00:00,Q1,67546000.0,12331000.0,55215000.0,0.8174429277825482,0.0,829000.0,0.0,0.0,12828000.0,25159000.0,5505000.0,11999000.0,54386000.0,0.8051698102034169,42387000.0,0.627527906907885,147000.0,36882000.0,0.5460278921031593,12909000.0,23973000.0,0.35491368844935306,4.05,3.4,5800200.0,7014800.0,https://www.sec.gov/Archives/edgar/data/23194/000002319401500004/0000023194-01-500004-index.html,https://www.sec.gov/Archives/edgar/data/23194/000002319401500004/form10q3_01.htm,1620590681,16:04:41,20210509
81,2000-12-31,CRK,USD,2001-03-09 00:00:00,2001-03-09 00:00:00,Q4,52860000.0,9418000.0,43442000.0,0.8218312523647371,0.0,1518000.0,0.0,0.0,13968000.0,23386000.0,6171000.0,12450000.0,41924000.0,0.7931138857359061,29474000.0,0.5575860764283012,78000.0,23381000.0,0.4423193340900492,8183000.0,15198000.0,0.28751418842224746,2.6202544739836555,2.6202544739836555,5800200.0,5800200.0,https://www.sec.gov/Archives/edgar/data/23194/000002319401000004/0000023194-01-000004-index.html,https://www.sec.gov/Archives/edgar/data/23194/000002319401000004/0000023194-01-000004-0001.htm,1620590681,16:04:41,20210509
82,2000-09-30,CRK,USD,2000-11-09 00:00:00,2000-11-09 00:00:00,Q3,44883000.0,8090000.0,36793000.0,0.8197535815342112,0.0,824000.0,0.0,0.0,11166000.0,19256000.0,6007000.0,10342000.0,35969000.0,0.801394737428425,25627000.0,0.5709734197803177,104000.0,19724000.0,0.4394536907069492,6903000.0,12821000.0,0.2856538110197625,2.35,1.85,5137400.0,6901000.0,https://www.sec.gov/Archives/edgar/data/23194/000002319400000020/0000023194-00-000020-index.html,https://www.sec.gov/Archives/edgar/data/23194/000002319400000020/0000023194-00-000020-0001.txt,1620590681,16:04:41,20210509
83,2000-06-30,CRK,USD,2000-08-09 00:00:00,2000-08-09 00:00:00,Q2,38569000.0,7218000.0,31351000.0,0.812854883455625,0.0,700000.0,0.0,0.0,11154000.0,18372000.0,0.0,10454000.0,30651000.0,0.7947055925743473,20197000.0,0.5236588970416656,-1509000.0,13257000.0,0.343721641732998,4641000.0,8616000.0,0.22339184319012678,1.55,1.25,5091800.0,6793400.0,https://www.sec.gov/Archives/edgar/data/23194/000002319400000016/0000023194-00-000016-index.html,https://www.sec.gov/Archives/edgar/data/23194/000002319400000016/0000023194-00-000016-0001.txt,1620590681,16:04:41,20210509
84,2000-03-31,CRK,USD,2000-05-10 00:00:00,2000-05-10 00:00:00,Q1,33071000.0,7386000.0,25685000.0,0.7766623325572254,0.0,495000.0,0.0,0.0,12207000.0,19593000.0,6215000.0,11712000.0,25190000.0,0.7616945359983067,13478000.0,0.40754739802243656,72000.0,7335000.0,0.22179553082761333,2567000.0,4768000.0,0.14417465453116024,0.8,0.7,5075000.0,6630600.0,https://www.sec.gov/Archives/edgar/data/23194/000002319400000010/0000023194-00-000010-index.html,https://www.sec.gov/Archives/edgar/data/23194/0000023194-00-000010.txt,1620590681,16:04:41,20210509
85,1999-12-31,CRK,USD,1999-12-31,1999-12-31,Q4,26800000.0,6100000.0,20700000.0,0.7723880597014925,0.0,1100000.0,0.0,0.0,11500000.0,17600000.0,0.0,10400000.0,19600000.0,0.7313432835820896,9200000.0,0.34328358208955223,0.0,3200000.0,0.11940298507462686,300000.0,2900000.0,0.10820895522388059,0.5714285714285714,0.5714285714285714,5075000.0,5075000.0,,,1620590681,16:04:41,20210509
86,1999-09-30,CRK,USD,1999-11-12 00:00:00,1999-11-12 00:00:00,Q3,22900000.0,6900000.0,16000000.0,0.6986899563318777,0.0,400000.0,0.0,0.0,10400000.0,17300000.0,6300000.0,10000000.0,15600000.0,0.6812227074235808,5600000.0,0.2445414847161572,100000.0,0.0,0.0,0.0,-700000.0,-0.03056768558951965,-0.25,-0.25,5600000.0,5600000.0,https://www.sec.gov/Archives/edgar/data/23194/000002319499000033/0000023194-99-000033-index.html,https://www.sec.gov/Archives/edgar/data/23194/0000023194-99-000033.txt,1620590681,16:04:41,20210509
87,1999-06-30,CRK,USD,1999-08-13 00:00:00,1999-08-13 00:00:00,Q2,20800000.0,5900000.0,14900000.0,0.7163461538461539,0.0,500000.0,0.0,0.0,11800000.0,17700000.0,0.0,11400000.0,14500000.0,0.6971153846153846,3100000.0,0.14903846153846154,2000000.0,0.0,0.0,0.0,-900000.0,-0.04326923076923077,-0.3,-0.3,4666667.0,4666667.0,https://www.sec.gov/Archives/edgar/data/23194/000002319499000020/0000023194-99-000020-index.html,https://www.sec.gov/Archives/edgar/data/23194/0000023194-99-000020.txt,1620590681,16:04:41,20210509
88,1999-03-31,CRK,USD,1999-05-11 00:00:00,1999-05-11 00:00:00,Q1,19600000.0,6500000.0,13100000.0,0.6683673469387755,0.0,400000.0,0.0,0.0,13800000.0,20300000.0,5100000.0,13400000.0,12700000.0,0.6479591836734694,-700000.0,-0.03571428571428571,0.0,-5900000.0,-0.3010204081632653,-1800000.0,-4100000.0,-0.20918367346938777,-0.85,-0.85,4823529.0,4823529.0,https://www.sec.gov/Archives/edgar/data/23194/000002319499000012/0000023194-99-000012-index.html,https://www.sec.gov/Archives/edgar/data/23194/0000023194-99-000012.txt,1620590681,16:04:41,20210509
89,1998-12-31,CRK,USD,1999-03-12 00:00:00,1999-03-12 00:00:00,Q4,21300000.0,6700000.0,14600000.0,0.6854460093896714,0.0,200000.0,0.0,0.0,13100000.0,19800000.0,4500000.0,12900000.0,14400000.0,0.676056338028169,1500000.0,0.07042253521126761,-33900000.0,-20100000.0,-0.9436619718309859,-7000000.0,-13100000.0,-0.6150234741784038,-2.715853890377771,-2.715853890377771,4823529.0,4823529.0,https://www.sec.gov/Archives/edgar/data/23194/000002319499000003/0000023194-99-000003-index.html,https://www.sec.gov/Archives/edgar/data/23194/0000023194-99-000003.txt,1620590681,16:04:41,20210509
90,1998-09-30,CRK,USD,1998-11-12 00:00:00,1998-11-12 00:00:00,Q3,21500000.0,10000000.0,11500000.0,0.5348837209302325,0.0,400000.0,0.0,0.0,12700000.0,22700000.0,4100000.0,12300000.0,11100000.0,0.5162790697674419,-1200000.0,-0.05581395348837209,100000.0,-5200000.0,-0.24186046511627907,-1800000.0,-3400000.0,-0.15813953488372093,-0.7,-0.7,4857143.0,4857143.0,https://www.sec.gov/Archives/edgar/data/23194/000002319498000011/0000023194-98-000011-index.html,https://www.sec.gov/Archives/edgar/data/23194/0000023194-98-000011.txt,1620590681,16:04:41,20210509
91,1998-06-30,CRK,USD,1998-08-12 00:00:00,1998-08-12 00:00:00,Q2,24800000.0,8900000.0,15900000.0,0.6411290322580645,0.0,600000.0,0.0,0.0,13800000.0,22700000.0,0.0,13200000.0,15300000.0,0.6169354838709677,2100000.0,0.0846774193548387,100000.0,-2000000.0,-0.08064516129032258,-700000.0,-1300000.0,-0.05241935483870968,-0.25,-0.25,5200000.0,5200000.0,https://www.sec.gov/Archives/edgar/data/23194/000002319498000009/0000023194-98-000009-index.html,https://www.sec.gov/Archives/edgar/data/23194/0000023194-98-000009.txt,1620590681,16:04:41,20210509
92,1998-03-31,CRK,USD,1998-05-14 00:00:00,1998-05-14 00:00:00,Q1,25400000.0,7400000.0,18000000.0,0.7086614173228346,0.0,400000.0,0.0,0.0,13000000.0,20400000.0,0.0,12600000.0,17600000.0,0.6929133858267716,5000000.0,0.1968503937007874,100000.0,900000.0,0.03543307086614173,300000.0,600000.0,0.023622047244094488,0.1,0.1,6000000.0,6000000.0,https://www.sec.gov/Archives/edgar/data/23194/000002319498000007/0000023194-98-000007-index.html,https://www.sec.gov/Archives/edgar/data/23194/0000023194-98-000007.txt,1620590681,16:04:41,20210509
93,1997-12-31,CRK,USD,1998-03-13 00:00:00,1998-03-13 00:00:00,Q4,29000000.0,7600000.0,21400000.0,0.7379310344827587,0.0,900000.0,0.0,0.0,10800000.0,18400000.0,0.0,9900000.0,20500000.0,0.7068965517241379,10600000.0,0.36551724137931035,100000.0,8700000.0,0.3,2800000.0,5900000.0,0.20344827586206896,0.9833333333333333,0.9833333333333333,6000000.0,6000000.0,https://www.sec.gov/Archives/edgar/data/23194/000002319498000002/0000023194-98-000002-index.html,https://www.sec.gov/Archives/edgar/data/23194/0000023194-98-000002.txt,1620590681,16:04:41,20210509
94,1997-09-30,CRK,USD,1997-11-10 00:00:00,1997-11-10 00:00:00,Q3,18200000.0,4400000.0,13800000.0,0.7582417582417582,0.0,500000.0,0.0,0.0,5900000.0,10300000.0,0.0,5400000.0,13300000.0,0.7307692307692307,7900000.0,0.4340659340659341,100000.0,6600000.0,0.3626373626373626,2300000.0,4300000.0,0.23626373626373626,0.85,0.85,4941176.0,4941176.0,https://www.sec.gov/Archives/edgar/data/23194/000002319497000022/0000023194-97-000022-index.html,https://www.sec.gov/Archives/edgar/data/23194/0000023194-97-000022.txt,1620590681,16:04:41,20210509
95,1997-06-30,CRK,USD,1997-08-11 00:00:00,1997-08-11 00:00:00,Q2,18000000.0,4100000.0,13900000.0,0.7722222222222223,0.0,600000.0,0.0,0.0,6600000.0,10700000.0,1300000.0,5900000.0,13200000.0,0.7333333333333333,7300000.0,0.40555555555555556,200000.0,6300000.0,0.35,2200000.0,4100000.0,0.22777777777777777,0.8,0.8,4875000.0,4875000.0,https://www.sec.gov/Archives/edgar/data/23194/000002319497000017/0000023194-97-000017-index.html,https://www.sec.gov/Archives/edgar/data/23194/0000023194-97-000017.txt,1620590681,16:04:41,20210509
96,1997-03-31,CRK,USD,1997-05-06 00:00:00,1997-05-06 00:00:00,Q1,23400000.0,4600000.0,18800000.0,0.8034188034188035,0.0,700000.0,0.0,0.0,5700000.0,10300000.0,1200000.0,5000000.0,18100000.0,0.7735042735042735,13100000.0,0.5598290598290598,300000.0,12200000.0,0.5213675213675214,4300000.0,7900000.0,0.33760683760683763,1.55,1.5,4967742.0,5133333.0,https://www.sec.gov/Archives/edgar/data/23194/000002319497000013/0000023194-97-000013-index.html,https://www.sec.gov/Archives/edgar/data/23194/0000023194-97-000013.txt,1620590681,16:04:41,20210509
97,1996-12-31,CRK,USD,1997-03-11 00:00:00,1997-03-11 00:00:00,Q4,-44700000.0,-62300000.0,17600000.0,-0.39373601789709173,0.0,700000.0,0.0,0.0,6500000.0,-55800000.0,2500000.0,5800000.0,16900000.0,-0.378076062639821,11100000.0,-0.2483221476510067,100000.0,0.0,0.0,0.0,10600000.0,-0.2371364653243848,2.1337662060549842,2.1337662060549842,4967742.0,4967742.0,https://www.sec.gov/Archives/edgar/data/23194/000002319497000007/0000023194-97-000007-index.html,https://www.sec.gov/Archives/edgar/data/23194/0000023194-97-000007.txt,1620590681,16:04:41,20210509
98,1996-09-30,CRK,USD,1996-10-25 00:00:00,1996-10-25 00:00:00,Q3,42800000.0,26300000.0,16500000.0,0.3855140186915888,0.0,700000.0,0.0,0.0,6400000.0,32700000.0,3000000.0,5700000.0,15800000.0,0.3691588785046729,10100000.0,0.23598130841121495,200000.0,0.0,0.0,0.0,7300000.0,0.1705607476635514,2.05,1.7,3317073.0,4000000.0,https://www.sec.gov/Archives/edgar/data/23194/000002319496000043/0000023194-96-000043-index.html,https://www.sec.gov/Archives/edgar/data/23194/0000023194-96-000043.txt,1620590681,16:04:41,20210509
99,1996-06-30,CRK,USD,1996-08-14 00:00:00,1996-08-14 00:00:00,Q2,35700000.0,22600000.0,13100000.0,0.36694677871148457,0.0,500000.0,0.0,0.0,5000000.0,27600000.0,2700000.0,4500000.0,12600000.0,0.35294117647058826,8100000.0,0.226890756302521,3100000.0,0.0,0.0,0.0,7000000.0,0.19607843137254902,2.25,1.7,2844444.0,3200000.0,https://www.sec.gov/Archives/edgar/data/23194/000002319496000033/0000023194-96-000033-index.html,https://www.sec.gov/Archives/edgar/data/23194/0000023194-96-000033.txt,1620590681,16:04:41,20210509
100,1996-03-31,CRK,USD,1996-05-07 00:00:00,1996-05-07 00:00:00,Q1,35100000.0,27400000.0,7700000.0,0.21937321937321938,0.0,400000.0,0.0,0.0,3000000.0,30400000.0,1800000.0,2600000.0,7300000.0,0.20797720797720798,4700000.0,0.1339031339031339,100000.0,0.0,0.0,0.0,3000000.0,0.08547008547008547,0.9,0.75,2666667.0,3200000.0,https://www.sec.gov/Archives/edgar/data/23194/000002319496000022/0000023194-96-000022-index.html,https://www.sec.gov/Archives/edgar/data/23194/0000023194-96-000022.txt,1620590681,16:04:41,20210509
101,1995-12-31,CRK,USD,1996-03-18 00:00:00,1996-03-18 00:00:00,Q4,23300000.0,17300000.0,6000000.0,0.2575107296137339,0.0,600000.0,0.0,0.0,3500000.0,20800000.0,1900000.0,2900000.0,5400000.0,0.2317596566523605,2500000.0,0.1072961373390558,-58300000.0,0.0,0.0,0.0,-28500000.0,-1.2231759656652361,-10.687498664062668,-10.687498664062668,2666667.0,2666667.0,https://www.sec.gov/Archives/edgar/data/23194/000002319496000012/0000023194-96-000012-index.html,https://www.sec.gov/Archives/edgar/data/23194/0000023194-96-000012.txt,1620590681,16:04:41,20210509
102,1995-09-30,CRK,USD,1995-11-14 00:00:00,1995-11-14 00:00:00,Q3,20100000.0,13400000.0,6700000.0,0.3333333333333333,0.0,500000.0,0.0,0.0,2700000.0,16100000.0,1700000.0,2200000.0,6200000.0,0.30845771144278605,4000000.0,0.19900497512437812,100000.0,0.0,0.0,0.0,2500000.0,0.12437810945273632,0.7,0.7,2714286.0,2714286.0,https://www.sec.gov/Archives/edgar/data/23194/000002319495000014/0000023194-95-000014-index.html,https://www.sec.gov/Archives/edgar/data/23194/0000023194-95-000014.txt,1620590681,16:04:41,20210509
103,1995-06-30,CRK,USD,1995-08-14 00:00:00,1995-08-14 00:00:00,Q2,17500000.0,13800000.0,3700000.0,0.21142857142857144,0.0,500000.0,0.0,0.0,2600000.0,16400000.0,900000.0,2100000.0,3200000.0,0.18285714285714286,1100000.0,0.06285714285714286,100000.0,0.0,0.0,0.0,200000.0,0.011428571428571429,-0.05,-0.05,2000000.0,2000000.0,https://www.sec.gov/Archives/edgar/data/23194/000095013495001975/0000950134-95-001975-index.html,https://www.sec.gov/Archives/edgar/data/23194/0000950134-95-001975.txt,1620590681,16:04:41,20210509
104,1995-03-31,CRK,USD,1995-03-31,1995-03-31,Q4,14500000.0,11700000.0,2800000.0,0.19310344827586207,0.0,500000.0,0.0,0.0,2300000.0,14000000.0,1000000.0,1800000.0,2300000.0,0.15862068965517243,500000.0,0.034482758620689655,100000.0,0.0,0.0,0.0,-400000.0,-0.027586206896551724,-0.3,-0.3,2333333.0,2333333.0,,,1620590681,16:04:41,20210509
105,1994-12-31,CRK,USD,1994-12-31,1994-12-31,Q4,15600000.0,13000000.0,2600000.0,0.16666666666666666,0.0,0.0,0.0,0.0,2200000.0,15200000.0,900000.0,1500000.0,1900000.0,0.12179487179487179,400000.0,0.02564102564102564,0.0,0.0,0.0,0.0,-600000.0,-0.038461538461538464,-0.24545459008265275,-0.24545459008265275,2444444.0,2444444.0,,,1620590681,16:04:41,20210509
106,1994-09-30,CRK,USD,1994-09-30,1994-09-30,Q3,7000000.0,4300000.0,2700000.0,0.38571428571428573,0.0,400000.0,0.0,0.0,2500000.0,6800000.0,700000.0,0.0,2000000.0,0.2857142857142857,200000.0,0.02857142857142857,300000.0,0.0,0.0,0.0,-800000.0,-0.11428571428571428,-0.45,-0.45,2444444.0,2444444.0,,,1620590681,16:04:41,20210509
107,1994-06-30,CRK,USD,1994-06-30,1994-06-30,Q2,5500000.0,0.0,0.0,0.0,0.0,0.0,0.0,0.0,0.0,0.0,0.0,0.0,5500000.0,1.0,5500000.0,1.0,0.0,0.0,0.0,0.0,400000.0,0.07272727272727272,0.1,0.1,3000000.0,3000000.0,,,1620590681,16:04:41,20210509
108,1994-03-31,CRK,USD,1994-03-31,1994-03-31,Q4,4300000.0,0.0,0.0,0.0,0.0,0.0,0.0,0.0,0.0,0.0,0.0,0.0,4300000.0,1.0,4300000.0,1.0,0.0,0.0,0.0,0.0,300000.0,0.06976744186046512,0.1,0.1,3000000.0,3000000.0,,,1620590681,16:04:41,20210509
109,1993-12-31,CRK,USD,1993-12-31,1993-12-31,Q4,15500000.0,0.0,0.0,0.0,0.0,0.0,0.0,0.0,0.0,0.0,0.0,0.0,-1800000.0,-0.11612903225806452,-1800000.0,-0.11612903225806452,0.0,0.0,0.0,0.0,1800000.0,0.11612903225806452,0.9,0.9,2000000.0,2000000.0,,,1620590681,16:04:41,20210509
110,1993-09-30,CRK,USD,1993-09-30,1993-09-30,Q3,2300000.0,0.0,0.0,0.0,0.0,0.0,0.0,0.0,0.0,0.0,0.0,0.0,2300000.0,1.0,2300000.0,1.0,0.0,0.0,0.0,0.0,300000.0,0.13043478260869565,0.15,0.15,2000000.0,2000000.0,,,1620590681,16:04:41,20210509
111,1993-06-30,CRK,USD,1993-06-30,1993-06-30,Q2,2200000.0,1000000.0,1200000.0,0.5454545454545454,0.0,300000.0,0.0,0.0,700000.0,1700000.0,200000.0,0.0,800000.0,0.36363636363636365,500000.0,0.22727272727272727,100000.0,0.0,0.0,0.0,300000.0,0.13636363636363635,0.15,0.15,2000000.0,2000000.0,,,1620590681,16:04:41,20210509
112,1993-03-31,CRK,USD,1993-03-31,1993-03-31,Q4,2000000.0,0.0,0.0,0.0,0.0,0.0,0.0,0.0,0.0,0.0,0.0,0.0,2000000.0,1.0,2000000.0,1.0,0.0,0.0,0.0,0.0,100000.0,0.05,0.05,0.05,2000000.0,2000000.0,,,1620590681,16:04:41,20210509
113,1992-12-31,CRK,USD,1992-12-31,1992-12-31,Q4,2000000.0,0.0,0.0,0.0,0.0,0.0,0.0,0.0,0.0,0.0,0.0,0.0,-4700000.0,-2.35,-4700000.0,-2.35,0.0,0.0,0.0,0.0,300000.0,0.15,0.2,0.2,1500000.0,1500000.0,,,1620590681,16:04:41,20210509
114,1992-09-30,CRK,USD,1992-09-30,1992-09-30,Q3,1800000.0,0.0,0.0,0.0,0.0,0.0,0.0,0.0,0.0,0.0,0.0,0.0,1800000.0,1.0,1800000.0,1.0,0.0,0.0,0.0,0.0,0.0,0.0,0.0,0.0,1500000.0,1500000.0,,,1620590681,16:04:41,20210509
115,1992-06-30,CRK,USD,1992-06-30,1992-06-30,Q2,1400000.0,0.0,0.0,0.0,0.0,0.0,0.0,0.0,0.0,0.0,0.0,0.0,1400000.0,1.0,1400000.0,1.0,0.0,0.0,0.0,0.0,-600000.0,-0.42857142857142855,-0.4,-0.4,1500000.0,1500000.0,,,1620590681,16:04:41,20210509
116,1992-03-31,CRK,USD,1992-03-31,1992-03-31,Q4,1400000.0,0.0,0.0,0.0,0.0,0.0,0.0,0.0,0.0,0.0,0.0,0.0,1400000.0,1.0,1400000.0,1.0,0.0,0.0,0.0,0.0,-300000.0,-0.21428571428571427,-0.2,-0.2,1500000.0,1500000.0,,,1620590681,16:04:41,20210509
117,1991-12-31,CRK,USD,1991-12-31,1991-12-31,Q4,1300000.0,600000.0,700000.0,0.5384615384615384,0.0,0.0,0.0,0.0,1700000.0,2300000.0,100000.0,1000000.0,0.0,0.0,-1000000.0,-0.7692307692307693,-800000.0,0.0,0.0,0.0,-2000000.0,-1.5384615384615385,-1.199999760000048,-1.199999760000048,1666667.0,1666667.0,,,1620590681,16:04:41,20210509
118,1991-09-30,CRK,USD,1991-09-30,1991-09-30,Q3,600000.0,300000.0,300000.0,0.5,0.0,400000.0,0.0,0.0,700000.0,1000000.0,100000.0,400000.0,0.0,0.0,-400000.0,-0.6666666666666666,0.0,0.0,0.0,0.0,-500000.0,-0.8333333333333334,-0.3,-0.3,1666667.0,1666667.0,,,1620590681,16:04:41,20210509
119,1991-06-30,CRK,USD,1991-06-30,1991-06-30,Q2,600000.0,400000.0,200000.0,0.3333333333333333,0.0,600000.0,0.0,0.0,800000.0,1200000.0,100000.0,200000.0,-400000.0,-0.6666666666666666,-600000.0,-1.0,0.0,0.0,0.0,0.0,-700000.0,-1.1666666666666667,-0.55,-0.55,1272727.0,1272727.0,,,1620590681,16:04:41,20210509
120,1991-03-31,CRK,USD,1991-03-31,1991-03-31,Q4,600000.0,400000.0,200000.0,0.3333333333333333,0.0,400000.0,0.0,0.0,600000.0,1000000.0,100000.0,200000.0,-200000.0,-0.3333333333333333,-400000.0,-0.6666666666666666,0.0,0.0,0.0,0.0,-400000.0,-0.6666666666666666,-0.35,-0.35,1142857.0,1142857.0,,,1620590681,16:04:41,20210509
121,1990-12-31,CRK,USD,1990-12-31,1990-12-31,Q4,100000.0,0.0,0.0,0.0,0.0,0.0,0.0,0.0,0.0,0.0,0.0,0.0,-3800000.0,-38.0,-3800000.0,-38.0,0.0,0.0,0.0,0.0,0.0,0.0,0.0,0.0,600000.0,600000.0,,,1620590681,16:04:41,20210509
122,1990-09-30,CRK,USD,1990-09-30,1990-09-30,Q3,1000000.0,0.0,0.0,0.0,0.0,0.0,0.0,0.0,0.0,0.0,0.0,0.0,1000000.0,1.0,1000000.0,1.0,0.0,0.0,0.0,0.0,0.0,0.0,-0.05,-0.05,600000.0,600000.0,,,1620590681,16:04:41,20210509
123,1990-06-30,CRK,USD,1990-06-30,1990-06-30,Q2,1100000.0,400000.0,700000.0,0.6363636363636364,0.0,300000.0,0.0,0.0,500000.0,900000.0,300000.0,200000.0,400000.0,0.36363636363636365,200000.0,0.18181818181818182,0.0,0.0,0.0,0.0,-200000.0,-0.18181818181818182,-0.25,-0.25,800000.0,800000.0,,,1620590681,16:04:41,20210509
124,1990-03-31,CRK,USD,1990-03-31,1990-03-31,Q4,1800000.0,400000.0,1400000.0,0.7777777777777778,0.0,400000.0,0.0,0.0,700000.0,1100000.0,500000.0,300000.0,1000000.0,0.5555555555555556,700000.0,0.3888888888888889,0.0,0.0,0.0,0.0,300000.0,0.16666666666666666,0.5,0.5,600000.0,600000.0,,,1620590681,16:04:41,20210509
125,1989-12-31,CRK,USD,1989-12-31,1989-12-31,Q4,1000000.0,0.0,0.0,0.0,0.0,0.0,0.0,0.0,0.0,0.0,0.0,0.0,-3600000.0,-3.6,-3600000.0,-3.6,0.0,0.0,0.0,0.0,0.0,0.0,0.0,0.0,1822000.0,1822000.0,,,1620590681,16:04:41,20210509
126,1989-09-30,CRK,USD,1989-09-30,1989-09-30,Q3,2300000.0,0.0,0.0,0.0,0.0,0.0,0.0,0.0,0.0,0.0,0.0,0.0,2300000.0,1.0,2300000.0,1.0,0.0,0.0,0.0,0.0,0.0,0.0,1.2,1.2,1822000.0,1822000.0,,,1620590681,16:04:41,20210509
127,1989-06-30,CRK,USD,1989-06-30,1989-06-30,Q2,2200000.0,0.0,0.0,0.0,0.0,0.0,0.0,0.0,0.0,0.0,0.0,0.0,2200000.0,1.0,2200000.0,1.0,0.0,0.0,0.0,0.0,0.0,0.0,1.0,1.0,1325600.0,1325600.0,,,1620590681,16:04:41,20210509
128,1989-03-31,CRK,USD,1989-03-31,1989-03-31,Q4,2000000.0,0.0,0.0,0.0,0.0,0.0,0.0,0.0,0.0,0.0,0.0,0.0,2000000.0,1.0,2000000.0,1.0,0.0,0.0,0.0,0.0,0.0,0.0,0.8,0.8,461000.0,461000.0,,,1620590681,16:04:41,20210509
129,1988-12-31,CRK,USD,1988-12-31,1988-12-31,Q4,0.0,0.0,0.0,0.0,0.0,0.0,0.0,0.0,0.0,0.0,0.0,0.0,-3200000.0,0.0,-3200000.0,0.0,0.0,0.0,0.0,0.0,0.0,0.0,0.0,0.0,331400.0,331400.0,,,1620590681,16:04:41,20210509
130,1988-09-30,CRK,USD,1988-09-30,1988-09-30,Q3,2000000.0,0.0,0.0,0.0,0.0,0.0,0.0,0.0,0.0,0.0,0.0,0.0,2000000.0,1.0,2000000.0,1.0,0.0,0.0,0.0,0.0,0.0,0.0,2.4,2.4,331400.0,331400.0,,,1620590681,16:04:41,20210509
131,1988-06-30,CRK,USD,1988-06-30,1988-06-30,Q2,1800000.0,0.0,0.0,0.0,0.0,0.0,0.0,0.0,0.0,0.0,0.0,0.0,1800000.0,1.0,1800000.0,1.0,0.0,0.0,0.0,0.0,0.0,0.0,4.0,4.0,331400.0,331400.0,,,1620590681,16:04:41,20210509
132,1988-03-31,CRK,USD,1988-03-31,1988-03-31,Q4,1100000.0,0.0,0.0,0.0,0.0,0.0,0.0,0.0,0.0,0.0,0.0,0.0,1100000.0,1.0,1100000.0,1.0,0.0,0.0,0.0,0.0,0.0,0.0,3.2,3.2,331400.0,331400.0,,,1620590681,16:04:41,20210509
133,1987-12-31,CRK,USD,1987-12-31,1987-12-31,Q4,100000.0,0.0,0.0,0.0,0.0,0.0,0.0,0.0,0.0,0.0,0.0,0.0,-500000.0,-5.0,-500000.0,-5.0,0.0,0.0,0.0,0.0,0.0,0.0,0.0,0.0,339200.0,339200.0,,,1620590681,16:04:41,20210509
134,1987-09-30,CRK,USD,1987-09-30,1987-09-30,Q3,100000.0,0.0,0.0,0.0,0.0,0.0,0.0,0.0,0.0,0.0,0.0,0.0,100000.0,1.0,100000.0,1.0,0.0,0.0,0.0,0.0,0.0,0.0,-1.6,-1.6,339200.0,339200.0,,,1620590681,16:04:41,20210509
135,1987-06-30,CRK,USD,1987-06-30,1987-06-30,Q2,100000.0,0.0,0.0,0.0,0.0,0.0,0.0,0.0,0.0,0.0,0.0,0.0,100000.0,1.0,100000.0,1.0,0.0,0.0,0.0,0.0,0.0,0.0,-1.6,-1.6,339200.0,339200.0,,,1620590681,16:04:41,20210509
136,1987-03-31,CRK,USD,1987-03-31,1987-03-31,Q4,100000.0,0.0,0.0,0.0,0.0,0.0,0.0,0.0,0.0,0.0,0.0,0.0,100000.0,1.0,100000.0,1.0,0.0,0.0,0.0,0.0,0.0,0.0,-0.8,-0.8,339200.0,339200.0,,,1620590681,16:04:41,20210509
137,1986-12-31,CRK,USD,1986-12-31,1986-12-31,Q4,100000.0,0.0,0.0,0.0,0.0,0.0,0.0,0.0,0.0,0.0,0.0,0.0,-300000.0,-3.0,-300000.0,-3.0,0.0,0.0,0.0,0.0,0.0,0.0,0.0,0.0,339200.0,339200.0,,,1620590681,16:04:41,20210509
138,1986-09-30,CRK,USD,1986-09-30,1986-09-30,Q3,100000.0,0.0,0.0,0.0,0.0,0.0,0.0,0.0,0.0,0.0,0.0,0.0,100000.0,1.0,100000.0,1.0,0.0,0.0,0.0,0.0,0.0,0.0,-0.8,-0.8,339200.0,339200.0,,,1620590681,16:04:41,20210509
139,1986-06-30,CRK,USD,1986-06-30,1986-06-30,Q2,100000.0,0.0,0.0,0.0,0.0,0.0,0.0,0.0,0.0,0.0,0.0,0.0,100000.0,1.0,100000.0,1.0,0.0,0.0,0.0,0.0,0.0,0.0,0.0,0.0,339200.0,339200.0,,,1620590681,16:04:41,20210509
140,1986-03-31,CRK,USD,1986-03-31,1986-03-31,Q4,100000.0,0.0,0.0,0.0,0.0,0.0,0.0,0.0,0.0,0.0,0.0,0.0,100000.0,1.0,100000.0,1.0,0.0,0.0,0.0,0.0,0.0,0.0,-0.8,-0.8,339200.0,339200.0,,,1620590681,16:04:41,20210509
