,date,symbol,reportedCurrency,fillingDate,acceptedDate,period,revenue,costOfRevenue,grossProfit,grossProfitRatio,researchAndDevelopmentExpenses,generalAndAdministrativeExpenses,sellingAndMarketingExpenses,otherExpenses,operatingExpenses,costAndExpenses,interestExpense,depreciationAndAmortization,ebitda,ebitdaratio,operatingIncome,operatingIncomeRatio,totalOtherIncomeExpensesNet,incomeBeforeTax,incomeBeforeTaxRatio,incomeTaxExpense,netIncome,netIncomeRatio,eps,epsdiluted,weightedAverageShsOut,weightedAverageShsOutDil,link,finalLink,timestamp,est_time,est_date
0,2021-03-31,SUPPETRO.NS,INR,2021-03-31,2021-03-31,Q1,12673258000.0,8868829000.0,3804429000.0,0.3001934467048647,0.0,0.0,0.0,64173000.0,741534000.0,9610363000.0,16064000.0,100631000.0,3163526000.0,0.24962215714380628,3062895000.0,0.2454778400313479,0.0,3111004000.0,0.2454778400313479,793983000.0,2317021000.0,0.18282757283091688,24.6168264204893,24.6168264204893,94123465,94123465,https://www.nseindia.com/companies-listing/corporate-filings-annual-reports,https://www.nseindia.com/companies-listing/corporate-filings-annual-reports,1620598449,18:14:09,20210509
1,2020-12-31,SUPPETRO.NS,INR,2020-12-31,2020-12-31,Q4,9287945000.0,6280759000.0,3007186000.0,0.3237730197584073,0.0,0.0,0.0,64101000.0,714607000.0,6995366000.0,24923000.0,100481000.0,2393060000.0,0.25765225784605744,2292579000.0,0.24683382599703163,0.0,2331756000.0,0.2510518742305214,614945000.0,1716812000.0,0.18484304116787945,18.24,18.24,94123465,94123465,,,1620598449,18:14:09,20210509
2,2020-09-30,SUPPETRO.NS,INR,2020-09-30,2020-09-30,Q3,6921812000.0,5232125000.0,1689687000.0,0.24411050170099968,0.0,0.0,0.0,66738000.0,622350000.0,5854475000.0,13022000.0,96723000.0,1164060000.0,0.16817272702581348,1067337000.0,0.15419907388412168,0.0,1121053000.0,0.16195946957241833,259521000.0,861532000.0,0.12446625247839728,9.16,9.16,94053712,94053712,https://www.nseindia.com/companies-listing/corporate-filings-annual-reports,https://www.nseindia.com/companies-listing/corporate-filings-annual-reports,1620598449,18:14:09,20210509
3,2020-06-30,SUPPETRO.NS,INR,2020-06-30,2020-06-30,Q2,2901926000.0,2563725000.0,338201000.0,0.11654363343517374,0.0,0.0,0.0,17776000.0,463659000.0,3027384000.0,18694000.0,93598000.0,-31860000.0,-0.010978915382404652,-125458000.0,-0.0432326668564257,0.0,-126376000.0,-0.043549008486088205,-7530000.0,-118846000.0,-0.04095418008591535,-1.24,-1.24,95843548,95843548,https://www.nseindia.com/companies-listing/corporate-filings-annual-reports,https://www.nseindia.com/companies-listing/corporate-filings-annual-reports,1620598449,18:14:09,20210509
4,2020-03-31,SUPPETRO.NS,INR,2020-03-31,2020-03-31,Q1,6615776000.0,5631976000.0,983800000.0,0.14870515567637116,0.0,0.0,0.0,-82398000.0,558515000.0,6190491000.0,2253000.0,89490000.0,514775000.0,0.07781022211151042,425285000.0,0.06428346425271957,0.0,305748000.0,0.04621498672264599,70627000.0,235121000.0,0.035539443898947004,2.4998588040842025,2.4998588040842025,94053712,94053712,https://www.nseindia.com/companies-listing/corporate-filings-annual-reports,https://www.nseindia.com/companies-listing/corporate-filings-annual-reports,1620598449,18:14:09,20210509
5,2019-12-31,SUPPETRO.NS,INR,2019-12-31,2019-12-31,Q4,6190782000.0,5635792000.0,554990000.0,0.08964780216780369,0.0,0.0,0.0,22449000.0,530648000.0,6166440000.0,20028000.0,93937000.0,118279000.0,0.01910566387251239,24342000.0,0.003931974991204666,0.0,26763000.0,0.004323040287963621,6030000.0,20733000.0,0.003349011481909717,0.21,0.21,98728571,98728571,https://www.nseindia.com/companies-listing/corporate-filings-annual-reports,https://www.nseindia.com/companies-listing/corporate-filings-annual-reports,1620598449,18:14:09,20210509
6,2019-09-30,SUPPETRO.NS,INR,2019-09-30,2019-09-30,Q3,6659897000.0,5824749000.0,835148000.0,0.12539953695980582,0.0,0.0,0.0,28001000.0,627292000.0,6452041000.0,13690000.0,89269000.0,297125000.0,0.044614053340464574,207856000.0,0.031210092288214066,0.0,222134000.0,0.033353969288113614,-138526000.0,360660000.0,0.05415399066982567,3.74,3.74,96433155,96433155,https://www.nseindia.com/companies-listing/corporate-filings-annual-reports,https://www.nseindia.com/companies-listing/corporate-filings-annual-reports,1620598449,18:14:09,20210509
7,2019-06-30,SUPPETRO.NS,INR,2019-06-30,2019-06-30,Q2,7671822000.0,6477661000.0,1194161000.0,0.15565546228783722,0.0,0.0,0.0,44075000.0,600730000.0,7078391000.0,13172000.0,84364000.0,677795000.0,0.08834863478323662,593431000.0,0.07735202928326544,0.0,624334000.0,0.08138014672394642,214320000.0,410014000.0,0.053444149251638005,4.25,4.25,96473882,96473882,https://www.nseindia.com/companies-listing/corporate-filings-annual-reports,https://www.nseindia.com/companies-listing/corporate-filings-annual-reports,1620598449,18:14:09,20210509
8,2019-03-31,SUPPETRO.NS,INR,2019-03-31,2019-03-31,Q1,8170214000.0,7043324000.0,1126890000.0,0.13792661979233348,0.0,0.0,0.0,-61544000.0,359572000.0,7402896000.0,-3347000.0,54801000.0,822119000.0,0.10062392490576134,767318000.0,0.09391651185636019,0.0,606769000.0,0.07426598617857501,217278000.0,389491000.0,0.047672068320364684,4.141155003005092,4.141155003005092,94053712,94053712,https://www.nseindia.com/companies-listing/corporate-filings-annual-reports,https://www.nseindia.com/companies-listing/corporate-filings-annual-reports,1620598449,18:14:09,20210509
9,2018-12-31,SUPPETRO.NS,INR,2018-12-31,2018-12-31,Q4,7668826000.0,7501013000.0,167813000.0,0.02188248892333716,0.0,0.0,0.0,27205000.0,455780000.0,7956793000.0,6434000.0,59367000.0,-228600000.0,-0.02980899553595296,-287967000.0,-0.03755033690945655,0.0,-267196000.0,-0.03484183889424535,-91522000.0,-175674000.0,-0.022907548039295716,-1.82,-1.82,96524176,96524176,https://www.nseindia.com/companies-listing/corporate-filings-annual-reports,https://www.nseindia.com/companies-listing/corporate-filings-annual-reports,1620598449,18:14:09,20210509
10,2018-09-30,SUPPETRO.NS,INR,2018-09-30,2018-09-30,Q3,7592562000.0,6878423000.0,714139000.0,0.09405771069106844,0.0,0.0,0.0,20788000.0,598450000.0,7476873000.0,14961000.0,58435000.0,174124000.0,0.022933497283262223,115689000.0,0.015237149199440189,0.0,121514000.0,0.016004347412638842,42862000.0,78652000.0,0.010359085641974342,0.82,0.82,95917073,95917073,https://www.nseindia.com/companies-listing/corporate-filings-annual-reports,https://www.nseindia.com/companies-listing/corporate-filings-annual-reports,1620598449,18:14:09,20210509
11,2018-06-30,SUPPETRO.NS,INR,2018-06-30,2018-06-30,Q2,8336492000.0,7358935000.0,977557000.0,0.11726239286260935,0.0,0.0,0.0,29164000.0,696276000.0,8055211000.0,9902000.0,55990000.0,337271000.0,0.040457185108556455,281281000.0,0.033740930837575324,0.0,300543000.0,0.03605149504131954,100943000.0,199600000.0,0.02394292467383163,2.07,2.07,96425121,96425121,https://www.nseindia.com/companies-listing/corporate-filings-annual-reports,https://www.nseindia.com/companies-listing/corporate-filings-annual-reports,1620598449,18:14:09,20210509
12,2018-03-31,SUPPETRO.NS,INR,2018-03-31,2018-03-31,Q1,8834565000.0,7527140000.0,1307425000.0,0.14798974256231065,0.0,0.0,0.0,29370000.0,675262000.0,8202402000.0,16299000.0,51474000.0,683637000.0,0.0773820782347518,632163000.0,0.07155564535435531,0.0,645234000.0,0.07303517490674413,233673000.0,411561000.0,0.04658531574559698,4.26,4.26,96610563,96610563,https://www.nseindia.com/companies-listing/corporate-filings-annual-reports,https://www.nseindia.com/companies-listing/corporate-filings-annual-reports,1620598449,18:14:09,20210509
13,2017-12-31,SUPPETRO.NS,INR,2017-12-31,2017-12-31,Q4,7208013000.0,6281580000.0,926433000.0,0.1285282088142738,0.0,0.0,0.0,5732000.0,500523000.0,6782103000.0,3975000.0,52335000.0,478245000.0,0.06634907567453055,425910000.0,0.05908840619460592,0.0,427667000.0,0.05933216269171546,147890000.0,279777000.0,0.03881471911884732,2.9,2.9,96474828,96474828,https://www.nseindia.com/companies-listing/corporate-filings-annual-reports,https://www.nseindia.com/companies-listing/corporate-filings-annual-reports,1620598449,18:14:09,20210509
14,2017-09-30,SUPPETRO.NS,INR,2017-09-30,2017-09-30,Q3,7036966000.0,5967971000.0,1068995000.0,0.15191134929456815,0.0,0.0,0.0,13298000.0,506566000.0,6474537000.0,13993000.0,52362000.0,614791000.0,0.0873659187780643,562429000.0,0.07992492787374558,0.0,561734000.0,0.0798261637188527,194950000.0,366784000.0,0.052122463004652855,3.79,3.79,96776781,96776781,https://www.nseindia.com/companies-listing/corporate-filings-annual-reports,https://www.nseindia.com/companies-listing/corporate-filings-annual-reports,1620598449,18:14:09,20210509
15,2017-06-30,SUPPETRO.NS,INR,2017-06-30,2017-06-30,Q2,6947666000.0,6410016000.0,537650000.0,0.07738570046401194,0.0,0.0,0.0,31801000.0,402951000.0,6812967000.0,11772000.0,51297000.0,185996000.0,0.02677100482377823,134699000.0,0.01938766198605402,0.0,154729000.0,0.022270644558906545,51645000.0,103084000.0,0.014837212957560136,1.07,1.07,96340187,96340187,https://www.nseindia.com/companies-listing/corporate-filings-annual-reports,https://www.nseindia.com/companies-listing/corporate-filings-annual-reports,1620598449,18:14:09,20210509
16,2017-03-31,SUPPETRO.NS,INR,2017-03-31,2017-03-31,Q1,8604228000.0,6924756000.0,1679472000.0,0.1951914802815546,0.0,0.0,0.0,31923000.0,608423000.0,7533179000.0,9026000.0,49801000.0,1120850000.0,0.13026735228308686,1071049000.0,0.12447938385640175,0.0,1093946000.0,0.12714051742933824,395055000.0,698891000.0,0.08122646215325768,7.24,7.24,96531906,96531906,https://www.nseindia.com/companies-listing/corporate-filings-annual-reports,https://www.nseindia.com/companies-listing/corporate-filings-annual-reports,1620598449,18:14:09,20210509
17,2016-12-31,SUPPETRO.NS,INR,2016-12-31,2016-12-31,Q4,6863405000.0,5872730000.0,990675000.0,0.14434162052217522,0.0,0.0,0.0,13757000.0,460483000.0,6333213000.0,13896000.0,56135000.0,586327000.0,0.08542800548707238,530192000.0,0.07724912051671146,0.0,530053000.0,0.07722886817840416,175856000.0,354197000.0,0.051606600513884875,3.67,3.67,96511444,96511444,https://www.nseindia.com/companies-listing/corporate-filings-annual-reports,https://www.nseindia.com/companies-listing/corporate-filings-annual-reports,1620598449,18:14:09,20210509
18,2016-09-30,SUPPETRO.NS,INR,2016-09-30,2016-09-30,Q3,6244380000.0,5279368000.0,965012000.0,0.1545408831621394,0.0,0.0,0.0,12448000.0,530999000.0,5810367000.0,9338000.0,58740000.0,492753000.0,0.07891143716429813,434013000.0,0.0695045785170025,0.0,437123000.0,0.07000262636162437,150857000.0,286266000.0,0.0458437827294303,2.97,2.97,96385859,96385859,https://www.nseindia.com/companies-listing/corporate-filings-annual-reports,https://www.nseindia.com/companies-listing/corporate-filings-annual-reports,1620598449,18:14:09,20210509
19,2016-06-30,SUPPETRO.NS,INR,2016-06-30,2016-06-30,Q2,7274211000.0,6058089000.0,1216122000.0,0.16718266764601686,0.0,0.0,0.0,16791000.0,500796000.0,6558885000.0,14755000.0,57506000.0,772832000.0,0.1062427251560341,715326000.0,0.09833726296913851,0.0,717362000.0,0.09861715586748858,261287000.0,456075000.0,0.06269752142191092,4.73,4.73,96421776,96421776,https://www.nseindia.com/companies-listing/corporate-filings-annual-reports,https://www.nseindia.com/companies-listing/corporate-filings-annual-reports,1620598449,18:14:09,20210509
20,2016-03-31,SUPPETRO.NS,INR,2016-03-31,2016-03-31,Q1,0.0,0.0,0.0,0.0,0.0,0.0,0.0,0.0,0.0,0.0,0.0,0.0,0.0,0.0,0.0,0.0,0.0,0.0,0.0,0.0,0.0,0.0,5.63,5.63,96512433,96512433,https://www.nseindia.com/companies-listing/corporate-filings-annual-reports,https://www.nseindia.com/companies-listing/corporate-filings-annual-reports,1620598449,18:14:09,20210509
21,2015-12-31,SUPPETRO.NS,INR,2015-12-31,2015-12-31,Q4,6005025000.0,5254953000.0,750072000.0,0.12490739006082406,0.0,0.0,0.0,10197000.0,468160000.0,5723113000.0,18901000.0,56301000.0,338213000.0,0.056321663939783766,281912000.0,0.04694601604489573,0.0,273205000.0,0.04549606371330677,8758000.0,264447000.0,0.04403761849451085,2.74,2.74,96513504,96513504,https://www.nseindia.com/companies-listing/corporate-filings-annual-reports,https://www.nseindia.com/companies-listing/corporate-filings-annual-reports,1620598449,18:14:09,20210509
22,2015-09-30,SUPPETRO.NS,INR,2015-09-30,2015-09-30,Q3,6368875000.0,6092130000.0,276745000.0,0.043452729092657655,0.0,0.0,0.0,12032000.0,520850000.0,6612980000.0,15253000.0,57058000.0,-187047000.0,-0.029368923082962062,-244105000.0,-0.03832780514612078,0.0,-247326000.0,-0.03883354595591843,0.0,-247326000.0,-0.03883354595591843,-2.56,-2.56,96611719,96611719,https://www.nseindia.com/companies-listing/corporate-filings-annual-reports,https://www.nseindia.com/companies-listing/corporate-filings-annual-reports,1620598449,18:14:09,20210509
23,2015-06-30,SUPPETRO.NS,INR,2015-06-30,2015-06-30,Q2,6725114000.0,5322062000.0,1403052000.0,0.20862873105199406,0.0,0.0,0.0,-14719000.0,224752000.0,5546814000.0,-24840000.0,67678000.0,1245978000.0,0.18527239835636988,1178300000.0,0.17520892582638747,0.0,840111000.0,0.12492145114566088,235170000.0,634199000.0,0.09430308541981593,6.742944924916945,6.742944924916945,94053712,94053712,https://www.nseindia.com/companies-listing/corporate-filings-annual-reports,https://www.nseindia.com/companies-listing/corporate-filings-annual-reports,1620598449,18:14:09,20210509
24,2015-03-31,SUPPETRO.NS,INR,2015-03-31,2015-03-31,Q1,6572978000.0,5900180000.0,672798000.0,0.10235817007146532,0.0,0.0,0.0,8209000.0,445158000.0,6345338000.0,31889000.0,51432000.0,279072000.0,0.04245746752841711,227640000.0,0.03463270377597491,0.0,203960000.0,0.031030074952327544,-837000.0,204797000.0,0.031157414493095822,2.12,2.12,96602358,96602358,https://www.nseindia.com/companies-listing/corporate-filings-annual-reports,https://www.nseindia.com/companies-listing/corporate-filings-annual-reports,1620598449,18:14:09,20210509
25,2014-12-31,SUPPETRO.NS,INR,2014-12-31,2014-12-31,Q4,6112016000.0,6059025000.0,52991000.0,0.00866997075923885,0.0,0.0,0.0,7756000.0,646800000.0,6705825000.0,54557000.0,58284000.0,-535525000.0,-0.08761838974243523,-593809000.0,-0.0971543595435614,0.0,-640610000.0,-0.10481157117389744,-51196000.0,-589414000.0,-0.0964352842008267,-6.11,-6.11,96467103,96467103,https://www.nseindia.com/companies-listing/corporate-filings-annual-reports,https://www.nseindia.com/companies-listing/corporate-filings-annual-reports,1620598449,18:14:09,20210509
26,2014-09-30,SUPPETRO.NS,INR,2014-09-30,2014-09-30,Q3,6942344000.0,6272204000.0,670140000.0,0.0965293566553314,0.0,0.0,0.0,5003000.0,456661000.0,6728865000.0,59013000.0,53364000.0,266843000.0,0.03843701781415614,213479000.0,0.030750276851737684,0.0,159469000.0,0.022970483744395264,52039000.0,107430000.0,0.015474600509568526,1.11,1.11,96783784,96783784,https://www.nseindia.com/companies-listing/corporate-filings-annual-reports,https://www.nseindia.com/companies-listing/corporate-filings-annual-reports,1620598449,18:14:09,20210509
27,2014-06-30,SUPPETRO.NS,INR,2014-06-30,2014-06-30,Q2,8326345000.0,7662263000.0,664082000.0,0.07975672398873696,0.0,0.0,0.0,-23454000.0,228305000.0,7890568000.0,1178000.0,66582000.0,502359000.0,0.06033367582054311,435777000.0,0.05233712991714852,0.0,105242000.0,0.012639639601770045,32904000.0,77347000.0,0.009289430116095357,0.8223705195176135,0.8223705195176135,94053712,94053712,https://www.nseindia.com/companies-listing/corporate-filings-annual-reports,https://www.nseindia.com/companies-listing/corporate-filings-annual-reports,1620598449,18:14:09,20210509
28,2014-03-31,SUPPETRO.NS,INR,2014-03-31,2014-03-31,Q1,8160698000.0,7456928000.0,703770000.0,0.08623894671754793,0.0,0.0,0.0,12088000.0,509861000.0,7966789000.0,59562000.0,70687000.0,264596000.0,0.032423206936465485,193909000.0,0.023761325318005885,0.0,146435000.0,0.01794393077650956,48642000.0,97811000.0,0.011985616916592183,1.01,1.01,96842574,96842574,https://www.nseindia.com/companies-listing/corporate-filings-annual-reports,https://www.nseindia.com/companies-listing/corporate-filings-annual-reports,1620598449,18:14:09,20210509
29,2013-12-31,SUPPETRO.NS,INR,2013-12-31,2013-12-31,Q4,8069802000.0,7826291000.0,243511000.0,0.03017558547285299,0.0,0.0,0.0,17875000.0,407221000.0,8233512000.0,61467000.0,71803000.0,-91907000.0,-0.011389003100695655,-163710000.0,-0.02028674309481199,0.0,-207302000.0,-0.02568861045165668,-72787000.0,-134743000.0,-0.016697187861610483,-1.39,-1.39,96937410,96937410,https://www.nseindia.com/companies-listing/corporate-filings-annual-reports,https://www.nseindia.com/companies-listing/corporate-filings-annual-reports,1620598449,18:14:09,20210509
30,2013-09-30,SUPPETRO.NS,INR,2013-09-30,2013-09-30,Q3,7835664000.0,6846046000.0,989618000.0,0.12629663548615663,0.0,0.0,0.0,8959000.0,539799000.0,7385845000.0,63023000.0,71163000.0,520982000.0,0.06648855795756428,449819000.0,0.057406621825540245,0.0,395755000.0,0.05050688748266899,130270000.0,265485000.0,0.03388162126400519,2.74,2.74,96892336,96892336,https://www.nseindia.com/companies-listing/corporate-filings-annual-reports,https://www.nseindia.com/companies-listing/corporate-filings-annual-reports,1620598449,18:14:09,20210509
31,2013-06-30,SUPPETRO.NS,INR,2013-06-30,2013-06-30,Q2,7527445000.0,6863059000.0,664386000.0,0.08826182057789861,0.0,0.0,0.0,-28277000.0,96566000.0,6959625000.0,14606000.0,63615000.0,631435000.0,0.08388437245307007,567820000.0,0.07543329775242463,0.0,227361000.0,0.030204272498835925,97089000.0,130272000.0,0.0173062705871647,1.3850808993057073,1.3850808993057073,94053712,94053712,https://www.nseindia.com/companies-listing/corporate-filings-annual-reports,https://www.nseindia.com/companies-listing/corporate-filings-annual-reports,1620598449,18:14:09,20210509
32,2013-03-31,SUPPETRO.NS,INR,2013-03-31,2013-03-31,Q1,7830120000.0,6920073000.0,910047000.0,0.11622388928905304,0.0,0.0,0.0,8153000.0,494241000.0,7414314000.0,52375000.0,69584000.0,485390000.0,0.061990109985543,415806000.0,0.0531034007141653,0.0,371584000.0,0.04745572226223864,117279000.0,263298000.0,0.03362630457770762,2.72,2.72,96800735,96800735,https://www.nseindia.com/companies-listing/corporate-filings-annual-reports,https://www.nseindia.com/companies-listing/corporate-filings-annual-reports,1620598449,18:14:09,20210509
33,2012-12-31,SUPPETRO.NS,INR,2012-12-31,2012-12-31,Q4,7885572000.0,6864419000.0,1021153000.0,0.12949637642012526,0.0,0.0,0.0,12634000.0,552785000.0,7417204000.0,75940000.0,70097000.0,538465000.0,0.06828483716843876,468368000.0,0.05939556445619924,0.0,405062000.0,0.05136748481911014,127011000.0,270640000.0,0.03432090912365013,2.79,2.79,97003584,97003584,https://www.nseindia.com/companies-listing/corporate-filings-annual-reports,https://www.nseindia.com/companies-listing/corporate-filings-annual-reports,1620598449,18:14:09,20210509
34,2012-09-30,SUPPETRO.NS,INR,2012-09-30,2012-09-30,Q3,6185381000.0,5551423000.0,633958000.0,0.1024929588007594,0.0,0.0,0.0,0.0,469418000.0,6020841000.0,68051000.0,67538000.0,232078000.0,0.03752040496777806,164540000.0,0.02660143328276787,0.0,96489000.0,0.015599524103689005,32466000.0,64023000.0,0.010350696262687779,0.66,0.66,97004545,97004545,https://www.nseindia.com/companies-listing/corporate-filings-annual-reports,https://www.nseindia.com/companies-listing/corporate-filings-annual-reports,1620598449,18:14:09,20210509
35,2012-06-30,SUPPETRO.NS,INR,2012-06-30,2012-06-30,Q2,5973295000.0,5919733000.0,53562000.0,0.008966910222917167,0.0,0.0,0.0,0.0,-485123000.0,5434610000.0,116987000.0,64795000.0,603480000.0,0.10102966620600523,538685000.0,0.09018221936134077,0.0,94287000.0,0.015784755315115025,48414000.0,45895000.0,0.0076833640394455656,0.48796585508501783,0.48796585508501783,94053712,94053712,https://www.nseindia.com/companies-listing/corporate-filings-annual-reports,https://www.nseindia.com/companies-listing/corporate-filings-annual-reports,1620598449,18:14:09,20210509
36,2012-03-31,SUPPETRO.NS,INR,2012-03-31,2012-03-31,Q1,6196712000.0,5377727000.0,818985000.0,0.13216444462805435,0.0,0.0,0.0,22061000.0,520089000.0,5897816000.0,60095000.0,60086000.0,358982000.0,0.05793104472178149,298896000.0,0.04823461216206272,0.0,260862000.0,0.04209684103440663,78989000.0,181873000.0,0.029349919763900598,1.8,1.8,101040556,101040556,https://www.nseindia.com/companies-listing/corporate-filings-annual-reports,https://www.nseindia.com/companies-listing/corporate-filings-annual-reports,1620598449,18:14:09,20210509
37,2011-12-31,SUPPETRO.NS,INR,2011-12-31,2011-12-31,Q4,4995267000.0,3177983000.0,1817284000.0,0.36380117419148966,0.0,0.0,0.0,0.0,1873227000.0,5051210000.0,53998000.0,52263000.0,-3680000.0,-0.0007366973577188166,-55943000.0,-0.011199201163821674,0.0,-109941000.0,-0.022009033751349025,-37379000.0,-72562000.0,-0.014526150454019775,-0.21,-0.75,38126613,38126613,https://www.nseindia.com/companies-listing/corporate-filings-annual-reports,https://www.nseindia.com/companies-listing/corporate-filings-annual-reports,1620598449,18:14:09,20210509
38,2011-09-30,SUPPETRO.NS,INR,2011-09-30,2011-09-30,Q3,5463757000.0,4708010000.0,755747000.0,0.13832002411527453,0.0,0.0,0.0,0.0,457258000.0,5165268000.0,65926000.0,52089000.0,350578000.0,0.06416427377718299,298489000.0,0.05463072387736131,0.0,232563000.0,0.04256466749893892,74000000.0,158555000.0,0.02901940917211362,1.64,1.64,96679878,96679878,https://www.nseindia.com/companies-listing/corporate-filings-annual-reports,https://www.nseindia.com/companies-listing/corporate-filings-annual-reports,1620598449,18:14:09,20210509
39,2010-12-31,SUPPETRO.NS,INR,2010-12-31,2010-12-31,Q4,4567018000.0,2802698000.0,1764320000.0,0.38631772416925003,0.0,0.0,0.0,0.0,1447851000.0,4250549000.0,0.0,51417000.0,367886000.0,0.0805527808298544,316469000.0,0.06929444990144554,0.0,282201000.0,0.06179108556173853,92889000.0,189332000.0,0.04145637262651472,2.49,1.93,38962113,38962113,https://www.nseindia.com/companies-listing/corporate-filings-annual-reports,https://www.nseindia.com/companies-listing/corporate-filings-annual-reports,1620598449,18:14:09,20210509
40,2009-12-31,SUPPETRO.NS,INR,2009-12-31,2009-12-31,Q4,3966645000.0,2317405000.0,1649240000.0,0.41577706096713973,0.0,0.0,0.0,0.0,1406895000.0,3724300000.0,0.0,52641000.0,294986000.0,0.07436662469164748,242345000.0,0.06109571186733373,0.0,206957000.0,0.05217431859921924,68510000.0,138447000.0,0.03490279568753947,1.43,1.32,38962113,38962113,https://www.nseindia.com/companies-listing/corporate-filings-annual-reports,https://www.nseindia.com/companies-listing/corporate-filings-annual-reports,1620598449,18:14:09,20210509
