,date,symbol,reportedCurrency,fillingDate,acceptedDate,period,revenue,costOfRevenue,grossProfit,grossProfitRatio,researchAndDevelopmentExpenses,generalAndAdministrativeExpenses,sellingAndMarketingExpenses,otherExpenses,operatingExpenses,costAndExpenses,interestExpense,depreciationAndAmortization,ebitda,ebitdaratio,operatingIncome,operatingIncomeRatio,totalOtherIncomeExpensesNet,incomeBeforeTax,incomeBeforeTaxRatio,incomeTaxExpense,netIncome,netIncomeRatio,eps,epsdiluted,weightedAverageShsOut,weightedAverageShsOutDil,link,finalLink,timestamp,est_time,est_date
0,2019-06-30,CCL.AX,AUD,2019-06-30,2019-06-30,Q2,1270900000.0,743675000.0,527225000.0,0.4148438114721851,0.0,0.0,272550000.0,7125000.0,112575000.0,0.0,26825000.0,0.0,160100000.0,7.938163647720175,142100000.0,0.11181052797230309,7600000.0,133275000.0,0.10486662994728145,37325000.0,93600000.0,0.07364859548351561,0.12925,0.12925,724000000,724000000,,,1620590032,15:53:52,20210509
1,2019-03-31,CCL.AX,AUD,2019-03-31,2019-03-31,Q1,1270900000.0,743675000.0,527225000.0,0.4148438114721851,0.0,0.0,272550000.0,7125000.0,112575000.0,0.0,26825000.0,0.0,160100000.0,7.938163647720175,142100000.0,0.11181052797230309,7600000.0,133275000.0,0.10486662994728145,37325000.0,93600000.0,0.07364859548351561,0.12925,0.12925,724000000,724000000,,,1620590032,15:53:52,20210509
2,2019-01-31,CCL.AX,AUD,2019-01-31,2019-01-31,Q1,1270900000.0,743675000.0,527225000.0,0.4148438114721851,0.0,0.0,272550000.0,7125000.0,112575000.0,0.0,26825000.0,0.0,160100000.0,7.938163647720175,142100000.0,0.11181052797230309,7600000.0,133275000.0,0.10486662994728145,37325000.0,93600000.0,0.07364859548351561,0.12925,0.12925,724000000,724000000,,,1620590032,15:53:52,20210509
3,2018-06-30,CCL.AX,AUD,2018-06-30,2018-06-30,Q2,1191100000.0,687850000.0,503250000.0,0.4225086054907229,0.0,0.0,265625000.0,17175000.0,98375000.0,0.0,21525000.0,1525000.0,139250000.0,0.11690873982033415,137725000.0,0.1156284107127865,15775000.0,139750000.0,0.11732851985559567,36125000.0,69750000.0,0.058559314918982454,0.09625,0.09625,724000000,724000000,,,1620590032,15:53:52,20210509
4,2018-03-31,CCL.AX,AUD,2018-03-31,2018-03-31,Q1,1191100000.0,687850000.0,503250000.0,0.4225086054907229,0.0,0.0,265625000.0,17175000.0,98375000.0,0.0,21525000.0,1525000.0,139250000.0,0.11690873982033415,137725000.0,0.1156284107127865,15775000.0,139750000.0,0.11732851985559567,36125000.0,69750000.0,0.058559314918982454,0.09625,0.09625,724000000,724000000,,,1620590032,15:53:52,20210509
5,2018-01-31,CCL.AX,AUD,2018-01-31,2018-01-31,Q1,1191100000.0,687850000.0,503250000.0,0.4225086054907229,0.0,0.0,265625000.0,17175000.0,98375000.0,0.0,21525000.0,1525000.0,139250000.0,0.11690873982033415,137725000.0,0.1156284107127865,15775000.0,139750000.0,0.11732851985559567,36125000.0,69750000.0,0.058559314918982454,0.09625,0.09625,724000000,724000000,,,1620590032,15:53:52,20210509
6,2017-06-30,CCL.AX,AUD,2017-06-30,2017-06-30,Q2,1236175000.0,709900000.0,526275000.0,0.425728557849819,0.0,0.0,271975000.0,10975000.0,95650000.0,0.0,26100000.0,0.0,178500000.0,6.925350140056023,158650000.0,0.12833943414160617,10950000.0,152400000.0,0.12328351568345906,37150000.0,111300000.0,0.09003579590268368,0.1495,0.13975,745000000,796422182,,,1620590032,15:53:52,20210509
7,2017-03-31,CCL.AX,AUD,2017-03-31,2017-03-31,Q1,1236175000.0,709900000.0,526275000.0,0.425728557849819,0.0,0.0,271975000.0,10975000.0,95650000.0,0.0,26100000.0,0.0,178500000.0,6.925350140056023,158650000.0,0.12833943414160617,10950000.0,152400000.0,0.12328351568345906,37150000.0,111300000.0,0.09003579590268368,0.1495,0.13975,745000000,796422182,,,1620590032,15:53:52,20210509
8,2017-01-31,CCL.AX,AUD,2017-01-31,2017-01-31,Q1,1236175000.0,709900000.0,526275000.0,0.425728557849819,0.0,0.0,271975000.0,10975000.0,95650000.0,0.0,26100000.0,0.0,178500000.0,6.925350140056023,158650000.0,0.12833943414160617,10950000.0,152400000.0,0.12328351568345906,37150000.0,111300000.0,0.09003579590268368,0.1495,0.13975,745000000,796422182,,,1620590032,15:53:52,20210509
9,2016-06-30,CCL.AX,AUD,2016-06-30,2016-06-30,Q2,1292075000.0,752975000.0,539100000.0,0.41723584157266413,0.0,0.0,279350000.0,10775000.0,153950000.0,0.0,28700000.0,0.0,126975000.0,10.175822012207128,105800000.0,0.08188379157556644,10725000.0,98275000.0,0.07605982624847629,33950000.0,61525000.0,0.04761720488361744,0.0805,0.0805,763600000,763600000,,,1620590032,15:53:52,20210509
10,2016-03-31,CCL.AX,AUD,2016-03-31,2016-03-31,Q1,1292075000.0,752975000.0,539100000.0,0.41723584157266413,0.0,0.0,279350000.0,10775000.0,153950000.0,0.0,28700000.0,0.0,126975000.0,10.175822012207128,105800000.0,0.08188379157556644,10725000.0,98275000.0,0.07605982624847629,33950000.0,61525000.0,0.04761720488361744,0.0805,0.0805,763600000,763600000,,,1620590032,15:53:52,20210509
11,2016-01-31,CCL.AX,AUD,2016-01-31,2016-01-31,Q1,1292075000.0,752975000.0,539100000.0,0.41723584157266413,0.0,0.0,279350000.0,10775000.0,153950000.0,0.0,28700000.0,0.0,126975000.0,10.175822012207128,105800000.0,0.08188379157556644,10725000.0,98275000.0,0.07605982624847629,33950000.0,61525000.0,0.04761720488361744,0.0805,0.0805,763600000,763600000,,,1620590032,15:53:52,20210509
12,2015-09-30,CCL.AX,AUD,2015-09-30,2015-09-30,Q3,1278150000.0,738350000.0,539800000.0,0.42232914759613505,0.0,0.0,283375000.0,9925000.0,101200000.0,0.0,30200000.0,0.0,173800000.0,7.354142692750288,155225000.0,0.12144505730939248,9925000.0,143600000.0,0.11234988068693033,42750000.0,98350000.0,0.07694715017799163,0.12875,0.12875,763600000,763600000,,,1620590032,15:53:52,20210509
13,2015-06-30,CCL.AX,AUD,2015-06-30,2015-06-30,Q2,1278150000.0,738350000.0,539800000.0,0.42232914759613505,0.0,0.0,283375000.0,9925000.0,101200000.0,0.0,30200000.0,0.0,173800000.0,7.354142692750288,155225000.0,0.12144505730939248,9925000.0,143600000.0,0.11234988068693033,42750000.0,98350000.0,0.07694715017799163,0.12875,0.12875,763600000,763600000,,,1620590032,15:53:52,20210509
14,2015-03-31,CCL.AX,AUD,2015-03-31,2015-03-31,Q1,1278150000.0,738350000.0,539800000.0,0.42232914759613505,0.0,0.0,283375000.0,9925000.0,101200000.0,0.0,30200000.0,0.0,173800000.0,7.354142692750288,155225000.0,0.12144505730939248,9925000.0,143600000.0,0.11234988068693033,42750000.0,98350000.0,0.07694715017799163,0.12875,0.12875,763600000,763600000,,,1620590032,15:53:52,20210509
15,2015-01-31,CCL.AX,AUD,2015-01-31,2015-01-31,Q1,1278150000.0,738350000.0,539800000.0,0.42232914759613505,0.0,0.0,283375000.0,9925000.0,101200000.0,0.0,30200000.0,0.0,173800000.0,7.354142692750288,155225000.0,0.12144505730939248,9925000.0,143600000.0,0.11234988068693033,42750000.0,98350000.0,0.07694715017799163,0.12875,0.12875,763600000,763600000,,,1620590032,15:53:52,20210509
16,2014-09-30,CCL.AX,AUD,2014-09-30,2014-09-30,Q3,1240475000.0,713975000.0,526500000.0,0.42443418851649567,0.0,99625000.0,274225000.0,10250000.0,0.0,0.0,38275000.0,0.0,170675000.0,7.2680533177090965,152650000.0,0.12305769967149681,-25875000.0,96300000.0,0.07763155242951289,28100000.0,68025000.0,0.054837864527701084,0.089,0.089,763600000,763600000,,,1620590032,15:53:52,20210509
17,2014-06-30,CCL.AX,AUD,2014-06-30,2014-06-30,Q2,1240475000.0,713975000.0,526500000.0,0.42443418851649567,0.0,99625000.0,274225000.0,10250000.0,0.0,0.0,38275000.0,0.0,170675000.0,7.2680533177090965,152650000.0,0.12305769967149681,-25875000.0,96300000.0,0.07763155242951289,28100000.0,68025000.0,0.054837864527701084,0.089,0.089,763600000,763600000,,,1620590032,15:53:52,20210509
18,2014-03-31,CCL.AX,AUD,2014-03-31,2014-03-31,Q1,1240475000.0,713975000.0,526500000.0,0.42443418851649567,0.0,99625000.0,274225000.0,10250000.0,0.0,0.0,38275000.0,0.0,170675000.0,7.2680533177090965,152650000.0,0.12305769967149681,-25875000.0,96300000.0,0.07763155242951289,28100000.0,68025000.0,0.054837864527701084,0.089,0.089,763600000,763600000,,,1620590032,15:53:52,20210509
19,2014-01-31,CCL.AX,AUD,2014-01-31,2014-01-31,Q1,1240475000.0,713975000.0,526500000.0,0.42443418851649567,0.0,99625000.0,274225000.0,10250000.0,0.0,0.0,38275000.0,0.0,170675000.0,7.2680533177090965,152650000.0,0.12305769967149681,-25875000.0,96300000.0,0.07763155242951289,28100000.0,68025000.0,0.054837864527701084,0.089,0.089,763600000,763600000,,,1620590032,15:53:52,20210509
20,2013-09-30,CCL.AX,AUD,2013-09-30,2013-09-30,Q3,1244925000.0,710725000.0,534200000.0,0.429102154748278,0.0,85950000.0,265925000.0,26000000.0,0.0,0.0,40250000.0,0.0,217375000.0,5.727084531339851,182325000.0,0.1464546056991385,-90350000.0,60775000.0,0.04881820189971284,40625000.0,19975000.0,0.0160451432817238,0.02625,0.02625,763200000,763200000,,,1620590032,15:53:52,20210509
21,2013-06-30,CCL.AX,AUD,2013-06-30,2013-06-30,Q2,1244925000.0,710725000.0,534200000.0,0.429102154748278,0.0,85950000.0,265925000.0,26000000.0,0.0,0.0,40250000.0,0.0,217375000.0,5.727084531339851,182325000.0,0.1464546056991385,-90350000.0,60775000.0,0.04881820189971284,40625000.0,19975000.0,0.0160451432817238,0.02625,0.02625,763200000,763200000,,,1620590032,15:53:52,20210509
22,2013-03-31,CCL.AX,AUD,2013-03-31,2013-03-31,Q1,1244925000.0,710725000.0,534200000.0,0.429102154748278,0.0,85950000.0,265925000.0,26000000.0,0.0,0.0,40250000.0,0.0,217375000.0,5.727084531339851,182325000.0,0.1464546056991385,-90350000.0,60775000.0,0.04881820189971284,40625000.0,19975000.0,0.0160451432817238,0.02625,0.02625,763200000,763200000,,,1620590032,15:53:52,20210509
23,2013-01-31,CCL.AX,AUD,2013-01-31,2013-01-31,Q1,1244925000.0,710725000.0,534200000.0,0.429102154748278,0.0,85950000.0,265925000.0,26000000.0,0.0,0.0,40250000.0,0.0,217375000.0,5.727084531339851,182325000.0,0.1464546056991385,-90350000.0,60775000.0,0.04881820189971284,40625000.0,19975000.0,0.0160451432817238,0.02625,0.02625,763200000,763200000,,,1620590032,15:53:52,20210509
24,2012-09-30,CCL.AX,AUD,2012-09-30,2012-09-30,Q3,1257350000.0,709825000.0,547525000.0,0.43545949815087287,0.0,127325000.0,270700000.0,40750000.0,0.0,0.0,36925000.0,0.0,199200000.0,6.311997991967871,149500000.0,0.11890086292599515,40750000.0,162275000.0,0.12906112061080843,47250000.0,114975000.0,0.09144231916331969,0.151,0.151,761100000,761100000,,,1620590032,15:53:52,20210509
25,2012-06-30,CCL.AX,AUD,2012-06-30,2012-06-30,Q2,1257350000.0,709825000.0,547525000.0,0.43545949815087287,0.0,127325000.0,270700000.0,40750000.0,0.0,0.0,36925000.0,0.0,199200000.0,6.311997991967871,149500000.0,0.11890086292599515,40750000.0,162275000.0,0.12906112061080843,47250000.0,114975000.0,0.09144231916331969,0.151,0.151,761100000,761100000,,,1620590032,15:53:52,20210509
26,2012-03-31,CCL.AX,AUD,2012-03-31,2012-03-31,Q1,1257350000.0,709825000.0,547525000.0,0.43545949815087287,0.0,127325000.0,270700000.0,40750000.0,0.0,0.0,36925000.0,0.0,199200000.0,6.311997991967871,149500000.0,0.11890086292599515,40750000.0,162275000.0,0.12906112061080843,47250000.0,114975000.0,0.09144231916331969,0.151,0.151,761100000,761100000,,,1620590032,15:53:52,20210509
27,2012-01-31,CCL.AX,AUD,2012-01-31,2012-01-31,Q1,1257350000.0,709825000.0,547525000.0,0.43545949815087287,0.0,127325000.0,270700000.0,40750000.0,0.0,0.0,36925000.0,0.0,199200000.0,6.311997991967871,149500000.0,0.11890086292599515,40750000.0,162275000.0,0.12906112061080843,47250000.0,114975000.0,0.09144231916331969,0.151,0.151,761100000,761100000,,,1620590032,15:53:52,20210509
28,2011-09-30,CCL.AX,AUD,2011-09-30,2011-09-30,Q3,1188500000.0,671075000.0,517425000.0,0.4353596970971813,0.0,125250000.0,253500000.0,78725000.0,0.0,0.0,34900000.0,0.0,220575000.0,5.38818995806415,138675000.0,0.11668068994530921,78950000.0,185675000.0,0.1562263357172907,37725000.0,147950000.0,0.12448464450988642,0.19525,0.19525,757900000,757900000,,,1620590032,15:53:52,20210509
29,2011-06-30,CCL.AX,AUD,2011-06-30,2011-06-30,Q2,1188500000.0,671075000.0,517425000.0,0.4353596970971813,0.0,125250000.0,253500000.0,78725000.0,0.0,0.0,34900000.0,0.0,220575000.0,5.38818995806415,138675000.0,0.11668068994530921,78950000.0,185675000.0,0.1562263357172907,37725000.0,147950000.0,0.12448464450988642,0.19525,0.19525,757900000,757900000,,,1620590032,15:53:52,20210509
30,2011-03-31,CCL.AX,AUD,2011-03-31,2011-03-31,Q1,1188500000.0,671075000.0,517425000.0,0.4353596970971813,0.0,125250000.0,253500000.0,78725000.0,0.0,0.0,34900000.0,0.0,220575000.0,5.38818995806415,138675000.0,0.11668068994530921,78950000.0,185675000.0,0.1562263357172907,37725000.0,147950000.0,0.12448464450988642,0.19525,0.19525,757900000,757900000,,,1620590032,15:53:52,20210509
31,2011-01-31,CCL.AX,AUD,2011-01-31,2011-01-31,Q1,1188500000.0,671075000.0,517425000.0,0.4353596970971813,0.0,125250000.0,253500000.0,78725000.0,0.0,0.0,34900000.0,0.0,220575000.0,5.38818995806415,138675000.0,0.11668068994530921,78950000.0,185675000.0,0.1562263357172907,37725000.0,147950000.0,0.12448464450988642,0.19525,0.19525,757900000,757900000,,,1620590032,15:53:52,20210509
32,2010-09-30,CCL.AX,AUD,2010-09-30,2010-09-30,Q3,1146775000.0,618800000.0,527975000.0,0.46039981687776593,0.0,84900000.0,237800000.0,5575000.0,0.0,0.0,38825000.0,0.0,216450000.0,5.298105798105798,205275000.0,0.17900198382420265,5950000.0,177625000.0,0.15489088966885395,53300000.0,124325000.0,0.10841272263521615,0.165,0.165,753200000,753200000,,,1620590032,15:53:52,20210509
33,2010-06-30,CCL.AX,AUD,2010-06-30,2010-06-30,Q2,1146775000.0,618800000.0,527975000.0,0.46039981687776593,0.0,84900000.0,237800000.0,5575000.0,0.0,0.0,38825000.0,0.0,216450000.0,5.298105798105798,205275000.0,0.17900198382420265,5950000.0,177625000.0,0.15489088966885395,53300000.0,124325000.0,0.10841272263521615,0.165,0.165,753200000,753200000,,,1620590032,15:53:52,20210509
34,2010-03-31,CCL.AX,AUD,2010-03-31,2010-03-31,Q1,1146775000.0,618800000.0,527975000.0,0.46039981687776593,0.0,84900000.0,237800000.0,5575000.0,0.0,0.0,38825000.0,0.0,216450000.0,5.298105798105798,205275000.0,0.17900198382420265,5950000.0,177625000.0,0.15489088966885395,53300000.0,124325000.0,0.10841272263521615,0.165,0.165,753200000,753200000,,,1620590032,15:53:52,20210509
35,2010-01-31,CCL.AX,AUD,2010-01-31,2010-01-31,Q1,1146775000.0,618800000.0,527975000.0,0.46039981687776593,0.0,84900000.0,237800000.0,5575000.0,0.0,0.0,38825000.0,0.0,216450000.0,5.298105798105798,205275000.0,0.17900198382420265,5950000.0,177625000.0,0.15489088966885395,53300000.0,124325000.0,0.10841272263521615,0.165,0.165,753200000,753200000,,,1620590032,15:53:52,20210509
36,2009-09-30,CCL.AX,AUD,2009-09-30,2009-09-30,Q3,1132675000.0,604775000.0,527900000.0,0.4660648464917121,0.0,102150000.0,232375000.0,4025000.0,0.0,0.0,37200000.0,0.0,200550000.0,5.647843430565944,193375000.0,0.17072417065795573,3450000.0,163350000.0,0.14421612554351423,51100000.0,112250000.0,0.09910168406647979,0.15125,0.151,742000000,743377483,,,1620590032,15:53:52,20210509
37,2009-06-30,CCL.AX,AUD,2009-06-30,2009-06-30,Q2,1132675000.0,604775000.0,527900000.0,0.4660648464917121,0.0,102150000.0,232375000.0,4025000.0,0.0,0.0,37200000.0,0.0,200550000.0,5.647843430565944,193375000.0,0.17072417065795573,3450000.0,163350000.0,0.14421612554351423,51100000.0,112250000.0,0.09910168406647979,0.15125,0.151,742000000,743377483,,,1620590032,15:53:52,20210509
38,2009-03-31,CCL.AX,AUD,2009-03-31,2009-03-31,Q1,1132675000.0,604775000.0,527900000.0,0.4660648464917121,0.0,102150000.0,232375000.0,4025000.0,0.0,0.0,37200000.0,0.0,200550000.0,5.647843430565944,193375000.0,0.17072417065795573,3450000.0,163350000.0,0.14421612554351423,51100000.0,112250000.0,0.09910168406647979,0.15125,0.151,742000000,743377483,,,1620590032,15:53:52,20210509
39,2009-01-31,CCL.AX,AUD,2009-01-31,2009-01-31,Q1,1132675000.0,604775000.0,527900000.0,0.4660648464917121,0.0,102150000.0,232375000.0,4025000.0,0.0,0.0,37200000.0,0.0,200550000.0,5.647843430565944,193375000.0,0.17072417065795573,3450000.0,163350000.0,0.14421612554351423,51100000.0,112250000.0,0.09910168406647979,0.15125,0.151,742000000,743377483,,,1620590032,15:53:52,20210509
40,2008-09-30,CCL.AX,AUD,2008-09-30,2008-09-30,Q3,1039750000.0,558200000.0,481550000.0,0.4631401779273864,0.0,99375000.0,227825000.0,17275000.0,0.0,0.0,45475000.0,0.0,179375000.0,5.796515679442509,154350000.0,0.14844914642943016,17425000.0,133900000.0,0.12878095696080788,37500000.0,96400000.0,0.09271459485453235,0.131,0.13075,736400000,737284895,,,1620590032,15:53:52,20210509
41,2008-06-30,CCL.AX,AUD,2008-06-30,2008-06-30,Q2,1039750000.0,558200000.0,481550000.0,0.4631401779273864,0.0,99375000.0,227825000.0,17275000.0,0.0,0.0,45475000.0,0.0,179375000.0,5.796515679442509,154350000.0,0.14844914642943016,17425000.0,133900000.0,0.12878095696080788,37500000.0,96400000.0,0.09271459485453235,0.131,0.13075,736400000,737284895,,,1620590032,15:53:52,20210509
42,2008-03-31,CCL.AX,AUD,2008-03-31,2008-03-31,Q1,1039750000.0,558200000.0,481550000.0,0.4631401779273864,0.0,99375000.0,227825000.0,17275000.0,0.0,0.0,45475000.0,0.0,179375000.0,5.796515679442509,154350000.0,0.14844914642943016,17425000.0,133900000.0,0.12878095696080788,37500000.0,96400000.0,0.09271459485453235,0.131,0.13075,736400000,737284895,,,1620590032,15:53:52,20210509
43,2008-01-31,CCL.AX,AUD,2008-01-31,2008-01-31,Q1,1039750000.0,558200000.0,481550000.0,0.4631401779273864,0.0,99375000.0,227825000.0,17275000.0,0.0,0.0,45475000.0,0.0,179375000.0,5.796515679442509,154350000.0,0.14844914642943016,17425000.0,133900000.0,0.12878095696080788,37500000.0,96400000.0,0.09271459485453235,0.131,0.13075,736400000,737284895,,,1620590032,15:53:52,20210509
44,2007-09-30,CCL.AX,AUD,2007-09-30,2007-09-30,Q3,988400000.0,539300000.0,449100000.0,0.45437070012140834,0.0,82825000.0,220275000.0,15900000.0,0.0,0.0,39250000.0,0.0,168250000.0,5.8745913818722135,146000000.0,0.14771347632537435,16100000.0,129000000.0,0.13051396195872117,37100000.0,77675000.0,0.0785866046135168,0.10325,0.103,753100000,754126214,,,1620590032,15:53:52,20210509
45,2007-06-30,CCL.AX,AUD,2007-06-30,2007-06-30,Q2,988400000.0,539300000.0,449100000.0,0.45437070012140834,0.0,82825000.0,220275000.0,15900000.0,0.0,0.0,39250000.0,0.0,168250000.0,5.8745913818722135,146000000.0,0.14771347632537435,16100000.0,129000000.0,0.13051396195872117,37100000.0,77675000.0,0.0785866046135168,0.10325,0.103,753100000,754126214,,,1620590032,15:53:52,20210509
46,2007-03-31,CCL.AX,AUD,2007-03-31,2007-03-31,Q1,988400000.0,539300000.0,449100000.0,0.45437070012140834,0.0,82825000.0,220275000.0,15900000.0,0.0,0.0,39250000.0,0.0,168250000.0,5.8745913818722135,146000000.0,0.14771347632537435,16100000.0,129000000.0,0.13051396195872117,37100000.0,77675000.0,0.0785866046135168,0.10325,0.103,753100000,754126214,,,1620590032,15:53:52,20210509
47,2007-01-31,CCL.AX,AUD,2007-01-31,2007-01-31,Q1,988400000.0,539300000.0,449100000.0,0.45437070012140834,0.0,82825000.0,220275000.0,15900000.0,0.0,0.0,39250000.0,0.0,168250000.0,5.8745913818722135,146000000.0,0.14771347632537435,16100000.0,129000000.0,0.13051396195872117,37100000.0,77675000.0,0.0785866046135168,0.10325,0.103,753100000,754126214,,,1620590032,15:53:52,20210509
48,2006-09-30,CCL.AX,AUD,2006-09-30,2006-09-30,Q3,1091200000.0,617025000.0,474175000.0,0.4345445381231672,0.0,76750000.0,272975000.0,13950000.0,0.0,0.0,40950000.0,0.0,143425000.0,7.608157573644762,124450000.0,0.11404875366568915,10400000.0,99000000.0,0.0907258064516129,28400000.0,70600000.0,0.06469941348973607,0.09425,0.094,749200000,751063830,,,1620590032,15:53:52,20210509
49,2006-06-30,CCL.AX,AUD,2006-06-30,2006-06-30,Q2,1091200000.0,617025000.0,474175000.0,0.4345445381231672,0.0,76750000.0,272975000.0,13950000.0,0.0,0.0,40950000.0,0.0,143425000.0,7.608157573644762,124450000.0,0.11404875366568915,10400000.0,99000000.0,0.0907258064516129,28400000.0,70600000.0,0.06469941348973607,0.09425,0.094,749200000,751063830,,,1620590032,15:53:52,20210509
50,2006-03-31,CCL.AX,AUD,2006-03-31,2006-03-31,Q1,1091200000.0,617025000.0,474175000.0,0.4345445381231672,0.0,76750000.0,272975000.0,13950000.0,0.0,0.0,40950000.0,0.0,143425000.0,7.608157573644762,124450000.0,0.11404875366568915,10400000.0,99000000.0,0.0907258064516129,28400000.0,70600000.0,0.06469941348973607,0.09425,0.094,749200000,751063830,,,1620590032,15:53:52,20210509
51,2006-01-31,CCL.AX,AUD,2006-01-31,2006-01-31,Q1,1091200000.0,617025000.0,474175000.0,0.4345445381231672,0.0,76750000.0,272975000.0,13950000.0,0.0,0.0,40950000.0,0.0,143425000.0,7.608157573644762,124450000.0,0.11404875366568915,10400000.0,99000000.0,0.0907258064516129,28400000.0,70600000.0,0.06469941348973607,0.09425,0.094,749200000,751063830,,,1620590032,15:53:52,20210509
52,2005-09-30,CCL.AX,AUD,2005-09-30,2005-09-30,Q3,1021000000.0,576900000.0,444100000.0,0.4349657198824682,0.0,62600000.0,255250000.0,16400000.0,0.0,0.0,37775000.0,0.0,145300000.0,7.026841018582243,126250000.0,0.12365328109696376,16400000.0,107525000.0,0.10531341821743388,27400000.0,80125000.0,0.07847698334965719,0.10825,0.10775,740184757,743619490,,,1620590032,15:53:52,20210509
53,2005-06-30,CCL.AX,AUD,2005-06-30,2005-06-30,Q2,1021000000.0,576900000.0,444100000.0,0.4349657198824682,0.0,62600000.0,255250000.0,16400000.0,0.0,0.0,37775000.0,0.0,145300000.0,7.026841018582243,126250000.0,0.12365328109696376,16400000.0,107525000.0,0.10531341821743388,27400000.0,80125000.0,0.07847698334965719,0.10825,0.10775,740184757,743619490,,,1620590032,15:53:52,20210509
54,2005-03-31,CCL.AX,AUD,2005-03-31,2005-03-31,Q1,1021000000.0,576900000.0,444100000.0,0.4349657198824682,0.0,62600000.0,255250000.0,16400000.0,0.0,0.0,37775000.0,0.0,145300000.0,7.026841018582243,126250000.0,0.12365328109696376,16400000.0,107525000.0,0.10531341821743388,27400000.0,80125000.0,0.07847698334965719,0.10825,0.10775,740184757,743619490,,,1620590032,15:53:52,20210509
55,2005-01-31,CCL.AX,AUD,2005-01-31,2005-01-31,Q1,1021000000.0,576900000.0,444100000.0,0.4349657198824682,0.0,62600000.0,255250000.0,16400000.0,0.0,0.0,37775000.0,0.0,145300000.0,7.026841018582243,126250000.0,0.12365328109696376,16400000.0,107525000.0,0.10531341821743388,27400000.0,80125000.0,0.07847698334965719,0.10825,0.10775,740184757,743619490,,,1620590032,15:53:52,20210509
56,2004-09-30,CCL.AX,AUD,2004-09-30,2004-09-30,Q3,876125000.0,466550000.0,409575000.0,0.46748466257668714,0.0,80500000.0,221225000.0,21650000.0,0.0,0.0,32175000.0,0.0,133925000.0,6.541907784207579,107850000.0,0.12309887287772864,21650000.0,101750000.0,0.11613639606220573,101750000.0,-100000.0,-0.00011413896418889998,0.0995,0.099,703500000,703500000,,,1620590032,15:53:52,20210509
57,2004-06-30,CCL.AX,AUD,2004-06-30,2004-06-30,Q2,876125000.0,466550000.0,409575000.0,0.46748466257668714,0.0,80500000.0,221225000.0,21650000.0,0.0,0.0,32175000.0,0.0,133925000.0,6.541907784207579,107850000.0,0.12309887287772864,21650000.0,101750000.0,0.11613639606220573,101750000.0,-100000.0,-0.00011413896418889998,0.0995,0.099,703500000,703500000,,,1620590032,15:53:52,20210509
58,2004-03-31,CCL.AX,AUD,2004-03-31,2004-03-31,Q1,876125000.0,466550000.0,409575000.0,0.46748466257668714,0.0,80500000.0,221225000.0,21650000.0,0.0,0.0,32175000.0,0.0,133925000.0,6.541907784207579,107850000.0,0.12309887287772864,21650000.0,101750000.0,0.11613639606220573,101750000.0,-100000.0,-0.00011413896418889998,0.0995,0.099,703500000,703500000,,,1620590032,15:53:52,20210509
59,2004-01-31,CCL.AX,AUD,2004-01-31,2004-01-31,Q1,876125000.0,466550000.0,409575000.0,0.46748466257668714,0.0,80500000.0,221225000.0,21650000.0,0.0,0.0,32175000.0,0.0,133925000.0,6.541907784207579,107850000.0,0.12309887287772864,21650000.0,101750000.0,0.11613639606220573,101750000.0,-100000.0,-0.00011413896418889998,0.0995,0.099,703500000,703500000,,,1620590032,15:53:52,20210509
60,2003-09-30,CCL.AX,AUD,2003-09-30,2003-09-30,Q3,859900000.0,477725000.0,382175000.0,0.4444412140946622,0.0,67875000.0,210850000.0,14050000.0,0.0,0.0,33500000.0,0.0,122000000.0,7.048360655737705,103450000.0,0.12030468659146412,14050000.0,88500000.0,0.10291894406326317,88500000.0,-75000.0,-8.721944412140947e-05,0.06975,0.06925,696057348,696057348,,,1620590032,15:53:52,20210509
61,2003-06-30,CCL.AX,AUD,2003-06-30,2003-06-30,Q2,859900000.0,477725000.0,382175000.0,0.4444412140946622,0.0,67875000.0,210850000.0,14050000.0,0.0,0.0,33500000.0,0.0,122000000.0,7.048360655737705,103450000.0,0.12030468659146412,14050000.0,88500000.0,0.10291894406326317,88500000.0,-75000.0,-8.721944412140947e-05,0.06975,0.06925,696057348,696057348,,,1620590032,15:53:52,20210509
62,2003-03-31,CCL.AX,AUD,2003-03-31,2003-03-31,Q1,859900000.0,477725000.0,382175000.0,0.4444412140946622,0.0,67875000.0,210850000.0,14050000.0,0.0,0.0,33500000.0,0.0,122000000.0,7.048360655737705,103450000.0,0.12030468659146412,14050000.0,88500000.0,0.10291894406326317,88500000.0,-75000.0,-8.721944412140947e-05,0.06975,0.06925,696057348,696057348,,,1620590032,15:53:52,20210509
63,2003-01-31,CCL.AX,AUD,2003-01-31,2003-01-31,Q1,859900000.0,477725000.0,382175000.0,0.4444412140946622,0.0,67875000.0,210850000.0,14050000.0,0.0,0.0,33500000.0,0.0,122000000.0,7.048360655737705,103450000.0,0.12030468659146412,14050000.0,88500000.0,0.10291894406326317,88500000.0,-75000.0,-8.721944412140947e-05,0.06975,0.06925,696057348,696057348,,,1620590032,15:53:52,20210509
64,2002-09-30,CCL.AX,AUD,2002-09-30,2002-09-30,Q3,878625000.0,505725000.0,372900000.0,0.4244131455399061,0.0,71050000.0,208200000.0,12625000.0,0.0,0.0,45625000.0,0.0,118700000.0,7.40206402695872,93650000.0,0.1065869967278418,12625000.0,73075000.0,0.08316972542324655,73075000.0,25000.0,2.8453549580310145e-05,0.076,0.07525,689400000,689400000,,,1620590032,15:53:52,20210509
65,2002-06-30,CCL.AX,AUD,2002-06-30,2002-06-30,Q2,878625000.0,505725000.0,372900000.0,0.4244131455399061,0.0,71050000.0,208200000.0,12625000.0,0.0,0.0,45625000.0,0.0,118700000.0,7.40206402695872,93650000.0,0.1065869967278418,12625000.0,73075000.0,0.08316972542324655,73075000.0,25000.0,2.8453549580310145e-05,0.076,0.07525,689400000,689400000,,,1620590032,15:53:52,20210509
66,2002-03-31,CCL.AX,AUD,2002-03-31,2002-03-31,Q1,878625000.0,505725000.0,372900000.0,0.4244131455399061,0.0,71050000.0,208200000.0,12625000.0,0.0,0.0,45625000.0,0.0,118700000.0,7.40206402695872,93650000.0,0.1065869967278418,12625000.0,73075000.0,0.08316972542324655,73075000.0,25000.0,2.8453549580310145e-05,0.076,0.07525,689400000,689400000,,,1620590032,15:53:52,20210509
67,2002-01-31,CCL.AX,AUD,2002-01-31,2002-01-31,Q1,878625000.0,505725000.0,372900000.0,0.4244131455399061,0.0,71050000.0,208200000.0,12625000.0,0.0,0.0,45625000.0,0.0,118700000.0,7.40206402695872,93650000.0,0.1065869967278418,12625000.0,73075000.0,0.08316972542324655,73075000.0,25000.0,2.8453549580310145e-05,0.076,0.07525,689400000,689400000,,,1620590032,15:53:52,20210509
68,2001-09-30,CCL.AX,AUD,2001-09-30,2001-09-30,Q3,918825000.0,545325000.0,373500000.0,0.406497428781324,0.0,70625000.0,195825000.0,86550000.0,26950000.0,0.0,42500000.0,0.0,173575000.0,5.2935330548754145,80100000.0,0.08717655701575382,86550000.0,131075000.0,0.14265502135880065,131075000.0,-325000.0,-0.00035371262209887627,0.1405,0.138,796100000,796100000,,,1620590032,15:53:52,20210509
69,2001-06-30,CCL.AX,AUD,2001-06-30,2001-06-30,Q2,918825000.0,545325000.0,373500000.0,0.406497428781324,0.0,70625000.0,195825000.0,86550000.0,26950000.0,0.0,42500000.0,0.0,173575000.0,5.2935330548754145,80100000.0,0.08717655701575382,86550000.0,131075000.0,0.14265502135880065,131075000.0,-325000.0,-0.00035371262209887627,0.1405,0.138,796100000,796100000,,,1620590032,15:53:52,20210509
70,2001-03-31,CCL.AX,AUD,2001-03-31,2001-03-31,Q1,918825000.0,545325000.0,373500000.0,0.406497428781324,0.0,70625000.0,195825000.0,86550000.0,26950000.0,0.0,42500000.0,0.0,173575000.0,5.2935330548754145,80100000.0,0.08717655701575382,86550000.0,131075000.0,0.14265502135880065,131075000.0,-325000.0,-0.00035371262209887627,0.1405,0.138,796100000,796100000,,,1620590032,15:53:52,20210509
71,2001-01-31,CCL.AX,AUD,2001-01-31,2001-01-31,Q1,918825000.0,545325000.0,373500000.0,0.406497428781324,0.0,70625000.0,195825000.0,86550000.0,26950000.0,0.0,42500000.0,0.0,173575000.0,5.2935330548754145,80100000.0,0.08717655701575382,86550000.0,131075000.0,0.14265502135880065,131075000.0,-325000.0,-0.00035371262209887627,0.1405,0.138,796100000,796100000,,,1620590032,15:53:52,20210509
72,2000-09-30,CCL.AX,AUD,2000-09-30,2000-09-30,Q3,0.0,0.0,0.0,0.0,0.0,0.0,0.0,0.0,0.0,0.0,51525000.0,0.0,126300000.0,0.0,0.0,0.0,0.0,74775000.0,0.0,74775000.0,-550000.0,0.0,0.04925,0.04925,1038000000,1038000000,,,1620590032,15:53:52,20210509
73,2000-06-30,CCL.AX,AUD,2000-06-30,2000-06-30,Q2,0.0,0.0,0.0,0.0,0.0,0.0,0.0,0.0,0.0,0.0,51525000.0,0.0,126300000.0,0.0,0.0,0.0,0.0,74775000.0,0.0,74775000.0,-550000.0,0.0,0.04925,0.04925,1038000000,1038000000,,,1620590032,15:53:52,20210509
74,2000-03-31,CCL.AX,AUD,2000-03-31,2000-03-31,Q1,0.0,0.0,0.0,0.0,0.0,0.0,0.0,0.0,0.0,0.0,51525000.0,0.0,126300000.0,0.0,0.0,0.0,0.0,74775000.0,0.0,74775000.0,-550000.0,0.0,0.04925,0.04925,1038000000,1038000000,,,1620590032,15:53:52,20210509
75,2000-01-31,CCL.AX,AUD,2000-01-31,2000-01-31,Q1,0.0,0.0,0.0,0.0,0.0,0.0,0.0,0.0,0.0,0.0,51525000.0,0.0,126300000.0,0.0,0.0,0.0,0.0,74775000.0,0.0,74775000.0,-550000.0,0.0,0.04925,0.04925,1038000000,1038000000,,,1620590032,15:53:52,20210509
76,1999-09-30,CCL.AX,AUD,1999-09-30,1999-09-30,Q3,0.0,0.0,0.0,0.0,0.0,0.0,0.0,0.0,0.0,0.0,0.0,0.0,0.0,0.0,0.0,0.0,0.0,0.0,0.0,0.0,0.0,0.0,0.03025,0.03025,1020000000,1020000000,,,1620590032,15:53:52,20210509
77,1999-06-30,CCL.AX,AUD,1999-06-30,1999-06-30,Q2,0.0,0.0,0.0,0.0,0.0,0.0,0.0,0.0,0.0,0.0,0.0,0.0,0.0,0.0,0.0,0.0,0.0,0.0,0.0,0.0,0.0,0.0,0.03025,0.03025,1020000000,1020000000,,,1620590032,15:53:52,20210509
78,1999-03-31,CCL.AX,AUD,1999-03-31,1999-03-31,Q1,0.0,0.0,0.0,0.0,0.0,0.0,0.0,0.0,0.0,0.0,0.0,0.0,0.0,0.0,0.0,0.0,0.0,0.0,0.0,0.0,0.0,0.0,0.03025,0.03025,1020000000,1020000000,,,1620590032,15:53:52,20210509
79,1999-01-31,CCL.AX,AUD,1999-01-31,1999-01-31,Q1,0.0,0.0,0.0,0.0,0.0,0.0,0.0,0.0,0.0,0.0,0.0,0.0,0.0,0.0,0.0,0.0,0.0,0.0,0.0,0.0,0.0,0.0,0.03025,0.03025,1020000000,1020000000,,,1620590032,15:53:52,20210509
80,1998-09-30,CCL.AX,AUD,1998-09-30,1998-09-30,Q3,0.0,0.0,0.0,0.0,0.0,0.0,0.0,0.0,0.0,0.0,48150000.0,0.0,127850000.0,0.0,0.0,0.0,0.0,79700000.0,0.0,79700000.0,117675000.0,0.0,0.055,0.055,1011376640,1011376640,,,1620590032,15:53:52,20210509
81,1998-06-30,CCL.AX,AUD,1998-06-30,1998-06-30,Q2,0.0,0.0,0.0,0.0,0.0,0.0,0.0,0.0,0.0,0.0,48150000.0,0.0,127850000.0,0.0,0.0,0.0,0.0,79700000.0,0.0,79700000.0,117675000.0,0.0,0.055,0.055,1011376640,1011376640,,,1620590032,15:53:52,20210509
82,1998-03-31,CCL.AX,AUD,1998-03-31,1998-03-31,Q1,0.0,0.0,0.0,0.0,0.0,0.0,0.0,0.0,0.0,0.0,48150000.0,0.0,127850000.0,0.0,0.0,0.0,0.0,79700000.0,0.0,79700000.0,117675000.0,0.0,0.055,0.055,1011376640,1011376640,,,1620590032,15:53:52,20210509
83,1998-01-31,CCL.AX,AUD,1998-01-31,1998-01-31,Q1,0.0,0.0,0.0,0.0,0.0,0.0,0.0,0.0,0.0,0.0,48150000.0,0.0,127850000.0,0.0,0.0,0.0,0.0,79700000.0,0.0,79700000.0,117675000.0,0.0,0.055,0.055,1011376640,1011376640,,,1620590032,15:53:52,20210509
84,1997-09-30,CCL.AX,AUD,1997-09-30,1997-09-30,Q3,0.0,0.0,0.0,0.0,0.0,0.0,0.0,0.0,0.0,0.0,53350000.0,0.0,147750000.0,0.0,0.0,0.0,0.0,94400000.0,0.0,94400000.0,-725000.0,0.0,0.02960275,0.02960275,2290164466,2290164466,,,1620590032,15:53:52,20210509
85,1997-06-30,CCL.AX,AUD,1997-06-30,1997-06-30,Q2,0.0,0.0,0.0,0.0,0.0,0.0,0.0,0.0,0.0,0.0,53350000.0,0.0,147750000.0,0.0,0.0,0.0,0.0,94400000.0,0.0,94400000.0,-725000.0,0.0,0.02960275,0.02960275,2290164466,2290164466,,,1620590032,15:53:52,20210509
86,1997-03-31,CCL.AX,AUD,1997-03-31,1997-03-31,Q1,0.0,0.0,0.0,0.0,0.0,0.0,0.0,0.0,0.0,0.0,53350000.0,0.0,147750000.0,0.0,0.0,0.0,0.0,94400000.0,0.0,94400000.0,-725000.0,0.0,0.02960275,0.02960275,2290164466,2290164466,,,1620590032,15:53:52,20210509
87,1997-01-31,CCL.AX,AUD,1997-01-31,1997-01-31,Q1,0.0,0.0,0.0,0.0,0.0,0.0,0.0,0.0,0.0,0.0,53350000.0,0.0,147750000.0,0.0,0.0,0.0,0.0,94400000.0,0.0,94400000.0,-725000.0,0.0,0.02960275,0.02960275,2290164466,2290164466,,,1620590032,15:53:52,20210509
88,1996-09-30,CCL.AX,AUD,1996-09-30,1996-09-30,Q3,0.0,0.0,0.0,0.0,0.0,0.0,0.0,0.0,0.0,0.0,0.0,0.0,0.0,0.0,0.0,0.0,0.0,0.0,0.0,0.0,0.0,0.0,0.02534725,0.02534725,1379827944,1379827944,,,1620590032,15:53:52,20210509
89,1996-06-30,CCL.AX,AUD,1996-06-30,1996-06-30,Q2,0.0,0.0,0.0,0.0,0.0,0.0,0.0,0.0,0.0,0.0,0.0,0.0,0.0,0.0,0.0,0.0,0.0,0.0,0.0,0.0,0.0,0.0,0.02534725,0.02534725,1379827944,1379827944,,,1620590032,15:53:52,20210509
90,1996-03-31,CCL.AX,AUD,1996-03-31,1996-03-31,Q1,0.0,0.0,0.0,0.0,0.0,0.0,0.0,0.0,0.0,0.0,0.0,0.0,0.0,0.0,0.0,0.0,0.0,0.0,0.0,0.0,0.0,0.0,0.02534725,0.02534725,1379827944,1379827944,,,1620590032,15:53:52,20210509
91,1996-01-31,CCL.AX,AUD,1996-01-31,1996-01-31,Q1,0.0,0.0,0.0,0.0,0.0,0.0,0.0,0.0,0.0,0.0,0.0,0.0,0.0,0.0,0.0,0.0,0.0,0.0,0.0,0.0,0.0,0.0,0.02534725,0.02534725,1379827944,1379827944,,,1620590032,15:53:52,20210509
92,1995-09-30,CCL.AX,AUD,1995-09-30,1995-09-30,Q3,0.0,0.0,0.0,0.0,0.0,0.0,0.0,0.0,0.0,0.0,35000000.0,0.0,89450000.0,0.0,0.0,0.0,0.0,54450000.0,0.0,54450000.0,-2500000.0,0.0,0.02895525,0.02895525,1176817983,1176817983,,,1620590032,15:53:52,20210509
93,1995-06-30,CCL.AX,AUD,1995-06-30,1995-06-30,Q2,0.0,0.0,0.0,0.0,0.0,0.0,0.0,0.0,0.0,0.0,35000000.0,0.0,89450000.0,0.0,0.0,0.0,0.0,54450000.0,0.0,54450000.0,-2500000.0,0.0,0.02895525,0.02895525,1176817983,1176817983,,,1620590032,15:53:52,20210509
94,1995-03-31,CCL.AX,AUD,1995-03-31,1995-03-31,Q1,0.0,0.0,0.0,0.0,0.0,0.0,0.0,0.0,0.0,0.0,35000000.0,0.0,89450000.0,0.0,0.0,0.0,0.0,54450000.0,0.0,54450000.0,-2500000.0,0.0,0.02895525,0.02895525,1176817983,1176817983,,,1620590032,15:53:52,20210509
95,1995-01-31,CCL.AX,AUD,1995-01-31,1995-01-31,Q1,0.0,0.0,0.0,0.0,0.0,0.0,0.0,0.0,0.0,0.0,35000000.0,0.0,89450000.0,0.0,0.0,0.0,0.0,54450000.0,0.0,54450000.0,-2500000.0,0.0,0.02895525,0.02895525,1176817983,1176817983,,,1620590032,15:53:52,20210509
96,1994-09-30,CCL.AX,AUD,1994-09-30,1994-09-30,Q3,0.0,0.0,0.0,0.0,0.0,0.0,0.0,0.0,0.0,0.0,22850000.0,0.0,64125000.0,0.0,0.0,0.0,0.0,41275000.0,0.0,41275000.0,-1100000.0,0.0,0.02513625,0.02513625,1084089705,1084089705,,,1620590032,15:53:52,20210509
97,1994-06-30,CCL.AX,AUD,1994-06-30,1994-06-30,Q2,0.0,0.0,0.0,0.0,0.0,0.0,0.0,0.0,0.0,0.0,22850000.0,0.0,64125000.0,0.0,0.0,0.0,0.0,41275000.0,0.0,41275000.0,-1100000.0,0.0,0.02513625,0.02513625,1084089705,1084089705,,,1620590032,15:53:52,20210509
98,1994-03-31,CCL.AX,AUD,1994-03-31,1994-03-31,Q1,0.0,0.0,0.0,0.0,0.0,0.0,0.0,0.0,0.0,0.0,22850000.0,0.0,64125000.0,0.0,0.0,0.0,0.0,41275000.0,0.0,41275000.0,-1100000.0,0.0,0.02513625,0.02513625,1084089705,1084089705,,,1620590032,15:53:52,20210509
99,1994-01-31,CCL.AX,AUD,1994-01-31,1994-01-31,Q1,0.0,0.0,0.0,0.0,0.0,0.0,0.0,0.0,0.0,0.0,22850000.0,0.0,64125000.0,0.0,0.0,0.0,0.0,41275000.0,0.0,41275000.0,-1100000.0,0.0,0.02513625,0.02513625,1084089705,1084089705,,,1620590032,15:53:52,20210509
100,1993-09-30,CCL.AX,AUD,1993-09-30,1993-09-30,Q3,0.0,0.0,0.0,0.0,0.0,0.0,0.0,0.0,0.0,0.0,20600000.0,0.0,54425000.0,0.0,0.0,0.0,0.0,33825000.0,0.0,33825000.0,57775000.0,0.0,0.01799225,0.01799225,1166142367,1166142367,,,1620590032,15:53:52,20210509
101,1993-06-30,CCL.AX,AUD,1993-06-30,1993-06-30,Q2,0.0,0.0,0.0,0.0,0.0,0.0,0.0,0.0,0.0,0.0,20600000.0,0.0,54425000.0,0.0,0.0,0.0,0.0,33825000.0,0.0,33825000.0,57775000.0,0.0,0.01799225,0.01799225,1166142367,1166142367,,,1620590032,15:53:52,20210509
102,1993-03-31,CCL.AX,AUD,1993-03-31,1993-03-31,Q1,0.0,0.0,0.0,0.0,0.0,0.0,0.0,0.0,0.0,0.0,20600000.0,0.0,54425000.0,0.0,0.0,0.0,0.0,33825000.0,0.0,33825000.0,57775000.0,0.0,0.01799225,0.01799225,1166142367,1166142367,,,1620590032,15:53:52,20210509
103,1993-01-31,CCL.AX,AUD,1993-01-31,1993-01-31,Q1,0.0,0.0,0.0,0.0,0.0,0.0,0.0,0.0,0.0,0.0,20600000.0,0.0,54425000.0,0.0,0.0,0.0,0.0,33825000.0,0.0,33825000.0,57775000.0,0.0,0.01799225,0.01799225,1166142367,1166142367,,,1620590032,15:53:52,20210509
104,1992-09-30,CCL.AX,AUD,1992-09-30,1992-09-30,Q3,0.0,0.0,0.0,0.0,0.0,0.0,0.0,0.0,0.0,0.0,29007500.0,0.0,54617250.0,0.0,0.0,0.0,0.0,25609750.0,0.0,25609750.0,-286250.0,0.0,0.0125875,0.0125875,1024506963,1024506963,,,1620590032,15:53:52,20210509
105,1992-06-30,CCL.AX,AUD,1992-06-30,1992-06-30,Q2,0.0,0.0,0.0,0.0,0.0,0.0,0.0,0.0,0.0,0.0,29007500.0,0.0,54617250.0,0.0,0.0,0.0,0.0,25609750.0,0.0,25609750.0,-286250.0,0.0,0.0125875,0.0125875,1024506963,1024506963,,,1620590032,15:53:52,20210509
106,1992-03-31,CCL.AX,AUD,1992-03-31,1992-03-31,Q1,0.0,0.0,0.0,0.0,0.0,0.0,0.0,0.0,0.0,0.0,29007500.0,0.0,54617250.0,0.0,0.0,0.0,0.0,25609750.0,0.0,25609750.0,-286250.0,0.0,0.0125875,0.0125875,1024506963,1024506963,,,1620590032,15:53:52,20210509
107,1992-01-31,CCL.AX,AUD,1992-01-31,1992-01-31,Q1,0.0,0.0,0.0,0.0,0.0,0.0,0.0,0.0,0.0,0.0,29007500.0,0.0,54617250.0,0.0,0.0,0.0,0.0,25609750.0,0.0,25609750.0,-286250.0,0.0,0.0125875,0.0125875,1024506963,1024506963,,,1620590032,15:53:52,20210509
108,1991-09-30,CCL.AX,AUD,1991-09-30,1991-09-30,Q3,0.0,0.0,0.0,0.0,0.0,0.0,0.0,0.0,0.0,0.0,33447250.0,0.0,58376750.0,0.0,0.0,0.0,0.0,24929500.0,0.0,24929500.0,0.0,0.0,0.0,0.0,701911740,701911740,,,1620590032,15:53:52,20210509
109,1991-06-30,CCL.AX,AUD,1991-06-30,1991-06-30,Q2,0.0,0.0,0.0,0.0,0.0,0.0,0.0,0.0,0.0,0.0,33447250.0,0.0,58376750.0,0.0,0.0,0.0,0.0,24929500.0,0.0,24929500.0,0.0,0.0,0.0,0.0,701911740,701911740,,,1620590032,15:53:52,20210509
110,1991-03-31,CCL.AX,AUD,1991-03-31,1991-03-31,Q1,0.0,0.0,0.0,0.0,0.0,0.0,0.0,0.0,0.0,0.0,33447250.0,0.0,58376750.0,0.0,0.0,0.0,0.0,24929500.0,0.0,24929500.0,0.0,0.0,0.0,0.0,701911740,701911740,,,1620590032,15:53:52,20210509
111,1991-01-31,CCL.AX,AUD,1991-01-31,1991-01-31,Q1,0.0,0.0,0.0,0.0,0.0,0.0,0.0,0.0,0.0,0.0,33447250.0,0.0,58376750.0,0.0,0.0,0.0,0.0,24929500.0,0.0,24929500.0,0.0,0.0,0.0,0.0,701911740,701911740,,,1620590032,15:53:52,20210509
112,1990-09-30,CCL.AX,AUD,1990-09-30,1990-09-30,Q3,0.0,0.0,0.0,0.0,0.0,0.0,0.0,0.0,0.0,0.0,35717500.0,0.0,59243500.0,0.0,0.0,0.0,0.0,23526000.0,0.0,23526000.0,18040250.0,0.0,0.022202719189643092,0.022202719189643092,812524351,812524351,,,1620590032,15:53:52,20210509
113,1990-06-30,CCL.AX,AUD,1990-06-30,1990-06-30,Q2,0.0,0.0,0.0,0.0,0.0,0.0,0.0,0.0,0.0,0.0,35717500.0,0.0,59243500.0,0.0,0.0,0.0,0.0,23526000.0,0.0,23526000.0,18040250.0,0.0,0.022202719189643092,0.022202719189643092,812524351,812524351,,,1620590032,15:53:52,20210509
114,1990-03-31,CCL.AX,AUD,1990-03-31,1990-03-31,Q1,0.0,0.0,0.0,0.0,0.0,0.0,0.0,0.0,0.0,0.0,35717500.0,0.0,59243500.0,0.0,0.0,0.0,0.0,23526000.0,0.0,23526000.0,18040250.0,0.0,0.022202719189643092,0.022202719189643092,812524351,812524351,,,1620590032,15:53:52,20210509
115,1990-01-31,CCL.AX,AUD,1990-01-31,1990-01-31,Q1,0.0,0.0,0.0,0.0,0.0,0.0,0.0,0.0,0.0,0.0,35717500.0,0.0,59243500.0,0.0,0.0,0.0,0.0,23526000.0,0.0,23526000.0,18040250.0,0.0,0.022202719189643092,0.022202719189643092,812524351,812524351,,,1620590032,15:53:52,20210509
116,1989-09-30,CCL.AX,AUD,1989-09-30,1989-09-30,Q3,0.0,0.0,0.0,0.0,0.0,0.0,0.0,0.0,0.0,0.0,36362000.0,0.0,68961750.0,0.0,0.0,0.0,0.0,32599750.0,0.0,32599750.0,-1581250.0,0.0,-0.002184046961325967,-0.002184046961325967,724000000,724000000,,,1620590032,15:53:52,20210509
117,1989-06-30,CCL.AX,AUD,1989-06-30,1989-06-30,Q2,0.0,0.0,0.0,0.0,0.0,0.0,0.0,0.0,0.0,0.0,36362000.0,0.0,68961750.0,0.0,0.0,0.0,0.0,32599750.0,0.0,32599750.0,-1581250.0,0.0,-0.002184046961325967,-0.002184046961325967,724000000,724000000,,,1620590032,15:53:52,20210509
118,1989-03-31,CCL.AX,AUD,1989-03-31,1989-03-31,Q1,0.0,0.0,0.0,0.0,0.0,0.0,0.0,0.0,0.0,0.0,36362000.0,0.0,68961750.0,0.0,0.0,0.0,0.0,32599750.0,0.0,32599750.0,-1581250.0,0.0,-0.002184046961325967,-0.002184046961325967,724000000,724000000,,,1620590032,15:53:52,20210509
119,1989-01-31,CCL.AX,AUD,1989-01-31,1989-01-31,Q1,0.0,0.0,0.0,0.0,0.0,0.0,0.0,0.0,0.0,0.0,36362000.0,0.0,68961750.0,0.0,0.0,0.0,0.0,32599750.0,0.0,32599750.0,-1581250.0,0.0,-0.002184046961325967,-0.002184046961325967,724000000,724000000,,,1620590032,15:53:52,20210509
120,1987-09-30,CCL.AX,AUD,1987-09-30,1987-09-30,Q3,0.0,0.0,0.0,0.0,0.0,0.0,0.0,0.0,0.0,0.0,13463000.0,0.0,49656000.0,0.0,0.0,0.0,0.0,36193000.0,0.0,36193000.0,12435750.0,0.0,0.017176450276243094,0.017176450276243094,724000000,724000000,,,1620590032,15:53:52,20210509
121,1987-06-30,CCL.AX,AUD,1987-06-30,1987-06-30,Q2,0.0,0.0,0.0,0.0,0.0,0.0,0.0,0.0,0.0,0.0,13463000.0,0.0,49656000.0,0.0,0.0,0.0,0.0,36193000.0,0.0,36193000.0,12435750.0,0.0,0.017176450276243094,0.017176450276243094,724000000,724000000,,,1620590032,15:53:52,20210509
122,1987-03-31,CCL.AX,AUD,1987-03-31,1987-03-31,Q1,0.0,0.0,0.0,0.0,0.0,0.0,0.0,0.0,0.0,0.0,13463000.0,0.0,49656000.0,0.0,0.0,0.0,0.0,36193000.0,0.0,36193000.0,12435750.0,0.0,0.017176450276243094,0.017176450276243094,724000000,724000000,,,1620590032,15:53:52,20210509
123,1987-01-31,CCL.AX,AUD,1987-01-31,1987-01-31,Q1,0.0,0.0,0.0,0.0,0.0,0.0,0.0,0.0,0.0,0.0,13463000.0,0.0,49656000.0,0.0,0.0,0.0,0.0,36193000.0,0.0,36193000.0,12435750.0,0.0,0.017176450276243094,0.017176450276243094,724000000,724000000,,,1620590032,15:53:52,20210509
