,date,symbol,reportedCurrency,fillingDate,acceptedDate,period,revenue,costOfRevenue,grossProfit,grossProfitRatio,researchAndDevelopmentExpenses,generalAndAdministrativeExpenses,sellingAndMarketingExpenses,otherExpenses,operatingExpenses,costAndExpenses,interestExpense,depreciationAndAmortization,ebitda,ebitdaratio,operatingIncome,operatingIncomeRatio,totalOtherIncomeExpensesNet,incomeBeforeTax,incomeBeforeTaxRatio,incomeTaxExpense,netIncome,netIncomeRatio,eps,epsdiluted,weightedAverageShsOut,weightedAverageShsOutDil,link,finalLink,timestamp,est_time,est_date
0,2019-09-30,0702.HK,HKD,2019-09-30,2019-09-30,Q3,119153500.0,104307000.0,14846500.0,0.12459978095481879,0.0,17885250.0,2228000.0,52750.0,0.0,114286500.0,59931750.0,15620250.0,20487250.0,0.17193997658482546,4867000.0,0.04084647114856047,0.0,-55662500.0,-0.4671495172193851,1248000.0,-57738000.0,-0.4845682250206666,-0.01725,-0.01725,3345439000,3345439000,https://www1.hkexnews.hk/search/titlesearch.xhtml,https://www1.hkexnews.hk/search/titlesearch.xhtml,1620584870,14:27:50,20210509
1,2019-06-30,0702.HK,HKD,2019-06-30,2019-06-30,Q2,119153500.0,104307000.0,14846500.0,0.12459978095481879,0.0,17885250.0,2228000.0,52750.0,0.0,114286500.0,59931750.0,15620250.0,20487250.0,0.17193997658482546,4867000.0,0.04084647114856047,0.0,-55662500.0,-0.4671495172193851,1248000.0,-57738000.0,-0.4845682250206666,-0.01725,-0.01725,3345439000,3345439000,https://www1.hkexnews.hk/search/titlesearch.xhtml,https://www1.hkexnews.hk/search/titlesearch.xhtml,1620584870,14:27:50,20210509
2,2019-03-31,0702.HK,HKD,2019-03-31,2019-03-31,Q1,119153500.0,104307000.0,14846500.0,0.12459978095481879,0.0,17885250.0,2228000.0,52750.0,0.0,114286500.0,59931750.0,15620250.0,20487250.0,0.17193997658482546,4867000.0,0.04084647114856047,0.0,-55662500.0,-0.4671495172193851,1248000.0,-57738000.0,-0.4845682250206666,-0.01725,-0.01725,3345439000,3345439000,https://www1.hkexnews.hk/search/titlesearch.xhtml,https://www1.hkexnews.hk/search/titlesearch.xhtml,1620584870,14:27:50,20210509
3,2019-01-31,0702.HK,HKD,2019-01-31,2019-01-31,Q1,119153500.0,104307000.0,14846500.0,0.12459978095481879,0.0,17885250.0,2228000.0,52750.0,0.0,114286500.0,59931750.0,15620250.0,20487250.0,0.17193997658482546,4867000.0,0.04084647114856047,0.0,-55662500.0,-0.4671495172193851,1248000.0,-57738000.0,-0.4845682250206666,-0.01725,-0.01725,3345439000,3345439000,https://www1.hkexnews.hk/search/titlesearch.xhtml,https://www1.hkexnews.hk/search/titlesearch.xhtml,1620584870,14:27:50,20210509
4,2018-09-30,0702.HK,HKD,2018-09-30,2018-09-30,Q3,106966750.0,98453750.0,8513000.0,0.0795854786650992,0.0,22200250.0,621250.0,9453500.0,0.0,114666250.0,75947000.0,14503500.0,6804000.0,0.06360855125541348,-7699500.0,-0.07198031163889713,0.0,-95731500.0,-0.894965024178074,739750.0,-94230500.0,-0.8809326262600294,-0.0391,-0.0391,2410333000,2410333000,https://www1.hkexnews.hk/search/titlesearch.xhtml,https://www1.hkexnews.hk/search/titlesearch.xhtml,1620584870,14:27:50,20210509
5,2018-06-30,0702.HK,HKD,2018-06-30,2018-06-30,Q2,106966750.0,98453750.0,8513000.0,0.0795854786650992,0.0,22200250.0,621250.0,9453500.0,0.0,114666250.0,75947000.0,14503500.0,6804000.0,0.06360855125541348,-7699500.0,-0.07198031163889713,0.0,-95731500.0,-0.894965024178074,739750.0,-94230500.0,-0.8809326262600294,-0.0391,-0.0391,2410333000,2410333000,https://www1.hkexnews.hk/search/titlesearch.xhtml,https://www1.hkexnews.hk/search/titlesearch.xhtml,1620584870,14:27:50,20210509
6,2018-03-31,0702.HK,HKD,2018-03-31,2018-03-31,Q1,106966750.0,98453750.0,8513000.0,0.0795854786650992,0.0,22200250.0,621250.0,9453500.0,0.0,114666250.0,75947000.0,14503500.0,6804000.0,0.06360855125541348,-7699500.0,-0.07198031163889713,0.0,-95731500.0,-0.894965024178074,739750.0,-94230500.0,-0.8809326262600294,-0.0391,-0.0391,2410333000,2410333000,https://www1.hkexnews.hk/search/titlesearch.xhtml,https://www1.hkexnews.hk/search/titlesearch.xhtml,1620584870,14:27:50,20210509
7,2018-01-31,0702.HK,HKD,2018-01-31,2018-01-31,Q1,106966750.0,98453750.0,8513000.0,0.0795854786650992,0.0,22200250.0,621250.0,9453500.0,0.0,114666250.0,75947000.0,14503500.0,6804000.0,0.06360855125541348,-7699500.0,-0.07198031163889713,0.0,-95731500.0,-0.894965024178074,739750.0,-94230500.0,-0.8809326262600294,-0.0391,-0.0391,2410333000,2410333000,https://www1.hkexnews.hk/search/titlesearch.xhtml,https://www1.hkexnews.hk/search/titlesearch.xhtml,1620584870,14:27:50,20210509
8,2017-09-30,0702.HK,HKD,2017-09-30,2017-09-30,Q3,124483750.0,121885000.0,2598750.0,0.02087621878357617,0.0,21061500.0,958250.0,47526750.0,0.0,136221000.0,72850500.0,18418000.0,6680750.0,0.05366764738369466,-11737250.0,-0.0942874069908723,0.0,-39506500.0,-0.3173627079839738,383750.0,-40091750.0,-0.3220641248355709,-0.023875,-0.023875,1679488100,1679488100,https://www1.hkexnews.hk/search/titlesearch.xhtml,https://www1.hkexnews.hk/search/titlesearch.xhtml,1620584870,14:27:50,20210509
9,2017-06-30,0702.HK,HKD,2017-06-30,2017-06-30,Q2,124483750.0,121885000.0,2598750.0,0.02087621878357617,0.0,21061500.0,958250.0,47526750.0,0.0,136221000.0,72850500.0,18418000.0,6680750.0,0.05366764738369466,-11737250.0,-0.0942874069908723,0.0,-39506500.0,-0.3173627079839738,383750.0,-40091750.0,-0.3220641248355709,-0.023875,-0.023875,1679488100,1679488100,https://www1.hkexnews.hk/search/titlesearch.xhtml,https://www1.hkexnews.hk/search/titlesearch.xhtml,1620584870,14:27:50,20210509
10,2017-03-31,0702.HK,HKD,2017-03-31,2017-03-31,Q1,124483750.0,121885000.0,2598750.0,0.02087621878357617,0.0,21061500.0,958250.0,47526750.0,0.0,136221000.0,72850500.0,18418000.0,6680750.0,0.05366764738369466,-11737250.0,-0.0942874069908723,0.0,-39506500.0,-0.3173627079839738,383750.0,-40091750.0,-0.3220641248355709,-0.023875,-0.023875,1679488100,1679488100,https://www1.hkexnews.hk/search/titlesearch.xhtml,https://www1.hkexnews.hk/search/titlesearch.xhtml,1620584870,14:27:50,20210509
11,2017-01-31,0702.HK,HKD,2017-01-31,2017-01-31,Q1,124483750.0,121885000.0,2598750.0,0.02087621878357617,0.0,21061500.0,958250.0,47526750.0,0.0,136221000.0,72850500.0,18418000.0,6680750.0,0.05366764738369466,-11737250.0,-0.0942874069908723,0.0,-39506500.0,-0.3173627079839738,383750.0,-40091750.0,-0.3220641248355709,-0.023875,-0.023875,1679488100,1679488100,https://www1.hkexnews.hk/search/titlesearch.xhtml,https://www1.hkexnews.hk/search/titlesearch.xhtml,1620584870,14:27:50,20210509
12,2016-09-30,0702.HK,HKD,2016-09-30,2016-09-30,Q3,83388250.0,80859750.0,2528500.0,0.03032201779027621,0.0,21584500.0,0.0,226250.0,0.0,96609500.0,32948250.0,15369250.0,2148000.0,0.025759024802655052,-13221250.0,-0.1585505152104763,0.0,-24583750.0,-0.29481071973569417,310750.0,-24246500.0,-0.29076638495231644,-0.0139,-0.0139,1744358800,1744358800,https://www1.hkexnews.hk/search/titlesearch.xhtml,https://www1.hkexnews.hk/search/titlesearch.xhtml,1620584870,14:27:50,20210509
13,2016-06-30,0702.HK,HKD,2016-06-30,2016-06-30,Q2,83388250.0,80859750.0,2528500.0,0.03032201779027621,0.0,21584500.0,0.0,226250.0,0.0,96609500.0,32948250.0,15369250.0,2148000.0,0.025759024802655052,-13221250.0,-0.1585505152104763,0.0,-24583750.0,-0.29481071973569417,310750.0,-24246500.0,-0.29076638495231644,-0.0139,-0.0139,1744358800,1744358800,https://www1.hkexnews.hk/search/titlesearch.xhtml,https://www1.hkexnews.hk/search/titlesearch.xhtml,1620584870,14:27:50,20210509
14,2016-03-31,0702.HK,HKD,2016-03-31,2016-03-31,Q1,83388250.0,80859750.0,2528500.0,0.03032201779027621,0.0,21584500.0,0.0,226250.0,0.0,96609500.0,32948250.0,15369250.0,2148000.0,0.025759024802655052,-13221250.0,-0.1585505152104763,0.0,-24583750.0,-0.29481071973569417,310750.0,-24246500.0,-0.29076638495231644,-0.0139,-0.0139,1744358800,1744358800,https://www1.hkexnews.hk/search/titlesearch.xhtml,https://www1.hkexnews.hk/search/titlesearch.xhtml,1620584870,14:27:50,20210509
15,2016-01-31,0702.HK,HKD,2016-01-31,2016-01-31,Q1,83388250.0,80859750.0,2528500.0,0.03032201779027621,0.0,21584500.0,0.0,226250.0,0.0,96609500.0,32948250.0,15369250.0,2148000.0,0.025759024802655052,-13221250.0,-0.1585505152104763,0.0,-24583750.0,-0.29481071973569417,310750.0,-24246500.0,-0.29076638495231644,-0.0139,-0.0139,1744358800,1744358800,https://www1.hkexnews.hk/search/titlesearch.xhtml,https://www1.hkexnews.hk/search/titlesearch.xhtml,1620584870,14:27:50,20210509
16,2015-09-30,0702.HK,HKD,2015-09-30,2015-09-30,Q3,16755250.0,15839500.0,915750.0,0.054654511272586206,0.0,37433750.0,0.0,488750.0,0.0,31383000.0,-520250.0,3946000.0,-10681750.0,-0.6375165992748542,-14627750.0,-0.8730248728010623,0.0,-117161750.0,-6.992539651750944,2266000.0,-119630250.0,-7.139866608973307,-0.06705,-0.06705,1784194000,1784194000,https://www1.hkexnews.hk/search/titlesearch.xhtml,https://www1.hkexnews.hk/search/titlesearch.xhtml,1620584870,14:27:50,20210509
17,2015-06-30,0702.HK,HKD,2015-06-30,2015-06-30,Q2,16755250.0,15839500.0,915750.0,0.054654511272586206,0.0,37433750.0,0.0,488750.0,0.0,31383000.0,-520250.0,3946000.0,-10681750.0,-0.6375165992748542,-14627750.0,-0.8730248728010623,0.0,-117161750.0,-6.992539651750944,2266000.0,-119630250.0,-7.139866608973307,-0.06705,-0.06705,1784194000,1784194000,https://www1.hkexnews.hk/search/titlesearch.xhtml,https://www1.hkexnews.hk/search/titlesearch.xhtml,1620584870,14:27:50,20210509
18,2015-03-31,0702.HK,HKD,2015-03-31,2015-03-31,Q1,16755250.0,15839500.0,915750.0,0.054654511272586206,0.0,37433750.0,0.0,488750.0,0.0,31383000.0,-520250.0,3946000.0,-10681750.0,-0.6375165992748542,-14627750.0,-0.8730248728010623,0.0,-117161750.0,-6.992539651750944,2266000.0,-119630250.0,-7.139866608973307,-0.06705,-0.06705,1784194000,1784194000,https://www1.hkexnews.hk/search/titlesearch.xhtml,https://www1.hkexnews.hk/search/titlesearch.xhtml,1620584870,14:27:50,20210509
19,2015-01-31,0702.HK,HKD,2015-01-31,2015-01-31,Q1,16755250.0,15839500.0,915750.0,0.054654511272586206,0.0,37433750.0,0.0,488750.0,0.0,31383000.0,-520250.0,3946000.0,-10681750.0,-0.6375165992748542,-14627750.0,-0.8730248728010623,0.0,-117161750.0,-6.992539651750944,2266000.0,-119630250.0,-7.139866608973307,-0.06705,-0.06705,1784194000,1784194000,https://www1.hkexnews.hk/search/titlesearch.xhtml,https://www1.hkexnews.hk/search/titlesearch.xhtml,1620584870,14:27:50,20210509
20,2014-09-30,0702.HK,HKD,2014-09-30,2014-09-30,Q3,4135000.0,4934750.0,-799750.0,-0.193409915356711,0.0,15525250.0,0.0,798000.0,0.0,2676750.0,-1299750.0,1086750.0,2545000.0,0.6154776299879081,1458250.0,0.3526602176541717,0.0,2179750.0,0.5271463119709795,-425250.0,2605000.0,0.6299879081015719,0.0016,0.0015,1638680700,1728501100,https://www1.hkexnews.hk/search/titlesearch.xhtml,https://www1.hkexnews.hk/search/titlesearch.xhtml,1620584870,14:27:50,20210509
21,2014-06-30,0702.HK,HKD,2014-06-30,2014-06-30,Q2,4135000.0,4934750.0,-799750.0,-0.193409915356711,0.0,15525250.0,0.0,798000.0,0.0,2676750.0,-1299750.0,1086750.0,2545000.0,0.6154776299879081,1458250.0,0.3526602176541717,0.0,2179750.0,0.5271463119709795,-425250.0,2605000.0,0.6299879081015719,0.0016,0.0015,1638680700,1728501100,https://www1.hkexnews.hk/search/titlesearch.xhtml,https://www1.hkexnews.hk/search/titlesearch.xhtml,1620584870,14:27:50,20210509
22,2014-03-31,0702.HK,HKD,2014-03-31,2014-03-31,Q1,4135000.0,4934750.0,-799750.0,-0.193409915356711,0.0,15525250.0,0.0,798000.0,0.0,2676750.0,-1299750.0,1086750.0,2545000.0,0.6154776299879081,1458250.0,0.3526602176541717,0.0,2179750.0,0.5271463119709795,-425250.0,2605000.0,0.6299879081015719,0.0016,0.0015,1638680700,1728501100,https://www1.hkexnews.hk/search/titlesearch.xhtml,https://www1.hkexnews.hk/search/titlesearch.xhtml,1620584870,14:27:50,20210509
23,2014-01-31,0702.HK,HKD,2014-01-31,2014-01-31,Q1,4135000.0,4934750.0,-799750.0,-0.193409915356711,0.0,15525250.0,0.0,798000.0,0.0,2676750.0,-1299750.0,1086750.0,2545000.0,0.6154776299879081,1458250.0,0.3526602176541717,0.0,2179750.0,0.5271463119709795,-425250.0,2605000.0,0.6299879081015719,0.0016,0.0015,1638680700,1728501100,https://www1.hkexnews.hk/search/titlesearch.xhtml,https://www1.hkexnews.hk/search/titlesearch.xhtml,1620584870,14:27:50,20210509
24,2013-09-30,0702.HK,HKD,2013-09-30,2013-09-30,Q3,5399500.0,6349250.0,-949750.0,-0.17589591628854523,0.0,17617250.0,0.0,213000.0,0.0,13706250.0,-609750.0,1084750.0,-7222000.0,-1.3375312528937864,-8306750.0,-1.5384294842115012,0.0,-14628000.0,-2.709139735160663,705000.0,-15333000.0,-2.839707380312992,-0.011675,-0.011675,1314271300,1314271300,https://www1.hkexnews.hk/search/titlesearch.xhtml,https://www1.hkexnews.hk/search/titlesearch.xhtml,1620584870,14:27:50,20210509
25,2013-06-30,0702.HK,HKD,2013-06-30,2013-06-30,Q2,5399500.0,6349250.0,-949750.0,-0.17589591628854523,0.0,17617250.0,0.0,213000.0,0.0,13706250.0,-609750.0,1084750.0,-7222000.0,-1.3375312528937864,-8306750.0,-1.5384294842115012,0.0,-14628000.0,-2.709139735160663,705000.0,-15333000.0,-2.839707380312992,-0.011675,-0.011675,1314271300,1314271300,https://www1.hkexnews.hk/search/titlesearch.xhtml,https://www1.hkexnews.hk/search/titlesearch.xhtml,1620584870,14:27:50,20210509
26,2013-03-31,0702.HK,HKD,2013-03-31,2013-03-31,Q1,5399500.0,6349250.0,-949750.0,-0.17589591628854523,0.0,17617250.0,0.0,213000.0,0.0,13706250.0,-609750.0,1084750.0,-7222000.0,-1.3375312528937864,-8306750.0,-1.5384294842115012,0.0,-14628000.0,-2.709139735160663,705000.0,-15333000.0,-2.839707380312992,-0.011675,-0.011675,1314271300,1314271300,https://www1.hkexnews.hk/search/titlesearch.xhtml,https://www1.hkexnews.hk/search/titlesearch.xhtml,1620584870,14:27:50,20210509
27,2013-01-31,0702.HK,HKD,2013-01-31,2013-01-31,Q1,5399500.0,6349250.0,-949750.0,-0.17589591628854523,0.0,17617250.0,0.0,213000.0,0.0,13706250.0,-609750.0,1084750.0,-7222000.0,-1.3375312528937864,-8306750.0,-1.5384294842115012,0.0,-14628000.0,-2.709139735160663,705000.0,-15333000.0,-2.839707380312992,-0.011675,-0.011675,1314271300,1314271300,https://www1.hkexnews.hk/search/titlesearch.xhtml,https://www1.hkexnews.hk/search/titlesearch.xhtml,1620584870,14:27:50,20210509
28,2012-09-30,0702.HK,HKD,2012-09-30,2012-09-30,Q3,7233000.0,6353750.0,879250.0,0.12156090142402876,0.0,17115500.0,0.0,0.0,0.0,21130250.0,-72750.0,1589250.0,-12308000.0,-1.7016452371077009,-13897250.0,-1.9213673441172405,0.0,-31690250.0,-4.381342458177796,-3339000.0,-28351250.0,-3.919708281487626,-0.023175,-0.023175,1223040400,1223040400,https://www1.hkexnews.hk/search/titlesearch.xhtml,https://www1.hkexnews.hk/search/titlesearch.xhtml,1620584870,14:27:50,20210509
29,2012-06-30,0702.HK,HKD,2012-06-30,2012-06-30,Q2,7233000.0,6353750.0,879250.0,0.12156090142402876,0.0,17115500.0,0.0,0.0,0.0,21130250.0,-72750.0,1589250.0,-12308000.0,-1.7016452371077009,-13897250.0,-1.9213673441172405,0.0,-31690250.0,-4.381342458177796,-3339000.0,-28351250.0,-3.919708281487626,-0.023175,-0.023175,1223040400,1223040400,https://www1.hkexnews.hk/search/titlesearch.xhtml,https://www1.hkexnews.hk/search/titlesearch.xhtml,1620584870,14:27:50,20210509
30,2012-03-31,0702.HK,HKD,2012-03-31,2012-03-31,Q1,7233000.0,6353750.0,879250.0,0.12156090142402876,0.0,17115500.0,0.0,0.0,0.0,21130250.0,-72750.0,1589250.0,-12308000.0,-1.7016452371077009,-13897250.0,-1.9213673441172405,0.0,-31690250.0,-4.381342458177796,-3339000.0,-28351250.0,-3.919708281487626,-0.023175,-0.023175,1223040400,1223040400,https://www1.hkexnews.hk/search/titlesearch.xhtml,https://www1.hkexnews.hk/search/titlesearch.xhtml,1620584870,14:27:50,20210509
31,2012-01-31,0702.HK,HKD,2012-01-31,2012-01-31,Q1,7233000.0,6353750.0,879250.0,0.12156090142402876,0.0,17115500.0,0.0,0.0,0.0,21130250.0,-72750.0,1589250.0,-12308000.0,-1.7016452371077009,-13897250.0,-1.9213673441172405,0.0,-31690250.0,-4.381342458177796,-3339000.0,-28351250.0,-3.919708281487626,-0.023175,-0.023175,1223040400,1223040400,https://www1.hkexnews.hk/search/titlesearch.xhtml,https://www1.hkexnews.hk/search/titlesearch.xhtml,1620584870,14:27:50,20210509
32,2011-09-30,0702.HK,HKD,2011-09-30,2011-09-30,Q3,8769750.0,7845000.0,924750.0,0.10544770375438296,0.0,26771500.0,0.0,0.0,0.0,31797000.0,1500.0,2212000.0,-20815250.0,-2.373528321787964,-23027250.0,-2.6257590011117764,0.0,-23152750.0,-2.6400695572849853,907000.0,-24059750.0,-2.7434932580746314,-0.024475,-0.024475,983255400,983255400,https://www1.hkexnews.hk/search/titlesearch.xhtml,https://www1.hkexnews.hk/search/titlesearch.xhtml,1620584870,14:27:50,20210509
33,2011-06-30,0702.HK,HKD,2011-06-30,2011-06-30,Q2,8769750.0,7845000.0,924750.0,0.10544770375438296,0.0,26771500.0,0.0,0.0,0.0,31797000.0,1500.0,2212000.0,-20815250.0,-2.373528321787964,-23027250.0,-2.6257590011117764,0.0,-23152750.0,-2.6400695572849853,907000.0,-24059750.0,-2.7434932580746314,-0.024475,-0.024475,983255400,983255400,https://www1.hkexnews.hk/search/titlesearch.xhtml,https://www1.hkexnews.hk/search/titlesearch.xhtml,1620584870,14:27:50,20210509
34,2011-03-31,0702.HK,HKD,2011-03-31,2011-03-31,Q1,8769750.0,7845000.0,924750.0,0.10544770375438296,0.0,26771500.0,0.0,0.0,0.0,31797000.0,1500.0,2212000.0,-20815250.0,-2.373528321787964,-23027250.0,-2.6257590011117764,0.0,-23152750.0,-2.6400695572849853,907000.0,-24059750.0,-2.7434932580746314,-0.024475,-0.024475,983255400,983255400,https://www1.hkexnews.hk/search/titlesearch.xhtml,https://www1.hkexnews.hk/search/titlesearch.xhtml,1620584870,14:27:50,20210509
35,2011-01-31,0702.HK,HKD,2011-01-31,2011-01-31,Q1,8769750.0,7845000.0,924750.0,0.10544770375438296,0.0,26771500.0,0.0,0.0,0.0,31797000.0,1500.0,2212000.0,-20815250.0,-2.373528321787964,-23027250.0,-2.6257590011117764,0.0,-23152750.0,-2.6400695572849853,907000.0,-24059750.0,-2.7434932580746314,-0.024475,-0.024475,983255400,983255400,https://www1.hkexnews.hk/search/titlesearch.xhtml,https://www1.hkexnews.hk/search/titlesearch.xhtml,1620584870,14:27:50,20210509
36,2010-09-30,0702.HK,HKD,2010-09-30,2010-09-30,Q3,7306000.0,6505250.0,800750.0,0.10960169723514919,0.0,17380500.0,0.0,0.0,0.0,4229750.0,363250.0,2668500.0,5744750.0,0.7863057760744594,3076250.0,0.4210580344921982,0.0,2048500.0,0.28038598412263893,877500.0,1527000.0,0.2090062961949083,0.002525,0.00245,604611600,625023700,https://www1.hkexnews.hk/search/titlesearch.xhtml,https://www1.hkexnews.hk/search/titlesearch.xhtml,1620584870,14:27:50,20210509
37,2010-06-30,0702.HK,HKD,2010-06-30,2010-06-30,Q2,7306000.0,6505250.0,800750.0,0.10960169723514919,0.0,17380500.0,0.0,0.0,0.0,4229750.0,363250.0,2668500.0,5744750.0,0.7863057760744594,3076250.0,0.4210580344921982,0.0,2048500.0,0.28038598412263893,877500.0,1527000.0,0.2090062961949083,0.002525,0.00245,604611600,625023700,https://www1.hkexnews.hk/search/titlesearch.xhtml,https://www1.hkexnews.hk/search/titlesearch.xhtml,1620584870,14:27:50,20210509
38,2010-03-31,0702.HK,HKD,2010-03-31,2010-03-31,Q1,7306000.0,6505250.0,800750.0,0.10960169723514919,0.0,17380500.0,0.0,0.0,0.0,4229750.0,363250.0,2668500.0,5744750.0,0.7863057760744594,3076250.0,0.4210580344921982,0.0,2048500.0,0.28038598412263893,877500.0,1527000.0,0.2090062961949083,0.002525,0.00245,604611600,625023700,https://www1.hkexnews.hk/search/titlesearch.xhtml,https://www1.hkexnews.hk/search/titlesearch.xhtml,1620584870,14:27:50,20210509
39,2010-01-31,0702.HK,HKD,2010-01-31,2010-01-31,Q1,7306000.0,6505250.0,800750.0,0.10960169723514919,0.0,17380500.0,0.0,0.0,0.0,4229750.0,363250.0,2668500.0,5744750.0,0.7863057760744594,3076250.0,0.4210580344921982,0.0,2048500.0,0.28038598412263893,877500.0,1527000.0,0.2090062961949083,0.002525,0.00245,604611600,625023700,https://www1.hkexnews.hk/search/titlesearch.xhtml,https://www1.hkexnews.hk/search/titlesearch.xhtml,1620584870,14:27:50,20210509
40,2009-09-30,0702.HK,HKD,2009-09-30,2009-09-30,Q3,3788750.0,5060250.0,-1271500.0,-0.33559881227317717,0.0,5974250.0,0.0,0.0,0.0,10201500.0,441750.0,2410500.0,-4002250.0,-1.05635103926097,-6412750.0,-1.692576707357308,0.0,-8235000.0,-2.1735400857802705,0.0,-4696000.0,-1.239458924447377,-0.01075,-0.01075,436038800,436038800,https://www1.hkexnews.hk/search/titlesearch.xhtml,https://www1.hkexnews.hk/search/titlesearch.xhtml,1620584870,14:27:50,20210509
41,2009-06-30,0702.HK,HKD,2009-06-30,2009-06-30,Q2,3788750.0,5060250.0,-1271500.0,-0.33559881227317717,0.0,5974250.0,0.0,0.0,0.0,10201500.0,441750.0,2410500.0,-4002250.0,-1.05635103926097,-6412750.0,-1.692576707357308,0.0,-8235000.0,-2.1735400857802705,0.0,-4696000.0,-1.239458924447377,-0.01075,-0.01075,436038800,436038800,https://www1.hkexnews.hk/search/titlesearch.xhtml,https://www1.hkexnews.hk/search/titlesearch.xhtml,1620584870,14:27:50,20210509
42,2009-03-31,0702.HK,HKD,2009-03-31,2009-03-31,Q1,3788750.0,5060250.0,-1271500.0,-0.33559881227317717,0.0,5974250.0,0.0,0.0,0.0,10201500.0,441750.0,2410500.0,-4002250.0,-1.05635103926097,-6412750.0,-1.692576707357308,0.0,-8235000.0,-2.1735400857802705,0.0,-4696000.0,-1.239458924447377,-0.01075,-0.01075,436038800,436038800,https://www1.hkexnews.hk/search/titlesearch.xhtml,https://www1.hkexnews.hk/search/titlesearch.xhtml,1620584870,14:27:50,20210509
43,2009-01-31,0702.HK,HKD,2009-01-31,2009-01-31,Q1,3788750.0,5060250.0,-1271500.0,-0.33559881227317717,0.0,5974250.0,0.0,0.0,0.0,10201500.0,441750.0,2410500.0,-4002250.0,-1.05635103926097,-6412750.0,-1.692576707357308,0.0,-8235000.0,-2.1735400857802705,0.0,-4696000.0,-1.239458924447377,-0.01075,-0.01075,436038800,436038800,https://www1.hkexnews.hk/search/titlesearch.xhtml,https://www1.hkexnews.hk/search/titlesearch.xhtml,1620584870,14:27:50,20210509
44,2008-09-30,0702.HK,HKD,2008-09-30,2008-09-30,Q3,10016000.0,7048250.0,2967750.0,0.29630091853035145,0.0,9137000.0,1437750.0,0.0,0.0,20395250.0,0.0,4162500.0,-6216750.0,-0.6206819089456869,-10379250.0,-1.0362669728434504,0.0,-11472250.0,-1.1453923722044728,707500.0,-35037000.0,-3.49810303514377,-0.054,-0.08290475,422617900,422617900,https://www1.hkexnews.hk/search/titlesearch.xhtml,https://www1.hkexnews.hk/search/titlesearch.xhtml,1620584870,14:27:50,20210509
45,2008-06-30,0702.HK,HKD,2008-06-30,2008-06-30,Q2,10016000.0,7048250.0,2967750.0,0.29630091853035145,0.0,9137000.0,1437750.0,0.0,0.0,20395250.0,0.0,4162500.0,-6216750.0,-0.6206819089456869,-10379250.0,-1.0362669728434504,0.0,-11472250.0,-1.1453923722044728,707500.0,-35037000.0,-3.49810303514377,-0.054,-0.08290475,422617900,422617900,https://www1.hkexnews.hk/search/titlesearch.xhtml,https://www1.hkexnews.hk/search/titlesearch.xhtml,1620584870,14:27:50,20210509
46,2008-03-31,0702.HK,HKD,2008-03-31,2008-03-31,Q1,10016000.0,7048250.0,2967750.0,0.29630091853035145,0.0,9137000.0,1437750.0,0.0,0.0,20395250.0,0.0,4162500.0,-6216750.0,-0.6206819089456869,-10379250.0,-1.0362669728434504,0.0,-11472250.0,-1.1453923722044728,707500.0,-35037000.0,-3.49810303514377,-0.054,-0.08290475,422617900,422617900,https://www1.hkexnews.hk/search/titlesearch.xhtml,https://www1.hkexnews.hk/search/titlesearch.xhtml,1620584870,14:27:50,20210509
47,2008-01-31,0702.HK,HKD,2008-01-31,2008-01-31,Q1,10016000.0,7048250.0,2967750.0,0.29630091853035145,0.0,9137000.0,1437750.0,0.0,0.0,20395250.0,0.0,4162500.0,-6216750.0,-0.6206819089456869,-10379250.0,-1.0362669728434504,0.0,-11472250.0,-1.1453923722044728,707500.0,-35037000.0,-3.49810303514377,-0.054,-0.08290475,422617900,422617900,https://www1.hkexnews.hk/search/titlesearch.xhtml,https://www1.hkexnews.hk/search/titlesearch.xhtml,1620584870,14:27:50,20210509
48,2007-09-30,0702.HK,HKD,2007-09-30,2007-09-30,Q3,7851250.0,8527250.0,-676000.0,-0.08610093934086929,0.0,9929750.0,1142250.0,0.0,0.0,19261000.0,42750.0,81500.0,-11328250.0,-1.4428594172902405,-11409750.0,-1.4532399299474605,0.0,-11452500.0,-1.4586849227829963,239750.0,-1984000.0,-0.2526986148702436,-0.00475,-0.00475,410550600,410550600,https://www1.hkexnews.hk/search/titlesearch.xhtml,https://www1.hkexnews.hk/search/titlesearch.xhtml,1620584870,14:27:50,20210509
49,2007-06-30,0702.HK,HKD,2007-06-30,2007-06-30,Q2,7851250.0,8527250.0,-676000.0,-0.08610093934086929,0.0,9929750.0,1142250.0,0.0,0.0,19261000.0,42750.0,81500.0,-11328250.0,-1.4428594172902405,-11409750.0,-1.4532399299474605,0.0,-11452500.0,-1.4586849227829963,239750.0,-1984000.0,-0.2526986148702436,-0.00475,-0.00475,410550600,410550600,https://www1.hkexnews.hk/search/titlesearch.xhtml,https://www1.hkexnews.hk/search/titlesearch.xhtml,1620584870,14:27:50,20210509
50,2007-03-31,0702.HK,HKD,2007-03-31,2007-03-31,Q1,7851250.0,8527250.0,-676000.0,-0.08610093934086929,0.0,9929750.0,1142250.0,0.0,0.0,19261000.0,42750.0,81500.0,-11328250.0,-1.4428594172902405,-11409750.0,-1.4532399299474605,0.0,-11452500.0,-1.4586849227829963,239750.0,-1984000.0,-0.2526986148702436,-0.00475,-0.00475,410550600,410550600,https://www1.hkexnews.hk/search/titlesearch.xhtml,https://www1.hkexnews.hk/search/titlesearch.xhtml,1620584870,14:27:50,20210509
51,2007-01-31,0702.HK,HKD,2007-01-31,2007-01-31,Q1,7851250.0,8527250.0,-676000.0,-0.08610093934086929,0.0,9929750.0,1142250.0,0.0,0.0,19261000.0,42750.0,81500.0,-11328250.0,-1.4428594172902405,-11409750.0,-1.4532399299474605,0.0,-11452500.0,-1.4586849227829963,239750.0,-1984000.0,-0.2526986148702436,-0.00475,-0.00475,410550600,410550600,https://www1.hkexnews.hk/search/titlesearch.xhtml,https://www1.hkexnews.hk/search/titlesearch.xhtml,1620584870,14:27:50,20210509
52,2006-09-30,0702.HK,HKD,2006-09-30,2006-09-30,Q3,18001388.26546975,19157017.553703,-1155629.2882335,-0.06419667590028194,0.0,7559087.111253501,867906.26803475,0.0,0.0,35756192.4174415,0.0,12636625.5049695,-5118178.64700225,-0.28432132963988876,-17754804.15197175,-0.9863019390581672,0.0,-25987322.69958325,-1.443628808864265,204447.899968,-26191770.59955125,-1.45498614958449,-0.067069,-0.067069,316680297,316680297,https://www1.hkexnews.hk/search/titlesearch.xhtml,https://www1.hkexnews.hk/search/titlesearch.xhtml,1620584870,14:27:50,20210509
53,2006-06-30,0702.HK,HKD,2006-06-30,2006-06-30,Q2,18001388.26546975,19157017.553703,-1155629.2882335,-0.06419667590028194,0.0,7559087.111253501,867906.26803475,0.0,0.0,35756192.4174415,0.0,12636625.5049695,-5118178.64700225,-0.28432132963988876,-17754804.15197175,-0.9863019390581672,0.0,-25987322.69958325,-1.443628808864265,204447.899968,-26191770.59955125,-1.45498614958449,-0.067069,-0.067069,316680297,316680297,https://www1.hkexnews.hk/search/titlesearch.xhtml,https://www1.hkexnews.hk/search/titlesearch.xhtml,1620584870,14:27:50,20210509
54,2006-03-31,0702.HK,HKD,2006-03-31,2006-03-31,Q1,18001388.26546975,19157017.553703,-1155629.2882335,-0.06419667590028194,0.0,7559087.111253501,867906.26803475,0.0,0.0,35756192.4174415,0.0,12636625.5049695,-5118178.64700225,-0.28432132963988876,-17754804.15197175,-0.9863019390581672,0.0,-25987322.69958325,-1.443628808864265,204447.899968,-26191770.59955125,-1.45498614958449,-0.067069,-0.067069,316680297,316680297,https://www1.hkexnews.hk/search/titlesearch.xhtml,https://www1.hkexnews.hk/search/titlesearch.xhtml,1620584870,14:27:50,20210509
55,2006-01-31,0702.HK,HKD,2006-01-31,2006-01-31,Q1,18001388.26546975,19157017.553703,-1155629.2882335,-0.06419667590028194,0.0,7559087.111253501,867906.26803475,0.0,0.0,35756192.4174415,0.0,12636625.5049695,-5118178.64700225,-0.28432132963988876,-17754804.15197175,-0.9863019390581672,0.0,-25987322.69958325,-1.443628808864265,204447.899968,-26191770.59955125,-1.45498614958449,-0.067069,-0.067069,316680297,316680297,https://www1.hkexnews.hk/search/titlesearch.xhtml,https://www1.hkexnews.hk/search/titlesearch.xhtml,1620584870,14:27:50,20210509
56,2005-09-30,0702.HK,HKD,2005-09-30,2005-09-30,Q3,16395339.5677215,18722331.7024835,-2326992.134762,-0.14193009697361136,0.0,4989499.5974485,916242.64569275,0.0,0.0,73530213.5381185,0.0,38978379.1416363,-18156494.828760706,-1.107418041191809,-57134873.970397,-3.484824070547578,0.0,-65594327.36731275,-4.000791023349848,80456.43153525,-65674783.798848,-4.005698297834949,-0.208226,-0.208226,303292964,303292964,https://www1.hkexnews.hk/search/titlesearch.xhtml,https://www1.hkexnews.hk/search/titlesearch.xhtml,1620584870,14:27:50,20210509
57,2005-06-30,0702.HK,HKD,2005-06-30,2005-06-30,Q2,16395339.5677215,18722331.7024835,-2326992.134762,-0.14193009697361136,0.0,4989499.5974485,916242.64569275,0.0,0.0,73530213.5381185,0.0,38978379.1416363,-18156494.828760706,-1.107418041191809,-57134873.970397,-3.484824070547578,0.0,-65594327.36731275,-4.000791023349848,80456.43153525,-65674783.798848,-4.005698297834949,-0.208226,-0.208226,303292964,303292964,https://www1.hkexnews.hk/search/titlesearch.xhtml,https://www1.hkexnews.hk/search/titlesearch.xhtml,1620584870,14:27:50,20210509
58,2005-03-31,0702.HK,HKD,2005-03-31,2005-03-31,Q1,16395339.5677215,18722331.7024835,-2326992.134762,-0.14193009697361136,0.0,4989499.5974485,916242.64569275,0.0,0.0,73530213.5381185,0.0,38978379.1416363,-18156494.828760706,-1.107418041191809,-57134873.970397,-3.484824070547578,0.0,-65594327.36731275,-4.000791023349848,80456.43153525,-65674783.798848,-4.005698297834949,-0.208226,-0.208226,303292964,303292964,https://www1.hkexnews.hk/search/titlesearch.xhtml,https://www1.hkexnews.hk/search/titlesearch.xhtml,1620584870,14:27:50,20210509
59,2005-01-31,0702.HK,HKD,2005-01-31,2005-01-31,Q1,16395339.5677215,18722331.7024835,-2326992.134762,-0.14193009697361136,0.0,4989499.5974485,916242.64569275,0.0,0.0,73530213.5381185,0.0,38978379.1416363,-18156494.828760706,-1.107418041191809,-57134873.970397,-3.484824070547578,0.0,-65594327.36731275,-4.000791023349848,80456.43153525,-65674783.798848,-4.005698297834949,-0.208226,-0.208226,303292964,303292964,https://www1.hkexnews.hk/search/titlesearch.xhtml,https://www1.hkexnews.hk/search/titlesearch.xhtml,1620584870,14:27:50,20210509
60,2004-09-30,0702.HK,HKD,2004-09-30,2004-09-30,Q3,16413590.581229,17984600.31619375,-1571009.734965,-0.09571395894093075,0.0,6387052.124871,502394.59933675,0.0,0.0,24345371.172907,0.0,9680892.84924775,1749112.2575697498,0.10656487676560418,-7931780.591678,-0.4832446960599216,0.0,-14747311.24919225,-0.898481729284612,0.0,-12376130.760496,-0.7540172699719743,-0.04082975,-0.04082975,303114943,303114943,https://www1.hkexnews.hk/search/titlesearch.xhtml,https://www1.hkexnews.hk/search/titlesearch.xhtml,1620584870,14:27:50,20210509
61,2004-06-30,0702.HK,HKD,2004-06-30,2004-06-30,Q2,16413590.581229,17984600.31619375,-1571009.734965,-0.09571395894093075,0.0,6387052.124871,502394.59933675,0.0,0.0,24345371.172907,0.0,9680892.84924775,1749112.2575697498,0.10656487676560418,-7931780.591678,-0.4832446960599216,0.0,-14747311.24919225,-0.898481729284612,0.0,-12376130.760496,-0.7540172699719743,-0.04082975,-0.04082975,303114943,303114943,https://www1.hkexnews.hk/search/titlesearch.xhtml,https://www1.hkexnews.hk/search/titlesearch.xhtml,1620584870,14:27:50,20210509
62,2004-03-31,0702.HK,HKD,2004-03-31,2004-03-31,Q1,16413590.581229,17984600.31619375,-1571009.734965,-0.09571395894093075,0.0,6387052.124871,502394.59933675,0.0,0.0,24345371.172907,0.0,9680892.84924775,1749112.2575697498,0.10656487676560418,-7931780.591678,-0.4832446960599216,0.0,-14747311.24919225,-0.898481729284612,0.0,-12376130.760496,-0.7540172699719743,-0.04082975,-0.04082975,303114943,303114943,https://www1.hkexnews.hk/search/titlesearch.xhtml,https://www1.hkexnews.hk/search/titlesearch.xhtml,1620584870,14:27:50,20210509
63,2004-01-31,0702.HK,HKD,2004-01-31,2004-01-31,Q1,16413590.581229,17984600.31619375,-1571009.734965,-0.09571395894093075,0.0,6387052.124871,502394.59933675,0.0,0.0,24345371.172907,0.0,9680892.84924775,1749112.2575697498,0.10656487676560418,-7931780.591678,-0.4832446960599216,0.0,-14747311.24919225,-0.898481729284612,0.0,-12376130.760496,-0.7540172699719743,-0.04082975,-0.04082975,303114943,303114943,https://www1.hkexnews.hk/search/titlesearch.xhtml,https://www1.hkexnews.hk/search/titlesearch.xhtml,1620584870,14:27:50,20210509
64,2003-09-30,0702.HK,HKD,2003-09-30,2003-09-30,Q3,37215173.125034,19957090.584853,17258082.540181,0.4637378007673915,0.0,5097188.418306,675045.1012605,0.0,0.0,24583459.07841725,0.0,8318600.24401575,20950314.2906325,0.5629508754465418,12631714.04661675,0.339423761490434,0.0,5962859.31578925,0.16022656392744652,868250.090298,3500433.5938585,0.0940593123696587,0.01148925,0.01148925,304673469,304673469,https://www1.hkexnews.hk/search/titlesearch.xhtml,https://www1.hkexnews.hk/search/titlesearch.xhtml,1620584870,14:27:50,20210509
65,2003-06-30,0702.HK,HKD,2003-06-30,2003-06-30,Q2,37215173.125034,19957090.584853,17258082.540181,0.4637378007673915,0.0,5097188.418306,675045.1012605,0.0,0.0,24583459.07841725,0.0,8318600.24401575,20950314.2906325,0.5629508754465418,12631714.04661675,0.339423761490434,0.0,5962859.31578925,0.16022656392744652,868250.090298,3500433.5938585,0.0940593123696587,0.01148925,0.01148925,304673469,304673469,https://www1.hkexnews.hk/search/titlesearch.xhtml,https://www1.hkexnews.hk/search/titlesearch.xhtml,1620584870,14:27:50,20210509
66,2003-03-31,0702.HK,HKD,2003-03-31,2003-03-31,Q1,37215173.125034,19957090.584853,17258082.540181,0.4637378007673915,0.0,5097188.418306,675045.1012605,0.0,0.0,24583459.07841725,0.0,8318600.24401575,20950314.2906325,0.5629508754465418,12631714.04661675,0.339423761490434,0.0,5962859.31578925,0.16022656392744652,868250.090298,3500433.5938585,0.0940593123696587,0.01148925,0.01148925,304673469,304673469,https://www1.hkexnews.hk/search/titlesearch.xhtml,https://www1.hkexnews.hk/search/titlesearch.xhtml,1620584870,14:27:50,20210509
67,2003-01-31,0702.HK,HKD,2003-01-31,2003-01-31,Q1,37215173.125034,19957090.584853,17258082.540181,0.4637378007673915,0.0,5097188.418306,675045.1012605,0.0,0.0,24583459.07841725,0.0,8318600.24401575,20950314.2906325,0.5629508754465418,12631714.04661675,0.339423761490434,0.0,5962859.31578925,0.16022656392744652,868250.090298,3500433.5938585,0.0940593123696587,0.01148925,0.01148925,304673469,304673469,https://www1.hkexnews.hk/search/titlesearch.xhtml,https://www1.hkexnews.hk/search/titlesearch.xhtml,1620584870,14:27:50,20210509
68,2002-09-30,0702.HK,HKD,2002-09-30,2002-09-30,Q3,42467132.6149905,15285981.64036825,27181150.97462225,0.6400514774813771,0.0,5371024.078047,0.0,0.0,0.0,18138749.253752,0.0,5604946.31092,29933329.67215825,0.7048587420190471,24328383.36123825,0.5728755831433403,0.0,20453001.03194225,0.4816195436920676,2918963.1294335,13635098.45006325,0.32107414865232003,0.04522975,0.041696,301463542,327011299,https://www1.hkexnews.hk/search/titlesearch.xhtml,https://www1.hkexnews.hk/search/titlesearch.xhtml,1620584870,14:27:50,20210509
69,2002-06-30,0702.HK,HKD,2002-06-30,2002-06-30,Q2,42467132.6149905,15285981.64036825,27181150.97462225,0.6400514774813771,0.0,5371024.078047,0.0,0.0,0.0,18138749.253752,0.0,5604946.31092,29933329.67215825,0.7048587420190471,24328383.36123825,0.5728755831433403,0.0,20453001.03194225,0.4816195436920676,2918963.1294335,13635098.45006325,0.32107414865232003,0.04522975,0.041696,301463542,327011299,https://www1.hkexnews.hk/search/titlesearch.xhtml,https://www1.hkexnews.hk/search/titlesearch.xhtml,1620584870,14:27:50,20210509
70,2002-03-31,0702.HK,HKD,2002-03-31,2002-03-31,Q1,42467132.6149905,15285981.64036825,27181150.97462225,0.6400514774813771,0.0,5371024.078047,0.0,0.0,0.0,18138749.253752,0.0,5604946.31092,29933329.67215825,0.7048587420190471,24328383.36123825,0.5728755831433403,0.0,20453001.03194225,0.4816195436920676,2918963.1294335,13635098.45006325,0.32107414865232003,0.04522975,0.041696,301463542,327011299,https://www1.hkexnews.hk/search/titlesearch.xhtml,https://www1.hkexnews.hk/search/titlesearch.xhtml,1620584870,14:27:50,20210509
71,2002-01-31,0702.HK,HKD,2002-01-31,2002-01-31,Q1,42467132.6149905,15285981.64036825,27181150.97462225,0.6400514774813771,0.0,5371024.078047,0.0,0.0,0.0,18138749.253752,0.0,5604946.31092,29933329.67215825,0.7048587420190471,24328383.36123825,0.5728755831433403,0.0,20453001.03194225,0.4816195436920676,2918963.1294335,13635098.45006325,0.32107414865232003,0.04522975,0.041696,301463542,327011299,https://www1.hkexnews.hk/search/titlesearch.xhtml,https://www1.hkexnews.hk/search/titlesearch.xhtml,1620584870,14:27:50,20210509
72,2001-09-30,0702.HK,HKD,2001-09-30,2001-09-30,Q3,47826613.70269425,23673495.337687,24153118.36500725,0.505014185515012,0.0,7020493.840963,0.0,0.0,0.0,34805178.310671,0.0,0.0,13021435.39202325,3.6729141037701702,13021435.39202325,0.27226337772874154,0.0,12937807.60484325,0.2705148159823495,0.0,10301058.81073875,0.21538340294743577,0.03722025,0.0360425,276759494,285803922,https://www1.hkexnews.hk/search/titlesearch.xhtml,https://www1.hkexnews.hk/search/titlesearch.xhtml,1620584870,14:27:50,20210509
73,2001-06-30,0702.HK,HKD,2001-06-30,2001-06-30,Q2,47826613.70269425,23673495.337687,24153118.36500725,0.505014185515012,0.0,7020493.840963,0.0,0.0,0.0,34805178.310671,0.0,0.0,13021435.39202325,3.6729141037701702,13021435.39202325,0.27226337772874154,0.0,12937807.60484325,0.2705148159823495,0.0,10301058.81073875,0.21538340294743577,0.03722025,0.0360425,276759494,285803922,https://www1.hkexnews.hk/search/titlesearch.xhtml,https://www1.hkexnews.hk/search/titlesearch.xhtml,1620584870,14:27:50,20210509
74,2001-03-31,0702.HK,HKD,2001-03-31,2001-03-31,Q1,47826613.70269425,23673495.337687,24153118.36500725,0.505014185515012,0.0,7020493.840963,0.0,0.0,0.0,34805178.310671,0.0,0.0,13021435.39202325,3.6729141037701702,13021435.39202325,0.27226337772874154,0.0,12937807.60484325,0.2705148159823495,0.0,10301058.81073875,0.21538340294743577,0.03722025,0.0360425,276759494,285803922,https://www1.hkexnews.hk/search/titlesearch.xhtml,https://www1.hkexnews.hk/search/titlesearch.xhtml,1620584870,14:27:50,20210509
75,2001-01-31,0702.HK,HKD,2001-01-31,2001-01-31,Q1,47826613.70269425,23673495.337687,24153118.36500725,0.505014185515012,0.0,7020493.840963,0.0,0.0,0.0,34805178.310671,0.0,0.0,13021435.39202325,3.6729141037701702,13021435.39202325,0.27226337772874154,0.0,12937807.60484325,0.2705148159823495,0.0,10301058.81073875,0.21538340294743577,0.03722025,0.0360425,276759494,285803922,https://www1.hkexnews.hk/search/titlesearch.xhtml,https://www1.hkexnews.hk/search/titlesearch.xhtml,1620584870,14:27:50,20210509
76,2000-09-30,0702.HK,HKD,2000-09-30,2000-09-30,Q3,34864308.975615,22450453.7520865,12413855.2235285,0.35606198970445885,0.0,7125638.27200825,0.0,0.0,0.0,32879016.62856525,0.0,0.0,1985292.34704975,17.561297220243265,1985292.34704975,0.05694340158694425,0.0,1619034.445533,0.046438162496362526,1003494.76558525,416963.27745125,0.01195960251909438,0.00165075,0.00165075,252571429,252571429,https://www1.hkexnews.hk/search/titlesearch.xhtml,https://www1.hkexnews.hk/search/titlesearch.xhtml,1620584870,14:27:50,20210509
77,2000-06-30,0702.HK,HKD,2000-06-30,2000-06-30,Q2,34864308.975615,22450453.7520865,12413855.2235285,0.35606198970445885,0.0,7125638.27200825,0.0,0.0,0.0,32879016.62856525,0.0,0.0,1985292.34704975,17.561297220243265,1985292.34704975,0.05694340158694425,0.0,1619034.445533,0.046438162496362526,1003494.76558525,416963.27745125,0.01195960251909438,0.00165075,0.00165075,252571429,252571429,https://www1.hkexnews.hk/search/titlesearch.xhtml,https://www1.hkexnews.hk/search/titlesearch.xhtml,1620584870,14:27:50,20210509
78,2000-03-31,0702.HK,HKD,2000-03-31,2000-03-31,Q1,34864308.975615,22450453.7520865,12413855.2235285,0.35606198970445885,0.0,7125638.27200825,0.0,0.0,0.0,32879016.62856525,0.0,0.0,1985292.34704975,17.561297220243265,1985292.34704975,0.05694340158694425,0.0,1619034.445533,0.046438162496362526,1003494.76558525,416963.27745125,0.01195960251909438,0.00165075,0.00165075,252571429,252571429,https://www1.hkexnews.hk/search/titlesearch.xhtml,https://www1.hkexnews.hk/search/titlesearch.xhtml,1620584870,14:27:50,20210509
79,2000-01-31,0702.HK,HKD,2000-01-31,2000-01-31,Q1,34864308.975615,22450453.7520865,12413855.2235285,0.35606198970445885,0.0,7125638.27200825,0.0,0.0,0.0,32879016.62856525,0.0,0.0,1985292.34704975,17.561297220243265,1985292.34704975,0.05694340158694425,0.0,1619034.445533,0.046438162496362526,1003494.76558525,416963.27745125,0.01195960251909438,0.00165075,0.00165075,252571429,252571429,https://www1.hkexnews.hk/search/titlesearch.xhtml,https://www1.hkexnews.hk/search/titlesearch.xhtml,1620584870,14:27:50,20210509
