,date,symbol,reportedCurrency,fillingDate,acceptedDate,period,revenue,costOfRevenue,grossProfit,grossProfitRatio,researchAndDevelopmentExpenses,generalAndAdministrativeExpenses,sellingAndMarketingExpenses,otherExpenses,operatingExpenses,costAndExpenses,interestExpense,depreciationAndAmortization,ebitda,ebitdaratio,operatingIncome,operatingIncomeRatio,totalOtherIncomeExpensesNet,incomeBeforeTax,incomeBeforeTaxRatio,incomeTaxExpense,netIncome,netIncomeRatio,eps,epsdiluted,weightedAverageShsOut,weightedAverageShsOutDil,link,finalLink,timestamp,est_time,est_date
0,2021-03-31,MRTN,USD,2021-05-07,2021-05-07,Q1,223046000,179402000.0,43644000.0,0.19567264151789318,0.0,13529000.0,0.0,10000.0,21630000.0,201032000.0,0.0,25687000.0,47701000.0,0.21386171462388925,22014000.0,0.10763698967925898,1994000.0,24008000.0,0.10763698967925898,6002000.0,18006000.0,0.08072774225944424,0.22,0.22,82758000,83359000,https://www.sec.gov/Archives/edgar/data/799167/000143774921011225/0001437749-21-011225-index.htm,https://www.sec.gov/Archives/edgar/data/799167/000143774921011225/mrtn20210331_10q.htm,1620595308,17:21:48,20210509
1,2020-12-31,MRTN,USD,2021-03-01,2021-03-01 07:30:46,Q4,227333000,181986000.0,45347000.0,0.1994738995218468,0.0,14344000.0,0.0,13000.0,22623000.0,204609000.0,0.0,25914000.0,48638000.0,0.2139504603379184,22724000.0,0.09995909084910681,2847000.0,25571000.0,0.1124825696225361,5967000.0,19604000.0,0.08623473054945828,0.23754649993335514,0.23754649993335514,82527000,82527000,https://www.sec.gov/Archives/edgar/data/799167/000143774921004453/0001437749-21-004453-index.htm,https://www.sec.gov/Archives/edgar/data/799167/000143774921004453/mrtn20201231_10k.htm,1620595308,17:21:48,20210509
2,2020-09-30,MRTN,USD,2020-11-06,2020-11-06,Q3,216011000,24268.0,191743.0,0.0008876538694788691,0.0,13242000.0,0.0,191611.0,191611.0,215879000.0,0.0,76979000.0,101379000.0,0.4693233214975163,24400000.0,0.1129572105124276,0.0,24417000.0,0.11303591020827643,6373000.0,18044000.0,0.0835327830527149,0.21864359542937462,0.2170497876896058,82527000,83133000,https://www.sec.gov/Archives/edgar/data/799167/000143774920022878/0001437749-20-022878-index.htm,https://www.sec.gov/Archives/edgar/data/799167/000143774920022878/mrtn20200930_10q.htm,1620595308,17:21:48,20210509
3,2020-06-30,MRTN,USD,2020-08-07,2020-08-07 07:25:43,Q2,212384000,168314000.0,44070000.0,0.20750150670483652,0.0,13610000.0,0.0,13000.0,21030000.0,189344000.0,0.0,27594000.0,50634000.0,0.23840778966400483,23040000.0,0.10848274822962181,2229000.0,25269000.0,0.11897788910652403,7135000.0,18134000.0,0.08538307970468585,0.2197341476122966,0.21813239026619993,82527000,83133000,https://www.sec.gov/Archives/edgar/data/799167/000143774920016959/0001437749-20-016959-index.htm,https://www.sec.gov/Archives/edgar/data/799167/000143774920016959/mrtn20200630_10q.htm,1620595308,17:21:48,20210509
4,2020-03-31,MRTN,USD,2020-05-08,2020-05-08 07:27:26,Q1,218646000,179158000.0,39488000.0,0.18060243498623346,0.0,14269000.0,0.0,97000.0,23011000.0,202169000.0,0.0,27133000.0,43610000.0,0.19945482652323848,16477000.0,0.07535925651509746,1652000.0,18129000.0,0.08291484865947696,4411000.0,13718000.0,0.06274068585750482,0.16685824104313768,0.16554736950081156,82213500,82864500,https://www.sec.gov/Archives/edgar/data/799167/000143774920009914/0001437749-20-009914-index.htm,https://www.sec.gov/Archives/edgar/data/799167/000143774920009914/mrtn20200331_10q.htm,1620595308,17:21:48,20210509
5,2019-12-31,MRTN,USD,2020-02-28,2020-02-28 07:31:46,Q4,217185000,182580000.0,34605000.0,0.1593342081635472,0.0,10754000.0,0.0,262000.0,19161000.0,201741000.0,0.0,24842000.0,40286000.0,0.18549163155834889,15444000.0,0.071109883279232,3605000.0,19049000.0,0.08770863549508484,3301000.0,15748000.0,0.07250961162142873,0.19194929457293475,0.19013812421520332,82042500,82824000,https://www.sec.gov/Archives/edgar/data/799167/000143774920003828/0001437749-20-003828-index.htm,https://www.sec.gov/Archives/edgar/data/799167/000143774920003828/mrtn20191231_10k.htm,1620595308,17:21:48,20210509
6,2019-09-30,MRTN,USD,2019-11-08,2019-11-08 07:21:17,Q3,214973000,177428000.0,37545000.0,0.1746498397473171,0.0,11519000.0,0.0,255000.0,20070000.0,197498000.0,0.0,24290000.0,41765000.0,0.19428021193359166,17475000.0,0.08128927818842366,2814000.0,20289000.0,0.09437929414391574,3702000.0,16587000.0,0.07715852688477158,0.20232366663617235,0.20056589400370006,81982500,82701000,https://www.sec.gov/Archives/edgar/data/799167/000143774919022039/0001437749-19-022039-index.htm,https://www.sec.gov/Archives/edgar/data/799167/000143774919022039/mrtn20190930_10q.htm,1620595308,17:21:48,20210509
7,2019-06-30,MRTN,USD,2019-08-08,2019-08-08 08:58:11,Q2,212090000,173197000.0,38893000.0,0.18337969729831674,0.0,11812000.0,0.0,395000.0,20179000.0,193376000.0,0.0,23462000.0,42176000.0,0.19885897496345892,18714000.0,0.08823612617285115,1625000.0,20339000.0,0.09589796784383987,5149000.0,15190000.0,0.07162053845065774,0.18541575118402423,0.183850450548586,81924000,82621500,https://www.sec.gov/Archives/edgar/data/799167/000143774919015906/0001437749-19-015906-index.htm,https://www.sec.gov/Archives/edgar/data/799167/000143774919015906/mrtn20190630_10q.htm,1620595308,17:21:48,20210509
8,2019-03-31,MRTN,USD,2019-05-09,2019-05-09 07:41:39,Q1,199023000,163114000.0,35909000.0,0.1804263828803706,0.0,11825000.0,0.0,278000.0,19724000.0,182838000.0,0.0,22543000.0,38728000.0,0.19459057495867313,16185000.0,0.08132225923636967,1826000.0,18011000.0,0.09049707822713958,4465000.0,13546000.0,0.06806248524039935,0.16553932261592702,0.16405672831207838,81829500,82569000,https://www.sec.gov/Archives/edgar/data/799167/000143774919009167/0001437749-19-009167-index.htm,https://www.sec.gov/Archives/edgar/data/799167/000143774919003693/mrtn20181231_10k.htm,1620595308,17:21:48,20210509
9,2018-12-31,MRTN,USD,2019-03-01,2019-03-01 07:32:20,Q4,203961000,165680000.0,38281000.0,0.18768784228357382,0.0,12500000.0,0.0,234000.0,20781000.0,186461000.0,0.0,22305000.0,39805000.0,0.19515985899265056,17500000.0,0.08580071680370267,2272000.0,19772000.0,0.09694010129387481,4035000.0,15737000.0,0.07715690744799251,0.19245209181739248,0.19070297257667745,81771000,82521000,https://www.sec.gov/Archives/edgar/data/799167/000143774919003693/0001437749-19-003693-index.htm,https://www.sec.gov/Archives/edgar/data/799167/000143774919003693/mrtn20181231_10k.htm,1620595308,17:21:48,20210509
10,2018-09-30,MRTN,USD,2018-11-05,2018-11-05 08:36:04,Q3,199649000,164422000.0,35227000.0,0.17644466037896508,0.0,10230000.0,0.0,120000.0,18069000.0,182491000.0,0.0,22272000.0,39430000.0,0.19749660654448556,17158000.0,0.08594082614989307,1955000.0,19113000.0,0.09573301143506854,3856000.0,15257000.0,0.07641911554778637,0.18608026441765305,0.18428331581935234,81991500,82791000,https://www.sec.gov/Archives/edgar/data/799167/000143774918019470/0001437749-18-019470-index.htm,https://www.sec.gov/Archives/edgar/data/799167/000143774918019470/mrtn20180930_10q.htm,1620595308,17:21:48,20210509
11,2018-06-30,MRTN,USD,2018-08-09,2018-08-09 07:32:43,Q2,197024000,162484000.0,34540000.0,0.17530859184667857,0.0,10588000.0,0.0,138000.0,18477000.0,180961000.0,0.0,22193000.0,38256000.0,0.19416923826538898,16063000.0,0.08152813870391425,2298000.0,18361000.0,0.09319169238265389,4659000.0,13702000.0,0.0695448270261491,0.16726176307228438,0.1657052328604772,81919500,82689000,https://www.sec.gov/Archives/edgar/data/799167/000143774918015007/0001437749-18-015007-index.htm,https://www.sec.gov/Archives/edgar/data/799167/000143774918015007/mrtn20180630_10q.htm,1620595308,17:21:48,20210509
12,2018-03-31,MRTN,USD,2018-05-10,2018-05-10 07:36:20,Q1,186960000,155143000.0,31817000.0,0.17018078733418912,0.0,11973000.0,0.0,189000.0,19434000.0,174577000.0,0.0,21815000.0,34198000.0,0.18291613179289687,12383000.0,0.0662334189131365,1400000.0,13783000.0,0.07372165169020112,3452000.0,10331000.0,0.055257809157038935,0.12620635735053384,0.12500831896421333,81858000,82642500,https://www.sec.gov/Archives/edgar/data/799167/000143774918009293/0001437749-18-009293-index.htm,https://www.sec.gov/Archives/edgar/data/799167/000143774918004257/mrtn20171231_10k.htm,1620595308,17:21:48,20210509
13,2017-12-31,MRTN,USD,2018-03-09,2018-03-09 08:02:10,Q4,182771000,151415000.0,31356000.0,0.17155894534690952,0.0,11003000.0,0.0,-109000.0,17640000.0,169055000.0,0.0,21245000.0,34961000.0,0.19128308101394642,13716000.0,0.07504472810237948,508000.0,14224000.0,0.07782416247654168,-50850000.0,65074000.0,0.35604116626817167,0.793333,0.786667,81793500,82468500,https://www.sec.gov/Archives/edgar/data/799167/000143774918004257/0001437749-18-004257-index.htm,https://www.sec.gov/Archives/edgar/data/799167/000143774918004257/mrtn20171231_10k.htm,1620595308,17:21:48,20210509
14,2017-09-30,MRTN,USD,2017-11-06,2017-11-06 07:21:58,Q3,170679000,139972000.0,30707000.0,0.17991082675666017,0.0,12799000.0,0.0,-14000.0,19593000.0,159565000.0,0.0,21186000.0,32300000.0,0.1892441366541871,11114000.0,0.06511638807351812,1894000.0,13008000.0,0.07621324240240451,5153000.0,7855000.0,0.04602206481172259,0.09605566459391872,0.09540292706625372,81775500,82335000,https://www.sec.gov/Archives/edgar/data/799167/000143774917018317/0001437749-17-018317-index.htm,https://www.sec.gov/Archives/edgar/data/799167/000143774917018317/mrtn20170930_10q.htm,1620595308,17:21:48,20210509
15,2017-06-30,MRTN,USD,2017-08-08,2017-08-08 07:38:12,Q2,171511000,141085000.0,30426000.0,0.17739970031076724,0.0,10335000.0,0.0,-125000.0,16728000.0,157813000.0,0.0,21306000.0,35004000.0,0.20409186582784777,13698000.0,0.0798665974777128,1746000.0,15444000.0,0.09004670254386016,6303000.0,9141000.0,0.053296873086857405,0.06709851311794282,0.06672017954494473,136232527,137005027,https://www.sec.gov/Archives/edgar/data/799167/000143774917013978/0001437749-17-013978-index.htm,https://www.sec.gov/Archives/edgar/data/799167/000143774917013978/mrtn20170630_10q.htm,1620595308,17:21:48,20210509
16,2017-03-31,MRTN,USD,2017-05-09,2017-05-09 06:06:15,Q1,173159000,144091000.0,29068000.0,0.16786883731137278,0.0,10495000.0,0.0,-141000.0,16233000.0,160324000.0,0.0,21383000.0,34218000.0,0.19761028880970669,12835000.0,0.07412262718079915,962000.0,13797000.0,0.0796782148199054,5583000.0,8214000.0,0.0474361713800611,0.10061550623367815,0.10003956276061256,81637516,82107516,https://www.sec.gov/Archives/edgar/data/799167/000143774917008333/0001437749-17-008333-index.htm,https://www.sec.gov/Archives/edgar/data/799167/000143774917004526/mrtn20161231_10k.htm,1620595308,17:21:48,20210509
17,2016-12-31,MRTN,USD,2017-03-15,2017-03-15 07:47:15,Q4,172661000,143230000.0,29431000.0,0.17045540104598028,0.0,10564000.0,0.0,-443000.0,17938000.0,161168000.0,0.0,21240000.0,32733000.0,0.1895795807970532,11493000.0,0.06656396059330133,2597000.0,14090000.0,0.08160499475851524,5787000.0,8303000.0,0.04808845077927268,0.10188353113520464,0.10134877483575956,81495016,81925016,https://www.sec.gov/Archives/edgar/data/799167/000143774917004526/0001437749-17-004526-index.htm,https://www.sec.gov/Archives/edgar/data/799167/000143774917004526/mrtn20161231_10k.htm,1620595308,17:21:48,20210509
18,2016-09-30,MRTN,USD,2016-11-02,2016-11-02 16:03:38,Q3,170464000,142118000.0,28346000.0,0.16628730993054253,0.0,9778000.0,0.0,-342000.0,16802000.0,158920000.0,0.0,20790000.0,32334000.0,0.18968227895626055,11544000.0,0.06772104373944059,2983000.0,14527000.0,0.08522033977848695,6090000.0,8437000.0,0.0494943213816407,0.10374102659178722,0.10315755279815565,81327516,81787516,https://www.sec.gov/Archives/edgar/data/799167/000143774916040840/0001437749-16-040840-index.htm,https://www.sec.gov/Archives/edgar/data/799167/000143774916040840/mrtn20160823_10q.htm,1620595308,17:21:48,20210509
19,2016-06-30,MRTN,USD,2016-08-08,2016-08-08 07:53:31,Q2,166090000,137589000.0,28501000.0,0.17159973508338852,0.0,9193000.0,0.0,-237000.0,16428000.0,154017000.0,0.0,20368000.0,32441000.0,0.19532181347462219,12073000.0,0.07268950568968631,2466000.0,14539000.0,0.08753687759648383,6008000.0,8531000.0,0.05136371846589199,0.1051878587835672,0.10456897406792406,81102516,81582516,https://www.sec.gov/Archives/edgar/data/799167/000143774916036640/0001437749-16-036640-index.htm,https://www.sec.gov/Archives/edgar/data/799167/000143774916036640/mrtn20160630_10q.htm,1620595308,17:21:48,20210509
20,2016-03-31,MRTN,USD,2016-05-06,2016-05-06 07:34:02,Q1,161929000,133041000.0,28888000.0,0.1783991749470447,0.0,8975000.0,0.0,-215000.0,16197000.0,149238000.0,0.0,20047000.0,32738000.0,0.20217502732679138,12691000.0,0.07837385520814678,1219000.0,13910000.0,0.08590184587072112,5717000.0,8193000.0,0.050596248973315466,0.10097982848736975,0.10040746828616695,81135016,81597516,https://www.sec.gov/Archives/edgar/data/799167/000143774916031009/0001437749-16-031009-index.htm,https://www.sec.gov/Archives/edgar/data/799167/000143774916027411/mrtn20151231_10k.htm,1620595308,17:21:48,20210509
21,2015-12-31,MRTN,USD,2016-03-11,2016-03-11 07:35:19,Q4,168773000,137948000.0,30825000.0,0.18264177326942105,0.0,8818000.0,0.0,-225000.0,16721000.0,154669000.0,0.0,19854000.0,33958000.0,0.20120516907325223,14104000.0,0.08356786926818863,908000.0,15012000.0,0.08894787673383776,6222000.0,8790000.0,0.05208179033376192,0.10575070149168403,0.10516238939285481,83120016,83585016,https://www.sec.gov/Archives/edgar/data/799167/000143774916027411/0001437749-16-027411-index.htm,https://www.sec.gov/Archives/edgar/data/799167/000143774916027411/mrtn20151231_10k.htm,1620595308,17:21:48,20210509
22,2015-09-30,MRTN,USD,2015-11-06,2015-11-06 06:48:20,Q3,171346000,143123000.0,28223000.0,0.16471350367093485,0.0,8536000.0,0.0,-126000.0,15764000.0,158887000.0,0.0,19331000.0,31790000.0,0.1855310307798256,12459000.0,0.07271252319867402,1769000.0,14228000.0,0.08303666265918083,5818000.0,8410000.0,0.04908197448437664,0.1000535173296499,0.09939134207573748,84055016,84615016,https://www.sec.gov/Archives/edgar/data/799167/000143774915019928/0001437749-15-019928-index.htm,https://www.sec.gov/Archives/edgar/data/799167/000143774915019928/mrtn20150930_10q.htm,1620595308,17:21:48,20210509
23,2015-06-30,MRTN,USD,2015-08-07,2015-08-07 07:59:05,Q2,163588000,136581000.0,27007000.0,0.16509157150891263,0.0,8166000.0,0.0,-6000.0,14633000.0,151214000.0,0.0,18311000.0,30685000.0,0.18757488324326968,12374000.0,0.07564124507910115,1781000.0,14155000.0,0.08652835171283957,5798000.0,8357000.0,0.05108565420446488,0.09954140202891511,0.09874455345271786,83955016,84632516,https://www.sec.gov/Archives/edgar/data/799167/000143774915015133/0001437749-15-015133-index.htm,https://www.sec.gov/Archives/edgar/data/799167/000143774915015133/mrtn20150630_10q.htm,1620595308,17:21:48,20210509
24,2015-03-31,MRTN,USD,2015-05-04,2015-05-04 08:16:19,Q1,161287000,133057000.0,28230000.0,0.17502960560987557,0.0,9618000.0,0.0,-15000.0,15792000.0,148849000.0,0.0,17827000.0,30265000.0,0.18764686552542983,12438000.0,0.07711718861408545,4858000.0,17296000.0,0.10723740909062726,7108000.0,10188000.0,0.06316690123816551,0.12180044295765333,0.1207073021377704,83645016,84402516,https://www.sec.gov/Archives/edgar/data/799167/000143774915008703/0001437749-15-008703-index.htm,https://www.sec.gov/Archives/edgar/data/799167/000143774915004791/mrtn20141231_10k.htm,1620595308,17:21:48,20210509
25,2014-12-31,MRTN,USD,2015-03-12,2015-03-12 06:10:41,Q4,173547000,142262000.0,31285000.0,0.18026816942960697,0.0,9794000.0,0.0,-269000.0,15920000.0,158182000.0,0.0,17754000.0,33119000.0,0.19083591188554108,15365000.0,0.0885350942396008,758000.0,16123000.0,0.09290278714123551,7154000.0,8969000.0,0.051680524584118426,0.10737778913478045,0.10646643079843436,83527516,84242516,https://www.sec.gov/Archives/edgar/data/799167/000143774915004791/0001437749-15-004791-index.htm,https://www.sec.gov/Archives/edgar/data/799167/000143774915004791/mrtn20141231_10k.htm,1620595308,17:21:48,20210509
26,2014-09-30,MRTN,USD,2014-11-07,2014-11-07 06:05:37,Q3,171550000,146273000.0,25277000.0,0.1473447974351501,0.0,7712000.0,0.0,226000.0,13654000.0,159927000.0,0.0,17253000.0,28876000.0,0.16832410375983678,11623000.0,0.06775284173710289,1645000.0,13268000.0,0.0773418828329933,5616000.0,7652000.0,0.04460507140775284,0.0916324705431305,0.09084647449194358,83507516,84230016,https://www.sec.gov/Archives/edgar/data/799167/000143774914019878/0001437749-14-019878-index.htm,https://www.sec.gov/Archives/edgar/data/799167/000143774914019878/mrtn20140930_10q.htm,1620595308,17:21:48,20210509
27,2014-06-30,MRTN,USD,2014-08-08,2014-08-08 07:53:50,Q2,168423000,143116000.0,25307000.0,0.150258575135225,0.0,7974000.0,0.0,612000.0,13653000.0,156769000.0,0.0,16865000.0,28519000.0,0.1693296046264465,11654000.0,0.0691948249348367,1890000.0,13544000.0,0.08041657018340725,5618000.0,7926000.0,0.04706008086781496,0.09501032071485353,0.09408830121779654,83422516,84240016,https://www.sec.gov/Archives/edgar/data/799167/000143774914014661/0001437749-14-014661-index.htm,https://www.sec.gov/Archives/edgar/data/799167/000143774914014661/mrtn20140630_10q.htm,1620595308,17:21:48,20210509
28,2014-03-31,MRTN,USD,2014-05-09,2014-05-09 09:01:51,Q1,159409000,138494000.0,20915000.0,0.13120338249408753,0.0,7558000.0,0.0,98000.0,12938000.0,151432000.0,0.0,16371000.0,24348000.0,0.15273918034740824,7977000.0,0.05004108927350401,761000.0,8738000.0,0.05481497280580143,3451000.0,5287000.0,0.0331662578649888,0.06343130156087792,0.06288244766888688,83350016,84077516,https://www.sec.gov/Archives/edgar/data/799167/000143774914008487/0001437749-14-008487-index.htm,https://www.sec.gov/Archives/edgar/data/799167/000143774914003910/mrtn20131231_10k.htm,1620595308,17:21:48,20210509
29,2013-12-31,MRTN,USD,2014-03-12,2014-03-12 09:03:34,Q4,166224000,141401000.0,24823000.0,0.1493346327846761,0.0,7683000.0,0.0,94000.0,12988000.0,154389000.0,0.0,16321000.0,28156000.0,0.16938588892097411,11835000.0,0.07119910482240832,942000.0,12777000.0,0.07686615651169507,5476000.0,7301000.0,0.04392265858119165,0.08779195665508725,0.0871110944814018,83162516,83812516,https://www.sec.gov/Archives/edgar/data/799167/000143774914003910/0001437749-14-003910-index.htm,https://www.sec.gov/Archives/edgar/data/799167/000143774914003910/mrtn20131231_10k.htm,1620595308,17:21:48,20210509
30,2013-09-30,MRTN,USD,2013-11-08,2013-11-08 09:02:18,Q3,167103000,142537000.0,24566000.0,0.14701112487507706,0.0,7046000.0,0.0,130000.0,12385000.0,154922000.0,0.0,16248000.0,28429000.0,0.17012860331651736,12181000.0,0.07289516046988982,1602000.0,13783000.0,0.08248206196178405,5806000.0,7977000.0,0.0477370244699377,0.09603320849297134,0.09531887647376222,83065016,83687516,https://www.sec.gov/Archives/edgar/data/799167/000143774913014202/0001437749-13-014202-index.htm,https://www.sec.gov/Archives/edgar/data/799167/000143774913014202/mrtn20130930_10q.htm,1620595308,17:21:48,20210509
31,2013-06-30,MRTN,USD,2013-08-09,2013-08-09 09:02:33,Q2,161413000,137287000.0,24126000.0,0.14946751500808486,0.0,7070000.0,0.0,153000.0,12242000.0,149529000.0,0.0,16219000.0,28103000.0,0.1741061748434141,11884000.0,0.07362480097637737,1390000.0,13274000.0,0.0822362511074077,5607000.0,7667000.0,0.047499272053675975,0.09234566121613273,0.09188086200378942,83025016,83445016,https://www.sec.gov/Archives/edgar/data/799167/000143774913010345/0001437749-13-010345-index.htm,https://www.sec.gov/Archives/edgar/data/799167/000143774913010345/mrtn20130630_10q.htm,1620595308,17:21:48,20210509
32,2013-03-31,MRTN,USD,2013-05-10,2013-05-10 09:16:02,Q1,164474000,141853000.0,22621000.0,0.13753541593200141,0.0,7094000.0,0.0,15000.0,12498000.0,154351000.0,0.0,15688000.0,25811000.0,0.1569305786932889,10123000.0,0.06154772182837409,2430000.0,12553000.0,0.07632209346158056,5267000.0,7202000.0,0.043788075926894224,0.088,0.085333,82953766,83302516,https://www.sec.gov/Archives/edgar/data/799167/000143774913005695/0001437749-13-005695-index.htm,https://www.sec.gov/Archives/edgar/data/799167/000143774913002815/marten_10k-123112.htm,1620595308,17:21:48,20210509
33,2012-12-31,MRTN,USD,2013-03-14,2013-03-14 06:16:54,Q4,166412000,303399000.0,-136987000.0,-0.82317981876307,0.0,-113817000.0,0.0,8000.0,-144896000.0,158503000.0,0.0,15790000.0,23699000.0,0.14241160493233662,7909000.0,0.04752662067639353,1257000.0,13219000.0,0.07943537725644785,5470000.0,7719000.0,0.046384876090666535,0.09321195500138833,0.09290064555778817,82811266,83088766,https://www.sec.gov/Archives/edgar/data/799167/000143774913002815/0001437749-13-002815-index.htm,https://www.sec.gov/Archives/edgar/data/799167/000143774913002815/marten_10k-123112.htm,1620595308,17:21:48,20210509
34,2012-09-30,MRTN,USD,2012-11-09,2012-11-09 06:23:54,Q3,163606000,87723000.0,75883000.0,0.4638155079887046,0.0,48426000.0,0.0,0.0,66043000.0,153766000.0,0.0,15537000.0,25377000.0,0.15511044827206827,9840000.0,0.06014449347823429,0.0,9846000.0,0.06018116694986737,3267000.0,6518000.0,0.03983961468405804,0.08,0.077333,82766266,83055016,https://www.sec.gov/Archives/edgar/data/799167/000143774912011333/0001437749-12-011333-index.htm,https://www.sec.gov/Archives/edgar/data/799167/000143774912011333/marten_10q-093012.htm,1620595308,17:21:48,20210509
35,2012-06-30,MRTN,USD,2012-08-08,2012-08-08 06:31:04,Q2,156964000,80707000.0,76257000.0,0.485824775107668,0.0,45744000.0,0.0,0.0,62974000.0,143681000.0,0.0,15042000.0,28325000.0,0.1804553910450804,13283000.0,0.08462449988532403,0.0,13296000.0,0.08470732142402079,5467000.0,7584000.0,0.048316811498177924,0.09165229805810726,0.09123881668836877,82747516,83122516,https://www.sec.gov/Archives/edgar/data/799167/000143774912007883/0001437749-12-007883-index.htm,https://www.sec.gov/Archives/edgar/data/799167/000143774912007883/marten_10q-063012.htm,1620595308,17:21:48,20210509
36,2012-03-31,MRTN,USD,2012-05-07,2012-05-07 09:07:04,Q1,151474000,80101000.0,71373000.0,0.4711897751429288,0.0,48844000.0,0.0,0.0,61854000.0,141955000.0,0.0,14535000.0,24054000.0,0.15879952995233507,9519000.0,0.06284246801431269,161000.0,9379000.0,0.061918216987733865,3933000.0,5446000.0,0.03595336493391605,0.06591323857109103,0.06559172516185535,82623766,83028766,https://www.sec.gov/Archives/edgar/data/799167/000143774912004565/0001437749-12-004565-index.htm,https://www.sec.gov/Archives/edgar/data/799167/000143774912002256/marten_10k-123111.htm,1620595308,17:21:48,20210509
37,2011-12-31,MRTN,USD,2012-03-14,2012-03-14 09:12:42,Q4,158340000,42050000.0,116290000.0,0.7344322344322345,0.0,45408000.0,0.0,0.0,107139000.0,149189000.0,0.0,15173000.0,24324000.0,0.15361879499810535,9151000.0,0.057793356069218135,0.0,12969000.0,0.08190602500947329,5207000.0,7663000.0,0.048395857016546674,0.09274571192990647,0.09274571192990647,82623766,82623766,https://www.sec.gov/Archives/edgar/data/799167/000143774912002256/0001437749-12-002256-index.htm,https://www.sec.gov/Archives/edgar/data/799167/000143774912002256/marten_10k-123111.htm,1620595308,17:21:48,20210509
38,2011-09-30,MRTN,USD,2011-11-09,2011-11-09 08:43:48,Q3,156348000,84618000.0,71730000.0,0.4587842505180751,0.0,43560000.0,0.0,0.0,60619000.0,145237000.0,0.0,14758000.0,25869000.0,0.16545782485225266,11111000.0,0.07106582751298386,0.0,11129000.0,0.0711809553048328,4478000.0,6333000.0,0.040505794765523066,0.07681599600872187,0.07650628221315556,82443766,82777516,https://www.sec.gov/Archives/edgar/data/799167/000143774911008253/0001437749-11-008253-index.htm,https://www.sec.gov/Archives/edgar/data/799167/000143774911008253/marten_10q-093011.htm,1620595308,17:21:48,20210509
39,2011-06-30,MRTN,USD,2011-08-09,2011-08-09 08:37:18,Q2,151135000,81196000.0,69939000.0,0.4627584609785953,0.0,45463000.0,0.0,0.0,58580000.0,139776000.0,0.0,14084000.0,25443000.0,0.1683461805670427,11359000.0,0.07515797135011744,0.0,11113000.0,0.07353028749131571,4919000.0,6194000.0,0.040983226916333076,0.075167607746346,0.07481352541575134,82402516,82792516,https://www.sec.gov/Archives/edgar/data/799167/000143774911005621/0001437749-11-005621-index.htm,https://www.sec.gov/Archives/edgar/data/799167/000143774911005621/marten_10q-063011.htm,1620595308,17:21:48,20210509
40,2011-03-31,MRTN,USD,2011-05-06,2011-05-06 16:06:01,Q1,137856000,74436000.0,63420000.0,0.46004526462395545,0.0,43063000.0,0.0,0.0,55811000.0,130247000.0,0.0,13516000.0,21125000.0,0.15323961234911793,7609000.0,0.05519527623026926,0.0,7590000.0,0.055057451253481896,3358000.0,4095000.0,0.029704909470752088,0.04971771024727294,0.04947667930313541,82365016,82766266,https://www.sec.gov/Archives/edgar/data/799167/000143774911002890/0001437749-11-002890-index.htm,https://www.sec.gov/Archives/edgar/data/799167/000143774911001540/marten_10k-123110.htm,1620595308,17:21:48,20210509
41,2010-12-31,MRTN,USD,2011-03-15,2011-03-15 07:25:57,Q4,136572000,61324000.0,75248000.0,0.5509767741557566,0.0,42801000.0,0.0,0.0,57524000.0,118848000.0,0.0,13383000.0,31107000.0,0.22776996748967576,17724000.0,0.12977769967489675,0.0,8800000.0,0.0644348768415195,3590000.0,5210000.0,0.03814837594821779,0.063255011083832,0.063255011083832,82365016,82365016,https://www.sec.gov/Archives/edgar/data/799167/000143774911001540/0001437749-11-001540-index.htm,https://www.sec.gov/Archives/edgar/data/799167/000143774911001540/marten_10k-123110.htm,1620595308,17:21:48,20210509
42,2010-09-30,MRTN,USD,2010-11-09,2010-11-09 07:19:20,Q3,128674000,54283000.0,74391000.0,0.5781354430576495,0.0,41374000.0,0.0,0.0,55579000.0,109862000.0,0.0,12884000.0,31696000.0,0.24632792949624632,18812000.0,0.14619892130500334,0.0,9634000.0,0.0748713803876463,4152000.0,5482000.0,0.042603789421328316,0.06664841717425397,0.06632486655236011,82252516,82653766,https://www.sec.gov/Archives/edgar/data/799167/000143774910003774/0001437749-10-003774-index.htm,https://www.sec.gov/Archives/edgar/data/799167/000143774910003774/marten_10q-093010.htm,1620595308,17:21:48,20210509
43,2010-06-30,MRTN,USD,2010-08-09,2010-08-09 08:03:29,Q2,125862000,56087000.0,69775000.0,0.5543770160969951,0.0,37022000.0,0.0,0.0,58231000.0,114318000.0,26000.0,12612000.0,24156000.0,0.19192448872574724,11544000.0,0.09171950231205606,-2351000.0,9167000.0,0.07283373853903481,4008000.0,5158000.0,0.04098139231857113,0.064,0.061333,82233766,82623766,https://www.sec.gov/Archives/edgar/data/799167/000110465910042934/0001104659-10-042934-index.htm,https://www.sec.gov/Archives/edgar/data/799167/000110465910042934/a10-12643_110q.htm,1620595308,17:21:48,20210509
44,2010-03-31,MRTN,USD,2010-05-10,2010-05-10 08:06:08,Q1,125812000,56658000.0,69154000.0,0.5496613995485328,0.0,40073000.0,0.0,0.0,54416000.0,111074000.0,0.0,13037000.0,27775000.0,0.22076590468317808,14738000.0,0.1171430388198264,0.0,7140000.0,0.0567513432740915,3192000.0,3892000.0,0.030935045941563603,0.04739765558919804,0.0471821823592318,82113766,82488766,https://www.sec.gov/Archives/edgar/data/799167/000110465910027046/0001104659-10-027046-index.htm,https://www.sec.gov/Archives/edgar/data/799167/000110465910014083/a09-35911_110k.htm,1620595308,17:21:48,20210509
45,2009-12-31,MRTN,USD,2010-03-15,2010-03-15 07:36:18,Q4,128720000,56415000.0,72305000.0,0.5617231199502797,0.0,40908000.0,0.0,0.0,55554000.0,111969000.0,36000.0,12978000.0,29729000.0,0.2309586699813549,16751000.0,0.13013517712865133,0.0,8410000.0,0.06533561218147918,3561000.0,4265000.0,0.033133934120571785,0.05194013388692951,0.05194013388692951,82113766,82113766,https://www.sec.gov/Archives/edgar/data/799167/000110465910014083/0001104659-10-014083-index.htm,https://www.sec.gov/Archives/edgar/data/799167/000110465910014083/a09-35911_110k.htm,1620595308,17:21:48,20210509
46,2009-09-30,MRTN,USD,2009-11-09,2009-11-09 06:28:48,Q3,129395000,54690000.0,74705000.0,0.5773407009544418,0.0,43190000.0,0.0,0.0,57457000.0,112147000.0,35000.0,13272000.0,30520000.0,0.23586691912361374,17248000.0,0.13329726805517988,0.0,6459000.0,0.04991692105568221,2987000.0,3472000.0,0.026832566946172573,0.04230598520270184,0.04210780821387507,82068766,82455016,https://www.sec.gov/Archives/edgar/data/799167/000110465909063473/0001104659-09-063473-index.htm,https://www.sec.gov/Archives/edgar/data/799167/000110465909063473/a09-30820_110q.htm,1620595308,17:21:48,20210509
47,2009-06-30,MRTN,USD,2009-08-10,2009-08-10 08:01:10,Q2,125804000,50407000.0,75397000.0,0.5993211662586245,0.0,43978000.0,0.0,0.0,58538000.0,108945000.0,34000.0,13386000.0,30245000.0,0.24041365934310516,16859000.0,0.1340100473752822,0.0,7499000.0,0.059608597500874376,2877000.0,4477000.0,0.03558710374868843,0.053333,0.053333,83943767,83943767,https://www.sec.gov/Archives/edgar/data/799167/000110465909048401/0001104659-09-048401-index.htm,https://www.sec.gov/Archives/edgar/data/799167/000110465909048401/a09-18454_110q.htm,1620595308,17:21:48,20210509
48,2009-03-31,MRTN,USD,2009-05-11,2009-05-11 09:36:13,Q1,121955000,43394000.0,78561000.0,0.6441802304128572,0.0,45630000.0,0.0,0.0,60268000.0,103662000.0,64000.0,13433000.0,31726000.0,0.2601451355007995,18293000.0,0.14999795006354802,0.0,7220000.0,0.05920216473289328,3051000.0,4053000.0,0.03323356975933746,0.050667,0.048,81896266,82350016,https://www.sec.gov/Archives/edgar/data/799167/000110465909031279/0001104659-09-031279-index.htm,https://www.sec.gov/Archives/edgar/data/799167/000110465909017144/a09-1457_110k.htm,1620595308,17:21:48,20210509
49,2008-12-31,MRTN,USD,2009-03-13,2009-03-12 17:38:38,Q4,140354000,50962000.0,89392000.0,0.6369038288898072,0.0,49840000.0,0.0,0.0,64283000.0,115245000.0,110000.0,13001000.0,38110000.0,0.2715277085084857,25109000.0,0.17889764452740928,0.0,9991000.0,0.07118429114952192,4169000.0,5822000.0,0.0414808270515981,0.07108993223207515,0.07108993223207515,81896266,81896266,https://www.sec.gov/Archives/edgar/data/799167/000110465909017144/0001104659-09-017144-index.htm,https://www.sec.gov/Archives/edgar/data/799167/000110465909017144/a09-1457_110k.htm,1620595308,17:21:48,20210509
50,2008-09-30,MRTN,USD,2008-11-10,2008-11-10 12:14:20,Q3,163377000,78388000.0,84989000.0,0.5202017419832657,0.0,49390000.0,0.0,0.0,62921000.0,141309000.0,196000.0,12396000.0,34464000.0,0.21094768541471565,22068000.0,0.13507409243651186,-317000.0,10053000.0,0.061532529058557814,3926000.0,6127000.0,0.037502218794567166,0.074667,0.074667,82058052,82058052,https://www.sec.gov/Archives/edgar/data/799167/000110465908069543/0001104659-08-069543-index.htm,https://www.sec.gov/Archives/edgar/data/799167/000110465908069543/a08-25319_110q.htm,1620595308,17:21:48,20210509
51,2008-06-30,MRTN,USD,2008-08-11,2008-08-11 10:32:10,Q2,159994000,79142000.0,80852000.0,0.50534395039814,0.0,47937000.0,0.0,0.0,61118000.0,140260000.0,302000.0,12346000.0,32080000.0,0.2005075190319637,19734000.0,0.12334212532969986,0.0,5938000.0,0.03711389177094141,2469000.0,3469000.0,0.0216820630773654,0.04250443325282201,0.042205789149951316,81615016,82192516,https://www.sec.gov/Archives/edgar/data/799167/000110465908051675/0001104659-08-051675-index.htm,https://www.sec.gov/Archives/edgar/data/799167/000110465908051675/a08-18615_110q.htm,1620595308,17:21:48,20210509
52,2008-03-31,MRTN,USD,2008-05-12,2008-05-12 16:06:24,Q1,143374000,93199000.0,50175000.0,0.34995884888473505,0.0,74018000.0,0.0,0.0,137892000.0,231091000.0,0.0,11962000.0,-75755000.0,-0.5283733452369328,-87717000.0,-0.6118054877453374,0.0,4645000.0,0.03239778481454099,1992000.0,2653000.0,0.018504052338638804,0.032,0.032,82906267,82906267,https://www.sec.gov/Archives/edgar/data/799167/000110465908032398/0001104659-08-032398-index.htm,https://www.sec.gov/Archives/edgar/data/799167/000110465908017602/a08-2696_110k.htm,1620595308,17:21:48,20210509
53,2007-12-31,MRTN,USD,2008-03-14,2008-03-14 12:57:29,Q4,144811000,92838000.0,51973000.0,0.3589022933340699,0.0,-111917000.0,0.0,0.0,139137000.0,231975000.0,0.0,11692000.0,-75472000.0,-0.5211758775231163,-87164000.0,-0.6019156003342288,0.0,4805000.0,0.033181180987632154,1840000.0,2965000.0,0.020474963918486855,0.0357632795117889,0.0357632795117889,82906267,82906267,https://www.sec.gov/Archives/edgar/data/799167/000110465908017602/0001104659-08-017602-index.htm,https://www.sec.gov/Archives/edgar/data/799167/000110465908017602/a08-2696_110k.htm,1620595308,17:21:48,20210509
54,2007-09-30,MRTN,USD,2007-11-09,2007-11-09 10:00:28,Q3,144969000,92305000.0,52664000.0,0.3632776662596831,0.0,38808000.0,0.0,0.0,139273000.0,231578000.0,0.0,11867000.0,-74742000.0,-0.5155722947664673,-86609000.0,-0.5974311749408494,0.0,4638000.0,0.03199304678931358,1573000.0,3065000.0,0.021142451144727493,0.037333,0.037333,82098231,82098231,https://www.sec.gov/Archives/edgar/data/799167/000110465907081525/0001104659-07-081525-index.htm,https://www.sec.gov/Archives/edgar/data/799167/000110465907081525/a07-25443_110q.htm,1620595308,17:21:48,20210509
55,2007-06-30,MRTN,USD,2007-08-09,2007-08-09 06:57:52,Q2,138821000,84436000.0,54385000.0,0.3917634939958652,0.0,970000.0,0.0,0.0,130780000.0,215216000.0,0.0,11727000.0,-64668000.0,-0.46583730127286216,-76395000.0,-0.550312992990974,0.0,7046000.0,0.05075600953746191,2702000.0,4344000.0,0.0312920955763177,0.053333,0.053333,81450016,81450016,https://www.sec.gov/Archives/edgar/data/799167/000110465907060469/0001104659-07-060469-index.htm,https://www.sec.gov/Archives/edgar/data/799167/000110465907060469/a07-18743_110q.htm,1620595308,17:21:48,20210509
56,2007-03-31,MRTN,USD,2007-05-10,2007-05-10 14:26:19,Q1,131416000,76901000.0,54515000.0,0.4148277226517319,0.0,940000.0,0.0,0.0,123026000.0,199927000.0,0.0,11723000.0,-56788000.0,-0.4321239422901321,-68511000.0,-0.5213292140987399,0.0,7380000.0,0.05615754550435259,2786000.0,4594000.0,0.03495769160528398,0.056,0.056,82035731,82035731,https://www.sec.gov/Archives/edgar/data/799167/000110465907038157/0001104659-07-038157-index.htm,https://www.sec.gov/Archives/edgar/data/799167/000110465907019535/a07-5749_110k.htm,1620595308,17:21:48,20210509
57,2006-12-31,MRTN,USD,2007-03-15,2007-03-15 15:41:57,Q4,131661000,82120000.0,49541000.0,0.37627695369167785,0.0,44499000.0,0.0,0.0,123006000.0,205126000.0,0.0,11537000.0,-61928000.0,-0.47035948382588616,-73465000.0,-0.5579860399055149,0.0,7862000.0,0.05971396237306416,2673000.0,5189000.0,0.039411822787309835,0.06325292572818056,0.06325292572818056,82035731,82035731,https://www.sec.gov/Archives/edgar/data/799167/000110465907019535/0001104659-07-019535-index.htm,https://www.sec.gov/Archives/edgar/data/799167/000110465907019535/a07-5749_110k.htm,1620595308,17:21:48,20210509
58,2006-09-30,MRTN,USD,2006-11-09,2006-11-09 10:30:47,Q3,135812000,80393000.0,55419000.0,0.40805672547344857,0.0,40846000.0,0.0,0.0,124099000.0,204492000.0,0.0,11257000.0,-57423000.0,-0.4228124171649044,-68680000.0,-0.5056990545754425,0.0,10784000.0,0.07940388183665656,4048000.0,6736000.0,0.049597973669484284,0.082667,0.082667,81483887,81483887,https://www.sec.gov/Archives/edgar/data/799167/000110465906073246/0001104659-06-073246-index.htm,https://www.sec.gov/Archives/edgar/data/799167/000110465906073246/a06-21528_110q.htm,1620595308,17:21:48,20210509
59,2006-06-30,MRTN,USD,2006-08-09,2006-08-09 07:00:10,Q2,131862000,74523000.0,57339000.0,0.4348409701051099,0.0,857000.0,0.0,0.0,120050000.0,194573000.0,0.0,10892000.0,-51819000.0,-0.3929790235245939,-62711000.0,-0.47558053116136567,-242000.0,10960000.0,0.0831171982830535,3420000.0,7540000.0,0.057180992249472935,0.093333,0.090667,80785730,83161781,https://www.sec.gov/Archives/edgar/data/799167/000110465906052721/0001104659-06-052721-index.htm,https://www.sec.gov/Archives/edgar/data/799167/000110465906052721/a06-15174_110q.htm,1620595308,17:21:48,20210509
60,2006-03-31,MRTN,USD,2006-05-04,2006-05-04 09:31:51,Q1,119555000,70121000.0,49434000.0,0.4134833340303626,0.0,881000.0,0.0,0.0,110566000.0,180687000.0,0.0,10674000.0,-50458000.0,-0.4220484295930743,-61132000.0,-0.5113295136129815,0.0,8337000.0,0.06973359541633557,3284000.0,5053000.0,0.04226506628748275,0.061333,0.061333,82385886,82385886,https://www.sec.gov/Archives/edgar/data/799167/000110465906030966/0001104659-06-030966-index.htm,https://www.sec.gov/Archives/edgar/data/799167/000110465906015641/a06-2363_110k.htm,1620595308,17:21:48,20210509
61,2005-12-31,MRTN,USD,2006-03-10,2006-03-10 11:41:36,Q4,125415000,73647000.0,51768000.0,0.4127735916756369,0.0,39578000.0,0.0,0.0,112835000.0,186482000.0,0.0,10447000.0,-50620000.0,-0.40361998166088586,-61067000.0,-0.48691942750069767,0.0,11674000.0,0.09308296455766854,4565000.0,7109000.0,0.056683809751624605,0.08628905198640456,0.08628905198640456,82385886,82385886,https://www.sec.gov/Archives/edgar/data/799167/000110465906015641/0001104659-06-015641-index.htm,https://www.sec.gov/Archives/edgar/data/799167/000110465906015641/a06-2363_110k.htm,1620595308,17:21:48,20210509
62,2005-09-30,MRTN,USD,2005-11-09,2005-11-09 13:16:31,Q3,119081000,70514000.0,48567000.0,0.40784843929762093,0.0,36423000.0,0.0,0.0,108309000.0,178823000.0,0.0,9447000.0,-50295000.0,-0.42235957037646643,-59742000.0,-0.5016921255280019,0.0,10653000.0,0.08946011538364643,4279000.0,6374000.0,0.05352659114384327,0.078222,0.078222,81485812,81485812,https://www.sec.gov/Archives/edgar/data/799167/000110465905053918/0001104659-05-053918-index.htm,https://www.sec.gov/Archives/edgar/data/799167/000110465905053918/a05-17926_110q.htm,1620595308,17:21:48,20210509
63,2005-06-30,MRTN,USD,2005-08-08,2005-08-08 10:40:48,Q2,112800000,61509000.0,51291000.0,0.45470744680851066,0.0,826000.0,0.0,0.0,101553000.0,163062000.0,0.0,9267000.0,-40995000.0,-0.3634308510638298,-50262000.0,-0.4455851063829787,0.0,11123000.0,0.0986081560283688,4360000.0,6763000.0,0.05995567375886525,0.083556,0.081778,80940176,82699745,https://www.sec.gov/Archives/edgar/data/799167/000110465905037086/0001104659-05-037086-index.htm,https://www.sec.gov/Archives/edgar/data/799167/000110465905037086/a05-12537_110q.htm,1620595308,17:21:48,20210509
64,2005-03-31,MRTN,USD,2005-05-02,2005-05-02 10:37:29,Q1,102906000,59239000.0,43667000.0,0.42433871688725633,0.0,29150000.0,0.0,0.0,94638000.0,153877000.0,0.0,9068000.0,-41903000.0,-0.40719685926962473,-50971000.0,-0.49531611373486484,0.0,8037000.0,0.07810040230890328,3222000.0,4815000.0,0.04679027461955571,0.060444,0.058667,79659942,82073880,https://www.sec.gov/Archives/edgar/data/799167/000110465905019540/0001104659-05-019540-index.htm,https://www.sec.gov/Archives/edgar/data/799167/000110465905010810/a05-1860_110k.htm,1620595308,17:21:48,20210509
65,2004-12-31,MRTN,USD,2005-03-14,2005-03-14 13:50:24,Q4,105719000,61702000.0,44017000.0,0.4163584596903111,0.0,47687000.0,0.0,0.0,94746000.0,156448000.0,0.0,8577000.0,-42152000.0,-0.39871735449635354,-50729000.0,-0.4798475203132833,0.0,10825000.0,0.10239408242605397,5619000.0,5206000.0,0.049243749940881015,0.06535279676703756,0.06535279676703756,79659942,79659942,https://www.sec.gov/Archives/edgar/data/799167/000110465905010810/0001104659-05-010810-index.htm,https://www.sec.gov/Archives/edgar/data/799167/000110465905010810/a05-1860_110k.htm,1620595308,17:21:48,20210509
66,2004-09-30,MRTN,USD,2004-11-15,2004-11-15 14:45:43,Q3,97892000,57710000.0,40182000.0,0.41047276590528337,0.0,27527000.0,0.0,0.0,90042000.0,147752000.0,0.0,8256000.0,-41604000.0,-0.42499897846606466,-49860000.0,-0.509336820169166,0.0,7717000.0,0.07883177379152535,2933000.0,4784000.0,0.04887018346749479,0.060444,0.058667,79147075,81545471,https://www.sec.gov/Archives/edgar/data/799167/000110465904036030/0001104659-04-036030-index.htm,https://www.sec.gov/Archives/edgar/data/799167/000110465904036030/a04-13391_110q.htm,1620595308,17:21:48,20210509
67,2004-06-30,MRTN,USD,2004-08-09,2004-08-09 09:51:50,Q2,91907000,53687000.0,38220000.0,0.41585515793138716,0.0,29426000.0,0.0,0.0,84025000.0,137712000.0,0.0,8061000.0,-37744000.0,-0.4106760094443296,-45805000.0,-0.4983842362388066,0.0,7764000.0,0.08447669927209027,2950000.0,4814000.0,0.05237903532919146,0.060444,0.058667,79643398,82056835,https://www.sec.gov/Archives/edgar/data/799167/000110465904023183/0001104659-04-023183-index.htm,https://www.sec.gov/Archives/edgar/data/799167/000110465904023183/a04-9025_110q.htm,1620595308,17:21:48,20210509
68,2004-03-31,MRTN,USD,2004-05-03,2004-05-03 13:37:07,Q1,84530000,50113000.0,34417000.0,0.4071572222879451,0.0,29732000.0,0.0,0.0,79941000.0,130054000.0,0.0,7863000.0,-37661000.0,-0.4455341298947119,-45524000.0,-0.53855435939903,0.0,4407000.0,0.052135336566899323,1675000.0,2732000.0,0.03231988643085295,0.035556,0.033778,76837515,80881595,https://www.sec.gov/Archives/edgar/data/799167/000110465904012220/0001104659-04-012220-index.htm,https://www.sec.gov/Archives/edgar/data/799167/000110465904007404/a04-3354_110k.htm,1620595308,17:21:48,20210509
69,2003-12-31,MRTN,USD,2004-03-15,2004-03-15 13:46:15,Q4,85237000,48761000.0,36476000.0,0.4279362248788672,0.0,29846000.0,0.0,0.0,79491000.0,128252000.0,0.0,7706000.0,-35309000.0,-0.41424498750542604,-43015000.0,-0.5046517357485599,0.0,5600000.0,0.06569916820160258,2128000.0,3472000.0,0.040733484284993605,0.04518626090393475,0.04518626090393475,76837515,76837515,https://www.sec.gov/Archives/edgar/data/799167/000110465904007404/0001104659-04-007404-index.htm,https://www.sec.gov/Archives/edgar/data/799167/000110465904007404/a04-3354_110k.htm,1620595308,17:21:48,20210509
70,2003-09-30,MRTN,USD,2003-11-13,2003-11-13 10:27:19,Q3,85903000,48701000.0,37202000.0,0.43306985786293845,0.0,30007000.0,0.0,0.0,80012000.0,128713000.0,0.0,7616000.0,-35194000.0,-0.40969465559992085,-42810000.0,-0.4983527932668242,0.0,5542000.0,0.06451462696296986,2106000.0,3436000.0,0.039998603075561974,0.053333,0.050963,64425013,67421525,https://www.sec.gov/Archives/edgar/data/799167/000110465903026061/0001104659-03-026061-index.htm,https://www.sec.gov/Archives/edgar/data/799167/000110465903026061/a03-5253_110q.htm,1620595308,17:21:48,20210509
71,2003-06-30,MRTN,USD,2003-07-25,2003-07-25 17:07:48,Q2,84206000,47870000.0,36336000.0,0.4315131938341686,0.0,29001000.0,0.0,0.0,78163000.0,126033000.0,0.0,7435000.0,-34392000.0,-0.408426952948721,-41827000.0,-0.4967223238249056,0.0,5705000.0,0.06775051659026672,2168000.0,3537000.0,0.04200413272213382,0.043457,0.041877,53578136,55252452,https://www.sec.gov/Archives/edgar/data/799167/000095013703003961/0000950137-03-003961-index.htm,https://www.sec.gov/Archives/edgar/data/799167/000095013703003961/c78500e10vq.htm,1620595308,17:21:48,20210509
72,2003-03-31,MRTN,USD,2003-05-06,2003-05-06 12:31:39,Q1,79321000,48079000.0,31242000.0,0.393867954261797,0.0,27375000.0,0.0,0.0,76665000.0,124744000.0,0.0,7289000.0,-38134000.0,-0.480755411555578,-45423000.0,-0.5726478486151209,0.0,2253000.0,0.02840357534574703,856000.0,1397000.0,0.0176119816946332,0.026074,0.025284,53578136,55252452,https://www.sec.gov/Archives/edgar/data/799167/000110465903008220/0001104659-03-008220-index.htm,https://www.sec.gov/Archives/edgar/data/799167/000110465903005212/j8854_10k.htm,1620595308,17:21:48,20210509
73,2002-12-31,MRTN,USD,2003-03-28,2003-03-28 11:07:56,Q4,76331000,47508000.0,28823000.0,0.37760542898691224,0.0,27366000.0,0.0,0.0,74955000.0,122463000.0,0.0,7060000.0,-39072000.0,-0.5118759088705769,-46132000.0,-0.6043678191036407,0.0,934000.0,0.0122361818920229,355000.0,579000.0,0.007585384706082719,0.01080664695016639,0.01080664695016639,53578136,53578136,https://www.sec.gov/Archives/edgar/data/799167/000110465903005212/0001104659-03-005212-index.htm,https://www.sec.gov/Archives/edgar/data/799167/000110465903005212/j8854_10k.htm,1620595308,17:21:48,20210509
74,2002-09-30,MRTN,USD,2002-11-13,2002-11-13 09:51:35,Q3,74736000,44648000.0,30088000.0,0.4025904517233997,0.0,25988000.0,0.0,0.0,71256000.0,115904000.0,0.0,6988000.0,-34180000.0,-0.45734318133162066,-41168000.0,-0.5508456433311925,0.0,3007000.0,0.04023496039391993,1143000.0,1864000.0,0.02494112609719546,0.034765,0.033975,53616488,54863383,https://www.sec.gov/Archives/edgar/data/799167/000110465902005773/0001104659-02-005773-index.htm,https://www.sec.gov/Archives/edgar/data/799167/000110465902005773/j5241_10q.htm,1620595308,17:21:48,20210509
75,2002-06-30,MRTN,USD,2002-08-13,2002-08-13 11:39:00,Q2,74031000,41978000.0,32053000.0,0.432967270467777,0.0,25565000.0,0.0,0.0,68862000.0,110840000.0,0.0,6796000.0,-30013000.0,-0.4054112466399211,-36809000.0,-0.49721062798017046,0.0,4582000.0,0.06189299077413516,1741000.0,2841000.0,0.03837581553673461,0.052938,0.051358,53666289,55317559,https://www.sec.gov/Archives/edgar/data/799167/000110465902003683/0001104659-02-003683-index.htm,https://www.sec.gov/Archives/edgar/data/799167/000110465902003683/j4620_10q.htm,1620595308,17:21:48,20210509
76,2002-03-31,MRTN,USD,2002-05-06,2002-05-06 09:36:11,Q1,67998000,39162000.0,28836000.0,0.42407129621459455,0.0,25892000.0,0.0,0.0,66162000.0,105324000.0,0.0,6862000.0,-30464000.0,-0.4480131768581429,-37326000.0,-0.5489279096444013,0.0,1111000.0,0.016338715844583664,422000.0,689000.0,0.010132650960322363,0.012642,0.012642,54500987,54500987,https://www.sec.gov/Archives/edgar/data/799167/000110465902001660/0001104659-02-001660-index.htm,https://www.sec.gov/Archives/edgar/data/799167/000091205702012536/a2074523z10-k.htm,1620595308,17:21:48,20210509
77,2001-12-31,MRTN,USD,2002-03-29,2002-03-29 00:00:00,Q4,70387000,40671000.0,29716000.0,0.42218023214514044,0.0,25546000.0,0.0,0.0,67387000.0,108058000.0,0.0,6895000.0,-30776000.0,-0.43723983121883303,-37671000.0,-0.5351982610425221,0.0,2132000.0,0.03028968417463452,810000.0,1322000.0,0.018781877335303395,0.024256441447564978,0.024256441447564978,54500987,54500987,https://www.sec.gov/Archives/edgar/data/799167/000091205702012536/0000912057-02-012536-index.htm,https://www.sec.gov/Archives/edgar/data/799167/000091205702012536/a2074523z10-k.htm,1620595308,17:21:48,20210509
78,2001-09-30,MRTN,USD,2001-11-07,2001-11-07 00:00:00,Q3,70757000,40483000.0,30274000.0,0.42785872775838435,0.0,24165000.0,0.0,0.0,67084000.0,107567000.0,0.0,6806000.0,-30004000.0,-0.4240428508840115,-36810000.0,-0.5202312138728323,0.0,2617000.0,0.036985739926791696,995000.0,1622000.0,0.022923527000862105,0.030815,0.030025,52637030,54022215,https://www.sec.gov/Archives/edgar/data/799167/000110465901502468/0001104659-01-502468-index.htm,https://www.sec.gov/Archives/edgar/data/799167/000110465901502468/j1930_10q.htm,1620595308,17:21:48,20210509
79,2001-06-30,MRTN,USD,2001-08-10,2001-08-10 00:00:00,Q2,71653000,40768000.0,30885000.0,0.4310356858749808,0.0,23775000.0,0.0,0.0,67336000.0,108104000.0,0.0,6693000.0,-29758000.0,-0.41530710507585167,-36451000.0,-0.508715615535986,0.0,3099000.0,0.043250108160160776,1177000.0,1922000.0,0.02682371987216167,0.036346,0.036346,52881125,52881125,https://www.sec.gov/Archives/edgar/data/799167/000110465901501326/0001104659-01-501326-index.htm,https://www.sec.gov/Archives/edgar/data/799167/000110465901501326/j1426_10q.htm,1620595308,17:21:48,20210509
80,2001-03-31,MRTN,USD,2001-05-07,2001-05-07 00:00:00,Q1,69967000,38828000.0,31139000.0,0.44505266768619495,0.0,23071000.0,0.0,0.0,65850000.0,104678000.0,0.0,6595000.0,-28116000.0,-0.40184658481855734,-34711000.0,-0.49610530678748554,0.0,2658000.0,0.03798933783069161,1010000.0,1648000.0,0.02355396115311504,0.030815,0.030815,53480780,53480780,https://www.sec.gov/Archives/edgar/data/799167/000110465901500361/0001104659-01-500361-index.htm,https://www.sec.gov/Archives/edgar/data/799167/000091205701505159/a2041024z10-k405.htm,1620595308,17:21:48,20210509
81,2000-12-31,MRTN,USD,2001-03-28,2001-03-28 00:00:00,Q4,70426000,38999000.0,31427000.0,0.4462414449209099,0.0,22382000.0,0.0,0.0,65291000.0,104290000.0,0.0,6553000.0,-27311000.0,-0.38779712038167724,-33864000.0,-0.480845142418993,0.0,3432000.0,0.048732002385482635,1304000.0,2128000.0,0.03021611336722233,0.039789995583460074,0.039789995583460074,53480780,53480780,https://www.sec.gov/Archives/edgar/data/799167/000091205701505159/0000912057-01-505159-index.htm,https://www.sec.gov/Archives/edgar/data/799167/000091205701505159/a2041024z10-k405.htm,1620595308,17:21:48,20210509
82,2000-09-30,MRTN,USD,2000-11-13,2000-11-13 00:00:00,Q3,65267000,35958000.0,29309000.0,0.44906307935097367,0.0,20367000.0,0.0,0.0,60968000.0,96926000.0,0.0,6497000.0,-25162000.0,-0.38552407801798766,-31659000.0,-0.4850690241622872,0.0,2752000.0,0.04216525962584461,1046000.0,1706000.0,0.02613878376514931,0.032395,0.032395,52662358,52662358,https://www.sec.gov/Archives/edgar/data/799167/000091205700048678/0000912057-00-048678-index.htm,https://www.sec.gov/Archives/edgar/data/799167/000091205700048678/a2029478z10-q.htm,1620595308,17:21:48,20210509
83,2000-06-30,MRTN,USD,2000-08-10 00:00:00,2000-08-10 00:00:00,Q2,64811000,35268000.0,29543000.0,0.45583311474903954,0.0,19792000.0,0.0,0.0,59381000.0,94649000.0,0.0,6039000.0,-23799000.0,-0.3672061841354091,-29838000.0,-0.46038481122031755,0.0,3984000.0,0.061471046581598805,1514000.0,2470000.0,0.038110814522226165,0.045827,0.045827,53898179,53898179,https://www.sec.gov/Archives/edgar/data/799167/000091205700035887/0000912057-00-035887-index.html,https://www.sec.gov/Archives/edgar/data/799167/000091205700035887/a10-q.htm,1620595308,17:21:48,20210509
84,2000-03-31,MRTN,USD,2000-05-08 00:00:00,2000-05-08 00:00:00,Q1,60293000,33323000.0,26970000.0,0.44731560877713833,0.0,18418000.0,0.0,0.0,56466000.0,89789000.0,0.0,6065000.0,-23431000.0,-0.3886189109846914,-29496000.0,-0.48921101952133744,0.0,2619000.0,0.043437878360672054,995000.0,1624000.0,0.026935133431741663,0.030025,0.030025,54088827,54088827,https://www.sec.gov/Archives/edgar/data/799167/000091205700022162/0000912057-00-022162-index.html,https://www.sec.gov/Archives/edgar/data/799167/000091205700022162/0000912057-00-022162-d1.html,1620595308,17:21:48,20210509
85,1999-12-31,MRTN,USD,1999-12-31,1999-12-31,Q4,60038000,32298000.0,27740000.0,0.4620407075518838,0.0,18422000.0,0.0,0.0,133104000.0,165402000.0,0.0,5432000.0,-99932000.0,-1.664479163196642,-105364000.0,-1.7549551950431392,0.0,4649000.0,0.0774342916153103,1813000.0,2836000.0,0.04723675005829641,0.0524322703467021,0.0524322703467021,54088827,54088827,,,1620595308,17:21:48,20210509
86,1999-09-30,MRTN,USD,1999-09-30,1999-09-30,Q3,55873000,30854000.0,25019000.0,0.44778336584754713,0.0,17143000.0,0.0,0.0,23182000.0,54036000.0,0.0,5227000.0,7064000.0,0.12642958137204016,1837000.0,0.032878134340379075,417000.0,3281000.0,0.05872245986433519,1280000.0,2001000.0,0.03581336244697797,0.01102,0.010785,183398641,183782480,,,1620595308,17:21:48,20210509
87,1999-06-30,MRTN,USD,1999-06-30,1999-06-30,Q2,54558000,29436000.0,25122000.0,0.46046409325855053,0.0,17222000.0,0.0,0.0,23199000.0,52635000.0,0.0,5055000.0,6978000.0,0.12790058286594083,1923000.0,0.03524689321456065,449000.0,3603000.0,0.06603981084350599,1405000.0,2198000.0,0.04028740056453682,0.011513568533607868,0.011480226508525137,190905191,191459637,,,1620595308,17:21:48,20210509
88,1999-03-31,MRTN,USD,1999-03-31,1999-03-31,Q1,48731000,26411000.0,22320000.0,0.458024666023681,0.0,15966000.0,0.0,0.0,22029000.0,48440000.0,0.0,4908000.0,5199000.0,0.1066877347068601,291000.0,0.0059715581457388525,461000.0,2331000.0,0.04783402762102153,909000.0,1422000.0,0.029180603722476453,0.0074453972004741055,0.00741394057323087,190990482,191800836,,,1620595308,17:21:48,20210509
89,1998-12-31,MRTN,USD,1998-12-31,1998-12-31,Q4,49035000,25474000.0,23561000.0,0.4804935250331396,0.0,15900000.0,0.0,0.0,114060000.0,139534000.0,0.0,4876000.0,-85623000.0,-1.7461609054756806,-90499000.0,-1.8456000815743856,0.0,2710000.0,0.055266646273070257,1084000.0,1626000.0,0.03315998776384215,0.00851351325455056,0.00851351325455056,190990482,190990482,,,1620595308,17:21:48,20210509
90,1998-09-30,MRTN,USD,1998-11-12,1998-11-12,Q3,50126000,26128000.0,23998000.0,0.47875354107648727,0.0,15799000.0,0.0,0.0,21447000.0,47575000.0,0.0,4653000.0,7204000.0,0.1437178310657144,2551000.0,0.050891752782986875,449000.0,4168000.0,0.0831504608386865,1667000.0,2501000.0,0.049894266448549655,0.01313,0.012895,190990482,192952429,https://www.sec.gov/Archives/edgar/data/799167/0001047469-98-040090-index.html,https://www.sec.gov/Archives/edgar/data/799167/,1620595308,17:21:48,20210509
91,1998-06-30,MRTN,USD,1998-08-14,1998-08-14,Q2,49269000,25317000.0,23952000.0,0.4861474761005906,0.0,15683000.0,0.0,0.0,21262000.0,46579000.0,0.0,4686000.0,7376000.0,0.14970874180519192,2690000.0,0.054598226065071344,174000.0,3479000.0,0.07061235259493799,1392000.0,2087000.0,0.042359292861637136,0.01102,0.010785,190990482,194786383,https://www.sec.gov/Archives/edgar/data/799167/0001047469-98-031574-index.html,https://www.sec.gov/Archives/edgar/data/799167/,1620595308,17:21:48,20210509
92,1998-03-31,MRTN,USD,1998-03-31,1998-03-31,Q1,45218000,23669000.0,21549000.0,0.4765580078729709,0.0,15097000.0,0.0,0.0,20534000.0,44203000.0,0.0,4509000.0,5524000.0,0.1221637401034986,1015000.0,0.022446813215975938,153000.0,2267000.0,0.05013490203016498,907000.0,1360000.0,0.03007651820071653,0.007120773693843026,0.00704992871485315,190990482,192909752,,,1620595308,17:21:48,20210509
93,1997-12-31,MRTN,USD,1997-12-31,1997-12-31,Q4,45366000,23276000.0,22090000.0,0.48692853678966624,0.0,15241000.0,0.0,0.0,103241000.0,126517000.0,0.0,4421000.0,-76730000.0,-1.6913547590706697,-81151000.0,-1.7888065952475423,0.0,1780000.0,0.03923643257064762,712000.0,1068000.0,0.023541859542388573,0.005591901694870847,0.005591901694870847,190990482,190990482,,,1620595308,17:21:48,20210509
94,1997-09-30,MRTN,USD,1997-11-12 00:00:00,1997-11-12 00:00:00,Q3,44676000,22984000.0,21692000.0,0.4855403348554033,0.0,13865000.0,0.0,0.0,18977000.0,41961000.0,0.0,4338000.0,7053000.0,0.1578699973139941,2715000.0,0.06077088369594413,54000.0,3206000.0,0.07176112454114066,1282000.0,1924000.0,0.04306562807771511,0.006721,0.006721,285398108,285398108,https://www.sec.gov/Archives/edgar/data/799167/000104746997003894/0001047469-97-003894-index.html,https://www.sec.gov/Archives/edgar/data/799167/0001047469-97-003894.txt,1620595308,17:21:48,20210509
95,1997-06-30,MRTN,USD,1997-08-12 00:00:00,1997-08-12 00:00:00,Q2,43817000,22737000.0,21080000.0,0.48109181367962206,0.0,13610000.0,0.0,0.0,18682000.0,41419000.0,0.0,4278000.0,6676000.0,0.15236095579341352,2398000.0,0.05472761713490198,46000.0,3108000.0,0.07093137366775452,1243000.0,1865000.0,0.04256338863911267,0.006565,0.006565,284566440,284566440,https://www.sec.gov/Archives/edgar/data/799167/000091205797027115/0000912057-97-027115-index.html,https://www.sec.gov/Archives/edgar/data/799167/0000912057-97-027115.txt,1620595308,17:21:48,20210509
96,1997-03-31,MRTN,USD,1997-05-12 00:00:00,1997-05-12 00:00:00,Q1,38553000,20487000.0,18066000.0,0.46860166524005914,0.0,13565000.0,0.0,0.0,18665000.0,39152000.0,0.0,4202000.0,3603000.0,0.09345576219749435,-599000.0,-0.015537052888231784,63000.0,751000.0,0.019479677327315644,301000.0,450000.0,0.011672243405182477,0.001563,0.001563,284566440,284566440,https://www.sec.gov/Archives/edgar/data/799167/000091205797016564/0000912057-97-016564-index.html,https://www.sec.gov/Archives/edgar/data/799167/0000912057-97-016564.txt,1620595308,17:21:48,20210509
97,1996-12-31,MRTN,USD,1996-12-31,1996-12-31,Q4,37970000,21077000.0,16893000.0,0.4449038714774822,0.0,13842000.0,0.0,0.0,83106000.0,104183000.0,0.0,4164000.0,-62049000.0,-1.6341585462207004,-66213000.0,-1.7438240716355018,0.0,264000.0,0.006952857519094022,105000.0,159000.0,0.004187516460363445,0.0005587447346215527,0.0005587447346215527,284566440,284566440,,,1620595308,17:21:48,20210509
98,1996-09-30,MRTN,USD,1996-11-12 00:00:00,1996-11-12 00:00:00,Q3,37593000,19634000.0,17959000.0,0.4777219163142074,0.0,14432000.0,0.0,0.0,18986000.0,38620000.0,0.0,4069000.0,3042000.0,0.08091932008618626,-1027000.0,-0.027318915755592796,416000.0,1431000.0,0.03806559731864975,573000.0,858000.0,0.022823397973026894,0.00297,0.00297,285526044,285526044,https://www.sec.gov/Archives/edgar/data/799167/000091205796025415/0000912057-96-025415-index.html,https://www.sec.gov/Archives/edgar/data/799167/0000912057-96-025415.txt,1620595308,17:21:48,20210509
99,1996-06-30,MRTN,USD,1996-08-13 00:00:00,1996-08-13 00:00:00,Q2,35979000,19623000.0,16356000.0,0.45459851580088384,0.0,14352000.0,0.0,0.0,18888000.0,38511000.0,0.0,3945000.0,1413000.0,0.0392729091970316,-2532000.0,-0.07037438505795048,465000.0,520000.0,0.014452875288362655,208000.0,312000.0,0.008671725173017593,0.001094,0.001094,284246535,284246535,https://www.sec.gov/Archives/edgar/data/799167/000091205796017278/0000912057-96-017278-index.html,https://www.sec.gov/Archives/edgar/data/799167/0000912057-96-017278.txt,1620595308,17:21:48,20210509
100,1996-03-31,MRTN,USD,1996-05-13 00:00:00,1996-05-13 00:00:00,Q1,34609000,19424000.0,15185000.0,0.43875870438325293,0.0,14396000.0,0.0,0.0,19011000.0,38435000.0,0.0,3837000.0,11000.0,0.00031783640093617266,-3826000.0,-0.11054927908925424,1128000.0,501000.0,0.014476003351729319,200000.0,301000.0,0.008697159698344361,0.001094,0.001094,284054641,284054641,https://www.sec.gov/Archives/edgar/data/799167/000091205796009265/0000912057-96-009265-index.html,https://www.sec.gov/Archives/edgar/data/799167/0000912057-96-009265.txt,1620595308,17:21:48,20210509
101,1995-12-31,MRTN,USD,1995-12-31,1995-12-31,Q4,35027000,18198000.0,16829000.0,0.4804579324521084,0.0,14414000.0,0.0,0.0,70883000.0,89081000.0,0.0,3695000.0,-50359000.0,-1.4377194735489764,-54054000.0,-1.543209524081423,0.0,1568000.0,0.044765466640020554,627000.0,941000.0,0.026864989864961317,0.003312742916951672,0.003312742916951672,284054641,284054641,,,1620595308,17:21:48,20210509
102,1995-09-30,MRTN,USD,1995-11-09 00:00:00,1995-11-09 00:00:00,Q3,35889000,17633000.0,18256000.0,0.5086795396918276,0.0,14434000.0,0.0,0.0,18641000.0,36274000.0,0.0,3604000.0,3219000.0,0.0896932207640224,-385000.0,-0.010727520967427346,422000.0,2231000.0,0.06216389422942963,892000.0,1339000.0,0.03730948201398757,0.004689,0.004689,284438486,284438486,https://www.sec.gov/Archives/edgar/data/799167/000091205795009489/0000912057-95-009489-index.html,https://www.sec.gov/Archives/edgar/data/799167/0000912057-95-009489.txt,1620595308,17:21:48,20210509
103,1995-06-30,MRTN,USD,1995-08-11 00:00:00,1995-08-11 00:00:00,Q2,34827000,17021000.0,17806000.0,0.5112699916731271,0.0,14401000.0,0.0,0.0,19043000.0,36064000.0,0.0,3641000.0,2404000.0,0.06902690441324259,-1237000.0,-0.03551841961696385,442000.0,1998000.0,0.05736928245326901,800000.0,1198000.0,0.03439859878829644,0.00422,0.00422,284566440,284566440,https://www.sec.gov/Archives/edgar/data/799167/000091205795006279/0000912057-95-006279-index.html,https://www.sec.gov/Archives/edgar/data/799167/0000912057-95-006279.txt,1620595308,17:21:48,20210509
104,1995-03-31,MRTN,USD,1995-05-12 00:00:00,1995-05-12 00:00:00,Q1,31961000,15261000.0,16700000.0,0.5225118112699852,0.0,13341000.0,0.0,0.0,17759000.0,33020000.0,0.0,3518000.0,2459000.0,0.07693751759957448,-1059000.0,-0.03313413222364757,1041000.0,2551000.0,0.07981602578142111,1020000.0,1531000.0,0.04790213072181721,0.005471,0.005471,284246535,284246535,https://www.sec.gov/Archives/edgar/data/799167/000091205795003599/0000912057-95-003599-index.html,https://www.sec.gov/Archives/edgar/data/799167/0000912057-95-003599.txt,1620595308,17:21:48,20210509
105,1994-12-31,MRTN,USD,1995-03-30 00:00:00,1995-03-30 00:00:00,Q4,31584075,15152230.0,16431845.0,0.5202572815572405,0.0,13364606.0,0.0,0.0,60323662.0,75475892.0,0.0,3362624.0,-40529193.0,-1.2832160827885573,-43891817.0,-1.3896818887366498,0.0,2741450.0,0.08679848942861236,1096580.0,1644870.0,0.05207909365716742,0.005786772387568418,0.005786772387568418,284246535,284246535,https://www.sec.gov/Archives/edgar/data/799167/000091205795001979/0000912057-95-001979-index.html,https://www.sec.gov/Archives/edgar/data/799167/0000912057-95-001979.txt,1620595308,17:21:48,20210509
106,1994-09-30,MRTN,USD,1994-11-14 00:00:00,1994-11-14 00:00:00,Q3,31442613,14512523.0,16930090.0,0.5384441172239725,0.0,12893272.0,0.0,0.0,16755169.0,31267692.0,0.0,2966095.0,3141016.0,0.09989678656796112,174921.0,0.005563182678233517,514128.0,2980652.0,0.09479657431778968,1192261.0,1788391.0,0.056877938229879306,0.006252,0.006252,283055379,283055379,https://www.sec.gov/Archives/edgar/data/799167/000091205794003890/0000912057-94-003890-index.html,https://www.sec.gov/Archives/edgar/data/799167/0000912057-94-003890.txt,1620595308,17:21:48,20210509
107,1994-06-30,MRTN,USD,1994-08-09,1994-08-09,Q2,30483271,14097236.0,16386035.0,0.5375418864989915,0.0,12462698.0,0.0,0.0,16490691.0,30587927.0,0.0,3227134.0,3122478.0,0.10243251126166873,-104656.0,-0.0034332273593604833,614525.0,2903542.0,0.09525034239271764,1161417.0,1742125.0,0.05715019887465489,0.005314,0.005314,326527043,326527043,https://www.sec.gov/Archives/edgar/data/799167/0000912057-94-002553-index.html,https://www.sec.gov/Archives/edgar/data/799167/,1620595308,17:21:48,20210509
108,1994-03-31,MRTN,USD,1994-03-31,1994-03-31,Q1,29200000,7800000.0,21400000.0,0.7328767123287672,0.0,0.0,0.0,0.0,18200000.0,26000000.0,0.0,3100000.0,6300000.0,0.21575342465753425,3200000.0,0.1095890410958904,0.0,2000000.0,0.0684931506849315,800000.0,1200000.0,0.0410958904109589,0.003595,0.003595,64980927,64980927,,,1620595308,17:21:48,20210509
109,1993-12-31,MRTN,USD,1993-12-31,1993-12-31,Q4,29000000,9800000.0,19200000.0,0.6620689655172414,0.0,0.0,0.0,0.0,14300000.0,24100000.0,0.0,3200000.0,8100000.0,0.2793103448275862,4900000.0,0.16896551724137931,300000.0,2000000.0,0.06896551724137931,800000.0,1200000.0,0.041379310344827586,0.01846695723500528,0.01846695723500528,64980927,64980927,,,1620595308,17:21:48,20210509
110,1993-09-30,MRTN,USD,1993-09-30,1993-09-30,Q3,29100000,9600000.0,19500000.0,0.6701030927835051,0.0,0.0,0.0,0.0,14300000.0,23900000.0,0.0,3200000.0,8400000.0,0.28865979381443296,5200000.0,0.17869415807560138,400000.0,3000000.0,0.10309278350515463,1200000.0,2700000.0,0.09278350515463918,0.007972,0.007972,64980927,64980927,,,1620595308,17:21:48,20210509
111,1993-06-30,MRTN,USD,1993-06-30,1993-06-30,Q2,28300000,7100000.0,21200000.0,0.7491166077738516,0.0,0.0,0.0,0.0,16200000.0,23300000.0,0.0,3100000.0,8100000.0,0.2862190812720848,5000000.0,0.17667844522968199,400000.0,2600000.0,0.09187279151943463,1000000.0,1600000.0,0.05653710247349823,0.004689,0.004689,64980927,64980927,,,1620595308,17:21:48,20210509
112,1993-03-31,MRTN,USD,1993-03-31,1993-03-31,Q1,25800000,9800000.0,16000000.0,0.6201550387596899,0.0,0.0,0.0,0.0,11700000.0,21500000.0,0.0,3000000.0,7300000.0,0.28294573643410853,4300000.0,0.16666666666666666,0.0,1500000.0,0.05813953488372093,600000.0,900000.0,0.03488372093023256,0.002814,0.002814,64980927,64980927,,,1620595308,17:21:48,20210509
113,1992-12-31,MRTN,USD,1992-12-31,1992-12-31,Q4,26000000,12900000.0,13100000.0,0.5038461538461538,0.0,0.0,0.0,0.0,8800000.0,21700000.0,0.0,2900000.0,7200000.0,0.27692307692307694,4300000.0,0.16538461538461538,100000.0,1500000.0,0.057692307692307696,600000.0,900000.0,0.03461538461538462,0.013907014364276996,0.013907014364276996,64715544,64715544,,,1620595308,17:21:48,20210509
114,1992-09-30,MRTN,USD,1992-09-30,1992-09-30,Q3,25200000,5200000.0,20000000.0,0.7936507936507936,0.0,0.0,0.0,0.0,15600000.0,20800000.0,0.0,2900000.0,7300000.0,0.2896825396825397,4400000.0,0.1746031746031746,100000.0,1600000.0,0.06349206349206349,600000.0,1000000.0,0.03968253968253968,0.00297,0.00297,64715544,64715544,,,1620595308,17:21:48,20210509
115,1992-06-30,MRTN,USD,1992-06-30,1992-06-30,Q2,24000000,4800000.0,19200000.0,0.8,0.0,0.0,0.0,0.0,17100000.0,21900000.0,0.0,2800000.0,4900000.0,0.20416666666666666,2100000.0,0.0875,100000.0,1600000.0,0.06666666666666667,600000.0,1000000.0,0.041666666666666664,0.00297,0.00297,64715544,64715544,,,1620595308,17:21:48,20210509
116,1992-03-31,MRTN,USD,1992-03-31,1992-03-31,Q1,23000000,6000000.0,17000000.0,0.7391304347826086,0.0,0.0,0.0,0.0,11500000.0,17500000.0,0.0,2700000.0,8200000.0,0.3565217391304348,5500000.0,0.2391304347826087,-2000000.0,800000.0,0.034782608695652174,300000.0,500000.0,0.021739130434782608,0.001563,0.001563,64715544,64715544,,,1620595308,17:21:48,20210509
117,1991-12-31,MRTN,USD,1991-12-31,1991-12-31,Q4,22100000,8200000.0,13900000.0,0.6289592760180995,0.0,0.0,0.0,0.0,16800000.0,25000000.0,0.0,2700000.0,-200000.0,-0.00904977375565611,-2900000.0,-0.13122171945701358,6400000.0,800000.0,0.03619909502262444,300000.0,500000.0,0.02262443438914027,0.007726119091264998,0.007726119091264998,64715544,64715544,,,1620595308,17:21:48,20210509
118,1991-09-30,MRTN,USD,1991-09-30,1991-09-30,Q3,22500000,6000000.0,16500000.0,0.7333333333333333,0.0,0.0,0.0,0.0,10800000.0,16800000.0,0.0,2700000.0,8400000.0,0.37333333333333335,5700000.0,0.25333333333333335,-2000000.0,1200000.0,0.05333333333333334,500000.0,700000.0,0.03111111111111111,0.002345,0.002345,64715544,64715544,,,1620595308,17:21:48,20210509
119,1991-06-30,MRTN,USD,1991-06-30,1991-06-30,Q2,22500000,5800000.0,16700000.0,0.7422222222222222,0.0,0.0,0.0,0.0,10900000.0,16700000.0,0.0,2600000.0,8400000.0,0.37333333333333335,5800000.0,0.2577777777777778,-2100000.0,1100000.0,0.04888888888888889,400000.0,700000.0,0.03111111111111111,0.002032,0.002032,64715544,64715544,,,1620595308,17:21:48,20210509
120,1991-03-31,MRTN,USD,1991-03-31,1991-03-31,Q1,20700000,6000000.0,14700000.0,0.7101449275362319,0.0,0.0,0.0,0.0,10200000.0,16200000.0,0.0,2600000.0,7100000.0,0.34299516908212563,4500000.0,0.21739130434782608,-1900000.0,300000.0,0.014492753623188406,100000.0,200000.0,0.00966183574879227,0.000469,0.000469,64715544,64715544,,,1620595308,17:21:48,20210509
121,1990-12-31,MRTN,USD,1990-12-31,1990-12-31,Q4,21000000,8000000.0,13000000.0,0.6190476190476191,0.0,0.0,0.0,0.0,16700000.0,24700000.0,0.0,2400000.0,-1300000.0,-0.06190476190476191,-3700000.0,-0.1761904761904762,7000000.0,900000.0,0.04285714285714286,300000.0,600000.0,0.02857142857142857,0.009271342909517997,0.009271342909517997,64715544,64715544,,,1620595308,17:21:48,20210509
122,1990-09-30,MRTN,USD,1990-09-30,1990-09-30,Q3,20600000,6000000.0,14600000.0,0.7087378640776699,0.0,0.0,0.0,0.0,9500000.0,15500000.0,0.0,2400000.0,7500000.0,0.3640776699029126,5100000.0,0.24757281553398058,-2300000.0,800000.0,0.038834951456310676,300000.0,500000.0,0.024271844660194174,0.001719,0.001719,64715544,64715544,,,1620595308,17:21:48,20210509
123,1990-06-30,MRTN,USD,1990-06-30,1990-06-30,Q2,19800000,4900000.0,14900000.0,0.7525252525252525,0.0,0.0,0.0,0.0,9500000.0,14400000.0,0.0,2500000.0,7900000.0,0.398989898989899,5400000.0,0.2727272727272727,-2100000.0,700000.0,0.03535353535353535,300000.0,400000.0,0.020202020202020204,0.001407,0.001407,64715544,64715544,,,1620595308,17:21:48,20210509
124,1990-03-31,MRTN,USD,1990-03-31,1990-03-31,Q1,20000000,5500000.0,14500000.0,0.725,0.0,0.0,0.0,0.0,9400000.0,14900000.0,0.0,2500000.0,7600000.0,0.38,5100000.0,0.255,-2200000.0,500000.0,0.025,200000.0,300000.0,0.015,0.000782,0.000782,64715544,64715544,,,1620595308,17:21:48,20210509
125,1989-12-31,MRTN,USD,1989-12-31,1989-12-31,Q4,19000000,11500000.0,7500000.0,0.39473684210526316,0.0,0.0,0.0,0.0,13600000.0,25100000.0,0.0,2400000.0,-3700000.0,-0.19473684210526315,-6100000.0,-0.32105263157894737,7700000.0,-1300000.0,-0.06842105263157895,-300000.0,-1000000.0,-0.05263157894736842,-0.015452238182529996,-0.015452238182529996,64715544,64715544,,,1620595308,17:21:48,20210509
126,1989-09-30,MRTN,USD,1989-09-30,1989-09-30,Q3,18900000,4900000.0,14000000.0,0.7407407407407407,0.0,0.0,0.0,0.0,9100000.0,14000000.0,0.0,2500000.0,7400000.0,0.3915343915343915,4900000.0,0.25925925925925924,-2600000.0,0.0,0.0,0.0,-100000.0,-0.005291005291005291,-0.000156,-0.000156,64715544,64715544,,,1620595308,17:21:48,20210509
127,1989-06-30,MRTN,USD,1989-06-30,1989-06-30,Q2,18600000,4800000.0,13800000.0,0.7419354838709677,0.0,0.0,0.0,0.0,8800000.0,13600000.0,0.0,2400000.0,7400000.0,0.3978494623655914,5000000.0,0.26881720430107525,-2600000.0,0.0,0.0,0.0,0.0,0.0,0.000156,0.000156,64715544,64715544,,,1620595308,17:21:48,20210509
128,1989-03-31,MRTN,USD,1989-03-31,1989-03-31,Q1,16800000,0.0,0.0,0.0,0.0,0.0,0.0,0.0,0.0,0.0,0.0,0.0,16800000.0,1.0,16800000.0,1.0,0.0,0.0,0.0,0.0,-400000.0,-0.023809523809523808,-0.00125,-0.00125,64715544,64715544,,,1620595308,17:21:48,20210509
129,1988-12-31,MRTN,USD,1988-12-31,1988-12-31,Q4,17300000,0.0,0.0,0.0,0.0,0.0,0.0,0.0,0.0,0.0,0.0,0.0,-40000000.0,-2.3121387283236996,-40000000.0,-2.3121387283236996,0.0,0.0,0.0,0.0,300000.0,0.017341040462427744,0.004635671454758999,0.004635671454758999,64715544,64715544,,,1620595308,17:21:48,20210509
130,1988-09-30,MRTN,USD,1988-09-30,1988-09-30,Q3,17600000,0.0,0.0,0.0,0.0,0.0,0.0,0.0,0.0,0.0,0.0,0.0,17600000.0,1.0,17600000.0,1.0,0.0,0.0,0.0,0.0,600000.0,0.03409090909090909,0.001719,0.001719,64715544,64715544,,,1620595308,17:21:48,20210509
131,1988-06-30,MRTN,USD,1988-06-30,1988-06-30,Q2,16400000,0.0,0.0,0.0,0.0,0.0,0.0,0.0,0.0,0.0,0.0,0.0,16400000.0,1.0,16400000.0,1.0,0.0,0.0,0.0,0.0,300000.0,0.018292682926829267,0.000782,0.000782,64715544,64715544,,,1620595308,17:21:48,20210509
132,1988-03-31,MRTN,USD,1988-03-31,1988-03-31,Q1,15900000,0.0,0.0,0.0,0.0,0.0,0.0,0.0,0.0,0.0,0.0,0.0,15900000.0,1.0,15900000.0,1.0,0.0,0.0,0.0,0.0,-300000.0,-0.018867924528301886,-0.000782,-0.000782,64715544,64715544,,,1620595308,17:21:48,20210509
133,1987-12-31,MRTN,USD,1987-12-31,1987-12-31,Q4,15500000,0.0,0.0,0.0,0.0,0.0,0.0,0.0,0.0,0.0,0.0,0.0,-31900000.0,-2.0580645161290323,-31900000.0,-2.0580645161290323,0.0,0.0,0.0,0.0,300000.0,0.01935483870967742,0.004635671454758999,0.004635671454758999,64715544,64715544,,,1620595308,17:21:48,20210509
134,1987-09-30,MRTN,USD,1987-09-30,1987-09-30,Q3,15300000,0.0,0.0,0.0,0.0,0.0,0.0,0.0,0.0,0.0,0.0,0.0,15300000.0,1.0,15300000.0,1.0,0.0,0.0,0.0,0.0,800000.0,0.05228758169934641,0.002345,0.002345,64715544,64715544,,,1620595308,17:21:48,20210509
135,1987-06-30,MRTN,USD,1987-06-30,1987-06-30,Q2,14400000,0.0,0.0,0.0,0.0,0.0,0.0,0.0,0.0,0.0,0.0,0.0,14400000.0,1.0,14400000.0,1.0,0.0,0.0,0.0,0.0,700000.0,0.04861111111111111,0.002345,0.002345,64715544,64715544,,,1620595308,17:21:48,20210509
136,1987-03-31,MRTN,USD,1987-03-31,1987-03-31,Q1,12400000,0.0,0.0,0.0,0.0,0.0,0.0,0.0,0.0,0.0,0.0,0.0,12400000.0,1.0,12400000.0,1.0,0.0,0.0,0.0,0.0,500000.0,0.04032258064516129,0.001719,0.001719,64715544,64715544,,,1620595308,17:21:48,20210509
137,1986-12-31,MRTN,USD,1986-12-31,1986-12-31,Q4,12700000,0.0,0.0,0.0,0.0,0.0,0.0,0.0,0.0,0.0,0.0,0.0,-32800000.0,-2.5826771653543306,-32800000.0,-2.5826771653543306,0.0,0.0,0.0,0.0,900000.0,0.07086614173228346,0.01900155325030119,0.01900155325030119,47364549,47364549,,,1620595308,17:21:48,20210509
138,1986-09-30,MRTN,USD,1986-09-30,1986-09-30,Q3,14300000,0.0,0.0,0.0,0.0,0.0,0.0,0.0,0.0,0.0,0.0,0.0,14300000.0,1.0,14300000.0,1.0,0.0,0.0,0.0,0.0,700000.0,0.04895104895104895,0.00297,0.00297,47364549,47364549,,,1620595308,17:21:48,20210509
139,1986-06-30,MRTN,USD,1986-06-30,1986-06-30,Q2,12800000,0.0,0.0,0.0,0.0,0.0,0.0,0.0,0.0,0.0,0.0,0.0,12800000.0,1.0,12800000.0,1.0,0.0,0.0,0.0,0.0,700000.0,0.0546875,0.002657,0.002657,47364549,47364549,,,1620595308,17:21:48,20210509
140,1986-03-31,MRTN,USD,1986-03-31,1986-03-31,Q1,12700000,0.0,0.0,0.0,0.0,0.0,0.0,0.0,0.0,0.0,0.0,0.0,12700000.0,1.0,12700000.0,1.0,0.0,0.0,0.0,0.0,600000.0,0.047244094488188976,0.002657,0.002657,47364549,47364549,,,1620595308,17:21:48,20210509
