,date,symbol,reportedCurrency,fillingDate,acceptedDate,period,revenue,costOfRevenue,grossProfit,grossProfitRatio,researchAndDevelopmentExpenses,generalAndAdministrativeExpenses,sellingAndMarketingExpenses,otherExpenses,operatingExpenses,costAndExpenses,interestExpense,depreciationAndAmortization,ebitda,ebitdaratio,operatingIncome,operatingIncomeRatio,totalOtherIncomeExpensesNet,incomeBeforeTax,incomeBeforeTaxRatio,incomeTaxExpense,netIncome,netIncomeRatio,eps,epsdiluted,weightedAverageShsOut,weightedAverageShsOutDil,link,finalLink,timestamp,est_time,est_date
0,2020-03-31,DCUB,USD,2020-05-05,2020-05-05 11:40:43,Q1,4496000000.0,668000000.0,3828000000.0,0.8514234875444839,0.0,0.0,0.0,3865000000.0,3865000000.0,4533000000.0,258000000.0,759000000.0,1390000000,0.30916370106761565,631000000.0,0.14034697508896798,-399000000.0,-258000000.0,-0.05738434163701068,-19000000.0,-239000000.0,-0.053158362989323846,-0.34,-0.34,702941176,702941176,https://www.sec.gov/Archives/edgar/data/715957/000156459020021084/0001564590-20-021084-index.htm,https://www.sec.gov/Archives/edgar/data/715957/000156459020021084/d-10q_20200331.htm,1620591028,16:10:28,20210509
1,2019-12-31,DCUB,USD,2020-02-28,2020-02-28 08:56:19,Q4,125000000.0,0.0,125000000.0,1.0,0.0,0.0,0.0,97000000.0,97000000.0,97000000.0,0.0,986000000.0,1003000000,8.024,17000000.0,0.136,0.0,7000000.0,0.056,7000000.0,0.0,0.0,0.0,0.0,702941176,702941176,https://www.sec.gov/Archives/edgar/data/715957/000119312520054469/0001193125-20-054469-index.htm,https://www.sec.gov/Archives/edgar/data/715957/000119312520054469/d854390d10k.htm,1620591028,16:10:28,20210509
2,2019-09-30,DCUB,USD,2019-11-01,2019-11-01 16:35:03,Q3,4269000000.0,0.0,4269000000.0,1.0,0.0,0.0,0.0,285000000.0,285000000.0,285000000.0,0.0,763000000.0,2077000000,0.48653080346685407,1314000000.0,0.30780042164441324,35000000.0,1026000000.0,0.24033731553056922,51000000.0,975000000.0,0.22839072382290934,1.2,1.2,702941176,702941176,https://www.sec.gov/Archives/edgar/data/715957/000156459019039434/0001564590-19-039434-index.htm,https://www.sec.gov/Archives/edgar/data/715957/000156459019039434/d-10q_20190930.htm,1620591028,16:10:28,20210509
3,2019-06-30,DCUB,USD,2019-08-01,2019-08-01 09:33:12,Q2,3970000000.0,0.0,3970000000.0,1.0,0.0,0.0,0.0,354000000.0,354000000.0,354000000.0,0.0,738000000.0,1199000000,0.30201511335012593,461000000.0,0.11612090680100756,34000000.0,97000000.0,0.024433249370277077,43000000.0,54000000.0,0.013602015113350126,0.08,0.08,681550802,681550802,https://www.sec.gov/Archives/edgar/data/715957/000156459019027723/0001564590-19-027723-index.htm,https://www.sec.gov/Archives/edgar/data/715957/000156459019027723/d-10q_20190630.htm,1620591028,16:10:28,20210509
4,2019-03-31,DCUB,USD,2019-05-03,2019-05-03 12:40:18,Q1,3858000000.0,0.0,3858000000.0,1.0,0.0,0.0,0.0,375000000.0,375000000.0,375000000.0,0.0,734000000.0,870000000,0.2255054432348367,136000000.0,0.0352514256091239,34000000.0,150000000.0,0.038880248833592534,114000000.0,116000000.0,0.03006739243131156,0.1702,0.1702,681550802,681550802,https://www.sec.gov/Archives/edgar/data/715957/000156459019015583/0001564590-19-015583-index.htm,https://www.sec.gov/Archives/edgar/data/715957/000156459019015583/d-10q_20190331.htm,1620591028,16:10:28,20210509
5,2018-12-31,DCUB,USD,2019-02-28,2019-02-28 17:17:16,Q4,3361000000.0,2814000000.0,547000000.0,0.1627491817911336,0.0,0.0,0.0,8747000000.0,8747000000.0,11561000000.0,69000000.0,574000000.0,1408000000,0.4189229396013091,834000000.0,0.24814043439452543,276000000.0,736000000.0,0.21898244570068431,95000000.0,641000000.0,0.19071704849747098,0.97,0.97,681550802,681550802,https://www.sec.gov/Archives/edgar/data/715957/000119312519057924/0001193125-19-057924-index.htm,https://www.sec.gov/Archives/edgar/data/715957/000119312519057924/d662998d10k.htm,1620591028,16:10:28,20210509
6,2018-09-30,DCUB,USD,2018-11-02,2018-11-02 16:05:43,Q3,3451000000.0,0.0,3451000000.0,1.0,0.0,0.0,0.0,241000000.0,241000000.0,241000000.0,0.0,600000000.0,1750000000,0.5070993914807302,1150000000.0,0.3332367429730513,122000000.0,1116000000.0,0.3233845262242828,262000000.0,854000000.0,0.24746450304259635,1.31,1.31,681550802,681550802,https://www.sec.gov/Archives/edgar/data/715957/000156459018026483/0001564590-18-026483-index.htm,https://www.sec.gov/Archives/edgar/data/715957/000156459018026483/d-10q_20180930.htm,1620591028,16:10:28,20210509
7,2018-06-30,DCUB,USD,2018-08-02,2018-08-02 08:33:18,Q2,3088000000.0,0.0,3088000000.0,1.0,0.0,0.0,0.0,452000000.0,452000000.0,452000000.0,0.0,534000000.0,1276000000,0.41321243523316065,742000000.0,0.24028497409326424,32000000.0,537000000.0,0.17389896373056996,88000000.0,449000000.0,0.14540155440414507,0.69,0.69,681550802,681550802,https://www.sec.gov/Archives/edgar/data/715957/000156459018018690/0001564590-18-018690-index.htm,https://www.sec.gov/Archives/edgar/data/715957/000156459018018690/d-10q_20180630.htm,1620591028,16:10:28,20210509
8,2018-03-31,DCUB,USD,2018-05-04,2018-05-04 09:14:50,Q1,3466000000.0,0.0,3466000000.0,1.0,0.0,0.0,0.0,325000000.0,325000000.0,325000000.0,0.0,572000000.0,1447000000,0.41748413156376224,875000000.0,0.2524523946912868,33000000.0,638000000.0,0.1840738603577611,135000000.0,503000000.0,0.14512406231967687,0.77,0.77,681550802,681550802,https://www.sec.gov/Archives/edgar/data/715957/000156459018010863/0001564590-18-010863-index.htm,https://www.sec.gov/Archives/edgar/data/715957/000156459018010863/d-10q_20180331.htm,1620591028,16:10:28,20210509
9,2017-12-31,DCUB,USD,2018-02-27,2018-02-27 09:13:42,Q4,3210000000.0,0.0,3210000000.0,1.0,0.0,0.0,0.0,1226000000.0,1226000000.0,8456000000.0,1205000000.0,553000000.0,1557000000,0.4850467289719626,1004000000.0,0.31277258566978194,862000000.0,891000000.0,0.2775700934579439,-713000000.0,1312000000.0,0.4087227414330218,2.06289,2.06289,636000000,636000000,https://www.sec.gov/Archives/edgar/data/715957/000119312518059578/0001193125-18-059578-index.htm,https://www.sec.gov/Archives/edgar/data/715957/000119312518059578/d512216d10k.htm,1620591028,16:10:28,20210509
10,2017-09-30,DCUB,USD,2017-11-01,2017-11-01 08:02:52,Q3,3179000000.0,0.0,3179000000.0,1.0,0.0,0.0,0.0,195000000.0,195000000.0,195000000.0,0.0,561000000.0,1761000000,0.5539477823214848,1200000000.0,0.3774771940861906,6000000.0,937000000.0,0.29474677571563385,272000000.0,665000000.0,0.20918527838943063,1.0456,1.0456,636000000,636000000,https://www.sec.gov/Archives/edgar/data/715957/000156459017020637/0001564590-17-020637-index.htm,https://www.sec.gov/Archives/edgar/data/715957/000156459017020637/d-10q_20170930.htm,1620591028,16:10:28,20210509
11,2017-06-30,DCUB,USD,2017-08-03,2017-08-03 09:02:44,Q2,2813000000.0,0.0,2813000000.0,1.0,0.0,0.0,0.0,285000000.0,285000000.0,285000000.0,-292000000.0,486000000.0,1287000000,0.457518663348738,801000000.0,0.2847493778883754,5000000.0,484000000.0,0.17205830074653394,136000000.0,390000000.0,0.13864201919658728,0.61321,0.61321,636000000,636000000,https://www.sec.gov/Archives/edgar/data/715957/000156459017015133/0001564590-17-015133-index.htm,https://www.sec.gov/Archives/edgar/data/715957/000156459017015133/d-10q_20170630.htm,1620591028,16:10:28,20210509
12,2017-03-31,DCUB,USD,2017-05-04,2017-05-04 12:16:08,Q1,3384000000.0,0.0,3384000000.0,1.0,0.0,0.0,0.0,297000000.0,297000000.0,2259000000.0,292000000.0,602000000.0,1727000000,0.5103427895981087,1125000000.0,0.3324468085106383,5000000.0,949000000.0,0.28043735224586286,275000000.0,632000000.0,0.1867612293144208,1.00621,1.00621,628100000,628100000,https://www.sec.gov/Archives/edgar/data/715957/000119312517157920/0001193125-17-157920-index.htm,https://www.sec.gov/Archives/edgar/data/715957/000119312517157920/d377987d10q.htm,1620591028,16:10:28,20210509
13,2016-12-31,DCUB,USD,2017-02-28,2017-02-28 08:30:57,Q4,3086000000.0,0.0,3086000000.0,1.0,0.0,0.0,0.0,299000000.0,299000000.0,2267000000.0,295000000.0,578000000.0,1397000000,0.4526895657809462,819000000.0,0.26539209332469216,0.0,585000000.0,0.18956578094620868,94000000.0,457000000.0,0.14808813998703824,0.7414016872160935,0.7405606870847512,616400000,617100000,https://www.sec.gov/Archives/edgar/data/715957/000119312517060413/0001193125-17-060413-index.htm,https://www.sec.gov/Archives/edgar/data/715957/000119312517060413/d334692d10k.htm,1620591028,16:10:28,20210509
14,2016-09-30,DCUB,USD,2016-11-09,2016-11-09 11:56:36,Q3,3132000000.0,0.0,3132000000.0,1.0,0.0,0.0,0.0,254000000.0,254000000.0,1987000000.0,250000000.0,527000000.0,1672000000,0.5338441890166028,1145000000.0,0.365581098339719,7000000.0,958000000.0,0.305874840357599,230000000.0,690000000.0,0.22030651340996169,1.1259791122715406,1.1241446725317692,612800000,613800000,https://www.sec.gov/Archives/edgar/data/715957/000119312516763981/0001193125-16-763981-index.htm,https://www.sec.gov/Archives/edgar/data/715957/000119312516763981/d289364d10q.htm,1620591028,16:10:28,20210509
15,2016-06-30,DCUB,USD,2016-08-03,2016-08-03 11:00:15,Q2,2598000000.0,0.0,2598000000.0,1.0,0.0,0.0,0.0,240000000.0,240000000.0,1817000000.0,239000000.0,481000000.0,1262000000,0.4857582755966128,781000000.0,0.3006158583525789,9000000.0,614000000.0,0.2363356428021555,152000000.0,452000000.0,0.1739799846035412,0.7457515261508002,0.7439104674127716,606100000,607600000,https://www.sec.gov/Archives/edgar/data/715957/000119312516669379/0001193125-16-669379-index.htm,https://www.sec.gov/Archives/edgar/data/715957/000119312516669379/d234681d10q.htm,1620591028,16:10:28,20210509
16,2016-03-31,DCUB,USD,2016-05-05,2016-05-05 10:53:57,Q1,2921000000.0,0.0,2921000000.0,1.0,0.0,0.0,0.0,229000000.0,229000000.0,2039000000.0,226000000.0,467000000.0,1349000000,0.46182814104758646,882000000.0,0.3019513865114687,6000000.0,710000000.0,0.24306744265662444,179000000.0,524000000.0,0.17939061965080452,0.8783104257458934,0.8759612169842862,596600000,598200000,https://www.sec.gov/Archives/edgar/data/715957/000119312516579092/0001193125-16-579092-index.htm,https://www.sec.gov/Archives/edgar/data/715957/000119312516579092/d194158d10q.htm,1620591028,16:10:28,20210509
17,2015-12-31,DCUB,USD,2016-02-26,2016-02-26 12:51:50,Q4,2556000000.0,0.0,2556000000.0,1.0,0.0,0.0,0.0,234000000.0,234000000.0,1918000000.0,230000000.0,479000000.0,1117000000,0.4370109546165884,638000000.0,0.24960876369327073,0.0,477000000.0,0.18661971830985916,111000000.0,357000000.0,0.1396713615023474,0.6026333558406483,0.6013137948458818,592400000,593700000,https://www.sec.gov/Archives/edgar/data/715957/000119312516480850/0001193125-16-480850-index.htm,https://www.sec.gov/Archives/edgar/data/715957/000119312516480850/d126742d10k.htm,1620591028,16:10:28,20210509
18,2015-09-30,DCUB,USD,2015-11-03,2015-11-03 10:48:39,Q3,2971000000.0,0.0,2971000000.0,1.0,0.0,0.0,0.0,234000000.0,234000000.0,1848000000.0,230000000.0,481000000.0,1604000000,0.5398855604173679,1123000000.0,0.3779872096937058,4000000.0,904000000.0,0.3042746549983171,305000000.0,593000000.0,0.1995960955907102,1.0028750211398614,1.0005061582588155,591300000,592700000,https://www.sec.gov/Archives/edgar/data/715957/000119312515363617/0001193125-15-363617-index.htm,https://www.sec.gov/Archives/edgar/data/715957/000119312515363617/d26009d10q.htm,1620591028,16:10:28,20210509
19,2015-06-30,DCUB,USD,2015-08-06,2015-08-06 09:23:37,Q2,2747000000.0,0.0,2747000000.0,1.0,0.0,0.0,0.0,228000000.0,228000000.0,1974000000.0,221000000.0,461000000.0,1234000000,0.44921732799417546,773000000.0,0.2813978886057517,4000000.0,608000000.0,0.2213323625773571,190000000.0,413000000.0,0.1503458318165271,0.7003561132779379,0.6985791610284168,589700000,591200000,https://www.sec.gov/Archives/edgar/data/715957/000119312515280118/0001193125-15-280118-index.htm,https://www.sec.gov/Archives/edgar/data/715957/000119312515280118/d159173d10q.htm,1620591028,16:10:28,20210509
20,2015-03-31,DCUB,USD,2015-05-05,2015-05-05 11:27:39,Q1,3409000000.0,0.0,3409000000.0,1.0,0.0,0.0,0.0,229000000.0,229000000.0,2407000000.0,223000000.0,465000000.0,1467000000,0.43033147550601347,1002000000.0,0.293927838075682,9000000.0,839000000.0,0.24611322968612495,299000000.0,536000000.0,0.1572308594895864,0.9117196802177241,0.9086285811154433,587900000,589900000,https://www.sec.gov/Archives/edgar/data/715957/000119312515170979/0001193125-15-170979-index.htm,https://www.sec.gov/Archives/edgar/data/715957/000119312515170979/d917911d10q.htm,1620591028,16:10:28,20210509
21,2014-12-31,DCUB,USD,2015-02-27,2015-02-27 10:12:32,Q4,12436000000.0,0.0,12436000000.0,1.0,0.0,0.0,0.0,1233000000.0,1233000000.0,9715000000.0,1193000000.0,1681000000.0,4402000000,0.35397233837246705,2721000000.0,0.2188002573174654,0.0,711000000.0,0.05717272434866517,452000000.0,243000000.0,0.01954004503055645,0.41702419770036037,0.41573994867408043,582700000,584500000,https://www.sec.gov/Archives/edgar/data/715957/000119312515067777/0001193125-15-067777-index.htm,https://www.sec.gov/Archives/edgar/data/715957/000119312515067777/d856078d10k.htm,1620591028,16:10:28,20210509
22,2014-09-30,DCUB,USD,2014-11-03,2014-11-03 16:05:39,Q3,3050000000.0,743000000.0,2307000000.0,0.7563934426229508,0.0,0.0,0.0,2129000000.0,2129000000.0,2872000000.0,0.0,423000000.0,1344000000,0.44065573770491806,921000000.0,0.3019672131147541,69000000.0,529000000.0,0.17344262295081966,228000000.0,529000000.0,0.17344262295081966,0.9078428007551056,0.9050470487596236,582700000,584500000,https://www.sec.gov/Archives/edgar/data/715957/000119312514394022/0001193125-14-394022-index.htm,https://www.sec.gov/Archives/edgar/data/715957/000119312514394022/d814238d10q.htm,1620591028,16:10:28,20210509
23,2014-06-30,DCUB,USD,2014-07-30,2014-07-30 16:55:06,Q2,2813000000.0,633000000.0,2180000000.0,0.7749733380732314,0.0,0.0,0.0,2419000000.0,2419000000.0,3052000000.0,0.0,370000000.0,764000000,0.27159616068254533,394000000.0,0.14006398862424457,57000000.0,224000000.0,0.0796302879488091,63000000.0,161000000.0,0.05723426946320654,0.27629998283851037,0.2754491017964072,582700000,584500000,https://www.sec.gov/Archives/edgar/data/715957/000119312514287078/0001193125-14-287078-index.htm,https://www.sec.gov/Archives/edgar/data/715957/000119312514287078/d764793d10q.htm,1620591028,16:10:28,20210509
24,2014-03-31,DCUB,USD,2014-04-30,2014-04-30 15:29:32,Q1,3630000000.0,1334000000.0,2296000000.0,0.6325068870523416,0.0,0.0,0.0,2862000000.0,2862000000.0,4196000000.0,0.0,378000000.0,1146000000,0.315702479338843,768000000.0,0.2115702479338843,40000000.0,768000000.0,0.2115702479338843,186000000.0,768000000.0,0.2115702479338843,1.3180024026085464,1.3139435414884517,582700000,584500000,https://www.sec.gov/Archives/edgar/data/715957/000119312514171734/0001193125-14-171734-index.htm,https://www.sec.gov/Archives/edgar/data/715957/000119312514171734/d720537d10q.htm,1620591028,16:10:28,20210509
25,2013-12-31,DCUB,USD,2014-02-28,2014-02-27 17:37:14,Q4,3185000000.0,952000000.0,2233000000.0,0.701098901098901,0.0,0.0,0.0,2381000000.0,2381000000.0,3333000000.0,0.0,286000000.0,1983000000,0.6226059654631083,1697000000.0,0.5328100470957614,43000000.0,1697000000.0,0.5328100470957614,183000000.0,1697000000.0,0.5328100470957614,2.912304788055603,2.9033361847733103,582700000,584500000,https://www.sec.gov/Archives/edgar/data/715957/000119312514073496/0001193125-14-073496-index.htm,https://www.sec.gov/Archives/edgar/data/715957/000119312514073496/d660169d10k.htm,1620591028,16:10:28,20210509
26,2013-09-30,DCUB,USD,2013-11-05,2013-11-05 12:24:33,Q3,3432000000.0,1107000000.0,2325000000.0,0.6774475524475524,0.0,0.0,0.0,2398000000.0,2398000000.0,3505000000.0,0.0,375000000.0,1409000000,0.41054778554778554,1034000000.0,0.30128205128205127,86000000.0,903000000.0,0.2631118881118881,305000000.0,598000000.0,0.17424242424242425,1.0262570791144672,1.0230966638152268,582700000,584500000,https://www.sec.gov/Archives/edgar/data/715957/000119312513427104/0001193125-13-427104-index.htm,https://www.sec.gov/Archives/edgar/data/715957/000119312513427104/d619807d10q.htm,1620591028,16:10:28,20210509
27,2013-06-30,DCUB,USD,2013-08-06,2013-08-06 13:03:27,Q2,6503000000.0,875000000.0,5628000000.0,0.8654467168998924,0.0,0.0,0.0,2432000000.0,2432000000.0,3307000000.0,0.0,363000000.0,1060000000,0.16300169152698754,697000000.0,0.1071813009380286,49000000.0,697000000.0,0.1071813009380286,116000000.0,697000000.0,0.1071813009380286,1.196155826325725,1.1924721984602225,582700000,584500000,https://www.sec.gov/Archives/edgar/data/715957/000119312513321004/0001193125-13-321004-index.htm,https://www.sec.gov/Archives/edgar/data/715957/000119312513321004/d578723d10q.htm,1620591028,16:10:28,20210509
28,2013-03-31,DCUB,USD,2013-04-25,2013-04-25 12:07:51,Q1,3523000000.0,951000000.0,2572000000.0,0.7300596082883906,0.0,0.0,0.0,2593000000.0,2593000000.0,3544000000.0,0.0,366000000.0,1296000000,0.36786829406755606,930000000.0,0.2639795628725518,87000000.0,789000000.0,0.22395685495316492,288000000.0,501000000.0,0.14220834516037467,0.859790629826669,0.8571428571428571,582700000,584500000,https://www.sec.gov/Archives/edgar/data/715957/000119312513172823/0001193125-13-172823-index.htm,https://www.sec.gov/Archives/edgar/data/715957/000119312513172823/d524933d10q.htm,1620591028,16:10:28,20210509
29,2012-12-31,DCUB,USD,2013-02-28,2013-02-28 12:09:51,Q4,3167000000.0,855000000.0,2312000000.0,0.7300284180612567,0.0,0.0,0.0,4059000000.0,4059000000.0,4914000000.0,0.0,363000000.0,558000000,0.1761919797916009,195000000.0,0.06157246605620461,49000000.0,-1058000000.0,-0.3340700978844332,-406000000.0,-652000000.0,-0.20587306599305336,-1.1189291230478806,-1.1154833190761335,582700000,584500000,https://www.sec.gov/Archives/edgar/data/715957/000119312513082933/0001193125-13-082933-index.htm,https://www.sec.gov/Archives/edgar/data/715957/000119312513082933/d431694d10k.htm,1620591028,16:10:28,20210509
30,2012-09-30,DCUB,USD,2012-10-25,2012-10-25 13:51:18,Q3,3411000000.0,1052000000.0,2359000000.0,0.6915860451480504,0.0,0.0,0.0,2893000000.0,2893000000.0,3945000000.0,0.0,376000000.0,1337000000,0.3919671650542363,961000000.0,0.28173556141893874,56000000.0,195000000.0,0.05716798592788039,139000000.0,195000000.0,0.05716798592788039,0.3346490475373262,0.33361847733105215,582700000,584500000,https://www.sec.gov/Archives/edgar/data/715957/000119312512435134/0001193125-12-435134-index.htm,https://www.sec.gov/Archives/edgar/data/715957/000119312512435134/d429453d10q.htm,1620591028,16:10:28,20210509
31,2012-06-30,DCUB,USD,2012-08-01,2012-08-01 12:29:21,Q2,6515000000.0,893000000.0,5622000000.0,0.8629316960859554,0.0,0.0,0.0,2408000000.0,2408000000.0,3301000000.0,0.0,351000000.0,966000000,0.14827321565617804,615000000.0,0.09439754412893323,44000000.0,272000000.0,0.04174980813507291,153000000.0,272000000.0,0.04174980813507291,0.46679251759052687,0.46535500427716,582700000,584500000,https://www.sec.gov/Archives/edgar/data/715957/000119312512327880/0001193125-12-327880-index.htm,https://www.sec.gov/Archives/edgar/data/715957/000119312512327880/d388091d10q.htm,1620591028,16:10:28,20210509
32,2012-03-31,DCUB,USD,2012-04-26,2012-04-26 14:38:12,Q1,3492000000.0,948000000.0,2544000000.0,0.7285223367697594,0.0,0.0,0.0,2577000000.0,2577000000.0,3525000000.0,0.0,353000000.0,1268000000,0.3631156930126002,915000000.0,0.2620274914089347,74000000.0,494000000.0,0.14146620847651775,260000000.0,494000000.0,0.14146620847651775,0.8477775870945599,0.8451668092386655,582700000,584500000,https://www.sec.gov/Archives/edgar/data/715957/000119312512185437/0001193125-12-185437-index.htm,https://www.sec.gov/Archives/edgar/data/715957/000119312512185437/d340025d10q.htm,1620591028,16:10:28,20210509
33,2011-12-31,DCUB,USD,2012-02-28,2012-02-28 17:20:58,Q4,14379000000.0,924000000.0,13455000000.0,0.9357396202795744,0.0,0.0,0.0,2838000000.0,2838000000.0,3762000000.0,0.0,1288000000.0,1628000000,0.11322066903122609,340000000.0,0.023645594269420683,67000000.0,201000000.0,0.013978718965157521,23000000.0,201000000.0,0.013978718965157521,0.3449459413077055,0.3438836612489307,582700000,584500000,https://www.sec.gov/Archives/edgar/data/715957/000119312512085811/0001193125-12-085811-index.htm,https://www.sec.gov/Archives/edgar/data/715957/000119312512085811/d283555d10k.htm,1620591028,16:10:28,20210509
34,2011-09-30,DCUB,USD,2011-10-28,2011-10-28 13:38:54,Q3,3803000000.0,1243000000.0,2560000000.0,0.6731527741256902,0.0,0.0,0.0,2970000000.0,2970000000.0,4213000000.0,-443000000.0,-627000000.0,206000000,0.054167762292926636,833000000.0,0.21903760189324217,16000000.0,600000000.0,0.15777018143570865,204000000.0,392000000.0,0.10307651853799632,0.6727303929981122,0.6706586826347305,582700000,584500000,https://www.sec.gov/Archives/edgar/data/715957/000119312511285781/0001193125-11-285781-index.htm,https://www.sec.gov/Archives/edgar/data/715957/000119312511285781/d247534d10q.htm,1620591028,16:10:28,20210509
35,2011-06-30,DCUB,USD,2011-07-29,2011-07-29 08:35:25,Q2,3341000000.0,2027000000.0,1314000000.0,0.3932954205327746,0.0,0.0,-17000000.0,993000000.0,993000000.0,2616000000.0,216000000.0,82000000.0,807000000,0.2415444477701287,725000000.0,0.21700089793475008,96000000.0,548000000.0,0.16402274768033523,208000000.0,336000000.0,0.10056869200838073,0.5827263267429761,0.5814154698044645,576600000,577900000,https://www.sec.gov/Archives/edgar/data/715957/000119312511201833/0001193125-11-201833-index.htm,https://www.sec.gov/Archives/edgar/data/715957/000119312511201833/d10q.htm,1620591028,16:10:28,20210509
36,2011-03-31,DCUB,USD,2011-04-29,2011-04-29 08:55:09,Q1,4057000000.0,0.0,4057000000.0,1.0,0.0,0.0,17000000.0,1088000000.0,1088000000.0,3094000000.0,227000000.0,545000000.0,1508000000,0.37170322898693614,963000000.0,0.2373675129405965,0.0,793000000.0,0.19546462903623368,310000000.0,479000000.0,0.11806753758935173,0.8261469472231804,0.8251507321274764,579800000,580500000,https://www.sec.gov/Archives/edgar/data/715957/000119312511117076/0001193125-11-117076-index.htm,https://www.sec.gov/Archives/edgar/data/715957/000119312511117076/d10q.htm,1620591028,16:10:28,20210509
37,2010-12-31,DCUB,USD,2011-02-28,2011-02-28 16:10:25,Q4,3746000000.0,0.0,3746000000.0,1.0,0.0,0.0,0.0,1247000000.0,1247000000.0,3009000000.0,232000000.0,684000000.0,1421000000,0.3793379604911906,737000000.0,0.19674319273892152,0.0,565000000.0,0.15082754938601176,254000000.0,298000000.0,0.0795515216230646,0.5060281881473935,0.5049991526859854,588900000,590100000,https://www.sec.gov/Archives/edgar/data/715957/000119312511049905/0001193125-11-049905-index.htm,https://www.sec.gov/Archives/edgar/data/715957/000119312511049905/d10k.htm,1620591028,16:10:28,20210509
38,2010-09-30,DCUB,USD,2010-10-29,2010-10-29 16:04:25,Q3,3950000000.0,1180000000.0,2770000000.0,0.7012658227848101,0.0,0.0,0.0,1017000000.0,1017000000.0,2831000000.0,229000000.0,837000000.0,1956000000,0.4951898734177215,1119000000.0,0.2832911392405063,63000000.0,953000000.0,0.24126582278481012,374000000.0,575000000.0,0.14556962025316456,0.9717762379584248,0.9699730094466936,591700000,592800000,https://www.sec.gov/Archives/edgar/data/715957/000119312510241221/0001193125-10-241221-index.htm,https://www.sec.gov/Archives/edgar/data/715957/000119312510241221/d10q.htm,1620591028,16:10:28,20210509
39,2010-06-30,DCUB,USD,2010-08-02,2010-08-02 16:04:10,Q2,3333000000.0,956000000.0,2377000000.0,0.7131713171317132,0.0,0.0,0.0,1041000000.0,1041000000.0,2690000000.0,188000000.0,272000000.0,3382000000,1.0147014701470147,3110000000.0,0.933093309330933,-25000000.0,2897000000.0,0.8691869186918691,1134000000.0,1761000000.0,0.5283528352835284,2.959166526634179,2.954202315047811,595100000,596100000,https://www.sec.gov/Archives/edgar/data/715957/000119312510173603/0001193125-10-173603-index.htm,https://www.sec.gov/Archives/edgar/data/715957/000119312510173603/d10q.htm,1620591028,16:10:28,20210509
40,2010-03-31,DCUB,USD,2010-04-29,2010-04-29 16:04:11,Q1,4168000000.0,1028000000.0,3140000000.0,0.753358925143954,0.0,0.0,0.0,1251000000.0,1251000000.0,3434000000.0,183000000.0,147000000.0,881000000,0.21137236084452976,734000000.0,0.17610364683301344,71000000.0,622000000.0,0.14923224568138196,295000000.0,174000000.0,0.041746641074856046,0.2923878339774828,0.291897332662305,595100000,596100000,https://www.sec.gov/Archives/edgar/data/715957/000119312510099289/0001193125-10-099289-index.htm,https://www.sec.gov/Archives/edgar/data/715957/000119312510099289/d10q.htm,1620591028,16:10:28,20210509
41,2009-12-31,DCUB,USD,2010-02-26,2010-02-26 16:06:23,Q4,0.0,0.0,0.0,0.0,0.0,0.0,0.0,0.0,0.0,0.0,0.0,359000000.0,359000000,0.0,0.0,0.0,0.0,0.0,0.0,0.0,0.0,0.0,0.0,0.0,595100000,596100000,https://www.sec.gov/Archives/edgar/data/715957/000119312510042883/0001193125-10-042883-index.htm,https://www.sec.gov/Archives/edgar/data/715957/000119312510042883/d10k.htm,1620591028,16:10:28,20210509
42,2009-09-30,DCUB,USD,2009-11-02,2009-11-02 16:04:54,Q3,3648000000.0,1072000000.0,2576000000.0,0.706140350877193,0.0,0.0,0.0,2576000000.0,2576000000.0,3648000000.0,-978000000.0,320000000.0,1392000000,0.3815789473684211,1072000000.0,0.29385964912280704,123000000.0,978000000.0,0.2680921052631579,380000000.0,598000000.0,0.16392543859649122,1.0048731305662915,1.003187384667002,595100000,596100000,https://www.sec.gov/Archives/edgar/data/715957/000119312509220395/0001193125-09-220395-index.htm,https://www.sec.gov/Archives/edgar/data/715957/000119312509220395/d10q.htm,1620591028,16:10:28,20210509
43,2009-06-30,DCUB,USD,2009-07-31,2009-07-31 16:02:45,Q2,8228000000.0,2139000000.0,6089000000.0,0.740034030140982,0.0,0.0,0.0,6621000000.0,6621000000.0,8760000000.0,-1170000000.0,315000000.0,1922000000,0.2335926105979582,1607000000.0,0.19530870199319397,4000000.0,1170000000.0,0.14219737481769568,460000000.0,710000000.0,0.08629071463296062,1.1930767938161653,1.1910753229323938,595100000,596100000,https://www.sec.gov/Archives/edgar/data/715957/000119312509160797/0001193125-09-160797-index.htm,https://www.sec.gov/Archives/edgar/data/715957/000119312509160797/d10q.htm,1620591028,16:10:28,20210509
44,2009-03-31,DCUB,USD,2009-04-30,2009-04-30 16:21:08,Q1,0.0,0.0,0.0,0.0,0.0,0.0,0.0,0.0,0.0,0.0,0.0,325000000.0,325000000,0.0,0.0,0.0,0.0,0.0,0.0,0.0,0.0,0.0,0.0,0.0,578548895,578548895,https://www.sec.gov/Archives/edgar/data/715957/000119312509094447/0001193125-09-094447-index.htm,https://www.sec.gov/Archives/edgar/data/715957/000119312509094447/d10q.htm,1620591028,16:10:28,20210509
45,2008-12-31,DCUB,USD,2009-02-26,2009-02-26 16:27:27,Q4,4218000000.0,957000000.0,3261000000.0,0.7731152204836416,0.0,0.0,0.0,3417000000.0,3417000000.0,4374000000.0,-183000000.0,303000000.0,1104000000,0.26173541963015645,801000000.0,0.18990042674253202,-68000000.0,526000000.0,0.12470365101944049,178000000.0,348000000.0,0.08250355618776671,0.6015,0.6015,578548895,578548895,https://www.sec.gov/Archives/edgar/data/715957/000119312509039102/0001193125-09-039102-index.htm,https://www.sec.gov/Archives/edgar/data/715957/000119312509039102/d10k.htm,1620591028,16:10:28,20210509
46,2008-09-30,DCUB,USD,2008-10-30,2008-10-30 16:02:14,Q3,4231000000.0,1370000000.0,2861000000.0,0.676199480028362,0.0,0.0,0.0,3176000000.0,3176000000.0,4546000000.0,-195000000.0,312000000.0,1367000000,0.32309146773812336,1055000000.0,0.24935003545261167,14000000.0,852000000.0,0.2013708343181281,344000000.0,508000000.0,0.12006617820846135,0.88199,0.88199,575968992,575968992,https://www.sec.gov/Archives/edgar/data/715957/000119312508220249/0001193125-08-220249-index.htm,https://www.sec.gov/Archives/edgar/data/715957/000119312508220249/d10q.htm,1620591028,16:10:28,20210509
47,2008-06-30,DCUB,USD,2008-07-31,2008-07-31 16:08:38,Q2,3452000000.0,830000000.0,2622000000.0,0.7595596755504056,0.0,0.0,0.0,2741000000.0,2741000000.0,3571000000.0,-183000000.0,282000000.0,993000000,0.2876593279258401,711000000.0,0.2059675550405562,-1000000.0,500000000.0,0.14484356894553882,200000000.0,298000000.0,0.08632676709154113,0.518,0.518,575294117,575294117,https://www.sec.gov/Archives/edgar/data/715957/000119312508162581/0001193125-08-162581-index.htm,https://www.sec.gov/Archives/edgar/data/715957/000119312508162581/d10q.htm,1620591028,16:10:28,20210509
48,2008-03-31,DCUB,USD,2008-05-01,2008-05-01 16:51:53,Q1,4389000000.0,806000000.0,3583000000.0,0.8163590795169743,0.0,0.0,0.0,3330000000.0,3330000000.0,4136000000.0,-188000000.0,294000000.0,1353000000,0.3082706766917293,1059000000.0,0.24128503075871496,-3000000.0,837000000.0,0.19070403280929596,157000000.0,680000000.0,0.15493278651173387,1.18,1.18,576271186,576271186,https://www.sec.gov/Archives/edgar/data/715957/000119312508099298/0001193125-08-099298-index.htm,https://www.sec.gov/Archives/edgar/data/715957/000119312508099298/d10q.htm,1620591028,16:10:28,20210509
49,2007-12-31,DCUB,USD,2008-02-28,2008-02-28 09:40:33,Q4,3694000000.0,769000000.0,2925000000.0,0.7918245804006497,0.0,0.0,0.0,2962000000.0,2962000000.0,3731000000.0,-170000000.0,289000000.0,1021000000,0.27639415268002165,732000000.0,0.1981591770438549,-23000000.0,508000000.0,0.13752030319436925,207000000.0,299000000.0,0.08094206821873308,0.48872,0.48872,611807228,611807228,https://www.sec.gov/Archives/edgar/data/715957/000119312508041046/0001193125-08-041046-index.htm,https://www.sec.gov/Archives/edgar/data/715957/000119312508041046/d10k.htm,1620591028,16:10:28,20210509
50,2007-09-30,DCUB,USD,2007-11-01,2007-11-01 16:12:17,Q3,3589000000.0,914000000.0,2675000000.0,0.7453329618278072,0.0,0.0,0.0,-626000000.0,-626000000.0,288000000.0,-403000000.0,322000000.0,4537000000,1.2641404290888827,4215000000.0,1.1744218445249373,33000000.0,3811000000.0,1.0618556701030928,1498000000.0,2317000000.0,0.6455837280579548,7.34406,7.34406,315492957,315492957,https://www.sec.gov/Archives/edgar/data/715957/000119312507232502/0001193125-07-232502-index.htm,https://www.sec.gov/Archives/edgar/data/715957/000119312507232502/d10q.htm,1620591028,16:10:28,20210509
51,2007-06-30,DCUB,USD,2007-08-08,2007-08-08 16:11:45,Q2,3679000000.0,910000000.0,2769000000.0,0.7526501766784452,0.0,0.0,0.0,4067000000.0,4067000000.0,4977000000.0,-239000000.0,464000000.0,76000000,0.020657787442239738,-388000000.0,-0.10546344115248708,42000000.0,-624000000.0,-0.1696113074204947,-235000000.0,-530000000.0,-0.14406088611035608,1.65195,1.65195,-320833333,-320833333,https://www.sec.gov/Archives/edgar/data/715957/000119312507175573/0001193125-07-175573-index.htm,https://www.sec.gov/Archives/edgar/data/715957/000119312507175573/d10q.htm,1620591028,16:10:28,20210509
52,2007-03-31,DCUB,USD,2007-05-03,2007-05-02 20:37:40,Q1,4712000000.0,918000000.0,3794000000.0,0.8051782682512734,0.0,0.0,0.0,3704000000.0,3704000000.0,4622000000.0,-220000000.0,458000000.0,1466000000,0.3111205432937182,1008000000.0,0.21392190152801357,50000000.0,799000000.0,0.16956706281833617,313000000.0,453000000.0,0.09613752122241087,1.38,1.38,328260869,328260869,https://www.sec.gov/Archives/edgar/data/715957/000119312507099925/0001193125-07-099925-index.htm,https://www.sec.gov/Archives/edgar/data/715957/000119312507099925/d10q.htm,1620591028,16:10:28,20210509
53,2006-12-31,DCUB,USD,2007-02-28,2007-02-28 16:14:01,Q4,3936000000.0,645000000.0,3291000000.0,0.8361280487804879,0.0,0.0,0.0,3335000000.0,3335000000.0,3980000000.0,-204000000.0,443000000.0,1044000000,0.2652439024390244,601000000.0,0.1526930894308943,38000000.0,401000000.0,0.10188008130081301,186000000.0,31000000.0,0.007876016260162601,0.10041,0.10041,308724832,308724832,https://www.sec.gov/Archives/edgar/data/715957/000119312507042607/0001193125-07-042607-index.htm,https://www.sec.gov/Archives/edgar/data/715957/000119312507042607/d10k.htm,1620591028,16:10:28,20210509
54,2006-09-30,DCUB,USD,2006-11-01,2006-11-01 17:28:30,Q3,4033000000.0,1065000000.0,2968000000.0,0.7359285891395984,0.0,0.0,0.0,2732000000.0,2732000000.0,3797000000.0,-228000000.0,434000000.0,1735000000,0.43020084304487977,1301000000.0,0.32258864368956114,44000000.0,1079000000.0,0.2675427721299281,420000000.0,654000000.0,0.16216216216216217,1.00354,1.00354,651690821,651690821,https://www.sec.gov/Archives/edgar/data/715957/000002373806000030/0000023738-06-000030-index.htm,https://www.sec.gov/Archives/edgar/data/715957/000002373806000030/qtr3dominionq.htm,1620591028,16:10:28,20210509
55,2006-06-30,DCUB,USD,2006-08-03,2006-08-03 17:03:17,Q2,3556000000.0,760000000.0,2796000000.0,0.7862767154105736,0.0,0.0,0.0,3073000000.0,3073000000.0,3833000000.0,-224000000.0,448000000.0,931000000,0.2618110236220472,483000000.0,0.13582677165354332,49000000.0,271000000.0,0.07620922384701913,110000000.0,161000000.0,0.045275590551181105,0.46331,0.46331,347500000,347500000,https://www.sec.gov/Archives/edgar/data/715957/000002373806000014/0000023738-06-000014-index.htm,https://www.sec.gov/Archives/edgar/data/715957/000002373806000014/dri_secondqtr.htm,1620591028,16:10:28,20210509
56,2006-03-31,DCUB,USD,2006-05-04,2006-05-03 19:17:41,Q1,4957000000.0,766000000.0,4191000000.0,0.8454710510389348,0.0,0.0,0.0,3997000000.0,3997000000.0,4763000000.0,-234000000.0,414000000.0,1374000000,0.2771837805124067,960000000.0,0.19366552350211821,43000000.0,738000000.0,0.1488803711922534,204000000.0,534000000.0,0.10772644744805326,1.54,1.54,346753246,346753246,https://www.sec.gov/Archives/edgar/data/715957/000071595706000013/0000715957-06-000013-index.htm,https://www.sec.gov/Archives/edgar/data/715957/000071595706000013/dominion10q.htm,1620591028,16:10:28,20210509
57,2005-12-31,DCUB,USD,2006-03-02,2006-03-02 08:40:52,Q4,0.0,0.0,0.0,0.0,0.0,0.0,0.0,12000000.0,12000000.0,12000000.0,-60000000.0,395000000.0,383000000,0.0,-12000000.0,0.0,176000000.0,-299000000.0,0.0,5000000.0,1033000000.0,0.0,2.67568,2.67568,386069651,386069651,https://www.sec.gov/Archives/edgar/data/715957/000119312506043336/0001193125-06-043336-index.htm,https://www.sec.gov/Archives/edgar/data/715957/000119312506043336/d10k.htm,1620591028,16:10:28,20210509
58,2005-09-30,DCUB,USD,2005-11-03,2005-11-03 16:44:20,Q3,4564000000.0,1752000000.0,2812000000.0,0.6161262050832603,0.0,0.0,0.0,4379000000.0,4379000000.0,6131000000.0,-211000000.0,392000000.0,577000000,0.1264241893076249,185000000.0,0.040534618755477654,65000000.0,8000000.0,0.0017528483786152498,-2000000.0,15000000.0,0.003286590709903593,0.03885,0.03885,386069651,386069651,https://www.sec.gov/Archives/edgar/data/715957/000071595705000053/0000715957-05-000053-index.htm,https://www.sec.gov/Archives/edgar/data/715957/000071595705000053/dom3q.htm,1620591028,16:10:28,20210509
59,2005-06-30,DCUB,USD,2005-08-03,2005-08-03 16:39:59,Q2,3637000000.0,943000000.0,2694000000.0,0.7407203739345615,0.0,0.0,0.0,2932000000.0,2932000000.0,3875000000.0,-199000000.0,371000000.0,1076000000,0.2958482265603519,705000000.0,0.19384107781138302,32000000.0,508000000.0,0.13967555677756394,176000000.0,332000000.0,0.09128402529557328,0.5846,0.5846,567910447,567910447,https://www.sec.gov/Archives/edgar/data/715957/000071595705000037/0000715957-05-000037-index.htm,https://www.sec.gov/Archives/edgar/data/715957/000071595705000037/dri10q.htm,1620591028,16:10:28,20210509
60,2005-03-31,DCUB,USD,2005-05-04,2005-05-04 16:05:50,Q1,4732000000.0,841000000.0,3891000000.0,0.8222738799661876,0.0,0.0,0.0,3859000000.0,3859000000.0,4700000000.0,-217000000.0,380000000.0,1253000000,0.26479289940828404,873000000.0,0.1844885883347422,51000000.0,677000000.0,0.1430684699915469,248000000.0,429000000.0,0.09065934065934066,0.67,0.67,640298507,640298507,https://www.sec.gov/Archives/edgar/data/715957/000071595705000018/0000715957-05-000018-index.htm,https://www.sec.gov/Archives/edgar/data/715957/000071595705000018/dri10q.htm,1620591028,16:10:28,20210509
61,2004-12-31,DCUB,USD,2005-02-28,2005-02-28 16:40:56,Q4,3761000000.0,457000000.0,3304000000.0,0.8784897633608083,0.0,0.0,0.0,3258000000.0,3258000000.0,3715000000.0,-724000000.0,373000000.0,876000000,0.23291677745280512,503000000.0,0.1337410263227865,34000000.0,307000000.0,0.08162722680138261,83000000.0,224000000.0,0.05955862802446158,0.68868,0.68868,325260416,325260416,https://www.sec.gov/Archives/edgar/data/715957/000119312505038704/0001193125-05-038704-index.htm,https://www.sec.gov/Archives/edgar/data/715957/000119312505038704/d10k.htm,1620591028,16:10:28,20210509
62,2004-09-30,DCUB,USD,2004-11-03,2004-11-03 16:30:48,Q3,3292000000.0,612000000.0,2680000000.0,0.8140947752126367,0.0,0.0,0.0,2548000000.0,2548000000.0,3160000000.0,-32000000.0,361000000.0,1105000000,0.33566221142162816,744000000.0,0.22600243013365734,53000000.0,558000000.0,0.16950182260024302,221000000.0,337000000.0,0.10236938031591737,0.63619,0.63619,529715762,529715762,https://www.sec.gov/Archives/edgar/data/715957/000071595704000160/0000715957-04-000160-index.htm,https://www.sec.gov/Archives/edgar/data/715957/000071595704000160/dir10q.htm,1620591028,16:10:28,20210509
63,2004-06-30,DCUB,USD,2004-08-04,2004-08-04 16:31:01,Q2,3040000000.0,575000000.0,2465000000.0,0.8108552631578947,0.0,0.0,0.0,2460000000.0,2460000000.0,3035000000.0,-26000000.0,347000000.0,927000000,0.3049342105263158,580000000.0,0.19078947368421054,44000000.0,394000000.0,0.12960526315789472,396000000.0,251000000.0,0.08256578947368422,0.47063,0.47063,533333333,533333333,https://www.sec.gov/Archives/edgar/data/715957/000071595704000141/0000715957-04-000141-index.htm,https://www.sec.gov/Archives/edgar/data/715957/000071595704000141/dri10q.htm,1620591028,16:10:28,20210509
64,2004-03-31,DCUB,USD,2004-05-05,2004-05-05 16:30:20,Q1,3879000000.0,518000000.0,3361000000.0,0.8664604279453467,0.0,0.0,0.0,2989000000.0,2989000000.0,3507000000.0,-29000000.0,352000000.0,1242000000,0.32018561484918795,890000000.0,0.2294405774684197,55000000.0,705000000.0,0.18174787316318639,0.0,437000000.0,0.11265790152101057,0.645,0.645,677519379,677519379,https://www.sec.gov/Archives/edgar/data/715957/000071595704000062/0000715957-04-000062-index.htm,https://www.sec.gov/Archives/edgar/data/715957/000071595704000062/dri10q.htm,1620591028,16:10:28,20210509
65,2003-12-31,DCUB,USD,2004-03-01,2004-02-27 18:50:33,Q4,3001000000.0,443000000.0,2558000000.0,0.8523825391536155,0.0,0.0,0.0,2133000000.0,2133000000.0,2576000000.0,-821000000.0,309000000.0,1177000000,0.3922025991336221,868000000.0,0.28923692102632453,11000000.0,600000000.0,0.19993335554815062,597000000.0,-174000000.0,-0.05798067310896368,-1.63604,-1.63604,106354515,106354515,https://www.sec.gov/Archives/edgar/data/715957/000119312504031543/0001193125-04-031543-index.htm,https://www.sec.gov/Archives/edgar/data/715957/000119312504031543/d10k.htm,1620591028,16:10:28,20210509
66,2003-09-30,DCUB,USD,2003-11-07,2003-11-07 16:20:06,Q3,2857000000.0,447000000.0,2410000000.0,0.8435421771088555,0.0,0.0,0.0,2708000000.0,2708000000.0,3155000000.0,394000000.0,354000000.0,503000000,0.176058802940147,149000000.0,0.05215260763038152,51000000.0,-11000000.0,-0.0038501925096254812,0.0,-256000000.0,-0.0896044802240112,-1.00683,-1.00683,254263565,254263565,https://www.sec.gov/Archives/edgar/data/715957/000071595703000227/0000715957-03-000227-index.htm,https://www.sec.gov/Archives/edgar/data/715957/000071595703000227/dom10q.htm,1620591028,16:10:28,20210509
67,2003-06-30,DCUB,USD,2003-08-11,2003-08-11 16:17:02,Q2,2636000000.0,363000000.0,2273000000.0,0.8622913505311077,0.0,0.0,0.0,2077000000.0,2077000000.0,2440000000.0,-213000000.0,343000000.0,902000000,0.34218512898330805,559000000.0,0.2120637329286798,53000000.0,367000000.0,0.13922610015174508,0.0,240000000.0,0.09104704097116843,0.4139,0.4139,579844961,579844961,https://www.sec.gov/Archives/edgar/data/715957/000071595703000177/0000715957-03-000177-index.htm,https://www.sec.gov/Archives/edgar/data/715957/000071595703000177/dom10q.htm,1620591028,16:10:28,20210509
68,2003-03-31,DCUB,USD,2003-05-09,2003-05-09 16:23:55,Q1,3584000000.0,414000000.0,3170000000.0,0.8844866071428571,0.0,0.0,0.0,2599000000.0,2599000000.0,3013000000.0,-209000000.0,328000000.0,1313000000,0.36635044642857145,985000000.0,0.2748325892857143,-155000000.0,590000000.0,0.16462053571428573,0.0,508000000.0,0.14174107142857142,0.645,0.645,787596899,787596899,https://www.sec.gov/Archives/edgar/data/715957/000071595703000142/0000715957-03-000142-index.htm,https://www.sec.gov/Archives/edgar/data/715957/000071595703000142/dominion10q.htm,1620591028,16:10:28,20210509
69,2002-12-31,DCUB,USD,2003-03-20,2003-03-20 17:03:31,Q4,2706000000.0,370000000.0,2336000000.0,0.8632668144863267,0.0,0.0,0.0,1992000000.0,1992000000.0,2362000000.0,-201000000.0,336000000.0,1050000000,0.38802660753880264,714000000.0,0.2638580931263858,12000000.0,494000000.0,0.18255728011825573,0.0,338000000.0,0.12490761271249076,1.2036,1.2036,280824742,280824742,https://www.sec.gov/Archives/edgar/data/715957/000092838503000725/0000928385-03-000725-index.htm,https://www.sec.gov/Archives/edgar/data/715957/000092838503000725/d10k.htm,1620591028,16:10:28,20210509
70,2002-09-30,DCUB,USD,2002-11-08,2002-11-08 16:04:28,Q3,2546000000.0,417000000.0,2129000000.0,0.8362136684996072,0.0,0.0,0.0,1710000000.0,1710000000.0,2127000000.0,-204000000.0,348000000.0,1184000000,0.46504320502749413,836000000.0,0.3283582089552239,39000000.0,641000000.0,0.25176747839748626,0.0,431000000.0,0.16928515318146112,1.56995,1.56995,274530831,274530831,https://www.sec.gov/Archives/edgar/data/715957/000071595702000143/0000715957-02-000143-index.htm,https://www.sec.gov/Archives/edgar/data/715957/000071595702000143/dri10q.htm,1620591028,16:10:28,20210509
71,2002-06-30,DCUB,USD,2002-08-07,2002-08-07 17:04:18,Q2,2332000000.0,326000000.0,2006000000.0,0.8602058319039451,0.0,0.0,0.0,1708000000.0,1708000000.0,2034000000.0,-210000000.0,695000000.0,1319000000,0.5656089193825042,624000000.0,0.26758147512864494,30000000.0,417000000.0,0.17881646655231562,0.0,271000000.0,0.11620926243567753,0.99626,0.99626,272018348,272018348,https://www.sec.gov/Archives/edgar/data/715957/000071595702000093/0000715957-02-000093-index.htm,https://www.sec.gov/Archives/edgar/data/715957/000071595702000093/dri10q.htm,1620591028,16:10:28,20210509
72,2002-03-31,DCUB,USD,2002-05-03,2002-05-03 13:59:29,Q1,2634000000.0,334000000.0,2300000000.0,0.8731966590736523,0.0,0.0,0.0,1923000000.0,1923000000.0,2257000000.0,-211000000.0,0.0,711000000,0.26993166287015946,711000000.0,0.26993166287015946,22000000.0,491000000.0,0.18640850417615792,0.0,322000000.0,0.12224753227031131,0.645,0.645,499224806,499224806,https://www.sec.gov/Archives/edgar/data/715957/000071595702000055/0000715957-02-000055-index.htm,https://www.sec.gov/Archives/edgar/data/715957/000071595702000055/dri10q.htm,1620591028,16:10:28,20210509
73,2001-12-31,DCUB,USD,2002-03-11,2002-03-11 00:00:00,Q4,0.0,1369000000.0,-1369000000.0,0.0,0.0,0.0,0.0,22483000000.0,22483000000.0,23852000000.0,-899000000.0,1322000000.0,3107000000,0.0,1785000000.0,0.0,126000000.0,914000000.0,0.0,0.0,544000000.0,0.0,2.17,2.17,250691244,250691244,https://www.sec.gov/Archives/edgar/data/715957/000091664102000388/0000916641-02-000388-index.htm,https://www.sec.gov/Archives/edgar/data/715957/000091664102000388/d10k.htm,1620591028,16:10:28,20210509
74,2001-09-30,DCUB,USD,2001-11-05,2001-11-05 00:00:00,Q3,2544000000.0,403000000.0,2141000000.0,0.8415880503144654,0.0,0.0,0.0,1764000000.0,1764000000.0,2167000000.0,-224000000.0,0.0,780000000,0.30660377358490565,780000000.0,0.30660377358490565,31000000.0,561000000.0,0.2205188679245283,0.0,343000000.0,0.13482704402515724,1.00409,1.00409,341602067,341602067,https://www.sec.gov/Archives/edgar/data/715957/000071595701500053/0000715957-01-500053-index.htm,https://www.sec.gov/Archives/edgar/data/715957/000071595701500053/drifinalsep01.htm,1620591028,16:10:28,20210509
75,2001-06-30,DCUB,USD,2001-08-03,2001-08-03 00:00:00,Q2,2309000000.0,339000000.0,1970000000.0,0.8531831961888263,0.0,0.0,0.0,4493000000.0,4493000000.0,4832000000.0,-461000000.0,0.0,-2184000000,-0.94586401039411,-2184000000.0,-0.94586401039411,24000000.0,286000000.0,0.12386314421827631,0.0,156000000.0,0.06756171502815071,0.63283,0.63283,246511627,246511627,https://www.sec.gov/Archives/edgar/data/715957/000071595701500034/0000715957-01-500034-index.htm,https://www.sec.gov/Archives/edgar/data/715957/000071595701500034/drisecond.htm,1620591028,16:10:28,20210509
