,date,symbol,reportedCurrency,fillingDate,acceptedDate,period,revenue,costOfRevenue,grossProfit,grossProfitRatio,researchAndDevelopmentExpenses,generalAndAdministrativeExpenses,sellingAndMarketingExpenses,otherExpenses,operatingExpenses,costAndExpenses,interestExpense,depreciationAndAmortization,ebitda,ebitdaratio,operatingIncome,operatingIncomeRatio,totalOtherIncomeExpensesNet,incomeBeforeTax,incomeBeforeTaxRatio,incomeTaxExpense,netIncome,netIncomeRatio,eps,epsdiluted,weightedAverageShsOut,weightedAverageShsOutDil,link,finalLink,timestamp,est_time,est_date
0,2020-12-31,NYMTM,USD,2021-02-26,2021-02-26 17:23:40,Q4,81099000.0,0.0,0.0,0.0,0.0,7790000.0,0.0,0.0,0.0,0.0,20261000.0,11069000.0,0.0,0.0,0.0,0.987015869492842,0.0,80046000.0,0.987015869492842,64000.0,80419000.0,0.991615186377144,0.0,0.0,0.0,0.0,https://www.sec.gov/Archives/edgar/data/1273685/000127368521000032/0001273685-21-000032-index.htm,https://www.sec.gov/Archives/edgar/data/1273685/000127368521000032/nymt-20201231.htm,1620595976,17:32:56,20210509
1,2020-09-30,NYMTM,USD,2020-11-06,2020-11-06 17:25:26,Q3,106250000.0,0.0,106250000.0,1.0,0.0,9353000.0,0.0,2895.0,13424.0,13424.0,19829000.0,3675.0,106308.0,0.0010005458823529412,102633.0,0.0009659576470588235,10397.0,102633000.0,0.9659576470588235,-772000.0,101641000.0,0.9566211764705882,0.24,0.24,0.0,0.0,https://www.sec.gov/Archives/edgar/data/1273685/000127368520000091/0001273685-20-000091-index.htm,https://www.sec.gov/Archives/edgar/data/1273685/000127368520000091/nymt-20200930.htm,1620595976,17:32:56,20210509
2,2019-12-31,NYMTM,USD,2020-02-28,2020-02-28,Q4,66803000.0,0.0,0.0,0.0,0.0,4867000.0,0.0,0.0,0.0,0.0,155774000.0,0.0,0.0,0.0,0.0,0.9747316737272278,0.0,65115000.0,0.9747316737272278,-172000.0,65482000.0,0.9802254389772914,0.0,0.0,0.0,0.0,https://www.sec.gov/Archives/edgar/data/1273685/000127368520000022/0001273685-20-000022-index.htm,https://www.sec.gov/Archives/edgar/data/1273685/000127368520000022/nymt-12312019x10k.htm,1620595976,17:32:56,20210509
3,2019-09-30,NYMTM,USD,2019-11-07,2019-11-07,Q3,49434000.0,0.0,0.0,0.0,0.0,8314000.0,0.0,0.0,0.0,0.0,147631000.0,0.0,0.0,0.0,0.0,0.8309867702391067,0.0,41079000.0,0.8309867702391067,-187000.0,41379000.0,0.8370554678965894,0.0,0.0,0.0,0.0,https://www.sec.gov/Archives/edgar/data/1273685/000127368519000097/0001273685-19-000097-index.htm,https://www.sec.gov/ix?doc=/Archives/edgar/data/1273685/000127368519000097/nymt-09302019x10q.htm,1620595976,17:32:56,20210509
4,2018-12-31,NYMTM,USD,2018-12-31,2018-12-31,Q4,25581000.0,0.0,0.0,0.0,0.0,9619000.0,0.0,0.0,0.0,0.0,107062000.0,-10229000.0,0.0,0.0,0.0,0.3517845275790626,0.0,8999000.0,0.3517845275790626,-510000.0,9601000.0,0.3753176185450139,0.0,0.0,0.0,0.0,,,1620595976,17:32:56,20210509
5,2018-09-30,NYMTM,USD,2018-09-30,2018-09-30,Q3,43066000.0,0.0,0.0,0.0,0.0,7040000.0,0.0,0.0,0.0,0.0,90646000.0,-7521000.0,0.0,0.0,0.0,0.7893465843124506,0.0,33994000.0,0.7893465843124506,-454000.0,33973000.0,0.7888589606650258,0.0,0.0,0.0,0.0,,,1620595976,17:32:56,20210509
6,2017-12-31,NYMTM,USD,2018-02-27,2018-02-27,Q4,38967000.0,0.0,0.0,0.0,0.0,4323000.0,0.0,0.0,0.0,0.0,87300000.0,-2051000.0,0.0,0.0,0.0,0.8203864808684271,0.0,31968000.0,0.8203864808684271,1168000.0,30616000.0,0.7856904560268946,0.0,0.0,0.0,0.0,https://www.sec.gov/Archives/edgar/data/1273685/000127368518000018/0001273685-18-000018-index.htm,https://www.sec.gov/Archives/edgar/data/1273685/000127368518000018/nymt-12312017x10k.htm,1620595976,17:32:56,20210509
7,2017-09-30,NYMTM,USD,2017-11-07,2017-11-07,Q3,37675000.0,0.0,0.0,0.0,0.0,5628000.0,0.0,0.0,0.0,0.0,78062000.0,925000.0,0.0,0.0,0.0,0.7230789648307896,0.0,27242000.0,0.7230789648307896,507000.0,27845000.0,0.7390842733908427,0.0,0.0,0.0,0.0,https://www.sec.gov/Archives/edgar/data/1273685/000127368517000077/0001273685-17-000077-index.htm,https://www.sec.gov/Archives/edgar/data/1273685/000127368517000077/nymt-09302017x10q.htm,1620595976,17:32:56,20210509
8,2016-12-31,NYMTM,USD,2016-12-31,2016-12-31,Q4,20312000.0,0.0,0.0,0.0,0.0,1961000.0,0.0,0.0,0.0,0.0,63575000.0,1935000.0,0.0,0.0,0.0,0.6532591571484837,0.0,13269000.0,0.6532591571484837,375000.0,12897000.0,0.6349448601811737,0.0,0.0,0.0,0.0,,,1620595976,17:32:56,20210509
9,2016-09-30,NYMTM,USD,2016-09-30,2016-09-30,Q3,32176000.0,0.0,0.0,0.0,0.0,6307000.0,0.0,0.0,0.0,0.0,64007000.0,1968000.0,0.0,0.0,0.0,0.728648682247638,0.0,23445000.0,0.728648682247638,163000.0,23268000.0,0.7231476877175534,0.0,0.0,0.0,0.0,,,1620595976,17:32:56,20210509
10,2015-12-31,NYMTM,USD,2015-12-31,2015-12-31,Q4,13634000.0,0.0,0.0,0.0,0.0,7127000.0,0.0,0.0,0.0,0.0,64875000.0,-898000.0,0.0,0.0,0.0,0.3132609652339739,0.0,4271000.0,0.3132609652339739,64000.0,4207000.0,0.3085668182484964,0.0,0.0,0.0,0.0,,,1620595976,17:32:56,20210509
11,2015-09-30,NYMTM,USD,2015-09-30,2015-09-30,Q3,39627000.0,0.0,0.0,0.0,0.0,6569000.0,0.0,0.0,0.0,0.0,64295000.0,2738000.0,0.0,0.0,0.0,0.7237489590430767,0.0,28680000.0,0.7237489590430767,3048000.0,25632000.0,0.6468317056552351,0.0,0.0,0.0,0.0,,,1620595976,17:32:56,20210509
12,2014-12-31,NYMTM,USD,2014-12-31,2014-12-31,Q4,58118000.0,0.0,0.0,0.0,0.0,11201000.0,0.0,0.0,0.0,0.0,74315000.0,212000.0,0.0,0.0,0.0,0.7519701297360543,0.0,43703000.0,0.7519701297360543,1727000.0,41976000.0,0.7222547231494546,0.0,0.0,0.0,0.0,,,1620595976,17:32:56,20210509
13,2014-09-30,NYMTM,USD,2014-09-30,2014-09-30,Q3,55917000.0,0.0,0.0,0.0,0.0,10122000.0,0.0,0.0,0.0,0.0,75617000.0,-1266000.0,0.0,0.0,0.0,0.7300999695977968,0.0,40825000.0,0.7300999695977968,1100000.0,39725000.0,0.7104279557200851,0.0,0.0,0.0,0.0,,,1620595976,17:32:56,20210509
14,2013-12-31,NYMTM,USD,2013-12-31,2013-12-31,Q4,30109000.0,0.0,0.0,0.0,0.0,4922000.0,0.0,0.0,0.0,0.0,68584000.0,347000.0,0.0,0.0,0.0,0.7803314623534492,0.0,23495000.0,0.7803314623534492,208000.0,23287000.0,0.7734232289348699,0.0,0.0,0.0,0.0,,,1620595976,17:32:56,20210509
15,2013-09-30,NYMTM,USD,2013-09-30,2013-09-30,Q3,23917000.0,0.0,0.0,0.0,0.0,4031000.0,0.0,0.0,0.0,0.0,61532000.0,4481000.0,0.0,0.0,0.0,0.7775640757620103,0.0,18597000.0,0.7775640757620103,211000.0,18386000.0,0.7687418990676088,0.0,0.0,0.0,0.0,,,1620595976,17:32:56,20210509
16,2012-12-31,NYMTM,USD,2012-12-31,2012-12-31,Q4,12404000.0,0.0,0.0,0.0,0.0,2817000.0,0.0,0.0,0.0,0.0,38185000.0,3899000.0,0.0,0.0,0.0,0.7477426636568849,0.0,9275000.0,0.7477426636568849,-133000.0,9390000.0,0.7570138664946792,0.0,0.0,0.0,0.0,,,1620595976,17:32:56,20210509
17,2012-09-30,NYMTM,USD,2012-09-30,2012-09-30,Q3,12064000.0,0.0,0.0,0.0,0.0,3241000.0,0.0,0.0,0.0,0.0,35707000.0,2061000.0,0.0,0.0,0.0,0.7055702917771883,0.0,8512000.0,0.7055702917771883,598000.0,7913000.0,0.6559184350132626,0.0,0.0,0.0,0.0,,,1620595976,17:32:56,20210509
18,2011-12-31,NYMTM,USD,2011-12-31,2011-12-31,Q4,2260000.0,0.0,0.0,0.0,0.0,4054000.0,0.0,0.0,0.0,0.0,1269000.0,24000.0,0.0,0.0,0.0,-0.8287610619469027,0.0,-1873000.0,-0.8287610619469027,14000.0,-1892000.0,-0.8371681415929203,0.0,0.0,0.0,0.0,,,1620595976,17:32:56,20210509
19,2011-09-30,NYMTM,USD,2011-09-30,2011-09-30,Q3,727000.0,0.0,0.0,0.0,0.0,717000.0,0.0,0.0,0.0,0.0,1203000.0,34000.0,0.0,0.0,0.0,0.07427785419532325,0.0,54000.0,0.07427785419532325,56000.0,-15000.0,-0.02063273727647868,0.0,0.0,0.0,0.0,,,1620595976,17:32:56,20210509
20,2010-12-31,NYMTM,USD,2010-12-31,2010-12-31,Q4,3369000.0,0.0,0.0,0.0,0.0,1765000.0,0.0,0.0,0.0,0.0,1992000.0,42000.0,0.0,0.0,0.0,0.0,0.0,0.0,0.0,0.0,1018000.0,0.30216681507865834,0.0,0.0,0.0,0.0,,,1620595976,17:32:56,20210509
21,2010-09-30,NYMTM,USD,2010-09-30,2010-09-30,Q3,4085000.0,0.0,0.0,0.0,0.0,2222000.0,0.0,0.0,0.0,0.0,2311000.0,142000.0,0.0,0.0,0.0,0.0,0.0,0.0,0.0,0.0,1577000.0,0.386046511627907,0.0,0.0,0.0,0.0,,,1620595976,17:32:56,20210509
22,2009-12-31,NYMTM,USD,2009-12-31,2009-12-31,Q4,6584000.0,0.0,0.0,0.0,0.0,1115000.0,0.0,0.0,0.0,0.0,2970000.0,-377000.0,0.0,0.0,0.0,0.0,0.0,0.0,0.0,0.0,4192000.0,0.6366950182260024,0.0,0.0,0.0,0.0,,,1620595976,17:32:56,20210509
23,2009-09-30,NYMTM,USD,2009-09-30,2009-09-30,Q3,5042000.0,0.0,0.0,0.0,0.0,1152000.0,0.0,0.0,0.0,0.0,3311000.0,359000.0,0.0,0.0,0.0,0.0,0.0,0.0,0.0,0.0,2877000.0,0.5706069020230068,0.0,0.0,0.0,0.0,,,1620595976,17:32:56,20210509
24,2008-12-31,NYMTM,USD,2008-12-31,2008-12-31,Q4,-18069000.0,0.0,0.0,0.0,0.0,2494000.0,0.0,0.0,0.0,0.0,7883000.0,379000.0,0.0,0.0,0.0,0.0,0.0,0.0,0.0,0.0,-5141000.0,0.2845204493884554,0.0,0.0,0.0,0.0,,,1620595976,17:32:56,20210509
25,2008-09-30,NYMTM,USD,2008-09-30,2008-09-30,Q3,2182000.0,0.0,0.0,0.0,0.0,258000.0,36000.0,0.0,0.0,0.0,8142000.0,-175000.0,0.0,0.0,0.0,0.0,0.0,0.0,0.0,0.0,1029000.0,0.4715857011915674,0.0,0.0,0.0,0.0,,,1620595976,17:32:56,20210509
26,2007-12-31,NYMTM,USD,2007-12-31,2007-12-31,Q4,-9684000.0,0.0,0.0,0.0,0.0,191000.0,46000.0,0.0,0.0,0.0,11228000.0,1698000.0,0.0,0.0,0.0,0.0,0.0,0.0,0.0,0.0,-15615000.0,1.612453531598513,0.0,0.0,0.0,0.0,,,1620595976,17:32:56,20210509
27,2007-09-30,NYMTM,USD,2007-09-30,2007-09-30,Q3,269000.0,0.0,0.0,0.0,0.0,178000.0,37000.0,0.0,0.0,0.0,12107000.0,-1021000.0,0.0,0.0,0.0,0.0,0.0,0.0,0.0,0.0,-20716000.0,-77.01115241635688,0.0,0.0,0.0,0.0,,,1620595976,17:32:56,20210509
28,2006-12-31,NYMTM,USD,2006-12-31,2006-12-31,Q4,-21738000.0,0.0,0.0,0.0,0.0,-17006000.0,-1565000.0,0.0,0.0,0.0,5837000.0,1002000.0,0.0,0.0,0.0,0.0,0.0,0.0,0.0,0.0,-9545000.0,0.43909283282730704,0.0,0.0,0.0,0.0,,,1620595976,17:32:56,20210509
29,2006-09-30,NYMTM,USD,2006-09-30,2006-09-30,Q3,3901000.0,0.0,0.0,0.0,0.0,5378000.0,427000.0,0.0,0.0,0.0,20096000.0,1314000.0,0.0,0.0,0.0,-1.9951294539861575,0.0,-7783000.0,-1.9951294539861575,-3915000.0,-3868000.0,-0.9915406306075365,0.0,0.0,0.0,0.0,,,1620595976,17:32:56,20210509
30,2005-12-31,NYMTM,USD,2005-12-31,2005-12-31,Q4,3824124.0,0.0,0.0,0.0,0.0,7104341.0,960957.0,0.0,0.0,0.0,17723911.0,2035688.0,0.0,0.0,0.0,-2.975080044475545,0.0,-11377075.0,-2.975080044475545,-2669000.0,-8708075.0,-2.2771424252979244,0.0,0.0,0.0,0.0,,,1620595976,17:32:56,20210509
31,2005-09-30,NYMTM,USD,2005-09-30,2005-09-30,Q3,16548491.0,0.0,0.0,0.0,0.0,7302398.0,1310316.0,0.0,0.0,0.0,16158928.0,2419770.0,0.0,0.0,0.0,0.11236982272280899,0.0,1859551.0,0.11236982272280899,-1000000.0,2859551.0,0.17279829320993678,0.0,0.0,0.0,0.0,,,1620595976,17:32:56,20210509
32,2004-12-31,NYMTM,USD,2004-12-31,2004-12-31,Q4,14482740.0,0.0,0.0,0.0,0.0,5723912.0,1216047.0,0.0,0.0,0.0,8732686.0,1689657.0,0.0,0.0,0.0,0.10694875417220774,0.0,1548911.0,0.10694875417220774,-1312929.0,2861840.0,0.19760349215687087,0.0,0.0,0.0,0.0,,,1620595976,17:32:56,20210509
33,2004-09-30,NYMTM,USD,2004-09-30,2004-09-30,Q3,10920332.0,0.0,0.0,0.0,0.0,4503571.0,677531.0,0.0,0.0,0.0,5465192.0,461788.0,0.0,0.0,0.0,0.2142051175733485,0.0,2339191.0,0.2142051175733485,-112678.0,2451869.0,0.2245233020388025,0.0,0.0,0.0,0.0,,,1620595976,17:32:56,20210509
34,2003-12-31,NYMTM,USD,2003-12-31,2003-12-31,Q4,1654920.0,0.0,0.0,0.0,0.0,0.0,272662.0,0.0,0.0,0.0,609105.0,-79687.0,0.0,0.0,0.0,0.0,0.0,0.0,0.0,0.0,2565609.0,1.5502918570081938,0.0,0.0,0.0,0.0,,,1620595976,17:32:56,20210509
35,2003-09-30,NYMTM,USD,2003-09-30,2003-09-30,Q3,625228.0,0.0,0.0,0.0,0.0,0.0,311415.0,0.0,0.0,0.0,1198381.0,67752.0,0.0,0.0,0.0,5.809504692688107,0.0,3632265.0,5.809504692688107,163577.0,3468688.0,5.547876934494297,0.0,0.0,0.0,0.0,,,1620595976,17:32:56,20210509
