,date,symbol,reportedCurrency,fillingDate,acceptedDate,period,revenue,costOfRevenue,grossProfit,grossProfitRatio,researchAndDevelopmentExpenses,generalAndAdministrativeExpenses,sellingAndMarketingExpenses,otherExpenses,operatingExpenses,costAndExpenses,interestExpense,depreciationAndAmortization,ebitda,ebitdaratio,operatingIncome,operatingIncomeRatio,totalOtherIncomeExpensesNet,incomeBeforeTax,incomeBeforeTaxRatio,incomeTaxExpense,netIncome,netIncomeRatio,eps,epsdiluted,weightedAverageShsOut,weightedAverageShsOutDil,link,finalLink,timestamp,est_time,est_date
0,2021-03-31,XEC,USD,2021-05-06,2021-05-06 12:57:21,Q1,679466000,200436000.0,479030000,0.7050095221835971,0.0,97416000.0,0.0,139000.0,137469000,337905000,11513000.0,0.0,456852000.0,0.6723691840356987,341561000.0,0.24762386933268185,-161796000.0,168252000.0,0.24762386933268185,40170000.0,128082000.0,0.18850391336726194,1.25,1.25,100126000,100163000,https://www.sec.gov/Archives/edgar/data/1168054/000116805421000018/0001168054-21-000018-index.htm,https://www.sec.gov/Archives/edgar/data/1168054/000116805421000018/xec-20210331.htm,1620600011,18:40:11,20210509
1,2020-12-31,XEC,USD,2021-02-23,2021-02-23 15:45:10,Q4,434723000,956912000.0,-522189000,-1.2011993844356061,0.0,9728000.0,-1935000.0,1892000.0,-183734000,-1140646000,-124096000.0,695.954,-2266427304.046,-5.213497569822623,-2266428000.0,-5.213499170736308,2383629.0,26340.0,6.059030693108025e-05,1629.0,24711.0,5.684309318807608e-05,0.24707787987561616,0.24707787987561616,100013000,100013000,https://www.sec.gov/Archives/edgar/data/1168054/000116805421000008/0001168054-21-000008-index.htm,https://www.sec.gov/Archives/edgar/data/1168054/000116805421000008/xec-20201231.htm,1620600011,18:40:11,20210509
2,2020-09-30,XEC,USD,2020-11-04,2020-11-04 16:48:21,Q3,401659000,275271000.0,126388000,0.3146649272143784,0.0,38819000.0,-483000.0,1572000.0,65484000,340755000,11075000.0,565507.0,61469507.0,0.1530390380895237,60904000.0,0.15163110997139365,-415064000.0,-365235000.0,-0.909316111427853,-72495000.0,-292740000.0,-0.7288271892326575,-2.94,-2.94,100013000,100013000,https://www.sec.gov/Archives/edgar/data/1168054/000116805420000023/0001168054-20-000023-index.htm,https://www.sec.gov/Archives/edgar/data/1168054/000116805420000023/xec-20200930.htm,1620600011,18:40:11,20210509
3,2020-06-30,XEC,USD,2020-08-07,2020-08-07 12:38:54,Q2,249383000,316099000.0,-66716000,-0.2675242498486264,0.0,32973000.0,0.0,-3496000.0,51250000,367349000,10108000.0,0.0,73492000.0,0.29469530802019384,-117966000.0,-0.47303144159786353,-1068579000.0,-1196653000.0,-4.798454585918046,-271506000.0,-925147000.0,-3.7097436473215897,-9.28,-9.28,99880000,99880000,https://www.sec.gov/Archives/edgar/data/1168054/000116805420000016/0001168054-20-000016-index.htm,https://www.sec.gov/Archives/edgar/data/1168054/000116805420000016/xec-20200630.htm,1620600011,18:40:11,20210509
4,2020-03-31,XEC,USD,2020-05-11,2020-05-11 16:08:13,Q1,472830000,365542000.0,107288000,0.22690607617959943,0.0,31903000.0,0.0,871000.0,67839000,433381000,9999000.0,0.0,255406000.0,0.5401645411670156,39449000.0,0.08343167734703805,-820287000.0,-790837000.0,-1.6725609627138718,-16555000.0,-774282000.0,-1.6375483789099676,-7.77,-7.77,99842000,99842000,https://www.sec.gov/Archives/edgar/data/1168054/000116805420000010/0001168054-20-000010-index.htm,https://www.sec.gov/Archives/edgar/data/1168054/000116805420000004/a12311910kxec.htm,1620600011,18:40:11,20210509
5,2019-12-31,XEC,USD,2020-02-26,2020-02-26 16:10:37,Q4,657244000,404232000.0,253012000,0.3849590106566207,0.0,32743000.0,0.0,1194000.0,78530000,482762000,9300000.0,0.0,426127000.0,0.6483543402450231,174482000.0,0.2654752268563882,-549521000.0,-384339000.0,-0.5847736913535917,-83568000.0,-300771000.0,-0.4576245656103365,-3.87,-3.87,99789000,99789000,https://www.sec.gov/Archives/edgar/data/1168054/000116805420000004/0001168054-20-000004-index.htm,https://www.sec.gov/Archives/edgar/data/1168054/000116805420000004/a12311910kxec.htm,1620600011,18:40:11,20210509
6,2019-09-30,XEC,USD,2019-11-05,2019-11-05 13:46:42,Q3,582305000,382868000.0,199437000,0.3424957711165111,0.0,22296000.0,0.0,139000.0,65504000,448372000,8322000.0,0.0,362050000.0,0.6217532049355579,133933000.0,0.23000489434231203,-70005000.0,55606000.0,0.09549291179021303,15079000.0,40527000.0,0.06959754767690471,0.39,0.39,99735000,99735000,https://www.sec.gov/Archives/edgar/data/1168054/000116805419000022/0001168054-19-000022-index.htm,https://www.sec.gov/Archives/edgar/data/1168054/000116805419000022/a20190930xec10-qdoc.htm,1620600011,18:40:11,20210509
7,2019-06-30,XEC,USD,2019-08-05,2019-08-05 17:21:19,Q2,546463000,362989000.0,183474000,0.3357482574300547,0.0,31405000.0,0.0,2167000.0,75185000,438174000,7869000.0,0.0,323783000.0,0.5925067204915978,108289000.0,0.19816346211911878,42935000.0,143355000.0,0.26233249094632205,34046000.0,109309000.0,0.20003001118099487,1.0968411968933753,1.096764159935785,99658000,99665000,https://www.sec.gov/Archives/edgar/data/1168054/000116805419000017/0001168054-19-000017-index.htm,https://www.sec.gov/Archives/edgar/data/1168054/000116805419000017/a20190630xec10-qdoc.htm,1620600011,18:40:11,20210509
8,2019-03-31,XEC,USD,2019-05-10,2019-05-10 14:43:43,Q1,576957000,333578000.0,243379000,0.4218321296041126,0.0,35797000.0,0.0,2241000.0,79866000,413444000,11663000.0,0.0,356171000.0,0.6173267678527169,163513000.0,0.2834058690682321,-117461000.0,34389000.0,0.059604095279197584,8073000.0,26316000.0,0.04561171803097978,0.2743479076749859,0.27431930951090355,95922000,95932000,https://www.sec.gov/Archives/edgar/data/1168054/000116805419000011/0001168054-19-000011-index.htm,https://www.sec.gov/Archives/edgar/data/1168054/000116805419000006/a12311810kxec.htm,1620600011,18:40:11,20210509
9,2018-12-31,XEC,USD,2019-02-20,2019-02-20 17:30:48,Q4,624121000,310468000.0,313653000,0.5025515885541425,0.0,23275000.0,0.0,8192000.0,64061000,374529000,11649000.0,0.0,435708000.0,0.6981146284134007,249592000.0,0.3999096329077214,165697000.0,403640000.0,0.6467335660873452,87458000.0,316182000.0,0.5066036874259959,3.3673280296495096,3.3666826385561412,93897000,93915000,https://www.sec.gov/Archives/edgar/data/1168054/000116805419000006/0001168054-19-000006-index.htm,https://www.sec.gov/Archives/edgar/data/1168054/000116805419000006/a12311810kxec.htm,1620600011,18:40:11,20210509
10,2018-09-30,XEC,USD,2018-11-06,2018-11-06 16:46:22,Q3,591488000,272863000.0,318625000,0.5386837940921878,0.0,27585000.0,0.0,7544000.0,67924000,340787000,11702000.0,0.0,394547000.0,0.6670414277212725,250701000.0,0.4238479901536464,-46462000.0,192537000.0,0.32551294362692057,44183000.0,148354000.0,0.2508148939623458,1.5808407480419842,1.580470239807387,93845000,93867000,https://www.sec.gov/Archives/edgar/data/1168054/000116805418000030/0001168054-18-000030-index.htm,https://www.sec.gov/Archives/edgar/data/1168054/000116805418000030/a20180930xec10-qdoc.htm,1620600011,18:40:11,20210509
11,2018-06-30,XEC,USD,2018-08-07,2018-08-07 16:45:40,Q2,556274000,284003000.0,272271000,0.4894548370047854,0.0,22834000.0,0.0,2605000.0,58069000,342072000,12045000.0,0.0,360195000.0,0.6475136353667438,214202000.0,0.38506563312324504,-19094000.0,183063000.0,0.32908782362648625,42066000.0,140997000.0,0.2534668167126272,1.5043210139979515,1.5038236329312387,93728000,93759000,https://www.sec.gov/Archives/edgar/data/1168054/000116805418000021/0001168054-18-000021-index.htm,https://www.sec.gov/Archives/edgar/data/1168054/000116805418000021/a20180630xec10-qdoc.htm,1620600011,18:40:11,20210509
12,2018-03-31,XEC,USD,2018-05-08,2018-05-08 16:20:08,Q1,567134000,259118000.0,308016000,0.5431097412604429,0.0,30051000.0,0.0,4567000.0,61502000,320620000,11973000.0,0.0,383940000.0,0.6769828647198016,246514000.0,0.43466623408224514,8726000.0,243267000.0,0.4289409557529614,56949000.0,186318000.0,0.32852553364813253,1.9884737297089616,1.9876676232437565,93699000,93737000,https://www.sec.gov/Archives/edgar/data/1168054/000116805418000010/0001168054-18-000010-index.htm,https://www.sec.gov/Archives/edgar/data/1168054/000116805418000004/xec2017123110k.htm,1620600011,18:40:11,20210509
13,2017-12-31,XEC,USD,2018-02-23,2018-02-23 14:12:26,Q4,550940000,272222000.0,278718000,0.5058953788071296,0.0,27798000.0,0.0,2338000.0,66442000,338664000,11344000.0,0.0,345549000.0,0.6271989690347406,212276000.0,0.3852978545758159,-26731000.0,174201000.0,0.31618869568374053,-495000.0,174696000.0,0.31708716012632954,1.8670286099028524,1.8661710037174721,93569000,93612000,https://www.sec.gov/Archives/edgar/data/1168054/000116805418000004/0001168054-18-000004-index.htm,https://www.sec.gov/Archives/edgar/data/1168054/000116805418000004/xec2017123110k.htm,1620600011,18:40:11,20210509
14,2017-09-30,XEC,USD,2017-11-08,2017-11-08 12:29:40,Q3,463681000,244049000.0,219632000,0.47367047603848333,0.0,28077000.0,0.0,4563000.0,53983000,298032000,11465000.0,0.0,281608000.0,0.6073313333951574,165649000.0,0.3572477630094828,-11546000.0,142638000.0,0.30762097217699236,51239000.0,91399000.0,0.19711612078131302,0.9775189570165025,0.9772054185243395,93501000,93531000,https://www.sec.gov/Archives/edgar/data/1168054/000116805417000005/0001168054-17-000005-index.htm,https://www.sec.gov/Archives/edgar/data/1168054/000116805417000005/a20170930xec10-qdoc.htm,1620600011,18:40:11,20210509
15,2017-06-30,XEC,USD,2017-08-09,2017-08-09 12:50:28,Q2,456452000,237733000.0,218719000,0.47917196112625204,0.0,26055000.0,0.0,2231000.0,44758000,282491000,14653000.0,0.0,284076000.0,0.6223567866938912,173961000.0,0.3811156485238316,-3429000.0,155879000.0,0.341501406500574,58617000.0,97262000.0,0.21308264614899267,1.0413267381854778,1.0409589554235565,93402000,93435000,https://www.sec.gov/Archives/edgar/data/1168054/000155837017006379/0001558370-17-006379-index.htm,https://www.sec.gov/Archives/edgar/data/1168054/000155837017006379/xec-20170630x10q.htm,1620600011,18:40:11,20210509
16,2017-03-31,XEC,USD,2017-05-10,2017-05-10 16:42:51,Q1,447176000,221687000.0,225489000,0.5042511226004973,0.0,24322000.0,0.0,2210000.0,47871000,269558000,14411000.0,0.0,275644000.0,0.616410540816144,177618000.0,0.39719931302216577,46071000.0,209278000.0,0.46799917705780275,78306000.0,130972000.0,0.2928869170080684,1.4024349762820032,1.401849552596652,93389000,93428000,https://www.sec.gov/Archives/edgar/data/1168054/000155837017004140/0001558370-17-004140-index.htm,https://www.sec.gov/Archives/edgar/data/1168054/000155837017000965/xec-20161231x10k.htm,1620600011,18:40:11,20210509
17,2016-12-31,XEC,USD,2017-02-24,2017-02-24 12:30:23,Q4,382155000,215175000.0,166980000,0.4369431251717235,0.0,24203000.0,0.0,3218000.0,44479000,259654000,15422000.0,0.0,230335000.0,0.6027266423309914,122501000.0,0.3205531786840418,-29481000.0,77598000.0,0.20305373474113908,39408000.0,38190000.0,0.09993327314832987,0.4089784641086326,0.4087902207188885,93379000,93422000,https://www.sec.gov/Archives/edgar/data/1168054/000155837017000965/0001558370-17-000965-index.htm,https://www.sec.gov/Archives/edgar/data/1168054/000155837017000965/xec-20161231x10k.htm,1620600011,18:40:11,20210509
18,2016-09-30,XEC,USD,2016-11-03,2016-11-03 12:29:15,Q3,335717000,218931000.0,116786000,0.3478703789203406,0.0,25882000.0,0.0,3828000.0,44068000,262999000,15510000.0,0.0,185890000.0,0.553710416809396,72718000.0,0.21660505723570744,-76230000.0,-19022000.0,-0.05666081848699947,-6204000.0,-12818000.0,-0.03818096789855742,-0.14,-0.14,93221000,93221000,https://www.sec.gov/Archives/edgar/data/1168054/000155837016009179/0001558370-16-009179-index.htm,https://www.sec.gov/Archives/edgar/data/1168054/000155837016009179/xec-20160930x10q.htm,1620600011,18:40:11,20210509
19,2016-06-30,XEC,USD,2016-08-04,2016-08-04 12:25:30,Q2,298873000,233018000.0,65855000,0.2203444272316335,0.0,28914000.0,0.0,2011000.0,44754000,277772000,15191000.0,0.0,146989000.0,0.4918109029587818,21101000.0,0.07060189445015107,-430419000.0,-424509000.0,-1.420365841009392,-154219000.0,-270290000.0,-0.9043640609891158,-2.91,-2.91,93075000,93075000,https://www.sec.gov/Archives/edgar/data/1168054/000155837016007339/0001558370-16-007339-index.htm,https://www.sec.gov/Archives/edgar/data/1168054/000155837016007339/xec-20160630x10q.htm,1620600011,18:40:11,20210509
20,2016-03-31,XEC,USD,2016-05-05,2016-05-05 12:29:48,Q1,240600000,253324000.0,-12724000,-0.05288445552784705,0.0,19425000.0,0.0,1650000.0,35652000,288976000,15901000.0,0.0,81373000.0,0.3382086450540316,-48376000.0,-0.20106400665004157,-228054000.0,-292331000.0,-1.2150083125519535,-106200000.0,-186131000.0,-0.7736118038237739,-2.0,-2.0,93000000,93000000,https://www.sec.gov/Archives/edgar/data/1168054/000155837016005375/0001558370-16-005375-index.htm,https://www.sec.gov/Archives/edgar/data/1168054/000155837016003392/xec-20151231x10k.htm,1620600011,18:40:11,20210509
21,2015-12-31,XEC,USD,2016-02-23,2016-02-23 16:34:47,Q4,311279000,298525000.0,12754000,0.040972889272967335,0.0,28962000.0,0.0,3762000.0,48788000,347313000,16275000.0,0.0,126768000.0,0.4072488025212109,-36034000.0,-0.11576110177686255,-952308000.0,-1004617000.0,-3.2273844364701763,-374109000.0,-630508000.0,-2.02553978906383,-6.78,-6.78,92992000,92992000,https://www.sec.gov/Archives/edgar/data/1168054/000155837016003392/0001558370-16-003392-index.htm,https://www.sec.gov/Archives/edgar/data/1168054/000155837016003392/xec-20151231x10k.htm,1620600011,18:40:11,20210509
22,2015-09-30,XEC,USD,2015-11-04,2015-11-04 12:07:45,Q3,356055000,309707000.0,46348000,0.13017090056311525,0.0,25150000.0,0.0,2375000.0,47542000,357249000,14316000.0,0.0,186835000.0,0.5247363469126961,-1194000.0,-0.003353414500568732,-1176306000.0,-1191816000.0,-3.347280616758647,-428532000.0,-763284000.0,-2.143724986308295,-8.21,-8.21,92969000,92969000,https://www.sec.gov/Archives/edgar/data/1168054/000155837015002220/0001558370-15-002220-index.htm,https://www.sec.gov/Archives/edgar/data/1168054/000155837015002220/xec-20150930x10q.htm,1620600011,18:40:11,20210509
23,2015-06-30,XEC,USD,2015-08-05,2015-08-05 12:29:54,Q2,424283000,343070000.0,81213000,0.19141233563447038,0.0,19042000.0,0.0,3854000.0,47324000,390394000,12727000.0,0.0,255194000.0,0.601471187862818,33889000.0,0.07987357494879598,-963433000.0,-942271000.0,-2.2208549482303086,-342056000.0,-600215000.0,-1.4146571981436917,-6.47,-6.47,92831000,92831000,https://www.sec.gov/Archives/edgar/data/1168054/000155837015001399/0001558370-15-001399-index.htm,https://www.sec.gov/Archives/edgar/data/1168054/000155837015001399/xec-20150630x10q.htm,1620600011,18:40:11,20210509
24,2015-03-31,XEC,USD,2015-05-05,2015-05-05 12:18:54,Q1,361002000,347495000.0,13507000,0.037415305178364666,0.0,21093000.0,0.0,3585000.0,45334000,392829000,11839000.0,0.0,188536000.0,0.5222574944183135,-31827000.0,-0.08816294646567055,-600014000.0,-643680000.0,-1.783037213090232,-228739000.0,-414941000.0,-1.1494146846831874,-4.84,-4.84,85770000,85770000,https://www.sec.gov/Archives/edgar/data/1168054/000155837015000719/0001558370-15-000719-index.htm,https://www.sec.gov/Archives/edgar/data/1168054/000155837015000150/xec-20141231x10k.htm,1620600011,18:40:11,20210509
25,2014-12-31,XEC,USD,2015-02-25,2015-02-25 11:15:06,Q4,538551000,367551000.0,171000000,0.3175186751115493,0.0,27763000.0,0.0,6700000.0,58978000,426529000,11165000.0,0.0,336464000.0,0.6247579152206569,112022000.0,0.20800629838214021,19422000.0,120279000.0,0.22333817967100608,44487000.0,75792000.0,0.14073318961435408,0.87,0.86,85679000,85773000,https://www.sec.gov/Archives/edgar/data/1168054/000155837015000150/0001558370-15-000150-index.htm,https://www.sec.gov/Archives/edgar/data/1168054/000155837015000150/xec-20141231x10k.htm,1620600011,18:40:11,20210509
26,2014-09-30,XEC,USD,2014-11-05,2014-11-05 12:43:06,Q3,649740000,371604000.0,278136000,0.4280727675685659,0.0,23843000.0,0.0,11123000.0,58592000,430196000,10874000.0,0.0,450026000.0,0.6926247422045742,219544000.0,0.3378951580632253,20352000.0,229022000.0,0.3524825314741281,84707000.0,144315000.0,0.22211192169175362,1.6850764218908725,1.6824047843877872,85643000,85779000,https://www.sec.gov/Archives/edgar/data/1168054/000155837014000307/0001558370-14-000307-index.htm,https://www.sec.gov/Archives/edgar/data/1168054/000155837014000307/xec-20140930x10q.htm,1620600011,18:40:11,20210509
27,2014-06-30,XEC,USD,2014-08-06,2014-08-06 14:28:36,Q2,636669000,337593000.0,299076000,0.4697511579800493,0.0,20119000.0,0.0,4129000.0,56204000,393797000,8149000.0,0.0,441990000.0,0.6942225866187925,242872000.0,0.3814729474813443,1675000.0,236398000.0,0.3713043983608437,87758000.0,148640000.0,0.2334651129550834,1.71,1.7,85532000,85689000,https://www.sec.gov/Archives/edgar/data/1168054/000155837014000103/0001558370-14-000103-index.htm,https://www.sec.gov/Archives/edgar/data/1168054/000155837014000103/xec-20140630x10q.htm,1620600011,18:40:11,20210509
28,2014-03-31,XEC,USD,2014-05-07,2014-05-07 15:02:32,Q1,599216000,302104000.0,297112000,0.4958345571546821,0.0,24436000.0,0.0,6955000.0,61378000,363482000,6752000.0,0.0,416620000.0,0.6952751595418013,235734000.0,0.3934040479559958,-8780000.0,220202000.0,0.3674835117887373,81745000.0,138457000.0,0.23106358975728286,1.6204604239083364,1.617885228852873,85443000,85579000,https://www.sec.gov/Archives/edgar/data/1168054/000155837014000019/0001558370-14-000019-index.htm,https://www.sec.gov/Archives/edgar/data/1168054/000104746914001366/a2218500z10-k.htm,1620600011,18:40:11,20210509
29,2013-12-31,XEC,USD,2014-02-26,2014-02-26 10:59:21,Q4,516602000,279432000.0,237170000,0.45909617074653214,0.0,23870000.0,0.0,7881000.0,-86666000,192766000,6052000.0,0.0,504740000.0,0.9770384164211521,323836000.0,0.6268578131714551,6439000.0,324223000.0,0.6276069391910988,117396000.0,206827000.0,0.4003604322089345,2.425042209924022,2.421124716128579,85288000,85426000,https://www.sec.gov/Archives/edgar/data/1168054/000104746914001366/0001047469-14-001366-index.htm,https://www.sec.gov/Archives/edgar/data/1168054/000104746914001366/a2218500z10-k.htm,1620600011,18:40:11,20210509
30,2013-09-30,XEC,USD,2013-11-06,2013-11-06 14:09:30,Q3,561336000,268156000.0,293180000,0.5222896803340602,0.0,22350000.0,0.0,2263000.0,57758000,325914000,6668000.0,0.0,396867000.0,0.7070043610244132,235422000.0,0.41939586985334987,-8561000.0,220193000.0,0.39226595123063546,81823000.0,138370000.0,0.24650120426981345,1.6238132679286024,1.6212637819724185,85213000,85347000,https://www.sec.gov/Archives/edgar/data/1168054/000110465913081612/0001104659-13-081612-index.htm,https://www.sec.gov/Archives/edgar/data/1168054/000110465913081612/a13-19874_110q.htm,1620600011,18:40:11,20210509
31,2013-06-30,XEC,USD,2013-08-07,2013-08-07 13:53:40,Q2,493757000,243870000.0,249887000,0.5060930781740816,0.0,26343000.0,0.0,8758000.0,59399000,303269000,6725000.0,0.0,346477000.0,0.7017156212468887,190488000.0,0.38579301154211487,22418000.0,206181000.0,0.4175758520891856,76616000.0,129565000.0,0.26240640639018786,1.5,1.49,84942000,85054000,https://www.sec.gov/Archives/edgar/data/1168054/000110465913060918/0001104659-13-060918-index.htm,https://www.sec.gov/Archives/edgar/data/1168054/000110465913060918/a13-17934_110q.htm,1620600011,18:40:11,20210509
32,2013-03-31,XEC,USD,2013-05-07,2013-05-07 13:58:28,Q1,426356000,230614000.0,195742000,0.45910459803544457,0.0,19182000.0,0.0,2616000.0,49641000,280255000,4011000.0,0.0,285155000.0,0.6688190150953663,146101000.0,0.3426737280582424,1013000.0,143103000.0,0.33564204561446304,53176000.0,89927000.0,0.21091998236215745,1.0589613754121525,1.057765597064082,84920000,85016000,https://www.sec.gov/Archives/edgar/data/1168054/000110465913038109/0001104659-13-038109-index.htm,https://www.sec.gov/Archives/edgar/data/1168054/000104746913001692/a2213143z10-k.htm,1620600011,18:40:11,20210509
33,2012-12-31,XEC,USD,2013-02-26,2013-02-26 14:06:24,Q4,440868000,602733000.0,-161865000,-0.36715071177767494,0.0,17305000.0,0.0,1150000.0,-322057000,280676000,4727000.0,0.0,318731000.0,0.7229624286634548,160192000.0,0.3633559251295172,1395000.0,156860000.0,0.35579810737000644,57708000.0,99152000.0,0.22490178466116842,1.1698384794176293,1.1685700479675658,84757000,84849000,https://www.sec.gov/Archives/edgar/data/1168054/000104746913001692/0001047469-13-001692-index.htm,https://www.sec.gov/Archives/edgar/data/1168054/000104746913001692/a2213143z10-k.htm,1620600011,18:40:11,20210509
34,2012-09-30,XEC,USD,2012-11-02,2012-11-02 13:50:22,Q3,406912000,82676000.0,324236000,0.7968209342560554,0.0,23043000.0,0.0,0.0,194202000,276878000,3992000.0,0.0,266021000.0,0.6537556031770997,130034000.0,0.3195629521862221,6159000.0,132201000.0,0.3248884279647688,47939000.0,84262000.0,0.2070767143755898,0.9731259166868771,0.969587480582245,86589000,86905000,https://www.sec.gov/Archives/edgar/data/1168054/000110465912073591/0001104659-12-073591-index.htm,https://www.sec.gov/Archives/edgar/data/1168054/000110465912073591/a12-19963_110q.htm,1620600011,18:40:11,20210509
35,2012-06-30,XEC,USD,2012-08-02,2012-08-02 13:53:16,Q2,353122000,80618000.0,272504000,0.771699299392278,0.0,17318000.0,0.0,0.0,157120000,237738000,4560000.0,0.0,236621000.0,0.670082860880942,115384000.0,0.3267539264050385,-8385000.0,102439000.0,0.2900952078884918,38137000.0,64302000.0,0.18209570629980573,0.75,0.74,86046000,86381000,https://www.sec.gov/Archives/edgar/data/1168054/000110465912053658/0001104659-12-053658-index.htm,https://www.sec.gov/Archives/edgar/data/1168054/000110465912053658/a12-13804_110q.htm,1620600011,18:40:11,20210509
36,2012-03-31,XEC,USD,2012-05-03,2012-05-03 13:52:35,Q1,423036000,85792000.0,337244000,0.7971992927315878,0.0,18681000.0,0.0,0.0,172056000,257848000,864000.0,0.0,283450000.0,0.67003753817642,165188000.0,0.3904821339082253,4726000.0,169050000.0,0.3996113805917227,62943000.0,106107000.0,0.25082262502482056,1.24,1.23,85777000,86147000,https://www.sec.gov/Archives/edgar/data/1168054/000110465912032515/0001104659-12-032515-index.htm,https://www.sec.gov/Archives/edgar/data/1168054/000104746912001276/a2207448z10-k.htm,1620600011,18:40:11,20210509
37,2011-12-31,XEC,USD,2012-02-22,2012-02-22 13:39:07,Q4,430271000,86497000.0,343774000,0.7989708811423498,0.0,15509000.0,0.0,0.0,160745000,247242000,785000.0,0.0,304258000.0,0.7071310871520506,183029000.0,0.4253807484120473,2591000.0,184835000.0,0.4295781031024633,67966000.0,116869000.0,0.27161719009647406,1.395367440749806,1.3895441466720566,83755000,84106000,https://www.sec.gov/Archives/edgar/data/1168054/000104746912001276/0001047469-12-001276-index.htm,https://www.sec.gov/Archives/edgar/data/1168054/000104746912001276/a2207448z10-k.htm,1620600011,18:40:11,20210509
38,2011-09-30,XEC,USD,2011-11-03,2011-11-03 14:12:32,Q3,433809000,82350000.0,351459000,0.8101699134872721,0.0,13985000.0,0.0,0.0,148036000,230386000,2026000.0,0.0,308104000.0,0.7102296171817551,203423000.0,0.4689229591824974,3604000.0,205001000.0,0.4725605047382604,76849000.0,128152000.0,0.29541111410782167,1.4935086124513437,1.486940882984278,85806000,86185000,https://www.sec.gov/Archives/edgar/data/1168054/000110465911060507/0001104659-11-060507-index.htm,https://www.sec.gov/Archives/edgar/data/1168054/000110465911060507/a11-25226_110q.htm,1620600011,18:40:11,20210509
39,2011-06-30,XEC,USD,2011-08-04,2011-08-04 14:09:15,Q2,467213000,81762000.0,385451000,0.8250005885966358,0.0,15234000.0,0.0,0.0,122148000,203910000,1988000.0,0.0,353150000.0,0.7558650979317785,263303000.0,0.5635609454360216,3018000.0,264333000.0,0.5657655073810018,97584000.0,166749000.0,0.3569014560810594,1.95,1.94,85655000,86083000,https://www.sec.gov/Archives/edgar/data/1168054/000110465911043622/0001104659-11-043622-index.htm,https://www.sec.gov/Archives/edgar/data/1168054/000110465911043622/a11-13894_110q.htm,1620600011,18:40:11,20210509
40,2011-03-31,XEC,USD,2011-05-06,2011-05-06 14:01:40,Q1,426596000,76477000.0,350119000,0.8207273392155576,0.0,19477000.0,0.0,0.0,161656000,238133000,1755000.0,0.0,273489000.0,0.6410960252791869,188463000.0,0.44178332661347036,604000.0,187312000.0,0.43908522349014056,69150000.0,118162000.0,0.2769880636480417,1.38,1.37,85626000,86064000,https://www.sec.gov/Archives/edgar/data/1168054/000110465911026763/0001104659-11-026763-index.htm,https://www.sec.gov/Archives/edgar/data/1168054/000104746911001364/a2202132z10-k.htm,1620600011,18:40:11,20210509
41,2010-12-31,XEC,USD,2011-02-25,2011-02-25 12:25:57,Q4,408029000,74538000.0,333491000,0.8173218080087444,0.0,15825000.0,0.0,0.0,149199000,223737000,1744000.0,0.0,270729000.0,0.6635043097426898,184292000.0,0.4516639748645317,8688000.0,191236000.0,0.46868237306662025,73651000.0,117585000.0,0.28817804616828707,1.3732394366197183,1.3732394366197183,85626000,85626000,https://www.sec.gov/Archives/edgar/data/1168054/000104746911001364/0001047469-11-001364-index.htm,https://www.sec.gov/Archives/edgar/data/1168054/000104746911001364/a2202132z10-k.htm,1620600011,18:40:11,20210509
42,2010-09-30,XEC,USD,2010-11-03,2010-11-03 14:29:42,Q3,378583000,69671000.0,308912000,0.8159690213242539,0.0,14515000.0,0.0,0.0,108577000,178248000,1800000.0,0.0,279040000.0,0.7370642633187439,200335000.0,0.5291706178037577,5286000.0,203821000.0,0.53837863823785,75605000.0,128216000.0,0.33867342168031844,1.54839021326957,1.5407428770563707,82806000,83217000,https://www.sec.gov/Archives/edgar/data/1168054/000110465910055541/0001104659-10-055541-index.htm,https://www.sec.gov/Archives/edgar/data/1168054/000110465910055541/a10-17232_110q.htm,1620600011,18:40:11,20210509
43,2010-06-30,XEC,USD,2010-08-04,2010-08-04 14:16:46,Q2,378501000,62281000.0,316220000,0.835453539092367,0.0,14810000.0,0.0,0.0,116594000,178875000,1816000.0,0.0,272772000.0,0.7206638819976697,199626000.0,0.527412080813525,-1851000.0,195959000.0,0.5177238633451431,71339000.0,124620000.0,0.3292461578701245,1.47,1.46,82352000,83251000,https://www.sec.gov/Archives/edgar/data/1168054/000110465910041801/0001104659-10-041801-index.htm,https://www.sec.gov/Archives/edgar/data/1168054/000110465910041801/a10-11552_110q.htm,1620600011,18:40:11,20210509
44,2010-03-31,XEC,USD,2010-05-07,2010-05-07 14:33:54,Q1,448570000,59655000.0,388915000,0.8670107229640859,0.0,15823000.0,0.0,0.0,63448000,123103000,2038000.0,0.0,395177000.0,0.8809706400338855,325467000.0,0.7255656865149253,-714000.0,322715000.0,0.7194306351294112,118354000.0,204361000.0,0.455583298035981,2.42,2.39,82023000,82870000,https://www.sec.gov/Archives/edgar/data/1168054/000110465910026823/0001104659-10-026823-index.htm,https://www.sec.gov/Archives/edgar/data/1168054/000104746910001512/a2196652z10-k.htm,1620600011,18:40:11,20210509
45,2009-12-31,XEC,USD,2010-02-26,2010-02-26 14:07:29,Q4,328796000,53826000.0,274970000,0.8362936288762637,0.0,14344000.0,0.0,0.0,99976000,153802000,9633000.0,0.0,242080000.0,0.7362619983211475,174994000.0,0.5322266694242023,-8311000.0,164228000.0,0.4994829620798307,59583000.0,104645000.0,0.318267253859536,1.2758006900503518,1.2758006900503518,82023000,82023000,https://www.sec.gov/Archives/edgar/data/1168054/000104746910001512/0001047469-10-001512-index.htm,https://www.sec.gov/Archives/edgar/data/1168054/000104746910001512/a2196652z10-k.htm,1620600011,18:40:11,20210509
46,2009-09-30,XEC,USD,2009-11-03,2009-11-03 15:08:34,Q3,249134000,56272000.0,192862000,0.7741295848820313,0.0,14999000.0,0.0,0.0,114235000,170507000,10623000.0,0.0,143162000.0,0.5746385479300297,78627000.0,0.31560124270472917,-7761000.0,65538000.0,0.2630632511018167,26833000.0,38705000.0,0.15535816066855587,0.459886884817376,0.45779270701503305,84162000,84547000,https://www.sec.gov/Archives/edgar/data/1168054/000110465909062141/0001104659-09-062141-index.htm,https://www.sec.gov/Archives/edgar/data/1168054/000110465909062141/a09-30754_110q.htm,1620600011,18:40:11,20210509
47,2009-06-30,XEC,USD,2009-08-07,2009-08-07 13:20:26,Q2,222685000,58206000.0,164479000,0.7386173294115006,0.0,11616000.0,0.0,0.0,90202000,148408000,5832000.0,0.0,131162000.0,0.5890024024968004,74277000.0,0.33355187821362015,-7631000.0,60814000.0,0.27309428115948536,22007000.0,38807000.0,0.1742685856703415,0.4749880662415393,0.47298499640449987,81701000,82047000,https://www.sec.gov/Archives/edgar/data/1168054/000110465909048135/0001104659-09-048135-index.htm,https://www.sec.gov/Archives/edgar/data/1168054/000110465909048135/a09-13819_110q.htm,1620600011,18:40:11,20210509
48,2009-03-31,XEC,USD,2009-05-06,2009-05-06 11:46:19,Q1,209179000,64229000.0,144950000,0.6929471887713394,0.0,10019000.0,0.0,0.0,125220000,189449000,8267000.0,0.0,114909000.0,0.5493333460815857,19730000.0,0.09432113166235616,-796037000.0,-779061000.0,-3.7243748177398306,-284961000.0,-494100000.0,-2.362091796977708,-6.05,-6.05,83948000,83948000,https://www.sec.gov/Archives/edgar/data/1168054/000110465909029834/0001104659-09-029834-index.htm,https://www.sec.gov/Archives/edgar/data/1168054/000104746909001974/a2190885z10-k.htm,1620600011,18:40:11,20210509
49,2008-12-31,XEC,USD,2009-02-27,2009-02-27 15:23:02,Q4,300339000,80340000.0,219999000,0.7325022724321517,0.0,9321000.0,0.0,0.0,285014000,365354000,0.0,0.0,-1244770000.0,-4.144549991842552,-65015000.0,-0.21647205324649813,-909549000.0,-1651631000.0,-5.499222545190602,-602932000.0,-1048699000.0,-3.491717692340988,-12.492245199409158,-12.492245199409158,83948000,83948000,https://www.sec.gov/Archives/edgar/data/1168054/000104746909001974/0001047469-09-001974-index.htm,https://www.sec.gov/Archives/edgar/data/1168054/000104746909001974/a2190885z10-k.htm,1620600011,18:40:11,20210509
50,2008-09-30,XEC,USD,2008-11-04,2008-11-04 15:44:46,Q3,576549000,77865000.0,498684000,0.8649464312660329,0.0,15168000.0,0.0,0.0,213568000,291433000,0.0,147432000.0,432548000.0,0.7502363198964875,285116000.0,0.49452171454637855,-1322033000.0,-367855000.0,-0.6380290313572654,-135726000.0,-232129000.0,-0.40261799083859307,-2.85,-2.85,81572000,81572000,https://www.sec.gov/Archives/edgar/data/1168054/000110465908067883/0001104659-08-067883-index.htm,https://www.sec.gov/Archives/edgar/data/1168054/000110465908067883/a08-25344_110q.htm,1620600011,18:40:11,20210509
51,2008-06-30,XEC,USD,2008-08-05,2008-08-05 15:10:54,Q2,616383000,72074000.0,544309000,0.8830694551926318,0.0,16327000.0,0.0,0.0,189277000,261351000,0.0,133201000.0,488233000.0,0.7920935522232119,355032000.0,0.5759925241286667,1783000.0,355772000.0,0.5771930763827036,126464000.0,229308000.0,0.3720219409036265,2.81,2.68,81474000,85589000,https://www.sec.gov/Archives/edgar/data/1168054/000110465908049923/0001104659-08-049923-index.htm,https://www.sec.gov/Archives/edgar/data/1168054/000110465908049923/a08-18641_110q.htm,1620600011,18:40:11,20210509
52,2008-03-31,XEC,USD,2008-05-06,2008-05-06 15:50:39,Q1,477076000,70402000.0,406674000,0.852430220761472,0.0,13859000.0,0.0,0.0,171058000,241460000,0.0,125556000.0,361172000.0,0.7570533835279913,235616000.0,0.49387518969723904,-1207000.0,233416000.0,0.48926376510241554,83581000.0,149835000.0,0.3140694564388064,1.84,1.76,81286000,85200000,https://www.sec.gov/Archives/edgar/data/1168054/000110465908030277/0001104659-08-030277-index.htm,https://www.sec.gov/Archives/edgar/data/1168054/000104746908001923/a2182935z10-k.htm,1620600011,18:40:11,20210509
53,2007-12-31,XEC,USD,2008-02-28,2008-02-28 16:18:34,Q4,438454000,65415000.0,373039000,0.8508053296354919,0.0,23070000.0,0.0,0.0,181287000,246702000,0.0,122476000.0,314228000.0,0.7166726726178801,191752000.0,0.43733664192822963,19584000.0,202638000.0,0.46216478809635675,72660000.0,129978000.0,0.29644614942502523,1.5990207415791158,1.5990207415791158,81286000,81286000,https://www.sec.gov/Archives/edgar/data/1168054/000104746908001923/0001047469-08-001923-index.htm,https://www.sec.gov/Archives/edgar/data/1168054/000104746908001923/a2182935z10-k.htm,1620600011,18:40:11,20210509
54,2007-09-30,XEC,USD,2007-11-07,2007-11-07 13:45:36,Q3,343753000,69686000.0,274067000,0.7972788601117663,0.0,13722000.0,0.0,0.0,157620000,227306000,0.0,117634000.0,234081000.0,0.6809569661937496,116447000.0,0.3387519527102309,-2799000.0,115546000.0,0.33613088467591556,42390000.0,73156000.0,0.21281559724569676,0.9,0.87,81568000,84025000,https://www.sec.gov/Archives/edgar/data/1168054/000110465907080583/0001104659-07-080583-index.htm,https://www.sec.gov/Archives/edgar/data/1168054/000110465907080583/a07-25481_110q.htm,1620600011,18:40:11,20210509
55,2007-06-30,XEC,USD,2007-08-02,2007-08-02 13:32:07,Q2,342084000,65035000.0,277049000,0.8098858759836766,0.0,14556000.0,0.0,0.0,156254000,221289000,0.0,112797000.0,233592000.0,0.6828498263584383,120795000.0,0.3531150243799768,3685000.0,124646000.0,0.3643724933057378,45939000.0,78707000.0,0.23008091579845885,0.96,0.93,82282000,84836000,https://www.sec.gov/Archives/edgar/data/1168054/000110465907058246/0001104659-07-058246-index.htm,https://www.sec.gov/Archives/edgar/data/1168054/000110465907058246/a07-18784_110q.htm,1620600011,18:40:11,20210509
56,2007-03-31,XEC,USD,2007-05-09,2007-05-09 15:42:28,Q1,306875000,58250000.0,248625000,0.810183299389002,0.0,15321000.0,0.0,0.0,144561000,202811000,0.0,108884000.0,212948000.0,0.6939242362525458,104064000.0,0.33910875763747456,-1462000.0,101795000.0,0.33171486761710794,37167000.0,64628000.0,0.21060040733197555,0.79,0.77,82222000,84393000,https://www.sec.gov/Archives/edgar/data/1168054/000110465907037516/0001104659-07-037516-index.htm,https://www.sec.gov/Archives/edgar/data/1168054/000110465907014852/a07-5544_110k.htm,1620600011,18:40:11,20210509
57,2006-12-31,XEC,USD,2007-02-28,2007-02-28 15:13:23,Q4,295631000,61300000.0,234331000,0.7926469145657932,0.0,12523000.0,0.0,0.0,161100000,222400000,0.0,106089000.0,179320000.0,0.606566970310962,73231000.0,0.24771082870199673,-3877000.0,89968000.0,0.304325324475444,31223000.0,58745000.0,0.19871055471178597,0.7144681472112087,0.7144681472112087,82222000,82222000,https://www.sec.gov/Archives/edgar/data/1168054/000110465907014852/0001104659-07-014852-index.htm,https://www.sec.gov/Archives/edgar/data/1168054/000110465907014852/a07-5544_110k.htm,1620600011,18:40:11,20210509
58,2006-09-30,XEC,USD,2006-11-06,2006-11-06 16:54:11,Q3,322882000,55794000.0,267088000,0.8272000297322242,0.0,13069000.0,0.0,0.0,136103000,191897000,0.0,104904000.0,235889000.0,0.7305733983312789,130985000.0,0.4056745188644768,20965000.0,148704000.0,0.46055215217943396,54747000.0,93957000.0,0.29099485260869296,1.15,1.11,82052000,84311000,https://www.sec.gov/Archives/edgar/data/1168054/000110465906071713/0001104659-06-071713-index.htm,https://www.sec.gov/Archives/edgar/data/1168054/000110465906071713/a06-21581_110q.htm,1620600011,18:40:11,20210509
59,2006-06-30,XEC,USD,2006-08-03,2006-08-03 16:31:38,Q2,313381000,55673000.0,257708000,0.8223472386647563,0.0,12086000.0,0.0,0.0,125544000,181217000,0.0,94773000.0,226937000.0,0.7241568569887772,132164000.0,0.4217358423133502,2391000.0,131958000.0,0.421078495505471,49092000.0,82866000.0,0.2644257309792234,1.01,0.98,82046000,84861000,https://www.sec.gov/Archives/edgar/data/1168054/000110465906051176/0001104659-06-051176-index.htm,https://www.sec.gov/Archives/edgar/data/1168054/000110465906051176/a06-15231_110q.htm,1620600011,18:40:11,20210509
60,2006-03-31,XEC,USD,2006-05-05,2006-05-05 13:45:08,Q1,335250000,52633000.0,282617000,0.8430037285607755,0.0,10885000.0,0.0,0.0,125059000,177692000,0.0,90628000.0,248186000.0,0.7403012677106637,157558000.0,0.4699716629381059,16407000.0,173694000.0,0.5181029082774049,63543000.0,110151000.0,0.3285637583892617,1.33,1.29,82633000,85242000,https://www.sec.gov/Archives/edgar/data/1168054/000110465906031507/0001104659-06-031507-index.htm,https://www.sec.gov/Archives/edgar/data/1168054/000110465906015366/a06-1998_110k.htm,1620600011,18:40:11,20210509
61,2005-12-31,XEC,USD,2006-03-09,2006-03-09 16:41:10,Q4,270080000,-103252000.0,373332000,1.3823015402843601,0.0,10826000.0,0.0,0.0,123122000,19870000,0.0,90753000.0,340963000.0,1.262451866113744,250210000.0,0.9264292061611374,31634000.0,265906000.0,0.9845453199052133,97498000.0,168408000.0,0.6235485781990522,2.038023549913473,2.038023549913473,82633000,82633000,https://www.sec.gov/Archives/edgar/data/1168054/000110465906015366/0001104659-06-015366-index.htm,https://www.sec.gov/Archives/edgar/data/1168054/000110465906015366/a06-1998_110k.htm,1620600011,18:40:11,20210509
62,2005-09-30,XEC,USD,2005-11-07,2005-11-07 17:16:31,Q3,404377000,103668000.0,300709000,0.7436352710465729,0.0,9643000.0,0.0,0.0,113116000,216784000,0.0,80388000.0,267981000.0,0.6627008954515218,187593000.0,0.4639062063371557,-167956000.0,100081000.0,0.24749429369128315,36006000.0,64075000.0,0.1584536212494776,0.78,0.76,82284000,84840000,https://www.sec.gov/Archives/edgar/data/1168054/000110465905053135/0001104659-05-053135-index.htm,https://www.sec.gov/Archives/edgar/data/1168054/000110465905053135/a05-18001_110q.htm,1620600011,18:40:11,20210509
63,2005-06-30,XEC,USD,2005-08-09,2005-08-08 21:44:59,Q2,252458000,17412000.0,235046000,0.9310301119394117,0.0,77015000.0,0.0,0.0,142197000,159609000,0.0,54020000.0,146869000.0,0.5817561733040744,92849000.0,0.3677799871661821,-17430000.0,82651000.0,0.3273851492129384,30174000.0,52477000.0,0.20786427841462737,1.01,0.98,51967000,53655000,https://www.sec.gov/Archives/edgar/data/1168054/000110465905037434/0001104659-05-037434-index.htm,https://www.sec.gov/Archives/edgar/data/1168054/000110465905037434/a05-12630_110q.htm,1620600011,18:40:11,20210509
64,2005-03-31,XEC,USD,2005-05-09,2005-05-09 16:09:29,Q1,191707000,12645000.0,179062000,0.9340399672416762,0.0,62729000.0,0.0,0.0,111709000,124354000,0.0,38085000.0,105438000.0,0.5499955661504274,67353000.0,0.35133302383324555,0.0,67817000.0,0.35375338407048257,24452000.0,43365000.0,0.22620457260298268,1.04,1.0,41749000,43218000,https://www.sec.gov/Archives/edgar/data/1168054/000110465905021672/0001104659-05-021672-index.htm,https://www.sec.gov/Archives/edgar/data/1168054/000110465905011144/a05-1807_110k.htm,1620600011,18:40:11,20210509
65,2004-12-31,XEC,USD,2005-03-15,2005-03-15 16:29:22,Q4,198544000,2396000.0,196148000,0.9879321460230478,0.0,73193000.0,0.0,0.0,118420000,120816000,0.0,35534000.0,113262000.0,0.5704629704246917,77728000.0,0.39149004754613587,-656000.0,77731000.0,0.39150515754694176,29656000.0,48075000.0,0.242137762914014,1.1515245874152675,1.1515245874152675,41749000,41749000,https://www.sec.gov/Archives/edgar/data/1168054/000110465905011144/0001104659-05-011144-index.htm,https://www.sec.gov/Archives/edgar/data/1168054/000110465905011144/a05-1807_110k.htm,1620600011,18:40:11,20210509
66,2004-09-30,XEC,USD,2004-11-04,2004-11-04 13:58:45,Q3,170273000,11344000.0,158929000,0.9333775760102894,0.0,54395000.0,0.0,0.0,96179000,107523000,0.0,32550000.0,95300000.0,0.5596894398994556,62750000.0,0.36852583791910637,-638000.0,62373000.0,0.36631174643073183,23191000.0,39182000.0,0.23011281882623785,0.94,0.91,41511000,42885000,https://www.sec.gov/Archives/edgar/data/1168054/000110465904033542/0001104659-04-033542-index.htm,https://www.sec.gov/Archives/edgar/data/1168054/000110465904033542/a04-12487_110q.htm,1620600011,18:40:11,20210509
67,2004-06-30,XEC,USD,2004-08-05,2004-08-05 11:12:37,Q2,170193000,9419000.0,160774000,0.94465694828812,0.0,61700000.0,0.0,0.0,101998000,111417000,0.0,31318000.0,90094000.0,0.5293637223622594,58776000.0,0.34534910366466304,0.0,58598000.0,0.3443032322128407,22128000.0,36470000.0,0.2142861339773081,0.88,0.85,41379000,42704000,https://www.sec.gov/Archives/edgar/data/1168054/000110465904022527/0001104659-04-022527-index.htm,https://www.sec.gov/Archives/edgar/data/1168054/000110465904022527/a04-8683_110q.htm,1620600011,18:40:11,20210509
68,2004-03-31,XEC,USD,2004-05-05,2004-05-05 11:16:37,Q1,135919000,9469000.0,126450000,0.930333507456647,0.0,43164000.0,0.0,0.0,77867000,87336000,0.0,26806000.0,75389000.0,0.5546612320573283,48583000.0,0.3574408287288753,-758000.0,47616000.0,0.35032629727999764,17751000.0,29865000.0,0.21972645472671223,0.72,0.7,41305000,42615000,https://www.sec.gov/Archives/edgar/data/1168054/000110465904012590/0001104659-04-012590-index.htm,https://www.sec.gov/Archives/edgar/data/1168054/000110465904006935/a04-3185_110k.htm,1620600011,18:40:11,20210509
69,2003-12-31,XEC,USD,2004-03-11,2004-03-10 20:02:53,Q4,106652000,9414000.0,97238000,0.9117316130968008,0.0,35657000.0,0.0,0.0,67791000,77205000,0.0,24596000.0,54043000.0,0.5067227993849154,29447000.0,0.27610358924352096,-1566000.0,28200000.0,0.2644113565615272,9896000.0,18304000.0,0.17162359824475865,0.4431424766977364,0.4431424766977364,41305000,41305000,https://www.sec.gov/Archives/edgar/data/1168054/000110465904006935/0001104659-04-006935-index.htm,https://www.sec.gov/Archives/edgar/data/1168054/000110465904006935/a04-3185_110k.htm,1620600011,18:40:11,20210509
70,2003-09-30,XEC,USD,2003-11-07,2003-11-07 17:04:00,Q3,112113000,42556000.0,69557000,0.6204186847198808,0.0,4629000.0,0.0,0.0,33432000,75988000,0.0,23186000.0,59311000.0,0.5290287477812564,36125000.0,0.32221954635055705,-482000.0,35705000.0,0.31847332601928413,13164000.0,22541000.0,0.20105607735053027,0.54,0.53,41612000,42297000,https://www.sec.gov/Archives/edgar/data/1168054/000104746903036523/0001047469-03-036523-index.htm,https://www.sec.gov/Archives/edgar/data/1168054/000104746903036523/a2122132z10-q.htm,1620600011,18:40:11,20210509
71,2003-06-30,XEC,USD,2003-08-11,2003-08-11 17:21:40,Q2,99063000,8155000.0,90908000,0.9176786489405732,0.0,29557000.0,0.0,0.0,56591000,64746000,0.0,21323000.0,55640000.0,0.5616627802509514,34317000.0,0.34641591714363584,39000.0,34135000.0,0.34457870244188044,13095000.0,21040000.0,0.21239009519194857,0.51,0.5,41545000,42246000,https://www.sec.gov/Archives/edgar/data/1168054/000104746903027022/0001047469-03-027022-index.htm,https://www.sec.gov/Archives/edgar/data/1168054/000104746903027022/a2116008z10-q.htm,1620600011,18:40:11,20210509
72,2003-03-31,XEC,USD,2003-05-12,2003-05-12 13:36:01,Q1,136384000,6988000.0,129396000,0.9487623181604881,0.0,50144000.0,0.0,0.0,78432000,85420000,0.0,21583000.0,72547000.0,0.5319318981698733,50964000.0,0.3736801970905678,-442000.0,50129000.0,0.3675577780384796,18986000.0,32748000.0,0.24011614265603004,0.79,0.78,41479000,42027000,https://www.sec.gov/Archives/edgar/data/1168054/000104746903017905/0001047469-03-017905-index.htm,https://www.sec.gov/Archives/edgar/data/1168054/000104746903009118/a2105184z10-k.htm,1620600011,18:40:11,20210509
73,2002-12-31,XEC,USD,2003-03-18,2003-03-18 17:12:23,Q4,119465000,37484000.0,81981000,0.6862344619763111,0.0,23127000.0,0.0,0.0,57367000,94851000,0.0,21211000.0,45825000.0,0.38358515046247854,24614000.0,0.20603524044699284,0.0,24388000.0,0.20414347298371907,8601000.0,15787000.0,0.1321474908969154,0.3806022324549772,0.3806022324549772,41479000,41479000,https://www.sec.gov/Archives/edgar/data/1168054/000104746903009118/0001047469-03-009118-index.htm,https://www.sec.gov/Archives/edgar/data/1168054/000104746903009118/a2105184z10-k.htm,1620600011,18:40:11,20210509
74,2002-09-30,XEC,USD,2002-11-14,2002-11-14 19:04:21,Q3,32547000,6748000.0,25799000,0.7926690632009095,0.0,1699000.0,0.0,0.0,11857000,18605000,0.0,10100000.0,24042000.0,0.738685593142225,13942000.0,0.42836513349924726,0.0,13954000.0,0.4287338310750607,4024000.0,9930000.0,0.30509724398562077,0.3712843522153674,0.37122883098433584,26745000,26749000,https://www.sec.gov/Archives/edgar/data/1168054/000091205702042566/0000912057-02-042566-index.htm,https://www.sec.gov/Archives/edgar/data/1168054/000091205702042566/a2092905z10-q.htm,1620600011,18:40:11,20210509
