,date,symbol,reportedCurrency,fillingDate,acceptedDate,period,revenue,costOfRevenue,grossProfit,grossProfitRatio,researchAndDevelopmentExpenses,generalAndAdministrativeExpenses,sellingAndMarketingExpenses,otherExpenses,operatingExpenses,costAndExpenses,interestExpense,depreciationAndAmortization,ebitda,ebitdaratio,operatingIncome,operatingIncomeRatio,totalOtherIncomeExpensesNet,incomeBeforeTax,incomeBeforeTaxRatio,incomeTaxExpense,netIncome,netIncomeRatio,eps,epsdiluted,weightedAverageShsOut,weightedAverageShsOutDil,link,finalLink,timestamp,est_time,est_date
0,2020-12-31,FR,USD,2021-02-16,2021-02-16 07:20:13,Q4,112289000,31708000.0,80581000.0,0.7176214945364194,0.0,7878000.0,0.0,39185.0,39984000.0,71692000.0,13429000.0,32106000.0,72703000,0.6474632421697584,40597000.0,0.36154031116137825,57157000.0,83374000.0,0.7424948124927642,2303000.0,83727000.0,0.745638486405614,0.6546132616123156,0.6546132616123156,127903000.0,127903000.0,https://www.sec.gov/Archives/edgar/data/921825/000092182521000006/0000921825-21-000006-index.htm,https://www.sec.gov/Archives/edgar/data/921825/000092182521000006/fr-20201231.htm,1620592225,16:30:25,20210509
1,2020-09-30,FR,USD,2020-10-23,2020-10-23 16:14:10,Q3,116194000,30355000.0,85839000.0,0.73875587379727,0.0,7485000.0,0.0,-7155000.0,41854000.0,72209000.0,12775000.0,34369000.0,78354000,0.6743377454946039,43985000.0,0.37854794567705735,6525000.0,36830000.0,0.31696989517531027,-39000.0,35959000.0,0.309473811040157,0.2811427409834015,0.28070819119288687,127903000.0,128101000.0,https://www.sec.gov/Archives/edgar/data/921825/000092182520000057/0000921825-20-000057-index.htm,https://www.sec.gov/Archives/edgar/data/921825/000092182520000057/fr-20200930.htm,1620592225,16:30:25,20210509
2,2020-06-30,FR,USD,2020-07-24,2020-07-24 16:39:42,Q2,109202000,28051000.0,81151000.0,0.743127415248805,0.0,8234000.0,0.0,0.0,40466000.0,68517000.0,12285000.0,32232000.0,72917000,0.6677258658266332,40685000.0,0.37256643651215177,9076000.0,36692000.0,0.3360011721397044,221000.0,35669000.0,0.3266332118459369,0.28069471331665014,0.28027124290855376,127074000.0,127266000.0,https://www.sec.gov/Archives/edgar/data/921825/000092182520000047/0000921825-20-000047-index.htm,https://www.sec.gov/Archives/edgar/data/921825/000092182520000047/fr-20200630.htm,1620592225,16:30:25,20210509
3,2020-03-31,FR,USD,2020-04-29,2020-04-28 21:34:24,Q1,110343000,29081000.0,81262000.0,0.7364490724377623,0.0,9251000.0,0.0,0.0,40182000.0,69263000.0,12804000.0,30931000.0,72011000,0.6526104963613459,41080000.0,0.372293666113845,13993000.0,41481000.0,0.37592778880400207,-77000.0,40634000.0,0.36825172416918156,0.3201191170214442,0.319673356357829,126934000.0,127111000.0,https://www.sec.gov/Archives/edgar/data/921825/000092182520000018/0000921825-20-000018-index.htm,https://www.sec.gov/Archives/edgar/data/921825/000092182520000011/fr-20191231x10k.htm,1620592225,16:30:25,20210509
4,2019-12-31,FR,USD,2020-02-13,2020-02-13 16:19:29,Q4,110758000,30642000.0,80116000.0,0.7233427833655357,0.0,8040000.0,0.0,0.0,39291000.0,69933000.0,12708000.0,31251000.0,72076000,0.6507520901424728,40825000.0,0.36859639935715705,71564000.0,98893000.0,0.8928745553368606,14000.0,96861000.0,0.874528250780982,0.7645995484757109,0.7625049200976147,126682000.0,127030000.0,https://www.sec.gov/Archives/edgar/data/921825/000092182520000011/0000921825-20-000011-index.htm,https://www.sec.gov/Archives/edgar/data/921825/000092182520000011/fr-20191231x10k.htm,1620592225,16:30:25,20210509
5,2019-09-30,FR,USD,2019-10-25,2019-10-25 16:27:35,Q3,106590000,28396000.0,78194000.0,0.7335960221409138,0.0,6945000.0,0.0,0.0,37094000.0,65490000.0,12466000.0,30149000.0,71249000,0.6684398161178347,41100000.0,0.3855896425555868,52489000.0,80318000.0,0.7535228445445163,244000.0,78311000.0,0.7346936860868749,0.6191571790006325,0.617677448869328,126480000.0,126783000.0,https://www.sec.gov/Archives/edgar/data/921825/000092182519000019/0000921825-19-000019-index.htm,https://www.sec.gov/Archives/edgar/data/921825/000092182519000019/fr-2019930x10q.htm,1620592225,16:30:25,20210509
6,2019-06-30,FR,USD,2019-07-29,2019-07-26 17:45:41,Q2,104095000,27379000.0,76716000.0,0.7369806426821653,0.0,6782000.0,0.0,0.0,36556000.0,63935000.0,12332000.0,29774000.0,69934000,0.6718286180892454,40160000.0,0.3858014313847927,1097000.0,28131000.0,0.2702435275469523,2934000.0,39800000.0,0.38234305201978963,0.3153574315008795,0.31465186696076336,126206000.0,126489000.0,https://www.sec.gov/Archives/edgar/data/921825/000092182519000011/0000921825-19-000011-index.htm,https://www.sec.gov/Archives/edgar/data/921825/000092182519000011/fr-2019630x10q.htm,1620592225,16:30:25,20210509
7,2019-03-31,FR,USD,2019-04-26,2019-04-26 17:30:51,Q1,104541000,30168000.0,74373000.0,0.7114242259017993,0.0,6802000.0,0.0,0.0,36857000.0,67025000.0,12767000.0,30055000.0,67571000,0.6463588448551286,37516000.0,0.35886398637855005,-208000.0,23710000.0,0.22680096804124697,214000.0,23803000.0,0.22769057116346697,0.1886222799816156,0.18823147972417284,126194000.0,126456000.0,https://www.sec.gov/Archives/edgar/data/921825/000092182519000006/0000921825-19-000006-index.htm,https://www.sec.gov/Archives/edgar/data/921825/000092182519000003/fr-20181231x10k.htm,1620592225,16:30:25,20210509
8,2018-12-31,FR,USD,2019-02-20,2019-02-19 20:27:12,Q4,105082000,30424000.0,74658000.0,0.710473725281209,0.0,6279000.0,0.0,0.0,37142000.0,67566000.0,12957000.0,30863000.0,68379000,0.65072038979083,37516000.0,0.357016425267886,28309000.0,52014000.0,0.49498486895947924,1000.0,50827000.0,0.4836889286462001,0.4027687528725613,0.4027687528725613,126194000.0,126194000.0,https://www.sec.gov/Archives/edgar/data/921825/000092182519000003/0000921825-19-000003-index.htm,https://www.sec.gov/Archives/edgar/data/921825/000092182519000003/fr-20181231x10k.htm,1620592225,16:30:25,20210509
9,2018-09-30,FR,USD,2018-10-26,2018-10-26 13:39:57,Q3,100256000,28466000.0,71790000.0,0.7160668688158315,0.0,6581000.0,0.0,0.0,35226000.0,63692000.0,12424000.0,28645000.0,65209000,0.6504249122247048,36564000.0,0.36470635173954674,8135000.0,31425000.0,0.31344757421002234,-302000.0,30911000.0,0.30832069901053305,0.2457779403345843,0.24507254420042812,125768000.0,126130000.0,https://www.sec.gov/Archives/edgar/data/921825/000092182518000017/0000921825-18-000017-index.htm,https://www.sec.gov/Archives/edgar/data/921825/000092182518000017/fr-2018930x10q.htm,1620592225,16:30:25,20210509
10,2018-06-30,FR,USD,2018-07-27,2018-07-27 15:40:38,Q2,98845000,28553000.0,70292000.0,0.71113359299914,0.0,6746000.0,0.0,0.0,35382000.0,63935000.0,12603000.0,28636000.0,63546000,0.6428853255096363,34910000.0,0.35317921999089485,25067000.0,46529000.0,0.4707268956446962,123000.0,45209000.0,0.457372654155496,0.3657212658555527,0.3643389611959544,123616000.0,124085000.0,https://www.sec.gov/Archives/edgar/data/921825/000092182518000012/0000921825-18-000012-index.htm,https://www.sec.gov/Archives/edgar/data/921825/000092182518000012/fr-2018630x10q.htm,1620592225,16:30:25,20210509
11,2018-03-31,FR,USD,2018-04-26,2018-04-26 17:26:08,Q1,99771000,29411000.0,70360000.0,0.7052149422176784,0.0,8143000.0,0.0,0.0,36458000.0,65869000.0,12791000.0,28315000.0,62217000,0.623598039510479,33902000.0,0.3397981377354141,17294000.0,37550000.0,0.37636186867927557,86000.0,36292000.0,0.3637529943570777,0.30282195484204727,0.3019024881250468,119846000.0,120211000.0,https://www.sec.gov/Archives/edgar/data/921825/000092182518000007/0000921825-18-000007-index.htm,https://www.sec.gov/Archives/edgar/data/921825/000092182518000003/fr-20171231x10k.htm,1620592225,16:30:25,20210509
12,2017-12-31,FR,USD,2018-02-26,2018-02-23 17:51:50,Q4,102130000,29659000.0,72471000.0,0.7095956134338588,0.0,6769000.0,0.0,0.0,35903000.0,65562000.0,13539000.0,29134000.0,65702000,0.6433173406442769,36568000.0,0.3580534612748458,79055000.0,101258000.0,0.9914618623323216,-43000.0,97987000.0,0.9594340546362479,0.8176075964153998,0.8176075964153998,119846000.0,119846000.0,https://www.sec.gov/Archives/edgar/data/921825/000092182518000003/0000921825-18-000003-index.htm,https://www.sec.gov/Archives/edgar/data/921825/000092182518000003/fr-20171231x10k.htm,1620592225,16:30:25,20210509
13,2017-09-30,FR,USD,2017-10-27,2017-10-27 15:59:43,Q3,99310000,28452000.0,70858000.0,0.7135031718860135,0.0,6492000.0,0.0,0.0,36188000.0,64640000.0,14376000.0,29696000.0,64366000,0.6481321115698319,34670000.0,0.3491088510723996,25119000.0,44635000.0,0.4494512133722687,-21000.0,43198000.0,0.43498137146309535,0.3616529645195318,0.36001333444453704,119446000.0,119990000.0,https://www.sec.gov/Archives/edgar/data/921825/000092182517000014/0000921825-17-000014-index.htm,https://www.sec.gov/Archives/edgar/data/921825/000092182517000014/fr-2017930x10q.htm,1620592225,16:30:25,20210509
14,2017-06-30,FR,USD,2017-07-28,2017-07-28 15:51:31,Q2,97579000,26897000.0,70682000.0,0.7243566751042745,0.0,6785000.0,0.0,0.0,35825000.0,62722000.0,14915000.0,29040000.0,63897000,0.6548232714006087,34857000.0,0.3572182539275869,20860000.0,40022000.0,0.4101497248383361,1169000.0,37562000.0,0.38493938244909254,0.3202243838395894,0.31891933196919653,117299000.0,117779000.0,https://www.sec.gov/Archives/edgar/data/921825/000092182517000011/0000921825-17-000011-index.htm,https://www.sec.gov/Archives/edgar/data/921825/000092182517000011/fr-2017630x10q.htm,1620592225,16:30:25,20210509
15,2017-03-31,FR,USD,2017-04-28,2017-04-28 17:03:08,Q1,97383000,28486000.0,68897000.0,0.7074848792910466,0.0,8033000.0,0.0,0.0,36527000.0,65013000.0,14369000.0,28494000.0,60864000,0.6249961492252241,32370000.0,0.3323988786543853,6356000.0,23579000.0,0.24212644917490733,88000.0,22709000.0,0.23319265169485434,0.19436479882229088,0.19366200185910065,116837000.0,117261000.0,https://www.sec.gov/Archives/edgar/data/921825/000092182517000006/0000921825-17-000006-index.htm,https://www.sec.gov/Archives/edgar/data/921825/000092182517000002/fr-20161231x10k.htm,1620592225,16:30:25,20210509
16,2016-12-31,FR,USD,2017-02-24,2017-02-24 14:54:18,Q4,97976000,29543000.0,68433000.0,0.6984669715032252,0.0,6613000.0,0.0,0.0,35227000.0,64770000.0,14175000.0,28614000.0,61820000,0.6309708500040826,33206000.0,0.3389197354454152,7221000.0,25470000.0,0.2599616232546746,857000.0,23796000.0,0.2428758063199151,0.2036683584823301,0.2036683584823301,116837000.0,116837000.0,https://www.sec.gov/Archives/edgar/data/921825/000092182517000002/0000921825-17-000002-index.htm,https://www.sec.gov/Archives/edgar/data/921825/000092182517000002/fr-20161231x10k.htm,1620592225,16:30:25,20210509
17,2016-09-30,FR,USD,2016-10-28,2016-10-28 16:35:08,Q3,93562000,27539000.0,66023000.0,0.7056604176909429,0.0,5983000.0,0.0,0.0,34798000.0,62337000.0,14407000.0,28815000.0,60040000,0.6417135161710951,31225000.0,0.3337359184284218,16683000.0,32719000.0,0.34970393963361196,51000.0,31519000.0,0.3368782197900857,0.27062601423579213,0.26970666757940853,116467000.0,116864000.0,https://www.sec.gov/Archives/edgar/data/921825/000092182516000047/0000921825-16-000047-index.htm,https://www.sec.gov/Archives/edgar/data/921825/000092182516000047/fr-2016930x10q.htm,1620592225,16:30:25,20210509
18,2016-06-30,FR,USD,2016-07-29,2016-07-29 15:33:34,Q2,93015000,26875000.0,66140000.0,0.7110681072945224,0.0,6433000.0,0.0,0.0,35158000.0,62033000.0,14589000.0,28725000.0,59707000,0.6419072192657098,30982000.0,0.33308606138794816,36620000.0,52231000.0,0.561533086061388,123000.0,50229000.0,0.5400096758587325,0.43229682161268945,0.430935671511179,116191000.0,116558000.0,https://www.sec.gov/Archives/edgar/data/921825/000092182516000043/0000921825-16-000043-index.htm,https://www.sec.gov/Archives/edgar/data/921825/000092182516000043/fr-2016630x10q.htm,1620592225,16:30:25,20210509
19,2016-03-31,FR,USD,2016-04-29,2016-04-29 17:12:56,Q1,93467000,28367000.0,65100000.0,0.6965025089068869,0.0,7674000.0,0.0,0.0,38802000.0,67169000.0,16259000.0,31128000.0,57426000,0.6143986647693839,26298000.0,0.28136133608653324,7187000.0,16353000.0,0.17496014636181753,58000.0,15688000.0,0.16784533578696223,0.141029,0.14,110793000.0,110985000.0,https://www.sec.gov/Archives/edgar/data/921825/000092182516000040/0000921825-16-000040-index.htm,https://www.sec.gov/Archives/edgar/data/921825/000092182516000037/fr-20151231x10k.htm,1620592225,16:30:25,20210509
20,2015-12-31,FR,USD,2016-02-25,2016-02-24 18:41:11,Q4,93207000,28966000.0,64241000.0,0.6892293497269518,0.0,6336000.0,0.0,0.0,35211000.0,64177000.0,17745000.0,28875000.0,57905000,0.6212516227321982,29030000.0,0.3114572939800659,34783000.0,45202000.0,0.4849635756971043,-10000.0,43500000.0,0.46670314461360196,0.39405029349952897,0.39218868332792384,110392000.0,110916000.0,https://www.sec.gov/Archives/edgar/data/921825/000092182516000037/0000921825-16-000037-index.htm,https://www.sec.gov/Archives/edgar/data/921825/000092182516000037/fr-20151231x10k.htm,1620592225,16:30:25,20210509
21,2015-09-30,FR,USD,2015-11-02,2015-11-02 17:14:08,Q3,92157000,28044000.0,64113000.0,0.6956932191803119,0.0,5900000.0,0.0,0.0,34489000.0,62533000.0,16674000.0,28589000.0,58213000,0.6316720379352626,29624000.0,0.32145143613615895,2286000.0,14457000.0,0.15687359614570787,-14000.0,13917000.0,0.15101403040463557,0.12611004385805938,0.1255503031177829,110356000.0,110848000.0,https://www.sec.gov/Archives/edgar/data/921825/000092182515000034/0000921825-15-000034-index.htm,https://www.sec.gov/Archives/edgar/data/921825/000092182515000034/fr-2015930x10q.htm,1620592225,16:30:25,20210509
22,2015-06-30,FR,USD,2015-08-04,2015-08-04 14:51:04,Q2,90456000,27827000.0,62629000.0,0.6923697709383567,0.0,6160000.0,0.0,0.0,34204000.0,62031000.0,16363000.0,28044000.0,56469000,0.6242703634916423,28425000.0,0.314241178031308,3322000.0,14653000.0,0.1619903599540108,81000.0,14012000.0,0.15490404174405237,0.13,0.126144,110348000.0,110683000.0,https://www.sec.gov/Archives/edgar/data/921825/000092182515000028/0000921825-15-000028-index.htm,https://www.sec.gov/Archives/edgar/data/921825/000092182515000028/fr-2015630x10q.htm,1620592225,16:30:25,20210509
23,2015-03-31,FR,USD,2015-04-29,2015-04-29 16:17:33,Q1,89942000,29791000.0,60151000.0,0.6687754330568588,0.0,6966000.0,0.0,0.0,35272000.0,65063000.0,16642000.0,28306000.0,53185000,0.591325520891241,24879000.0,0.27661159413844477,-5060000.0,2455000.0,0.027295368126125725,60000.0,2373000.0,0.02638366947588446,0.021512102257274953,0.02144115653941721,110310000.0,110675000.0,https://www.sec.gov/Archives/edgar/data/921825/000092182515000020/0000921825-15-000020-index.htm,https://www.sec.gov/Archives/edgar/data/921825/000092182515000011/fr-20141231x10k.htm,1620592225,16:30:25,20210509
24,2014-12-31,FR,USD,2015-02-26,2015-02-25 17:35:55,Q4,88252000,29103000.0,59149000.0,0.6702284367493088,0.0,5365000.0,0.0,0.0,33182000.0,62285000.0,16886000.0,27817000.0,53784000,0.609436613334542,25967000.0,0.294236957802656,-960000.0,7439000.0,0.08429270724742782,46000.0,18781000.0,0.21281104110954993,0.17055340634591984,0.17011004936370636,110118000.0,110405000.0,https://www.sec.gov/Archives/edgar/data/921825/000092182515000011/0000921825-15-000011-index.htm,https://www.sec.gov/Archives/edgar/data/921825/000092182515000011/fr-20141231x10k.htm,1620592225,16:30:25,20210509
25,2014-09-30,FR,USD,2014-10-31,2014-10-31 11:44:44,Q3,87077000,27566000.0,59511000.0,0.6834296082777312,0.0,5389000.0,0.0,0.0,33510000.0,61076000.0,17322000.0,28121000.0,54122000,0.6215418537616133,26001000.0,0.2985977927581336,-32000.0,8575000.0,0.09847606141690687,103000.0,21327000.0,0.2449211617304225,0.1937549967294135,0.19340533775879423,110072000.0,110271000.0,https://www.sec.gov/Archives/edgar/data/921825/000092182514000030/0000921825-14-000030-index.htm,https://www.sec.gov/Archives/edgar/data/921825/000092182514000030/fr-2014930x10q.htm,1620592225,16:30:25,20210509
26,2014-06-30,FR,USD,2014-07-30,2014-07-30 16:55:45,Q2,86260000,27836000.0,58424000.0,0.6773011824715975,0.0,7108000.0,0.0,0.0,35616000.0,63452000.0,18924000.0,28508000.0,51316000,0.5948991421284489,22808000.0,0.26440992348713194,-623000.0,3129000.0,0.03627405518200788,79000.0,4039000.0,0.046823556689079525,0.03678003915676365,0.03658381942683236,109815000.0,110404000.0,https://www.sec.gov/Archives/edgar/data/921825/000092182514000024/0000921825-14-000024-index.htm,https://www.sec.gov/Archives/edgar/data/921825/000092182514000024/fr-2014630x10q.htm,1620592225,16:30:25,20210509
27,2014-03-31,FR,USD,2014-05-06,2014-05-05 17:37:52,Q1,86168000,31314000.0,54854000.0,0.6365936310463282,0.0,5556000.0,0.0,0.0,34328000.0,65642000.0,19046000.0,28772000.0,49298000,0.5721149382601429,20526000.0,0.23820907993686752,2966000.0,1378000.0,0.015992015597437563,10000.0,4963000.0,0.05759678767059697,0.045251467960173604,0.04503016830739917,109676000.0,110215000.0,https://www.sec.gov/Archives/edgar/data/921825/000092182514000014/0000921825-14-000014-index.htm,https://www.sec.gov/Archives/edgar/data/921825/000092182514000008/fr-20131231x10k.htm,1620592225,16:30:25,20210509
28,2013-12-31,FR,USD,2014-02-28,2014-02-28 17:18:38,Q4,77760000,25449000.0,52311000.0,0.6727237654320988,0.0,6151000.0,0.0,0.0,32391000.0,57840000.0,18167000.0,26240000.0,46160000,0.5936213991769548,19920000.0,0.25617283950617287,1040000.0,2636000.0,0.03389917695473251,-217000.0,21549000.0,0.2771219135802469,0.19681249429171613,0.19594453284837463,109490000.0,109975000.0,https://www.sec.gov/Archives/edgar/data/921825/000092182514000008/0000921825-14-000008-index.htm,https://www.sec.gov/Archives/edgar/data/921825/000092182514000008/fr-20131231x10k.htm,1620592225,16:30:25,20210509
29,2013-09-30,FR,USD,2013-11-04,2013-11-01 17:56:21,Q3,83410000,26769000.0,56641000.0,0.6790672581225273,0.0,5137000.0,0.0,0.0,33741000.0,60510000.0,17997000.0,28604000.0,51504000,0.6174799184750029,22900000.0,0.2745474163769332,-1709000.0,3004000.0,0.036014866322982855,63000.0,8544000.0,0.10243376093993525,0.05,0.05,109474000.0,109474000.0,https://www.sec.gov/Archives/edgar/data/921825/000092182513000026/0000921825-13-000026-index.htm,https://www.sec.gov/Archives/edgar/data/921825/000092182513000026/fr-20130930xq3x10q.htm,1620592225,16:30:25,20210509
30,2013-06-30,FR,USD,2013-08-05,2013-08-05 15:44:23,Q2,84687000,27774000.0,56913000.0,0.6720393921144922,0.0,5401000.0,0.0,0.0,34639000.0,62413000.0,18431000.0,29238000.0,51512000,0.6082633698206337,22274000.0,0.2630155749997048,-5809000.0,-2199000.0,-0.025966204966523788,3000.0,11117000.0,0.13127162374390403,0.05,0.05,108117000.0,108117000.0,https://www.sec.gov/Archives/edgar/data/921825/000092182513000018/0000921825-13-000018-index.htm,https://www.sec.gov/Archives/edgar/data/921825/000092182513000018/fr-20130630xq2x10q.htm,1620592225,16:30:25,20210509
31,2013-03-31,FR,USD,2013-05-07,2013-05-07 11:37:58,Q1,83268000,27930000.0,55338000.0,0.664577028390258,0.0,6463000.0,0.0,0.0,33770000.0,61700000.0,18963000.0,27307000.0,48875000,0.5869601767785945,21568000.0,0.2590190709516261,-1154000.0,1160000.0,0.013930921842724696,-62000.0,-903000.0,-0.010844502089638277,-0.05,-0.05,100774000.0,100774000.0,https://www.sec.gov/Archives/edgar/data/921825/000144530513001143/0001445305-13-001143-index.htm,https://www.sec.gov/Archives/edgar/data/921825/000119312513086804/d449358d10k.htm,1620592225,16:30:25,20210509
32,2012-12-31,FR,USD,2013-03-01,2013-03-01 12:05:05,Q4,80911000,24953000.0,55958000.0,0.6915994116992745,0.0,8689000.0,0.0,0.0,37784000.0,62737000.0,19514000.0,29284000.0,47458000,0.5865457107191853,18174000.0,0.22461717195436962,336000.0,-3851000.0,-0.04759550617344984,264000.0,-1971000.0,-0.024360099368441867,-0.09,-0.09,97738000.0,97738000.0,https://www.sec.gov/Archives/edgar/data/921825/000119312513086804/0001193125-13-086804-index.htm,https://www.sec.gov/Archives/edgar/data/921825/000119312513086804/d449358d10k.htm,1620592225,16:30:25,20210509
33,2012-09-30,FR,USD,2012-11-05,2012-11-02 21:37:45,Q3,80984000,25964000.0,55020000.0,0.6793934604366294,0.0,4843000.0,0.0,0.0,34268000.0,60232000.0,20127000.0,29425000.0,50177000,0.619591524251704,20752000.0,0.256248147782278,-1321000.0,-40000.0,-0.0004939247258717772,-5000.0,8919000.0,0.11013286575125951,0.04,0.04,98432000.0,98432000.0,https://www.sec.gov/Archives/edgar/data/921825/000119312512449807/0001193125-12-449807-index.htm,https://www.sec.gov/Archives/edgar/data/921825/000119312512449807/d409380d10q.htm,1620592225,16:30:25,20210509
34,2012-06-30,FR,USD,2012-08-03,2012-08-02 17:52:47,Q2,83820000,27116000.0,56704000.0,0.676497256024815,0.0,5954000.0,0.0,0.0,36202000.0,63318000.0,21172000.0,32757000.0,53259000,0.6353972798854689,20502000.0,0.24459556191839657,-7502000.0,-7494000.0,-0.08940586972083035,5354000.0,-9528000.0,-0.1136721546170365,-0.16,-0.16,87981000.0,87981000.0,https://www.sec.gov/Archives/edgar/data/921825/000119312512332355/0001193125-12-332355-index.htm,https://www.sec.gov/Archives/edgar/data/921825/000119312512332355/d358318d10q.htm,1620592225,16:30:25,20210509
35,2012-03-31,FR,USD,2012-05-08,2012-05-08 17:14:44,Q1,83086000,27815000.0,55271000.0,0.665226391931252,0.0,5617000.0,0.0,0.0,38557000.0,66372000.0,22693000.0,35105000.0,51819000,0.6236790795079797,16714000.0,0.20116505789182293,764000.0,-5788000.0,-0.06966275906891654,-91000.0,1262000.0,0.015189081192980767,-0.04,-0.04,86575000.0,86575000.0,https://www.sec.gov/Archives/edgar/data/921825/000119312512218881/0001193125-12-218881-index.htm,https://www.sec.gov/Archives/edgar/data/921825/000119312512089719/d270035d10k.htm,1620592225,16:30:25,20210509
36,2011-12-31,FR,USD,2012-02-29,2012-02-29 17:29:16,Q4,85239000,29551000.0,55688000.0,0.6533159703891411,0.0,5585000.0,0.0,0.0,38291000.0,67842000.0,23196000.0,34924000.0,52321000,0.6138152723518577,17397000.0,0.20409671629183823,-2345000.0,-7256000.0,-0.08512535341803634,-8000.0,79000.0,0.0009268058048545854,0.0009125036095870633,0.0009125036095870633,86575000.0,86575000.0,https://www.sec.gov/Archives/edgar/data/921825/000119312512089719/0001193125-12-089719-index.htm,https://www.sec.gov/Archives/edgar/data/921825/000119312512089719/d270035d10k.htm,1620592225,16:30:25,20210509
37,2011-09-30,FR,USD,2011-11-04,2011-11-03 18:02:03,Q3,76793000,25443000.0,51350000.0,0.6686807391298686,0.0,5016000.0,0.0,0.0,37997000.0,63440000.0,24446000.0,36081000.0,49434000,0.6437305483572722,13353000.0,0.17388303621423828,-2335000.0,-12261000.0,-0.15966299011628665,-327000.0,-3990000.0,-0.05195786074251559,-0.1,-0.1,85930000.0,85930000.0,https://www.sec.gov/Archives/edgar/data/921825/000119312511295494/0001193125-11-295494-index.htm,https://www.sec.gov/Archives/edgar/data/921825/000119312511295494/d250549d10q.htm,1620592225,16:30:25,20210509
38,2011-06-30,FR,USD,2011-08-05,2011-08-05 16:50:34,Q2,73323000,23866000.0,49457000.0,0.6745086807686538,0.0,4768000.0,0.0,0.0,33146000.0,57012000.0,25746000.0,31221000.0,47532000,0.6482549813837404,16311000.0,0.22245407307393314,944000.0,-7604000.0,-0.10370552214175634,-280000.0,196000.0,0.0026731039373729935,-0.06,-0.06,75208000.0,75208000.0,https://www.sec.gov/Archives/edgar/data/921825/000095012311073747/0000950123-11-073747-index.htm,https://www.sec.gov/Archives/edgar/data/921825/000095012311073747/c65021e10vq.htm,1620592225,16:30:25,20210509
39,2011-03-31,FR,USD,2011-05-02,2011-05-02 17:14:02,Q1,71897000,25249000.0,46648000.0,0.6488170577353715,0.0,5269000.0,0.0,0.0,32648000.0,57897000.0,26789000.0,30095000.0,44095000,0.6133079266172441,14000000.0,0.19472300652322072,-2314000.0,-14123000.0,-0.19643378722338903,-289000.0,-3730000.0,-0.05187977245225809,0.2,0.2,70639000.0,70639000.0,https://www.sec.gov/Archives/edgar/data/921825/000095012311043053/0000950123-11-043053-index.htm,https://www.sec.gov/Archives/edgar/data/921825/000095012311017925/c62329e10vk.htm,1620592225,16:30:25,20210509
40,2010-12-31,FR,USD,2011-02-24,2011-02-24 17:00:58,Q4,26638000,5113000.0,21525000.0,0.8080561603724004,0.0,5358000.0,0.0,0.0,11667000.0,16780000.0,27161000.0,33002000.0,42860000,1.6089796531271117,9858000.0,0.3700728282904122,126281000.0,110222000.0,4.137773106089046,854000.0,-22974000.0,-0.8624521360462497,-0.3252311046305865,-0.3252311046305865,70639000.0,70639000.0,https://www.sec.gov/Archives/edgar/data/921825/000095012311017925/0000950123-11-017925-index.htm,https://www.sec.gov/Archives/edgar/data/921825/000095012311017925/c62329e10vk.htm,1620592225,16:30:25,20210509
41,2010-09-30,FR,USD,2010-11-04,2010-11-04 16:55:32,Q3,84825000,28491000.0,56334000.0,0.6641202475685234,0.0,4939000.0,0.0,0.0,40280000.0,68771000.0,25609000.0,37482000.0,53536000,0.6311346890657236,16054000.0,0.18926024167403477,-155473000.0,-163991000.0,-1.9332861774241084,-247000.0,-149385000.0,-1.7610963748894783,-2.44,-2.44,63100000.0,63100000.0,https://www.sec.gov/Archives/edgar/data/921825/000095012310101001/0000950123-10-101001-index.htm,https://www.sec.gov/Archives/edgar/data/921825/000095012310101001/c61122e10vq.htm,1620592225,16:30:25,20210509
42,2010-06-30,FR,USD,2010-08-06,2010-08-06 16:42:34,Q2,87521000,28974000.0,58547000.0,0.6689480239028347,0.0,7375000.0,0.0,0.0,43012000.0,71986000.0,25637000.0,38204000.0,53739000,0.6140126369671279,15535000.0,0.17750025708115766,-7574000.0,-16668000.0,-0.190445721598245,2511000.0,-13548000.0,-0.15479713440202922,-0.16,-0.16,62838000.0,62838000.0,https://www.sec.gov/Archives/edgar/data/921825/000095012310074369/0000950123-10-074369-index.htm,https://www.sec.gov/Archives/edgar/data/921825/000095012310074369/c59552e10vq.htm,1620592225,16:30:25,20210509
43,2010-03-31,FR,USD,2010-05-04,2010-05-04 06:05:23,Q1,89747000,32894000.0,56853000.0,0.6334807848730319,0.0,8917000.0,0.0,0.0,43385000.0,76279000.0,27695000.0,36511000.0,49979000,0.5568876954104316,13468000.0,0.15006629748069572,-10019000.0,-23171000.0,-0.25818133196652815,111000.0,-16914000.0,-0.1884631241155693,-0.35,-0.353965,61797000.0,61797000.0,https://www.sec.gov/Archives/edgar/data/921825/000095012310043062/0000950123-10-043062-index.htm,https://www.sec.gov/Archives/edgar/data/921825/000095012310020117/c55884e10vk.htm,1620592225,16:30:25,20210509
44,2009-12-31,FR,USD,2010-03-03,2010-03-02 17:58:24,Q4,88066000,31884000.0,56182000.0,0.637953353166943,0.0,7694000.0,0.0,0.0,43178000.0,75062000.0,28813000.0,38734000.0,51738000,0.5874911997819817,13004000.0,0.1476619807871369,7116000.0,-3955000.0,-0.04490949969341176,-14180000.0,16198000.0,0.1839302341425749,0.26211628396200465,0.26211628396200465,61797000.0,61797000.0,https://www.sec.gov/Archives/edgar/data/921825/000095012310020117/0000950123-10-020117-index.htm,https://www.sec.gov/Archives/edgar/data/921825/000095012310020117/c55884e10vk.htm,1620592225,16:30:25,20210509
45,2009-09-30,FR,USD,2009-11-09,2009-11-09 15:06:45,Q3,105098000,45266000.0,59832000.0,0.5692972273497117,0.0,8391000.0,0.0,0.0,45424000.0,90690000.0,29119000.0,40793000.0,55201000,0.5252335915050714,14408000.0,0.1370910959295134,8552000.0,-5428000.0,-0.05164703419665455,-6114000.0,2965000.0,0.02821176425812099,-0.04,-0.04,45360000.0,45360000.0,https://www.sec.gov/Archives/edgar/data/921825/000095012309060065/0000950123-09-060065-index.htm,https://www.sec.gov/Archives/edgar/data/921825/000095012309060065/c54493e10vq.htm,1620592225,16:30:25,20210509
46,2009-06-30,FR,USD,2009-08-07,2009-08-07 14:26:37,Q2,108038000,48669000.0,59369000.0,0.5495196134693349,0.0,11641000.0,0.0,0.0,48447000.0,97116000.0,29391000.0,36806000.0,47728000,0.44177048816157277,10922000.0,0.10109405949758418,5461000.0,-12287000.0,-0.11372850293415279,-2606000.0,-2886000.0,-0.02671282326588793,-0.17,-0.17,44439000.0,44439000.0,https://www.sec.gov/Archives/edgar/data/921825/000095012309031970/0000950123-09-031970-index.htm,https://www.sec.gov/Archives/edgar/data/921825/000095012309031970/c52766e10vq.htm,1620592225,16:30:25,20210509
47,2009-03-31,FR,USD,2009-05-11,2009-05-11 15:37:08,Q1,113092000,51496000.0,61596000.0,0.5446539100908995,0.0,10109000.0,0.0,0.0,49326000.0,100822000.0,28098000.0,45689000.0,57959000,0.512494252467018,12270000.0,0.10849573798323489,-4337000.0,-19604000.0,-0.17334559473702826,-1816000.0,-10544000.0,-0.0932338273264245,-0.35,-0.35,44147000.0,44147000.0,https://www.sec.gov/Archives/edgar/data/921825/000095013709003831/0000950137-09-003831-index.htm,https://www.sec.gov/Archives/edgar/data/921825/000095013709001437/c48884e10vk.htm,1620592225,16:30:25,20210509
48,2008-12-31,FR,USD,2009-03-02,2009-03-02 16:40:35,Q4,151123000,73405000.0,77718000.0,0.5142698331822423,0.0,20436000.0,0.0,0.0,61816000.0,135221000.0,28443000.0,51381000.0,67283000,0.44522011871124845,15902000.0,0.10522554475493472,-31139000.0,125462000.0,0.8301979182520198,-5019000.0,-67435000.0,-0.4462259219311422,-1.5275103631050808,-1.5275103631050808,44147000.0,44147000.0,https://www.sec.gov/Archives/edgar/data/921825/000095013709001437/0000950137-09-001437-index.htm,https://www.sec.gov/Archives/edgar/data/921825/000095013709001437/c48884e10vk.htm,1620592225,16:30:25,20210509
49,2008-09-30,FR,USD,2008-11-10,2008-11-10 10:37:44,Q3,136602000,72482000.0,64120000.0,0.4693928346583505,0.0,18066000.0,0.0,0.0,57216000.0,129698000.0,26644000.0,43751000.0,50655000,0.3708218034875038,6904000.0,0.050540987686856706,543000.0,-18143000.0,-0.1328165034186908,-2064000.0,8817000.0,0.0645451750340405,0.09,0.09,43151000.0,43151000.0,https://www.sec.gov/Archives/edgar/data/921825/000095013708013561/0000950137-08-013561-index.htm,https://www.sec.gov/Archives/edgar/data/921825/000095013708013561/c47282e10vq.htm,1620592225,16:30:25,20210509
50,2008-06-30,FR,USD,2008-08-11,2008-08-11 11:00:26,Q2,130824000,65470000.0,65354000.0,0.4995566562710206,0.0,22836000.0,0.0,0.0,68221000.0,133691000.0,27616000.0,46909000.0,44042000,0.3366507674432826,-2867000.0,-0.021914939154895126,767000.0,-28598000.0,-0.21859903381642512,-3366000.0,46184000.0,0.3530239099859353,0.96,0.96,43128000.0,43128000.0,https://www.sec.gov/Archives/edgar/data/921825/000095013708010485/0000950137-08-010485-index.htm,https://www.sec.gov/Archives/edgar/data/921825/000095013708010485/c33445e10vq.htm,1620592225,16:30:25,20210509
51,2008-03-31,FR,USD,2008-05-07,2008-05-06 18:44:58,Q1,121412000,0.0,0.0,0.0,0.0,80351000.0,0.0,0.0,119503000.0,119503000.0,0.0,43339000.0,45248000,0.37268144829176686,1909000.0,0.015723322241623563,-723000.0,-27026000.0,-0.22259743682667282,-2348000.0,53617000.0,0.4416120317596284,1.13,1.13,42984000.0,42984000.0,https://www.sec.gov/Archives/edgar/data/921825/000095013708006848/0000950137-08-006848-index.htm,https://www.sec.gov/Archives/edgar/data/921825/000095013708002703/c23671e10vk.htm,1620592225,16:30:25,20210509
52,2007-12-31,FR,USD,2008-02-26,2008-02-25 19:09:15,Q4,104557000,0.0,0.0,0.0,0.0,25623000.0,0.0,0.0,105625000.0,105625000.0,0.0,44002000.0,42934000,0.4106276958979313,-1068000.0,-0.010214524135160725,-738000.0,-30845000.0,-0.29500655145040505,-5616000.0,48291000.0,0.46186290731371404,1.123464544946957,1.123464544946957,42984000.0,42984000.0,https://www.sec.gov/Archives/edgar/data/921825/000095013708002703/0000950137-08-002703-index.htm,https://www.sec.gov/Archives/edgar/data/921825/000095013708002703/c23671e10vk.htm,1620592225,16:30:25,20210509
53,2007-09-30,FR,USD,2007-11-05,2007-11-05 16:49:59,Q3,108917000,0.0,0.0,0.0,0.0,21307000.0,0.0,0.0,101539000.0,101539000.0,0.0,44918000.0,52296000,0.4801454318425957,7378000.0,0.06773965496662596,-967000.0,-22855000.0,-0.20983868450287835,-2839000.0,34160000.0,0.313633317113031,0.66,0.66,44240000.0,44240000.0,https://www.sec.gov/Archives/edgar/data/921825/000095013707016579/0000950137-07-016579-index.htm,https://www.sec.gov/Archives/edgar/data/921825/000095013707016579/c20964e10vq.htm,1620592225,16:30:25,20210509
54,2007-06-30,FR,USD,2007-08-09,2007-08-09 13:10:55,Q2,115036000,0.0,0.0,0.0,0.0,22380000.0,0.0,0.0,104746000.0,104746000.0,0.0,43988000.0,54278000,0.47183490385618415,10290000.0,0.08945025904934108,-932000.0,-20084000.0,-0.17458882436802392,118000.0,37413000.0,0.32522862408289577,0.67,0.67,44471000.0,44471000.0,https://www.sec.gov/Archives/edgar/data/921825/000095013707011772/0000950137-07-011772-index.htm,https://www.sec.gov/Archives/edgar/data/921825/000095013707011772/c17138e10vq.htm,1620592225,16:30:25,20210509
55,2007-03-31,FR,USD,2007-05-04,2007-05-04 17:01:56,Q1,118916000,0.0,0.0,0.0,0.0,22791000.0,0.0,0.0,105581000.0,105581000.0,0.0,43232000.0,56567000,0.4756887214504356,13335000.0,0.11213797975041205,-1112000.0,-17418000.0,-0.14647314070436274,-1466000.0,35187000.0,0.29589794476773523,0.66,0.66,44410000.0,44410000.0,https://www.sec.gov/Archives/edgar/data/921825/000095013707006824/0000950137-07-006824-index.htm,https://www.sec.gov/Archives/edgar/data/921825/000095013707003121/c12587e10vk.htm,1620592225,16:30:25,20210509
56,2006-12-31,FR,USD,2007-03-01,2007-03-01 16:13:37,Q4,99910000,0.0,0.0,0.0,0.0,21579000.0,0.0,0.0,96681000.0,96681000.0,0.0,43799000.0,47028000,0.47070363326994297,3229000.0,0.03231908717846062,-840000.0,-27630000.0,-0.27654889400460414,859000.0,27385000.0,0.27409668701831646,0.6166403963071381,0.6166403963071381,44410000.0,44410000.0,https://www.sec.gov/Archives/edgar/data/921825/000095013707003121/0000950137-07-003121-index.htm,https://www.sec.gov/Archives/edgar/data/921825/000095013707003121/c12587e10vk.htm,1620592225,16:30:25,20210509
57,2006-09-30,FR,USD,2006-11-09,2006-11-09 17:00:36,Q3,103100000,0.0,0.0,0.0,0.0,20047000.0,0.0,0.0,92466000.0,92466000.0,0.0,37830000.0,48464000,0.47006789524733267,10634000.0,0.10314258001939865,-3545000.0,-24087000.0,-0.23362754607177497,-3465000.0,29371000.0,0.2848787584869059,0.54,0.54,44032000.0,44032000.0,https://www.sec.gov/Archives/edgar/data/921825/000095013706012187/0000950137-06-012187-index.htm,https://www.sec.gov/Archives/edgar/data/921825/000095013706012187/c09535e10vq.htm,1620592225,16:30:25,20210509
58,2006-06-30,FR,USD,2006-08-09,2006-08-09 12:49:42,Q2,100497000,0.0,0.0,0.0,0.0,18236000.0,0.0,0.0,89939000.0,89939000.0,0.0,41431000.0,51989000,0.5173189249430331,10558000.0,0.10505786242375394,-603000.0,-19529000.0,-0.19432420868284625,-483000.0,32294000.0,0.3213429256594724,0.62,0.62,44006000.0,44006000.0,https://www.sec.gov/Archives/edgar/data/921825/000095013706008901/0000950137-06-008901-index.htm,https://www.sec.gov/Archives/edgar/data/921825/000095013706008901/c07286e10vq.htm,1620592225,16:30:25,20210509
59,2006-03-31,FR,USD,2006-05-10,2006-05-10 17:02:20,Q1,96836000,0.0,0.0,0.0,0.0,17636000.0,0.0,0.0,89137000.0,89137000.0,0.0,39252000.0,46951000,0.48485067536866455,7699000.0,0.07950555578503862,-790000.0,-21940000.0,-0.22656863150068157,-6037000.0,22943000.0,0.2369263497046553,0.39,0.39,43887000.0,43887000.0,https://www.sec.gov/Archives/edgar/data/921825/000095013706005741/0000950137-06-005741-index.htm,https://www.sec.gov/Archives/edgar/data/921825/000095013706003167/c03084e10vk.htm,1620592225,16:30:25,20210509
60,2005-12-31,FR,USD,2006-03-16,2006-03-16 17:07:34,Q4,97795000,0.0,0.0,0.0,0.0,16937000.0,0.0,0.0,70864000.0,70864000.0,0.0,37515000.0,64446000,0.6589907459481569,26931000.0,0.2753821770029143,-15512000.0,-17384000.0,-0.17775959916151132,-4811000.0,25465000.0,0.26039163556419037,0.5802401622348303,0.5802401622348303,43887000.0,43887000.0,https://www.sec.gov/Archives/edgar/data/921825/000095013706003167/0000950137-06-003167-index.htm,https://www.sec.gov/Archives/edgar/data/921825/000095013706003167/c03084e10vk.htm,1620592225,16:30:25,20210509
61,2005-09-30,FR,USD,2005-11-09,2005-11-09 17:21:14,Q3,101826000,0.0,0.0,0.0,0.0,15382000.0,0.0,0.0,90767000.0,90767000.0,0.0,34673000.0,45732000,0.44911908549879204,11059000.0,0.1086068391177106,1294000.0,-14841000.0,-0.14574863001590949,-3107000.0,23494000.0,0.2307269263253,0.5,0.5,42368000.0,42368000.0,https://www.sec.gov/Archives/edgar/data/921825/000095013705013589/0000950137-05-013589-index.htm,https://www.sec.gov/Archives/edgar/data/921825/000095013705013589/c99783e10vq.htm,1620592225,16:30:25,20210509
62,2005-06-30,FR,USD,2005-08-09,2005-08-09 16:09:16,Q2,86423000,0.0,0.0,0.0,0.0,11571000.0,0.0,0.0,70682000.0,70682000.0,0.0,31367000.0,47108000,0.5450863774689608,15741000.0,0.18213901391990558,-1404000.0,-11105000.0,-0.1284958865116925,-1871000.0,21753000.0,0.2517038288418592,0.46,0.46,42267391.0,42267391.0,https://www.sec.gov/Archives/edgar/data/921825/000095013705009901/0000950137-05-009901-index.htm,https://www.sec.gov/Archives/edgar/data/921825/000095013705009901/c97430e10vq.htm,1620592225,16:30:25,20210509
63,2005-03-31,FR,USD,2005-05-10,2005-05-10 16:43:44,Q1,87986000,0.0,0.0,0.0,0.0,11922000.0,0.0,0.0,92776000.0,92776000.0,0.0,29511000.0,24721000,0.28096515354715523,-4790000.0,-0.054440479167140225,22462000.0,-7914000.0,-0.08994612779305798,-1656000.0,16390000.0,0.18627963539654036,0.3887755586128374,0.3859558234823153,42158000.0,42466000.0,https://www.sec.gov/Archives/edgar/data/921825/000095013705005664/0000950137-05-005664-index.htm,https://www.sec.gov/Archives/edgar/data/921825/000095013705003955/c93058e10vk.htm,1620592225,16:30:25,20210509
64,2004-12-31,FR,USD,2005-03-31,2005-03-31 14:23:49,Q4,77697000,0.0,0.0,0.0,0.0,11491000.0,0.0,0.0,62803000.0,62803000.0,0.0,28645000.0,43539000,0.5603691262210896,14894000.0,0.1916933729745035,-382000.0,0.0,0.0,0.0,19843000.0,0.255389525979124,0.4706817211442668,0.4706817211442668,42158000.0,42158000.0,https://www.sec.gov/Archives/edgar/data/921825/000095013705003955/0000950137-05-003955-index.htm,https://www.sec.gov/Archives/edgar/data/921825/000095013705003955/c93058e10vk.htm,1620592225,16:30:25,20210509
65,2004-09-30,FR,USD,2004-11-09,2004-11-09 15:58:32,Q3,81584000,0.0,0.0,0.0,0.0,11190000.0,0.0,0.0,63902000.0,63902000.0,0.0,27079000.0,44761000,0.5486492449499902,17682000.0,0.21673367326926848,0.0,0.0,0.0,0.0,36484000.0,0.4471955285350069,0.83,0.82,40450000.0,40764000.0,https://www.sec.gov/Archives/edgar/data/921825/000095013704009670/0000950137-04-009670-index.htm,https://www.sec.gov/Archives/edgar/data/921825/000095013704009670/c89397e10vq.htm,1620592225,16:30:25,20210509
66,2004-06-30,FR,USD,2004-08-06,2004-08-06 15:24:52,Q2,80243000,0.0,0.0,0.0,0.0,9665000.0,0.0,0.0,60505000.0,60505000.0,0.0,25381000.0,45119000,0.5622795757885423,19738000.0,0.2459778423040016,1450000.0,0.0,0.0,0.0,27218000.0,0.3391946961105642,0.37,0.37,40727027.0,40727027.0,https://www.sec.gov/Archives/edgar/data/921825/000095013704006337/0000950137-04-006337-index.htm,https://www.sec.gov/Archives/edgar/data/921825/000095013704006337/c87267e10vq.htm,1620592225,16:30:25,20210509
67,2004-03-31,FR,USD,2004-05-10,2004-05-10 16:50:24,Q1,84491000,0.0,0.0,0.0,0.0,7223000.0,0.0,0.0,58945000.0,58945000.0,0.0,24199000.0,49745000,0.5887609331171367,25546000.0,0.30235172977003466,0.0,0.0,0.0,0.0,28040000.0,0.33186966659170797,0.58,0.57,39648276.0,40343860.0,https://www.sec.gov/Archives/edgar/data/921825/000095013704003849/0000950137-04-003849-index.htm,https://www.sec.gov/Archives/edgar/data/921825/000095013704003849/c85124e10vq.htm,1620592225,16:30:25,20210509
68,2003-12-31,FR,USD,2003-12-31,2003-12-31,Q4,78863000,0.0,0.0,0.0,0.0,6441000.0,0.0,0.0,56125000.0,56125000.0,0.0,27572000.0,50310000,0.6379417470803799,22738000.0,0.28832278761903557,0.0,0.0,0.0,0.0,29056000.0,0.36843640236866465,0.7328439703153802,0.7328439703153802,39648276.0,39648276.0,,,1620592225,16:30:25,20210509
69,2003-09-30,FR,USD,2003-11-14,2003-11-14 15:44:42,Q3,86560000,0.0,0.0,0.0,0.0,6525000.0,0.0,0.0,55621000.0,55621000.0,0.0,22287000.0,53226000,0.6149029574861368,30939000.0,0.3574283733826248,0.0,0.0,0.0,0.0,30694000.0,0.354597966728281,0.65,0.65,39461538.0,39461538.0,https://www.sec.gov/Archives/edgar/data/921825/000095013703005977/0000950137-03-005977-index.htm,https://www.sec.gov/Archives/edgar/data/921825/000095013703005977/c80822e10vq.htm,1620592225,16:30:25,20210509
70,2003-06-30,FR,USD,2003-06-30,2003-06-30,Q2,85962000,0.0,0.0,0.0,0.0,7223000.0,0.0,0.0,55691000.0,55691000.0,0.0,21575000.0,51846000,0.6031269630767083,30271000.0,0.35214397059165675,3336000.0,0.0,0.0,0.0,23473000.0,0.27306251599543985,0.47,0.47,39210638.0,39210638.0,,,1620592225,16:30:25,20210509
71,2003-03-31,FR,USD,2003-05-14,2003-05-14,Q1,96412000,0.0,0.0,0.0,0.0,6764000.0,0.0,0.0,58167000.0,58167000.0,0.0,20314000.0,58559000,0.6073828983943907,38245000.0,0.39668298552047465,3281000.0,0.0,0.0,0.0,30550000.0,0.31686926938555365,0.66,0.66,38645455.0,38645455.0,https://www.sec.gov/Archives/edgar/data/921825/000095013703002934/0000950137-03-002934-index.htm,https://www.sec.gov/Archives/edgar/data/921825/000095013703002934/c76929e10vq.txt,1620592225,16:30:25,20210509
72,2002-12-31,FR,USD,2002-12-31,2002-12-31,Q4,81818000,0.0,0.0,0.0,0.0,5828000.0,0.0,0.0,49242000.0,49242000.0,0.0,21809000.0,54385000,0.6647070326822948,32576000.0,0.39815199589332423,10938000.0,0.0,0.0,0.0,29959000.0,0.36616636925859836,0.7752269962923195,0.7752269962923195,38645455.0,38645455.0,,,1620592225,16:30:25,20210509
73,2002-09-30,FR,USD,2002-11-14,2002-11-14,Q3,90704000,0.0,0.0,0.0,0.0,3759000.0,0.0,0.0,51414000.0,51414000.0,0.0,20523000.0,59813000,0.659430675604163,39290000.0,0.43316722526018697,1327000.0,0.0,0.0,0.0,28230000.0,0.3112321397071794,0.59,0.58,39298305.0,39975862.0,https://www.sec.gov/Archives/edgar/data/921825/000095013702006274/0000950137-02-006274-index.htm,https://www.sec.gov/Archives/edgar/data/921825/000095013702006274/c72912e10vq.txt,1620592225,16:30:25,20210509
74,2002-06-30,FR,USD,2002-08-14,2002-08-14,Q2,90154000,0.0,0.0,0.0,0.0,4860000.0,0.0,0.0,53053000.0,53053000.0,0.0,20462000.0,57563000,0.6384963506888214,37101000.0,0.41152916121303545,0.0,0.0,0.0,0.0,30687000.0,0.34038423142622626,0.62,0.62,39635484.0,39635484.0,https://www.sec.gov/Archives/edgar/data/921825/000095013702004433/0000950137-02-004433-index.htm,https://www.sec.gov/Archives/edgar/data/921825/000095013702004433/c71117e10vq.txt,1620592225,16:30:25,20210509
75,2002-03-31,FR,USD,2002-03-31,2002-03-31,Q1,89327000,0.0,0.0,0.0,0.0,5163000.0,0.0,0.0,51729000.0,51729000.0,0.0,20026000.0,57624000,0.6450905101481075,37598000.0,0.42090297446460756,640000.0,0.0,0.0,0.0,30773000.0,0.3444983039842377,0.6,0.6,39236667.0,39236667.0,,,1620592225,16:30:25,20210509
76,2001-12-31,FR,USD,2002-03-12,2002-03-12,Q4,93948000,0.0,0.0,0.0,0.0,4914000.0,0.0,0.0,90417000.0,90417000.0,0.0,25263000.0,28794000,0.30648869587431343,3531000.0,0.03758462127985694,0.0,0.0,0.0,0.0,19372000.0,0.20619917401115512,0.49372185461114726,0.49372185461114726,39236667.0,39236667.0,https://www.sec.gov/Archives/edgar/data/921825/000095013702001197/0000950137-02-001197-index.htm,https://www.sec.gov/Archives/edgar/data/921825/000095013702001197/c67926e10-k.txt,1620592225,16:30:25,20210509
77,2001-09-30,FR,USD,2001-10-30 00:00:00,2001-10-30 00:00:00,Q3,93651000,0.0,0.0,0.0,0.0,4042000.0,0.0,0.0,72975000.0,72975000.0,0.0,18946000.0,39622000,0.42308144066801207,20676000.0,0.22077714066053752,0.0,0.0,0.0,0.0,39484000.0,0.42160788459279663,0.81,0.81,39818519.0,39818519.0,https://www.sec.gov/Archives/edgar/data/921825/000095013701504175/0000950137-01-504175-index.html,https://www.sec.gov/Archives/edgar/data/921825/000095013701504175/c65673e10-q.txt,1620592225,16:30:25,20210509
78,2001-06-30,FR,USD,2001-08-10 00:00:00,2001-08-10 00:00:00,Q2,97465000,0.0,0.0,0.0,0.0,5051000.0,0.0,0.0,74669000.0,74669000.0,0.0,18378000.0,41174000,0.422449084286667,22796000.0,0.23388908839070435,0.0,0.0,0.0,0.0,28309000.0,0.2904529831221464,0.53,0.53,39586792.0,39586792.0,https://www.sec.gov/Archives/edgar/data/921825/000095013701502863/0000950137-01-502863-index.html,https://www.sec.gov/Archives/edgar/data/921825/000095013701502863/c64296e10-q.txt,1620592225,16:30:25,20210509
79,2001-03-31,FR,USD,2001-03-31,2001-03-31,Q1,99413000,0.0,0.0,0.0,0.0,4602000.0,0.0,0.0,78090000.0,78090000.0,0.0,18822000.0,40145000,0.4038204259000332,21323000.0,0.21448905072777202,0.0,0.0,0.0,0.0,35199000.0,0.354068381398811,0.69,0.69,39113043.0,39113043.0,,,1620592225,16:30:25,20210509
80,2000-12-31,FR,USD,2000-12-31,2000-12-31,Q4,100103000,0.0,0.0,0.0,0.0,4543000.0,0.0,0.0,79190000.0,79190000.0,0.0,18971000.0,39884000,0.3984296174939812,20913000.0,0.20891481773773013,0.0,0.0,0.0,0.0,27998000.0,0.2796919173251551,0.7158225965696404,0.7158225965696404,39113043.0,39113043.0,,,1620592225,16:30:25,20210509
81,2000-09-30,FR,USD,2000-11-14 00:00:00,2000-11-14 00:00:00,Q3,96551000,0.0,0.0,0.0,0.0,4357000.0,0.0,0.0,71928000.0,71928000.0,0.0,15048000.0,39671000,0.4108812958954335,24623000.0,0.2550258412652381,6280000.0,0.0,0.0,0.0,30903000.0,0.3200691862331825,0.58,0.58,39124138.0,39124138.0,https://www.sec.gov/Archives/edgar/data/921825/000095013700004855/0000950137-00-004855-index.html,https://www.sec.gov/Archives/edgar/data/921825/000095013700004855/c58229e10-q.txt,1620592225,16:30:25,20210509
82,2000-06-30,FR,USD,2000-08-14 00:00:00,2000-08-14 00:00:00,Q2,168773000,0.0,0.0,0.0,0.0,4568000.0,0.0,0.0,148206000.0,148206000.0,0.0,18665000.0,39232000,0.2324542432735094,20567000.0,0.1218619091916361,10057000.0,0.0,0.0,0.0,30624000.0,0.181450824480219,0.58,0.58,38643103.0,38643103.0,https://www.sec.gov/Archives/edgar/data/921825/000095013700003712/0000950137-00-003712-index.html,https://www.sec.gov/Archives/edgar/data/921825/000095013700003712/e10-q.txt,1620592225,16:30:25,20210509
83,2000-03-31,FR,USD,2000-05-15 00:00:00,2000-05-15 00:00:00,Q1,95148000,0.0,0.0,0.0,0.0,3661000.0,0.0,0.0,72683000.0,72683000.0,0.0,17859000.0,40324000,0.42380291756001176,22465000.0,0.23610585613990837,5874000.0,0.0,0.0,0.0,28339000.0,0.2978412578299071,0.52,0.52,38707692.0,38707692.0,https://www.sec.gov/Archives/edgar/data/921825/000095013700002385/0000950137-00-002385-index.html,https://www.sec.gov/Archives/edgar/data/921825/0000950137-00-002385.txt,1620592225,16:30:25,20210509
84,1999-12-31,FR,USD,1999-12-31,1999-12-31,Q4,64855000,0.0,0.0,0.0,0.0,3259000.0,0.0,0.0,407504000.0,407504000.0,0.0,15880000.0,-326769000,-5.038455015033536,-342649000.0,-5.283308919898235,0.0,0.0,0.0,0.0,28148000.0,0.4340143396808265,0.7271939644451031,0.7271939644451031,38707692.0,38707692.0,,,1620592225,16:30:25,20210509
85,1999-09-30,FR,USD,1999-09-30,1999-09-30,Q3,111100000,0.0,0.0,0.0,0.0,3500000.0,0.0,0.0,-40700000.0,-40700000.0,0.0,17500000.0,169300000,1.523852385238524,151800000.0,1.3663366336633664,17000000.0,0.0,0.0,0.0,40700000.0,0.36633663366336633,1.0695046643016686,1.0667016118464159,38055000.0,38155000.0,,,1620592225,16:30:25,20210509
86,1999-06-30,FR,USD,1999-06-30,1999-06-30,Q2,100900000,0.0,0.0,0.0,0.0,3400000.0,0.0,0.0,-42700000.0,-42700000.0,0.0,17700000.0,161300000,1.5986124876114964,143600000.0,1.423191278493558,6800000.0,0.0,0.0,0.0,30300000.0,0.3002973240832507,0.7965927912295923,0.7934429663768723,38037000.0,38188000.0,,,1620592225,16:30:25,20210509
87,1999-03-31,FR,USD,1999-03-31,1999-03-31,Q1,97100000,0.0,0.0,0.0,0.0,3100000.0,0.0,0.0,-44800000.0,-44800000.0,0.0,17400000.0,159300000,1.6405767250257466,141900000.0,1.4613800205973224,1500000.0,0.0,0.0,0.0,25600000.0,0.26364572605561276,0.674323042882731,0.6728343145500421,37964000.0,38048000.0,,,1620592225,16:30:25,20210509
88,1998-12-31,FR,USD,1998-12-31,1998-12-31,Q4,90702000,0.0,0.0,0.0,0.0,3183000.0,0.0,0.0,398754000.0,398754000.0,0.0,17539000.0,-290513000,-3.20293929571564,-308052000.0,-3.3963087914268706,2200000.0,0.0,0.0,0.0,9221000.0,0.10166258737403806,0.2428879991570962,0.2428879991570962,37964000.0,37964000.0,,,1620592225,16:30:25,20210509
89,1998-09-30,FR,USD,1998-11-13,1998-11-13,Q3,93000000,0.0,0.0,0.0,0.0,3500000.0,0.0,0.0,-43400000.0,-43400000.0,0.0,17000000.0,153400000,1.6494623655913978,136400000.0,1.4666666666666666,700000.0,0.0,0.0,0.0,23700000.0,0.25483870967741934,0.6257921419518377,0.6238812256502053,37872000.0,37988000.0,https://www.sec.gov/Archives/edgar/data/921825/0000950124-98-006487-index.html,https://www.sec.gov/Archives/edgar/data/921825/,1620592225,16:30:25,20210509
90,1998-06-30,FR,USD,1998-06-30,1998-06-30,Q2,87300000,0.0,0.0,0.0,0.0,3700000.0,0.0,0.0,-41900000.0,-41900000.0,0.0,17000000.0,146200000,1.6746849942726232,129200000.0,1.479954180985109,0.0,0.0,0.0,0.0,20300000.0,0.2325315005727377,0.5423022466807362,0.5385043902697827,37433000.0,37697000.0,,,1620592225,16:30:25,20210509
91,1998-03-31,FR,USD,1998-03-31,1998-03-31,Q1,78600000,0.0,0.0,0.0,0.0,2600000.0,0.0,0.0,-36000000.0,-36000000.0,0.0,14100000.0,128700000,1.6374045801526718,114600000.0,1.4580152671755726,2400000.0,0.0,0.0,0.0,22500000.0,0.2862595419847328,0.45,0.45,36603000.0,36603000.0,,,1620592225,16:30:25,20210509
92,1997-12-31,FR,USD,1997-12-31,1997-12-31,Q4,62403000,0.0,0.0,0.0,0.0,1948000.0,0.0,0.0,178995000.0,178995000.0,0.0,10239000.0,-106353000,-1.7042930628335176,-116592000.0,-1.8683717128984183,800000.0,0.0,0.0,0.0,16946000.0,0.2715574571735333,0.4629675163237986,0.4629675163237986,36603000.0,36603000.0,,,1620592225,16:30:25,20210509
93,1997-09-30,FR,USD,1997-09-30,1997-09-30,Q3,56600000,0.0,0.0,0.0,0.0,1600000.0,0.0,0.0,-24100000.0,-24100000.0,0.0,10300000.0,91000000,1.607773851590106,80700000.0,1.4257950530035335,200000.0,0.0,0.0,0.0,15800000.0,0.2791519434628975,0.38,0.38,30893000.0,30893000.0,,,1620592225,16:30:25,20210509
94,1997-06-30,FR,USD,1997-06-30,1997-06-30,Q2,58000000,0.0,0.0,0.0,0.0,1400000.0,0.0,0.0,-23200000.0,-23200000.0,0.0,9900000.0,91100000,1.5706896551724139,81200000.0,1.4,4000000.0,0.0,0.0,0.0,7300000.0,0.12586206896551724,0.17,0.16,30141000.0,30141000.0,,,1620592225,16:30:25,20210509
95,1997-03-31,FR,USD,1997-03-31,1997-03-31,Q1,46100000,0.0,0.0,0.0,0.0,1300000.0,0.0,0.0,-23300000.0,-23300000.0,0.0,9200000.0,78600000,1.704989154013015,69400000.0,1.5054229934924077,0.0,0.0,0.0,0.0,11800000.0,0.2559652928416486,0.36,0.36,30000000.0,30000000.0,,,1620592225,16:30:25,20210509
96,1996-12-31,FR,USD,1996-12-31,1996-12-31,Q4,34155000,0.0,0.0,0.0,0.0,1118000.0,0.0,0.0,126677000.0,126677000.0,0.0,5149000.0,-87373000,-2.5581320450885667,-92522000.0,-2.708885961059874,0.0,0.0,0.0,0.0,9364000.0,0.27416190894451764,0.3121333333333333,0.3121333333333333,30000000.0,30000000.0,,,1620592225,16:30:25,20210509
97,1996-09-30,FR,USD,1996-09-30,1996-09-30,Q3,36200000,0.0,0.0,0.0,0.0,1000000.0,0.0,0.0,-18300000.0,-18300000.0,0.0,7900000.0,62400000,1.723756906077348,54500000.0,1.5055248618784531,0.0,0.0,0.0,0.0,8700000.0,0.24033149171270718,0.32,0.32,24062500.0,24062500.0,,,1620592225,16:30:25,20210509
98,1996-06-30,FR,USD,1996-06-30,1996-06-30,Q2,39100000,0.0,0.0,0.0,0.0,1000000.0,0.0,0.0,-17900000.0,-17900000.0,0.0,7900000.0,64900000,1.659846547314578,57000000.0,1.4578005115089514,0.0,0.0,0.0,0.0,11900000.0,0.30434782608695654,0.45,0.45,26444444.0,26444444.0,,,1620592225,16:30:25,20210509
99,1996-03-31,FR,USD,1996-03-31,1996-03-31,Q1,30600000,0.0,0.0,0.0,0.0,900000.0,0.0,0.0,-16100000.0,-16100000.0,0.0,7100000.0,53800000,1.7581699346405228,46700000.0,1.526143790849673,0.0,0.0,0.0,0.0,5800000.0,0.1895424836601307,0.22,0.22,18881000.0,18881000.0,,,1620592225,16:30:25,20210509
100,1995-12-31,FR,USD,1995-12-31,1995-12-31,Q4,28000000,0.0,0.0,0.0,0.0,800000.0,0.0,0.0,-14200000.0,-14200000.0,0.0,6600000.0,48800000,1.7428571428571429,42200000.0,1.5071428571428571,0.0,0.0,0.0,0.0,5000000.0,0.17857142857142858,0.0,0.0,0.0,0.0,,,1620592225,16:30:25,20210509
101,1995-09-30,FR,USD,1995-09-30,1995-09-30,Q3,27100000,0.0,0.0,0.0,0.0,800000.0,0.0,0.0,-20000000.0,-20000000.0,0.0,6400000.0,53500000,1.9741697416974169,47100000.0,1.7380073800738007,0.0,0.0,0.0,0.0,-900000.0,-0.033210332103321034,0.26,0.26,19090909.0,19090909.0,,,1620592225,16:30:25,20210509
102,1995-06-30,FR,USD,1995-06-30,1995-06-30,Q2,26100000,0.0,0.0,0.0,0.0,700000.0,0.0,0.0,-13900000.0,-13900000.0,0.0,7100000.0,47100000,1.8045977011494252,40000000.0,1.5325670498084292,0.0,0.0,0.0,0.0,4000000.0,0.1532567049808429,0.21,0.21,19047619.0,19047619.0,,,1620592225,16:30:25,20210509
103,1995-03-31,FR,USD,1995-03-31,1995-03-31,Q1,25300000,0.0,0.0,0.0,0.0,700000.0,0.0,0.0,-13500000.0,-13500000.0,0.0,6600000.0,45400000,1.7944664031620554,38800000.0,1.533596837944664,0.0,0.0,0.0,0.0,4200000.0,0.16600790513833993,0.22,0.22,19090909.0,19090909.0,,,1620592225,16:30:25,20210509
104,1994-09-30,FR,USD,1994-09-30,1994-09-30,Q3,22100000,0.0,0.0,0.0,0.0,0.0,0.0,0.0,10800000.0,10800000.0,0.0,4800000.0,16100000,0.7285067873303167,11300000.0,0.5113122171945701,0.0,0.0,0.0,0.0,4700000.0,0.21266968325791855,0.25,0.25,18800000.0,18800000.0,,,1620592225,16:30:25,20210509
105,1994-06-30,FR,USD,1994-06-30,1994-06-30,Q2,16800000,0.0,0.0,0.0,0.0,0.0,0.0,0.0,0.0,0.0,0.0,0.0,16800000,1.0,16800000.0,1.0,0.0,0.0,0.0,0.0,3600000.0,0.21428571428571427,0.21,0.21,17142857.0,17142857.0,,,1620592225,16:30:25,20210509
106,1994-03-31,FR,USD,1994-03-31,1994-03-31,Q1,16800000,0.0,0.0,0.0,0.0,0.0,0.0,0.0,0.0,0.0,0.0,0.0,16800000,1.0,16800000.0,1.0,0.0,0.0,0.0,0.0,3600000.0,0.21428571428571427,0.21,0.21,17142857.0,17142857.0,,,1620592225,16:30:25,20210509
