,date,symbol,reportedCurrency,fillingDate,acceptedDate,period,revenue,costOfRevenue,grossProfit,grossProfitRatio,researchAndDevelopmentExpenses,generalAndAdministrativeExpenses,sellingAndMarketingExpenses,otherExpenses,operatingExpenses,costAndExpenses,interestExpense,depreciationAndAmortization,ebitda,ebitdaratio,operatingIncome,operatingIncomeRatio,totalOtherIncomeExpensesNet,incomeBeforeTax,incomeBeforeTaxRatio,incomeTaxExpense,netIncome,netIncomeRatio,eps,epsdiluted,weightedAverageShsOut,weightedAverageShsOutDil,link,finalLink,timestamp,est_time,est_date
0,2021-03-31,EFX,USD,2021-04-22,2021-04-22 16:31:33,Q1,1213000000,483300000.0,729700000,0.6015663643858202,0.0,0.0,0.0,-900000.0,423100000.0,906400000,37200000.0,116700000.0,423300000,0.3489694971145919,306600000.0,0.2213520197856554,-900000.0,268500000.0,0.2213520197856554,65600000.0,201600000.0,0.166199505358615,1.66,1.64,121800000,123200000,https://www.sec.gov/Archives/edgar/data/33185/000003318521000032/0000033185-21-000032-index.htm,https://www.sec.gov/Archives/edgar/data/33185/000003318521000032/efx-20210331.htm,1620591502,16:18:22,20210509
1,2020-12-31,EFX,USD,2021-02-25,2021-02-25 16:41:22,Q4,1118400000,480900000.0,637500000,0.5700107296137339,0.0,1322000000.0,0.0,-20900000.0,468100000.0,949000000,36900000.0,104100000.0,273500000,0.24454577968526467,169400000.0,0.15146638054363376,-20900000.0,111600000.0,0.09978540772532189,21000000.0,87400000.0,0.07814735336194564,0.7181594083812654,0.7099918765231519,121700000,123100000,https://www.sec.gov/Archives/edgar/data/33185/000003318521000025/0000033185-21-000025-index.htm,https://www.sec.gov/Archives/edgar/data/33185/000003318521000025/efx-20201231.htm,1620591502,16:18:22,20210509
2,2020-09-30,EFX,USD,2020-10-22,2020-10-22 16:48:08,Q3,1068300000,433200000.0,635100000,0.5944959281100815,0.0,0.0,0.0,133400000.0,430700000.0,863900000,37400000.0,103100000.0,307500000,0.28784049424319014,204400000.0,0.1913320228400262,133400000.0,300400000.0,0.28119442104277825,75400000.0,224200000.0,0.20986614246934382,1.84,1.82,121500000,123000000,https://www.sec.gov/Archives/edgar/data/33185/000003318520000054/0000033185-20-000054-index.htm,https://www.sec.gov/Archives/edgar/data/33185/000003318520000054/efx-20200930.htm,1620591502,16:18:22,20210509
3,2020-06-30,EFX,USD,2020-07-23,2020-07-23 16:16:17,Q2,982800000,409300000.0,573500000,0.5835368335368335,0.0,0.0,0.0,-7500000.0,406700000.0,816000000,36600000.0,97800000.0,264600000,0.2692307692307692,166800000.0,0.16971916971916973,-7500000.0,122700000.0,0.12484737484737485,26600000.0,95900000.0,0.09757834757834757,0.79,0.78,121400000,122700000,https://www.sec.gov/Archives/edgar/data/33185/000003318520000042/0000033185-20-000042-index.htm,https://www.sec.gov/Archives/edgar/data/33185/000003318520000042/efx-20200630.htm,1620591502,16:18:22,20210509
4,2020-03-31,EFX,USD,2020-04-21,2020-04-21 16:42:16,Q1,957900000,414100000.0,543800000,0.5677001774715523,0.0,0.0,0.0,45300000.0,407900000.0,822000000,30700000.0,94300000.0,230200000,0.24031736089362146,135900000.0,0.14187284685248983,45300000.0,150500000.0,0.1571145213487838,36000000.0,112600000.0,0.11754880467689738,0.93,0.92,121300000,122600000,https://www.sec.gov/Archives/edgar/data/33185/000003318520000027/0000033185-20-000027-index.htm,https://www.sec.gov/Archives/edgar/data/33185/000003318520000011/efx-20191231.htm,1620591502,16:18:22,20210509
5,2019-12-31,EFX,USD,2020-02-20,2020-02-20 16:24:35,Q4,905800000,382800000.0,523000000,0.5773901523515125,0.0,0.0,0.0,6200000.0,475900000.0,858700000,29400000.0,88500000.0,135600000,0.14970192095385296,47100000.0,0.051998233605652464,6200000.0,23900000.0,0.026385515566350187,13100000.0,9200000.0,0.010156767498344006,0.08,0.07,121100000,122300000,https://www.sec.gov/Archives/edgar/data/33185/000003318520000011/0000033185-20-000011-index.htm,https://www.sec.gov/Archives/edgar/data/33185/000003318520000011/efx-20191231.htm,1620591502,16:18:22,20210509
6,2019-09-30,EFX,USD,2019-10-24,2019-10-24 19:17:49,Q3,875700000,374500000.0,501200000,0.5723421262989609,0.0,0.0,0.0,2900000.0,379600000.0,754100000,28000000.0,85700000.0,207300000,0.236724905789654,121600000.0,0.13886034029918923,2900000.0,96500000.0,0.11019755624072171,14000000.0,81100000.0,0.0926116249857257,0.67,0.66,121000000,122300000,https://www.sec.gov/Archives/edgar/data/33185/000003318519000033/0000033185-19-000033-index.htm,https://www.sec.gov/Archives/edgar/data/33185/000003318519000033/efx10q20190930.htm,1620591502,16:18:22,20210509
7,2019-06-30,EFX,USD,2019-07-25,2019-07-25 16:34:10,Q2,880000000,376900000.0,503100000,0.5717045454545454,0.0,0.0,0.0,2800000.0,389300000.0,766200000,27600000.0,83900000.0,197700000,0.22465909090909092,113800000.0,0.1293181818181818,2800000.0,89000000.0,0.10113636363636364,20700000.0,66800000.0,0.07590909090909091,0.5529801324503312,0.5475409836065573,120800000,122000000,https://www.sec.gov/Archives/edgar/data/33185/000003318519000024/0000033185-19-000024-index.htm,https://www.sec.gov/Archives/edgar/data/33185/000003318519000024/efx10q20190630.htm,1620591502,16:18:22,20210509
8,2019-03-31,EFX,USD,2019-05-10,2019-05-10 16:19:17,Q1,846100000,387500000.0,458600000,0.5420163101288263,0.0,0.0,0.0,2100000.0,1076500000.0,1464000000,26700000.0,79200000.0,-538700000,-0.6366859709254226,-617900000.0,-0.7302919276681243,2100000.0,-642500000.0,-0.7593665051412363,-88100000.0,-555900000.0,-0.6570145372887366,-4.605633802816901,-4.571546052631579,120700000,121600000,https://www.sec.gov/Archives/edgar/data/33185/000003318519000017/0000033185-19-000017-index.htm,https://www.sec.gov/Archives/edgar/data/33185/000003318519000007/efx10k20181231.htm,1620591502,16:18:22,20210509
9,2018-12-31,EFX,USD,2019-02-21,2019-02-21 16:40:48,Q4,835300000,372200000.0,463100000,0.5544115886507841,0.0,0.0,0.0,5400000.0,417000000.0,789200000,26500000.0,80600000.0,126700000,0.15168203040823655,46100000.0,0.05518975218484377,5400000.0,25000000.0,0.029929366694600744,-1700000.0,25600000.0,0.03064767149527116,0.212096106048053,0.212096106048053,120700000,120700000,https://www.sec.gov/Archives/edgar/data/33185/000003318519000007/0000033185-19-000007-index.htm,https://www.sec.gov/Archives/edgar/data/33185/000003318519000007/efx10k20181231.htm,1620591502,16:18:22,20210509
10,2018-09-30,EFX,USD,2018-10-25,2018-10-25 16:29:07,Q3,834200000,376700000.0,457500000,0.5484296331814913,0.0,0.0,0.0,1300000.0,393400000.0,770100000,26700000.0,77800000.0,141900000,0.17010309278350516,64100000.0,0.07684008631023735,1300000.0,38700000.0,0.04639175257731959,-900000.0,38400000.0,0.04603212658834812,0.31867219917012446,0.3157894736842105,120500000,121600000,https://www.sec.gov/Archives/edgar/data/33185/000003318518000041/0000033185-18-000041-index.htm,https://www.sec.gov/Archives/edgar/data/33185/000003318518000041/efx10q20180930.htm,1620591502,16:18:22,20210509
11,2018-06-30,EFX,USD,2018-07-26,2018-07-26 16:29:27,Q2,876900000,348600000.0,528300000,0.6024632227163873,0.0,0.0,0.0,2200000.0,334700000.0,683300000,26400000.0,78500000.0,272100000,0.31029763941156346,193600000.0,0.22077773976508153,2200000.0,169400000.0,0.19318052229444635,23300000.0,144800000.0,0.16512715246892462,1.2,1.19,120300000,121400000,https://www.sec.gov/Archives/edgar/data/33185/000003318518000027/0000033185-18-000027-index.htm,https://www.sec.gov/Archives/edgar/data/33185/000003318518000027/efx10q20180630.htm,1620591502,16:18:22,20210509
12,2018-03-31,EFX,USD,2018-04-26,2018-04-26 16:22:52,Q1,865700000,342800000.0,522900000,0.6040198683146587,0.0,0.0,0.0,2900000.0,378700000.0,721500000,23900000.0,79000000.0,223200000,0.2578260367332794,144200000.0,0.1665704054522352,2900000.0,123200000.0,0.1423125794155019,29400000.0,90900000.0,0.10500173270185977,0.76,0.75,120200000,121300000,https://www.sec.gov/Archives/edgar/data/33185/000003318518000020/0000033185-18-000020-index.htm,https://www.sec.gov/Archives/edgar/data/33185/000003318518000011/efx10k20171231.htm,1620591502,16:18:22,20210509
13,2017-12-31,EFX,USD,2018-03-01,2018-03-01 16:19:50,Q4,838400000,318800000.0,519600000,0.6197519083969466,0.0,0.0,0.0,4200000.0,328800000.0,647600000,22700000.0,74200000.0,265000000,0.3160782442748092,190800000.0,0.2275763358778626,4200000.0,172300000.0,0.2055104961832061,-2200000.0,172300000.0,0.2055104961832061,1.4334442595673877,1.4334442595673877,120200000,120200000,https://www.sec.gov/Archives/edgar/data/33185/000003318518000011/0000033185-18-000011-index.htm,https://www.sec.gov/Archives/edgar/data/33185/000003318518000011/efx10k20171231.htm,1620591502,16:18:22,20210509
14,2017-09-30,EFX,USD,2017-11-09,2017-11-09 16:06:44,Q3,834800000,297300000.0,537500000,0.6438667944417824,0.0,0.0,0.0,4500000.0,384600000.0,681900000,21400000.0,73200000.0,226100000,0.2708433157642549,152900000.0,0.18315764254911357,4500000.0,136000000.0,0.16291327264015332,35500000.0,96300000.0,0.11535697172975563,0.8,0.79,120100000,121400000,https://www.sec.gov/Archives/edgar/data/33185/000003318517000032/0000033185-17-000032-index.htm,https://www.sec.gov/Archives/edgar/data/33185/000003318517000032/efx10q20170930.htm,1620591502,16:18:22,20210509
15,2017-06-30,EFX,USD,2017-07-27,2017-07-27 16:48:05,Q2,856700000,293700000.0,563000000,0.6571728726508697,0.0,0.0,0.0,3100000.0,298900000.0,592600000,24600000.0,71400000.0,335500000,0.39161900315162834,264100000.0,0.308275942570328,3100000.0,242600000.0,0.28317964281545466,75000000.0,165400000.0,0.19306641764911872,1.37,1.36,120300000,121900000,https://www.sec.gov/Archives/edgar/data/33185/000003318517000023/0000033185-17-000023-index.htm,https://www.sec.gov/Archives/edgar/data/33185/000003318517000023/efx10q20170630.htm,1620591502,16:18:22,20210509
16,2017-03-31,EFX,USD,2017-04-27,2017-04-27 16:54:53,Q1,832200000,300800000.0,531400000,0.6385484258591685,0.0,0.0,0.0,3100000.0,314600000.0,615400000,24200000.0,72100000.0,288900000,0.3471521268925739,216800000.0,0.26051429944724824,3100000.0,195700000.0,0.23515981735159816,40300000.0,153300000.0,0.18421052631578946,1.28,1.26,120000000,121900000,https://www.sec.gov/Archives/edgar/data/33185/000003318517000015/0000033185-17-000015-index.htm,https://www.sec.gov/Archives/edgar/data/33185/000003318517000008/efx10k20161231.htm,1620591502,16:18:22,20210509
17,2016-12-31,EFX,USD,2017-02-22,2017-02-22 16:49:50,Q4,801100000,286300000.0,514800000,0.6426164024466359,0.0,0.0,0.0,2800000.0,310900000.0,597200000,24100000.0,73300000.0,277200000,0.3460242167020347,203900000.0,0.2545250280863812,2800000.0,182600000.0,0.22793658719261017,57800000.0,123000000.0,0.15353888403445262,1.03,1.01,119800000,121400000,https://www.sec.gov/Archives/edgar/data/33185/000003318517000008/0000033185-17-000008-index.htm,https://www.sec.gov/Archives/edgar/data/33185/000003318517000008/efx10k20161231.htm,1620591502,16:18:22,20210509
18,2016-09-30,EFX,USD,2016-10-27,2016-10-27 16:34:30,Q3,804100000,288000000.0,516100000,0.6418355925879866,0.0,0.0,0.0,2400000.0,304000000.0,592000000,24300000.0,70700000.0,282800000,0.3516975500559632,212100000.0,0.2637731625419724,2400000.0,190200000.0,0.23653774406168387,55300000.0,132800000.0,0.16515358786220619,1.11,1.09,119500000,121300000,https://www.sec.gov/Archives/edgar/data/33185/000003318516000058/0000033185-16-000058-index.htm,https://www.sec.gov/Archives/edgar/data/33185/000003318516000058/efx10q20160930.htm,1620591502,16:18:22,20210509
19,2016-06-30,EFX,USD,2016-07-28,2016-07-28 16:44:38,Q2,811300000,285800000.0,525500000,0.6477258720571921,0.0,0.0,0.0,-800000.0,299800000.0,585600000,23600000.0,67900000.0,293600000,0.3618883273758166,225700000.0,0.2781954887218045,-800000.0,201300000.0,0.24812030075187969,68300000.0,130900000.0,0.16134598792062121,1.1,1.08,119200000,121100000,https://www.sec.gov/Archives/edgar/data/33185/000003318516000053/0000033185-16-000053-index.htm,https://www.sec.gov/Archives/edgar/data/33185/000003318516000053/efx10q20160630.htm,1620591502,16:18:22,20210509
20,2016-03-31,EFX,USD,2016-04-29,2016-04-28 17:45:48,Q1,728300000,253300000.0,475000000,0.6522037621859124,0.0,0.0,0.0,-2100000.0,298800000.0,552100000,20100000.0,56800000.0,233000000,0.3199231086090897,176200000.0,0.24193326925717423,-2100000.0,154000000.0,0.21145132500343264,51600000.0,102100000.0,0.1401894823561719,0.86,0.85,118800000,120800000,https://www.sec.gov/Archives/edgar/data/33185/000003318516000046/0000033185-16-000046-index.htm,https://www.sec.gov/Archives/edgar/data/33185/000003318516000037/efx10k20151231.htm,1620591502,16:18:22,20210509
21,2015-12-31,EFX,USD,2016-02-24,2016-02-24 16:54:16,Q4,666300000,225000000.0,441300000,0.6623142728500675,0.0,0.0,0.0,6500000.0,264400000.0,489400000,15700000.0,49600000.0,226500000,0.33993696533093204,176900000.0,0.2654960228125469,6500000.0,167700000.0,0.25168842863574964,54700000.0,111900000.0,0.16794236830256642,0.94,0.93,118600000,120700000,https://www.sec.gov/Archives/edgar/data/33185/000003318516000037/0000033185-16-000037-index.htm,https://www.sec.gov/Archives/edgar/data/33185/000003318516000037/efx10k20151231.htm,1620591502,16:18:22,20210509
22,2015-09-30,EFX,USD,2015-10-22,2015-10-22 16:50:54,Q3,667400000,226500000.0,440900000,0.6606233143542104,0.0,0.0,0.0,14400000.0,266600000.0,493100000,15800000.0,49600000.0,223900000,0.3354809709319748,174300000.0,0.2611627210068924,14400000.0,172900000.0,0.25906502846868446,53200000.0,117900000.0,0.1766556787533713,1.0,0.98,118400000,120600000,https://www.sec.gov/Archives/edgar/data/33185/000003318515000028/0000033185-15-000028-index.htm,https://www.sec.gov/Archives/edgar/data/33185/000003318515000028/efx10q20150930.htm,1620591502,16:18:22,20210509
23,2015-06-30,EFX,USD,2015-07-23,2015-07-23 17:05:28,Q2,678100000,220800000.0,457300000,0.674384309098953,0.0,0.0,0.0,-13900000.0,268800000.0,489600000,16200000.0,50500000.0,239000000,0.35245539006046306,188500000.0,0.2779825984368087,-13900000.0,158400000.0,0.2335938652116207,45900000.0,111000000.0,0.16369267069753723,0.94,0.92,118600000,120900000,https://www.sec.gov/Archives/edgar/data/33185/000003318515000019/0000033185-15-000019-index.htm,https://www.sec.gov/Archives/edgar/data/33185/000003318515000019/efx10q20150630.htm,1620591502,16:18:22,20210509
24,2015-03-31,EFX,USD,2015-04-23,2015-04-23 16:25:03,Q1,651800000,215100000.0,436700000,0.6699907947223075,0.0,0.0,0.0,-500000.0,282500000.0,497600000,16100000.0,50300000.0,204500000,0.3137465480208653,154200000.0,0.23657563669837373,-500000.0,137600000.0,0.21110770174900276,48000000.0,88300000.0,0.1354710033752685,0.74,0.73,119400000,121700000,https://www.sec.gov/Archives/edgar/data/33185/000003318515000004/0000033185-15-000004-index.htm,https://www.sec.gov/Archives/edgar/data/33185/000162828015001024/efx10k20141231.htm,1620591502,16:18:22,20210509
25,2014-12-31,EFX,USD,2015-02-25,2015-02-25 16:46:53,Q4,624600000,214600000.0,410000000,0.6564201088696766,0.0,0.0,0.0,3000000.0,244800000.0,459400000,16800000.0,52100000.0,217300000,0.3479026577009286,165200000.0,0.2644892731348063,3000000.0,151400000.0,0.24239513288504644,52600000.0,98000000.0,0.1569004162664105,0.8207705192629816,0.8207705192629816,119400000,119400000,https://www.sec.gov/Archives/edgar/data/33185/000162828015001024/0001628280-15-001024-index.htm,https://www.sec.gov/Archives/edgar/data/33185/000162828015001024/efx10k20141231.htm,1620591502,16:18:22,20210509
26,2014-09-30,EFX,USD,2014-10-23,2014-10-23 16:39:39,Q3,613400000,211000000.0,402400000,0.6560156504727747,0.0,0.0,0.0,3200000.0,248700000.0,459700000,17100000.0,50900000.0,204600000,0.3335507010107597,153700000.0,0.25057059015324423,3200000.0,139800000.0,0.2279100097815455,45400000.0,92700000.0,0.15112487773068145,0.77,0.75,121100000,123500000,https://www.sec.gov/Archives/edgar/data/33185/000114420414062565/0001144204-14-062565-index.htm,https://www.sec.gov/Archives/edgar/data/33185/000114420414062565/v391152_10q.htm,1620591502,16:18:22,20210509
27,2014-06-30,EFX,USD,2014-07-24,2014-07-24 16:40:50,Q2,613900000,212300000.0,401600000,0.654178204919368,0.0,0.0,0.0,500000.0,234200000.0,446500000,17400000.0,50700000.0,218100000,0.35526958788076235,167400000.0,0.2726828473692784,500000.0,150500000.0,0.2451539338654504,56000000.0,92800000.0,0.15116468480208503,0.76,0.75,122000000,124300000,https://www.sec.gov/Archives/edgar/data/33185/000114420414044723/0001144204-14-044723-index.htm,https://www.sec.gov/Archives/edgar/data/33185/000114420414044723/v383655_10q.htm,1620591502,16:18:22,20210509
28,2014-03-31,EFX,USD,2014-04-24,2014-04-24 16:27:41,Q1,584500000,206800000.0,377700000,0.6461933276304533,0.0,0.0,0.0,-2100000.0,225800000.0,432600000,17300000.0,50500000.0,202400000,0.34627887082976905,151900000.0,0.25988023952095807,-2100000.0,132500000.0,0.22668947818648416,46200000.0,83900000.0,0.1435414884516681,0.69,0.67,122000000,124400000,https://www.sec.gov/Archives/edgar/data/33185/000114420414024604/0001144204-14-024604-index.htm,https://www.sec.gov/Archives/edgar/data/33185/000114420414012238/v368092_10k.htm,1620591502,16:18:22,20210509
29,2013-12-31,EFX,USD,2014-02-28,2014-02-27 19:45:43,Q4,578500000,197200000.0,381300000,0.6591184096802074,0.0,0.0,0.0,-14800000.0,227200000.0,424400000,17400000.0,45700000.0,199800000,0.34537597234226447,154100000.0,0.2663785652549697,-14800000.0,121900000.0,0.21071737251512532,43000000.0,76700000.0,0.13258426966292136,0.63,0.62,121800000,124200000,https://www.sec.gov/Archives/edgar/data/33185/000114420414012238/0001144204-14-012238-index.htm,https://www.sec.gov/Archives/edgar/data/33185/000114420414012238/v368092_10k.htm,1620591502,16:18:22,20210509
30,2013-09-30,EFX,USD,2013-11-06,2013-11-06 17:13:54,Q3,572000000,196800000.0,375200000,0.6559440559440559,0.0,0.0,0.0,600000.0,225200000.0,422000000,17500000.0,52300000.0,202300000,0.35367132867132867,150000000.0,0.26223776223776224,600000.0,133100000.0,0.2326923076923077,47000000.0,83500000.0,0.145979020979021,0.73,0.71,121600000,123900000,https://www.sec.gov/Archives/edgar/data/33185/000114420413059304/0001144204-13-059304-index.htm,https://www.sec.gov/Archives/edgar/data/33185/000114420413059304/v357143_10q.htm,1620591502,16:18:22,20210509
31,2013-06-30,EFX,USD,2013-07-25,2013-07-25 16:24:56,Q2,586900000,198200000.0,388700000,0.662293406031692,0.0,0.0,0.0,3500000.0,230600000.0,428800000,17600000.0,44200000.0,202300000,0.3446924518657352,158100000.0,0.2693814959959107,3500000.0,144000000.0,0.24535696029988072,51700000.0,90500000.0,0.1542000340773556,0.75,0.73,121000000,123600000,https://www.sec.gov/Archives/edgar/data/33185/000114420413041181/0001144204-13-041181-index.htm,https://www.sec.gov/Archives/edgar/data/33185/000114420413041181/v349898_10q.htm,1620591502,16:18:22,20210509
32,2013-03-31,EFX,USD,2013-04-25,2013-04-25 16:20:12,Q1,566500000,195100000.0,371400000,0.6556045895851721,0.0,0.0,0.0,100000.0,222400000.0,417500000,17700000.0,48100000.0,197100000,0.34792586054721975,149000000.0,0.26301853486319504,100000.0,131400000.0,0.2319505736981465,47200000.0,101100000.0,0.17846425419240952,0.84,0.82,120500000,123100000,https://www.sec.gov/Archives/edgar/data/33185/000114420413023924/0001144204-13-023924-index.htm,https://www.sec.gov/Archives/edgar/data/33185/000114420413010696/v332542_10k.htm,1620591502,16:18:22,20210509
33,2012-12-31,EFX,USD,2013-02-22,2013-02-22 15:17:43,Q4,558100000,215800000.0,342300000,0.6133309442752195,0.0,0.0,0.0,0.0,247100000.0,462900000,14300000.0,40600000.0,135800000,0.24332556889446336,95200000.0,0.1705787493280774,1100000.0,82000000.0,0.14692707400107508,33800000.0,46300000.0,0.08296004300304605,0.38423236514522824,0.38423236514522824,120500000,120500000,https://www.sec.gov/Archives/edgar/data/33185/000114420413010696/0001144204-13-010696-index.htm,https://www.sec.gov/Archives/edgar/data/33185/000114420413010696/v332542_10k.htm,1620591502,16:18:22,20210509
34,2012-09-30,EFX,USD,2012-10-25,2012-10-25 16:25:37,Q3,543900000,208500000.0,335400000,0.616657473800331,0.0,0.0,0.0,0.0,203300000.0,411800000,13600000.0,40400000.0,172500000,0.31715388858246,132100000.0,0.24287552858981432,1900000.0,120400000.0,0.22136422136422138,40300000.0,77900000.0,0.1432248575105718,1.0,0.64,119700000,122200000,https://www.sec.gov/Archives/edgar/data/33185/000114420412057747/0001144204-12-057747-index.htm,https://www.sec.gov/Archives/edgar/data/33185/000114420412057747/v324010_10q.htm,1620591502,16:18:22,20210509
35,2012-06-30,EFX,USD,2012-07-26,2012-07-26 16:35:37,Q2,535800000,203600000.0,332200000,0.6200074654721911,0.0,0.0,0.0,0.0,199500000.0,403100000,13700000.0,41100000.0,173800000,0.324374766703994,132700000.0,0.24766703994027622,2200000.0,121200000.0,0.22620380739081747,42400000.0,76400000.0,0.1425905188503173,0.64,0.62,120300000,122800000,https://www.sec.gov/Archives/edgar/data/33185/000114420412041158/0001144204-12-041158-index.htm,https://www.sec.gov/Archives/edgar/data/33185/000114420412041158/v316188_10q.htm,1620591502,16:18:22,20210509
36,2012-03-31,EFX,USD,2012-04-26,2012-04-26 16:37:56,Q1,522700000,201200000.0,321500000,0.6150755691601301,0.0,0.0,0.0,0.0,192500000.0,393700000,13800000.0,41300000.0,170300000,0.32580830304189784,129000000.0,0.24679548498182513,1400000.0,116600000.0,0.223072508130859,42900000.0,71500000.0,0.13678974555194184,0.6,0.58,120000000,122400000,https://www.sec.gov/Archives/edgar/data/33185/000114420412024074/0001144204-12-024074-index.htm,https://www.sec.gov/Archives/edgar/data/33185/000114420412010639/v244511_10k.htm,1620591502,16:18:22,20210509
37,2011-12-31,EFX,USD,2012-02-23,2012-02-23 17:06:26,Q4,509700000,194200000.0,315500000,0.6189915636649009,0.0,0.0,0.0,0.0,189800000.0,384000000,13900000.0,41100000.0,166800000,0.3272513243084167,125700000.0,0.24661565626839319,1000000.0,112800000.0,0.2213066509711595,38300000.0,74400000.0,0.14596821659799883,0.62,0.62,120000000,120000000,https://www.sec.gov/Archives/edgar/data/33185/000114420412010639/0001144204-12-010639-index.htm,https://www.sec.gov/Archives/edgar/data/33185/000114420412010639/v244511_10k.htm,1620591502,16:18:22,20210509
38,2011-09-30,EFX,USD,2011-10-27,2011-10-27 16:11:06,Q3,490400000,189100000.0,301300000,0.6143964110929854,0.0,0.0,0.0,0.0,179700000.0,368800000,13700000.0,40300000.0,161900000,0.3301386623164764,121600000.0,0.24796084828711257,600000.0,108500000.0,0.2212479608482871,39200000.0,66700000.0,0.13601141924959217,0.55,0.54,121800000,123300000,https://www.sec.gov/Archives/edgar/data/33185/000114420411059789/0001144204-11-059789-index.htm,https://www.sec.gov/Archives/edgar/data/33185/000114420411059789/v236064_10q.htm,1620591502,16:18:22,20210509
39,2011-06-30,EFX,USD,2011-07-28,2011-07-28 16:45:31,Q2,487100000,190900000.0,296200000,0.6080886881543831,0.0,0.0,0.0,0.0,181600000.0,372500000,13700000.0,40800000.0,155400000,0.31903099979470334,114600000.0,0.23526996509956888,-9600000.0,91300000.0,0.18743584479572983,54200000.0,34500000.0,0.07082734551426811,0.28094462540716614,0.2768860353130016,122800000,124600000,https://www.sec.gov/Archives/edgar/data/33185/000114420411042636/0001144204-11-042636-index.htm,https://www.sec.gov/Archives/edgar/data/33185/000114420411042636/v223686_10q.htm,1620591502,16:18:22,20210509
40,2011-03-31,EFX,USD,2011-04-28,2011-04-28 16:21:20,Q1,472600000,194300000.0,278300000,0.5888700804062632,0.0,0.0,0.0,0.0,169200000.0,363500000,13800000.0,42700000.0,151800000,0.32120186203977996,109100000.0,0.23085061362674567,300000.0,95600000.0,0.2022852306390182,36300000.0,57300000.0,0.12124418112568769,0.47,0.46,122800000,124700000,https://www.sec.gov/Archives/edgar/data/33185/000114420411024576/0001144204-11-024576-index.htm,https://www.sec.gov/Archives/edgar/data/33185/000114420411010496/v209688_10k.htm,1620591502,16:18:22,20210509
41,2010-12-31,EFX,USD,2011-02-23,2011-02-23 16:27:44,Q4,482000000,193300000.0,288700000,0.5989626556016597,0.0,0.0,0.0,0.0,179000000.0,372300000,13800000.0,42100000.0,151800000,0.3149377593360996,109700000.0,0.22759336099585062,300000.0,96200000.0,0.1995850622406639,32200000.0,62200000.0,0.12904564315352698,0.506514657980456,0.506514657980456,122800000,122800000,https://www.sec.gov/Archives/edgar/data/33185/000114420411010496/0001144204-11-010496-index.htm,https://www.sec.gov/Archives/edgar/data/33185/000114420411010496/v209688_10k.htm,1620591502,16:18:22,20210509
42,2010-09-30,EFX,USD,2010-10-28,2010-10-28 16:33:21,Q3,473800000,188200000.0,285600000,0.6027859856479527,0.0,0.0,0.0,0.0,175400000.0,363600000,14000000.0,41400000.0,151600000,0.3199662304769945,110200000.0,0.23258758970029547,700000.0,96900000.0,0.20451667370198395,33300000.0,76500000.0,0.16146053186998732,0.62,0.61,124300000,125800000,https://www.sec.gov/Archives/edgar/data/33185/000114420410056126/0001144204-10-056126-index.htm,https://www.sec.gov/Archives/edgar/data/33185/000114420410056126/v199190_10q.htm,1620591502,16:18:22,20210509
43,2010-06-30,EFX,USD,2010-07-29,2010-07-29 17:05:23,Q2,460700000,188300000.0,272400000,0.591274148035598,0.0,0.0,0.0,0.0,166600000.0,354900000,14100000.0,41800000.0,147600000,0.32038202734968524,105800000.0,0.22965053179943565,800000.0,92500000.0,0.20078141957890167,32700000.0,71300000.0,0.1547644888213588,0.57,0.56,125700000,127300000,https://www.sec.gov/Archives/edgar/data/33185/000114420410040132/0001144204-10-040132-index.htm,https://www.sec.gov/Archives/edgar/data/33185/000114420410040132/v191180_10q.htm,1620591502,16:18:22,20210509
44,2010-03-31,EFX,USD,2010-04-29,2010-04-29 16:57:27,Q1,461300000,200300000.0,261000000,0.5657923260351182,0.0,0.0,0.0,0.0,153300000.0,353600000,14200000.0,42500000.0,150200000,0.32560156080641667,107700000.0,0.23347062649035336,-500000.0,93000000.0,0.20160416215044438,35000000.0,56700000.0,0.12291350531107739,0.45,0.44,126300000,128100000,https://www.sec.gov/Archives/edgar/data/33185/000114420410023050/0001144204-10-023050-index.htm,https://www.sec.gov/Archives/edgar/data/33185/000104746910001159/a2196590z10-k.htm,1620591502,16:18:22,20210509
45,2009-12-31,EFX,USD,2010-02-23,2010-02-23 17:18:07,Q4,464300000,196100000.0,268200000,0.5776437648072367,0.0,0.0,0.0,0.0,176800000.0,372900000,14100000.0,41900000.0,133300000,0.28709885849666167,91400000.0,0.19685548136980402,300000.0,77600000.0,0.16713331897480077,15700000.0,60200000.0,0.12965754899849236,0.4766429136975455,0.4766429136975455,126300000,126300000,https://www.sec.gov/Archives/edgar/data/33185/000104746910001159/0001047469-10-001159-index.htm,https://www.sec.gov/Archives/edgar/data/33185/000104746910001159/a2196590z10-k.htm,1620591502,16:18:22,20210509
46,2009-09-30,EFX,USD,2009-10-28,2009-10-28 17:20:08,Q3,451900000,190300000.0,261600000,0.5788891347643284,0.0,0.0,0.0,0.0,155300000.0,345600000,14100000.0,39600000.0,145900000,0.3228590396105333,106300000.0,0.23522903297189643,200000.0,92400000.0,0.2044700154901527,31000000.0,59700000.0,0.13210887364461163,0.4723101265822785,0.46640625,126400000,128000000,https://www.sec.gov/Archives/edgar/data/33185/000104746909009247/0001047469-09-009247-index.htm,https://www.sec.gov/Archives/edgar/data/33185/000104746909009247/a2195080z10-q.htm,1620591502,16:18:22,20210509
47,2009-06-30,EFX,USD,2009-07-29,2009-07-29 17:14:19,Q2,455400000,192400000.0,263000000,0.5775142731664471,0.0,0.0,0.0,0.0,155800000.0,348200000,14500000.0,39100000.0,146300000,0.321256038647343,107200000.0,0.23539745278875715,3100000.0,95800000.0,0.2103645147123408,34700000.0,59600000.0,0.13087395696091347,0.4718923198733175,0.46635367762128327,126300000,127800000,https://www.sec.gov/Archives/edgar/data/33185/000104746909006989/0001047469-09-006989-index.htm,https://www.sec.gov/Archives/edgar/data/33185/000104746909006989/a2193815z10-q.htm,1620591502,16:18:22,20210509
48,2009-03-31,EFX,USD,2009-04-28,2009-04-28 17:09:51,Q1,452900000,189000000.0,263900000,0.5826893353941267,0.0,0.0,0.0,0.0,161200000.0,350200000,14300000.0,38200000.0,140900000,0.31110620446014575,102700000.0,0.22676087436520204,2400000.0,90800000.0,0.20048575844557298,34700000.0,54400000.0,0.12011481563258998,0.43106180665610144,0.42700156985871274,126200000,127400000,https://www.sec.gov/Archives/edgar/data/33185/000104746909004661/0001047469-09-004661-index.htm,https://www.sec.gov/Archives/edgar/data/33185/000104746909001891/a2190893z10-k.htm,1620591502,16:18:22,20210509
49,2008-12-31,EFX,USD,2009-02-26,2009-02-26 17:03:56,Q4,446600000,181300000.0,265300000,0.5940438871473355,0.0,0.0,0.0,0.0,149200000.0,330500000,0.0,38100000.0,154200000,0.3452754142409315,116100000.0,0.2599641737572772,3500000.0,101000000.0,0.22615315718763995,37000000.0,64000000.0,0.14330497089117777,0.5071315372424723,0.5071315372424723,126200000,126200000,https://www.sec.gov/Archives/edgar/data/33185/000104746909001891/0001047469-09-001891-index.htm,https://www.sec.gov/Archives/edgar/data/33185/000104746909001891/a2190893z10-k.htm,1620591502,16:18:22,20210509
50,2008-09-30,EFX,USD,2008-10-28,2008-10-28 17:27:24,Q3,484100000,193700000.0,290400000,0.5998760586655649,0.0,0.0,0.0,0.0,183200000.0,376900000,0.0,41400000.0,148600000,0.3069613716174344,107200000.0,0.2214418508572609,1500000.0,90300000.0,0.1865317083247263,18000000.0,72300000.0,0.14934930799421606,0.57,0.56,127500000,129800000,https://www.sec.gov/Archives/edgar/data/33185/000104746908011300/0001047469-08-011300-index.htm,https://www.sec.gov/Archives/edgar/data/33185/000104746908011300/a2188672z10-q.htm,1620591502,16:18:22,20210509
51,2008-06-30,EFX,USD,2008-07-29,2008-07-29 17:11:57,Q2,501900000,201000000.0,300900000,0.5995218170950388,0.0,0.0,0.0,0.0,173200000.0,374200000,0.0,38000000.0,165700000,0.330145447300259,127700000.0,0.254433154014744,900000.0,109500000.0,0.2181709503885236,38700000.0,70800000.0,0.14106395696353854,0.55,0.54,129000000,131500000,https://www.sec.gov/Archives/edgar/data/33185/000104746908008500/0001047469-08-008500-index.htm,https://www.sec.gov/Archives/edgar/data/33185/000104746908008500/a2186929z10-q.htm,1620591502,16:18:22,20210509
52,2008-03-31,EFX,USD,2008-04-29,2008-04-29 17:17:37,Q1,503100000,202800000.0,300300000,0.5968992248062015,0.0,0.0,0.0,0.0,174100000.0,376900000,0.0,37900000.0,164100000,0.3261776982707215,126200000.0,0.25084476247266946,300000.0,105100000.0,0.20890479030013914,39400000.0,65700000.0,0.13059033989266547,0.51,0.5,129600000,132100000,https://www.sec.gov/Archives/edgar/data/33185/000104746908005547/0001047469-08-005547-index.htm,https://www.sec.gov/Archives/edgar/data/33185/000104746908001839/a2182984z10-k.htm,1620591502,16:18:22,20210509
53,2007-12-31,EFX,USD,2008-02-27,2008-02-27 17:00:16,Q4,490800000,198500000.0,292300000,0.595558272208639,0.0,0.0,0.0,0.0,172100000.0,370600000,0.0,37800000.0,158000000,0.32192339038304807,120200000.0,0.24490627546862265,500000.0,98200000.0,0.20008149959250204,32500000.0,65700000.0,0.13386308068459657,0.5069444444444444,0.5069444444444444,129600000,129600000,https://www.sec.gov/Archives/edgar/data/33185/000104746908001839/0001047469-08-001839-index.htm,https://www.sec.gov/Archives/edgar/data/33185/000104746908001839/a2182984z10-k.htm,1620591502,16:18:22,20210509
54,2007-09-30,EFX,USD,2007-10-30,2007-10-30 17:13:49,Q3,492500000,194300000.0,298200000,0.605482233502538,0.0,0.0,0.0,0.0,169000000.0,363300000,0.0,38900000.0,168100000,0.34131979695431475,129200000.0,0.2623350253807107,1200000.0,108800000.0,0.22091370558375634,40900000.0,67900000.0,0.13786802030456852,0.49,0.48,137400000,140600000,https://www.sec.gov/Archives/edgar/data/33185/000104746907008146/0001047469-07-008146-index.htm,https://www.sec.gov/Archives/edgar/data/33185/000104746907008146/a2180471z10-q.htm,1620591502,16:18:22,20210509
55,2007-06-30,EFX,USD,2007-08-01,2007-08-01 16:43:19,Q2,454500000,189900000.0,264600000,0.5821782178217821,0.0,0.0,0.0,0.0,144800000.0,334700000,0.0,29600000.0,149400000,0.3287128712871287,119800000.0,0.2635863586358636,1100000.0,109200000.0,0.24026402640264027,39100000.0,70100000.0,0.15423542354235423,0.52,0.51,134900000,138600000,https://www.sec.gov/Archives/edgar/data/33185/000110465907057935/0001104659-07-057935-index.htm,https://www.sec.gov/Archives/edgar/data/33185/000110465907057935/a07-18712_210q.htm,1620591502,16:18:22,20210509
56,2007-03-31,EFX,USD,2007-05-04,2007-05-03 17:45:04,Q1,405100000,169300000.0,235800000,0.5820784991360158,0.0,0.0,0.0,0.0,-52300000.0,117000000,0.0,21400000.0,309500000,0.7640088866946433,288100000.0,0.7111824240928166,200000.0,108400000.0,0.2675882498148605,39400000.0,69000000.0,0.17032831399654405,0.55,0.54,124900000,127300000,https://www.sec.gov/Archives/edgar/data/33185/000110465907035493/0001104659-07-035493-index.htm,https://www.sec.gov/Archives/edgar/data/33185/000110465907014494/a07-5255_110k.htm,1620591502,16:18:22,20210509
57,2006-12-31,EFX,USD,2007-02-28,2007-02-27 17:54:14,Q4,390000000,159900000.0,230100000,0.59,0.0,0.0,0.0,0.0,120200000.0,280100000,0.0,20800000.0,130700000,0.3351282051282051,109900000.0,0.2817948717948718,200000.0,100700000.0,0.2582051282051282,37600000.0,63100000.0,0.1617948717948718,0.5052041633306645,0.5052041633306645,124900000,124900000,https://www.sec.gov/Archives/edgar/data/33185/000110465907014494/0001104659-07-014494-index.htm,https://www.sec.gov/Archives/edgar/data/33185/000110465907014494/a07-5255_110k.htm,1620591502,16:18:22,20210509
58,2006-09-30,EFX,USD,2006-11-01,2006-11-01 17:26:10,Q3,394600000,157900000.0,236700000,0.5998479472883933,0.0,0.0,0.0,0.0,116100000.0,274000000,0.0,20400000.0,141000000,0.35732387227572227,120600000.0,0.30562595032944756,500000.0,112200000.0,0.2843385707045109,33300000.0,78900000.0,0.19994931576279776,0.62,0.61,126400000,128400000,https://www.sec.gov/Archives/edgar/data/33185/000110465906070329/0001104659-06-070329-index.htm,https://www.sec.gov/Archives/edgar/data/33185/000110465906070329/a06-21417_110q.htm,1620591502,16:18:22,20210509
59,2006-06-30,EFX,USD,2006-08-02,2006-08-02 17:04:21,Q2,387700000,161800000.0,225900000,0.582667010575187,0.0,0.0,0.0,0.0,129500000.0,291300000,0.0,20500000.0,116900000,0.30152179520247613,96400000.0,0.24864586020118648,15000000.0,102100000.0,0.26334794944544754,32500000.0,69600000.0,0.17952024761413465,0.54,0.53,128100000,130400000,https://www.sec.gov/Archives/edgar/data/33185/000110465906050756/0001104659-06-050756-index.htm,https://www.sec.gov/Archives/edgar/data/33185/000110465906050756/a06-15460_110q.htm,1620591502,16:18:22,20210509
60,2006-03-31,EFX,USD,2006-05-04,2006-05-04 16:32:39,Q1,374000000,151100000.0,222900000,0.5959893048128342,0.0,0.0,0.0,0.0,113700000.0,264800000,0.0,21100000.0,130300000,0.3483957219251337,109200000.0,0.29197860962566846,500000.0,100900000.0,0.2697860962566845,38000000.0,62900000.0,0.16818181818181818,0.49,0.48,129000000,131500000,https://www.sec.gov/Archives/edgar/data/33185/000110465906031206/0001104659-06-031206-index.htm,https://www.sec.gov/Archives/edgar/data/33185/000110465906013557/a06-1873_110k.htm,1620591502,16:18:22,20210509
61,2005-12-31,EFX,USD,2006-03-02,2006-03-02 16:47:55,Q4,361300000,150900000.0,210400000,0.5823415444229172,0.0,0.0,0.0,0.0,104400000.0,255300000,0.0,21700000.0,127700000,0.35344588984223635,106000000.0,0.2933849986161085,-700000.0,95900000.0,0.26543039025740384,33100000.0,62800000.0,0.17381677276501523,0.4868217054263566,0.4868217054263566,129000000,129000000,https://www.sec.gov/Archives/edgar/data/33185/000110465906013557/0001104659-06-013557-index.htm,https://www.sec.gov/Archives/edgar/data/33185/000110465906013557/a06-1873_110k.htm,1620591502,16:18:22,20210509
62,2005-09-30,EFX,USD,2005-11-07,2005-11-07 17:12:11,Q3,375300000,153000000.0,222300000,0.592326139088729,0.0,0.0,0.0,0.0,115000000.0,268000000,0.0,20500000.0,127800000,0.3405275779376499,107300000.0,0.2859046096456168,4800000.0,102500000.0,0.2731148414601652,40000000.0,62500000.0,0.16653343991473488,0.48,0.47,129900000,132500000,https://www.sec.gov/Archives/edgar/data/33185/000110465905053131/0001104659-05-053131-index.htm,https://www.sec.gov/Archives/edgar/data/33185/000110465905053131/a05-18314_110q.htm,1620591502,16:18:22,20210509
63,2005-06-30,EFX,USD,2005-08-04,2005-08-04 17:26:04,Q2,363400000,147800000.0,215600000,0.593285635663181,0.0,0.0,0.0,0.0,108900000.0,256700000,0.0,20100000.0,126800000,0.34892680242157403,106700000.0,0.29361585030269677,2400000.0,98000000.0,0.26967528893780957,35400000.0,62600000.0,0.17226197028068244,0.48,0.47,129800000,132700000,https://www.sec.gov/Archives/edgar/data/33185/000110465905036562/0001104659-05-036562-index.htm,https://www.sec.gov/Archives/edgar/data/33185/000110465905036562/a05-13047_110q.htm,1620591502,16:18:22,20210509
64,2005-03-31,EFX,USD,2005-05-05,2005-05-05 17:17:57,Q1,343400000,142500000.0,200900000,0.5850320326150262,0.0,0.0,0.0,0.0,98900000.0,241400000,0.0,19900000.0,121900000,0.3549796156086197,102000000.0,0.297029702970297,2700000.0,94300000.0,0.2746068724519511,35700000.0,58600000.0,0.17064647641234712,0.45,0.44,129800000,132400000,https://www.sec.gov/Archives/edgar/data/33185/000110465905020889/0001104659-05-020889-index.htm,https://www.sec.gov/Archives/edgar/data/33185/000110465905011449/a05-3999_110k.htm,1620591502,16:18:22,20210509
65,2004-12-31,EFX,USD,2005-03-16,2005-03-16 15:35:13,Q4,317300000,127400000.0,189900000,0.5984872360542074,0.0,0.0,0.0,0.0,81200000.0,208600000,0.0,3400000.0,112100000,0.3532934131736527,108700000.0,0.34257800189095494,7500000.0,98600000.0,0.3107469271982351,38400000.0,57500000.0,0.18121651433974156,0.44298921417565484,0.44298921417565484,129800000,129800000,https://www.sec.gov/Archives/edgar/data/33185/000110465905011449/0001104659-05-011449-index.htm,https://www.sec.gov/Archives/edgar/data/33185/000110465905011449/a05-3999_110k.htm,1620591502,16:18:22,20210509
66,2004-09-30,EFX,USD,2004-11-04,2004-11-04 14:29:12,Q3,323000000,137300000.0,185700000,0.5749226006191951,0.0,0.0,0.0,0.0,90300000.0,227600000,0.0,3300000.0,98700000,0.30557275541795664,95400000.0,0.2953560371517028,2200000.0,87600000.0,0.2712074303405573,34900000.0,53200000.0,0.16470588235294117,0.4070390206579954,0.40150943396226413,130700000,132500000,https://www.sec.gov/Archives/edgar/data/33185/000116796604001007/0001167966-04-001007-index.htm,https://www.sec.gov/Archives/edgar/data/33185/000116796604001007/a1368_10q.htm,1620591502,16:18:22,20210509
67,2004-06-30,EFX,USD,2004-08-05,2004-08-05 16:21:19,Q2,318900000,133600000.0,185300000,0.5810598933835058,0.0,0.0,0.0,0.0,99000000.0,232600000,0.0,3500000.0,89800000,0.2815929758544998,86300000.0,0.27061774851050485,32100000.0,117100000.0,0.36719974913766074,43900000.0,73200000.0,0.2295390404515522,0.56,0.55,131900000,133700000,https://www.sec.gov/Archives/edgar/data/33185/000116796604000597/0001167966-04-000597-index.htm,https://www.sec.gov/Archives/edgar/data/33185/000116796604000597/t32274equifax_10q.htm,1620591502,16:18:22,20210509
68,2004-03-31,EFX,USD,2004-05-07,2004-05-07 09:35:54,Q1,313600000,133200000.0,180400000,0.5752551020408163,0.0,0.0,0.0,0.0,92600000.0,225800000,0.0,4200000.0,92000000,0.29336734693877553,87800000.0,0.2799744897959184,3300000.0,81900000.0,0.2611607142857143,30700000.0,50800000.0,0.16198979591836735,0.39,0.38,132900000,135100000,https://www.sec.gov/Archives/edgar/data/33185/000104746904016316/0001047469-04-016316-index.htm,https://www.sec.gov/Archives/edgar/data/33185/000104746904007525/a2129029z10-k.htm,1620591502,16:18:22,20210509
69,2003-12-31,EFX,USD,2004-03-11,2004-03-11 17:20:53,Q4,297000000,119200000.0,177800000,0.5986531986531987,0.0,0.0,0.0,0.0,90000000.0,209200000,0.0,3600000.0,91400000,0.30774410774410776,87800000.0,0.2956228956228956,-28900000.0,49700000.0,0.16734006734006734,18400000.0,28000000.0,0.09427609427609428,0.2106847253574116,0.2106847253574116,132900000,132900000,https://www.sec.gov/Archives/edgar/data/33185/000104746904007525/0001047469-04-007525-index.htm,https://www.sec.gov/Archives/edgar/data/33185/000104746904007525/a2129029z10-k.htm,1620591502,16:18:22,20210509
70,2003-09-30,EFX,USD,2003-11-12,2003-11-12 17:23:19,Q3,309800000,129000000.0,180800000,0.5836023240800516,0.0,0.0,0.0,0.0,91900000.0,220900000,0.0,4100000.0,93000000,0.3001936733376372,88900000.0,0.2869593285990962,3000000.0,82400000.0,0.2659780503550678,29600000.0,51200000.0,0.16526791478373143,0.38066914498141263,0.375366568914956,134500000,136400000,https://www.sec.gov/Archives/edgar/data/33185/000104746903037077/0001047469-03-037077-index.htm,https://www.sec.gov/Archives/edgar/data/33185/000104746903037077/a2122002z10-q.htm,1620591502,16:18:22,20210509
71,2003-07-30,EFX,USD,2003-08-08,2003-08-08 16:25:07,Q3,16000000,0.0,16000000,1.0,0.0,-1000000.0,0.0,0.0,-1000000.0,11000000,-1000000.0,24000000.0,29000000,1.8125,5000000.0,0.3125,2000000.0,6000000.0,0.375,-2000000.0,-2000000.0,-0.125,-0.01493,-0.01493,134000000,134000000,https://www.sec.gov/Archives/edgar/data/33185/000104746903026792/0001047469-03-026792-index.htm,https://www.sec.gov/Archives/edgar/data/33185/000104746903026792/a2116137z10-q.htm,1620591502,16:18:22,20210509
72,2003-06-30,EFX,USD,2003-06-30,2003-06-30,Q2,317000000,137700000.0,179300000,0.565615141955836,0.0,0.0,0.0,0.0,94000000.0,231700000,0.0,4300000.0,89600000,0.28264984227129336,85300000.0,0.2690851735015773,5400000.0,78800000.0,0.24858044164037854,29500000.0,41900000.0,0.13217665615141955,0.3106004447739066,0.30583941605839415,134900000,137000000,,,1620591502,16:18:22,20210509
73,2003-03-31,EFX,USD,2003-05-13,2003-05-13 16:45:50,Q1,301600000,127000000.0,174600000,0.5789124668435013,0.0,0.0,0.0,0.0,93900000.0,220900000,0.0,3900000.0,84600000,0.28050397877984085,80700000.0,0.2675729442970822,3800000.0,72200000.0,0.23938992042440319,27100000.0,43800000.0,0.14522546419098142,0.32348596750369274,0.3201754385964912,135400000,136800000,https://www.sec.gov/Archives/edgar/data/33185/000093176303001550/0000931763-03-001550-index.htm,https://www.sec.gov/Archives/edgar/data/33185/000093176303000722/d10k.htm,1620591502,16:18:22,20210509
74,2002-12-31,EFX,USD,2003-03-28,2003-03-28 17:27:26,Q4,292600000,104600000.0,188000000,0.6425153793574846,0.0,0.0,0.0,0.0,93300000.0,197900000,0.0,22400000.0,117100000,0.40020505809979495,94700000.0,0.32365003417634997,1500000.0,84800000.0,0.2898154477101845,33100000.0,49900000.0,0.17053998632946002,0.3685376661742984,0.3685376661742984,135400000,135400000,https://www.sec.gov/Archives/edgar/data/33185/000093176303000722/0000931763-03-000722-index.htm,https://www.sec.gov/Archives/edgar/data/33185/000093176303000722/d10k.htm,1620591502,16:18:22,20210509
75,2002-09-30,EFX,USD,2002-11-12,2002-11-12 13:12:32,Q3,289700000,113200000.0,176500000,0.609250949257853,0.0,66300000.0,0.0,0.0,86800000.0,200000000,0.0,19500000.0,109200000,0.3769416637901277,89700000.0,0.3096306523990335,2000000.0,81500000.0,0.28132550914739385,31800000.0,38900000.0,0.13427683810838797,0.29,0.28,135900000,137600000,https://www.sec.gov/Archives/edgar/data/33185/000093176302003377/0000931763-02-003377-index.htm,https://www.sec.gov/Archives/edgar/data/33185/000093176302003377/d10q.htm,1620591502,16:18:22,20210509
76,2002-06-30,EFX,USD,2002-08-08 00:00:00,2002-08-08 16:14:32,Q2,270300000,107800000.0,162500000,0.6011838697743248,0.0,56700000.0,0.0,0.0,76000000.0,183800000,0.0,19300000.0,105800000,0.39141694413614503,86500000.0,0.32001479837217905,1800000.0,77700000.0,0.2874583795782464,30300000.0,47400000.0,0.1753607103218646,0.35,0.34,137000000,139800000,https://www.sec.gov/Archives/edgar/data/33185/000093176302002666/0000931763-02-002666-index.html,https://www.sec.gov/Archives/edgar/data/33185/000093176302002666/d10q.htm,1620591502,16:18:22,20210509
77,2002-03-31,EFX,USD,2002-05-15 00:00:00,2002-05-15 11:29:34,Q1,261400000,112200000.0,149200000,0.5707727620504973,0.0,70500000.0,0.0,0.0,70500000.0,182700000,0.0,19300000.0,98000000,0.3749043611323642,78700000.0,0.30107115531752104,1500000.0,69600000.0,0.2662586074980872,27900000.0,41700000.0,0.1595256312165264,0.31,0.3,136400000,139300000,https://www.sec.gov/Archives/edgar/data/33185/000093176302001859/0000931763-02-001859-index.html,https://www.sec.gov/Archives/edgar/data/33185/000093176302001859/d10q.txt,1620591502,16:18:22,20210509
78,2001-12-31,EFX,USD,2002-03-12 00:00:00,2002-03-12 00:00:00,Q4,281854000,115800000.0,166054000,0.5891489920313354,0.0,78908000.0,0.0,0.0,78908000.0,194708000,0.0,26253000.0,113399000,0.40233241323522106,87146000.0,0.30918844508149607,-60565000.0,16138000.0,0.05725659383936364,7038000.0,9112000.0,0.03232879434033223,0.06680351906158358,0.06680351906158358,136400000,136400000,https://www.sec.gov/Archives/edgar/data/33185/000093176302000622/0000931763-02-000622-index.html,https://www.sec.gov/Archives/edgar/data/33185/000093176302000622/d10k.txt,1620591502,16:18:22,20210509
79,2001-09-30,EFX,USD,2001-11-13 00:00:00,2001-11-13 00:00:00,Q3,282392000,121897000.0,160495000,0.5683411711379925,0.0,79951000.0,0.0,0.0,79951000.0,201848000,0.0,26978000.0,107522000,0.38075441230629764,80544000.0,0.2852205444913454,-3912000.0,63313000.0,0.22420252698376725,27525000.0,35788000.0,0.1267316354570951,0.2604316756174591,0.2551911009697661,137418000,140240000,https://www.sec.gov/Archives/edgar/data/33185/000093176301502100/0000931763-01-502100-index.html,https://www.sec.gov/Archives/edgar/data/33185/000093176301502100/d10q.txt,1620591502,16:18:22,20210509
80,2001-06-30,EFX,USD,2001-08-13 00:00:00,2001-08-13 00:00:00,Q2,289546000,124490000.0,165056000,0.5700510454297417,0.0,88818000.0,0.0,0.0,88818000.0,213308000,0.0,15817000.0,92055000,0.3179287574340519,76238000.0,0.26330185877200857,1270000.0,65745000.0,0.2270623666015072,26833000.0,29498000.0,0.10187673115843424,0.22,0.21,136535000,138415000,https://www.sec.gov/Archives/edgar/data/33185/000093176301501436/0000931763-01-501436-index.html,https://www.sec.gov/Archives/edgar/data/33185/000093176301501436/d10q.txt,1620591502,16:18:22,20210509
81,2001-03-31,EFX,USD,2001-05-14 00:00:00,2001-05-14 00:00:00,Q1,479742000,235911000.0,243831000,0.5082544367597583,0.0,107701000.0,0.0,0.0,144853000.0,380764000,0.0,37152000.0,136130000,0.28375668588533004,98978000.0,0.2063150610119606,1090000.0,80844000.0,0.16851557712270346,32742000.0,48102000.0,0.10026639318633766,0.3536729727146397,0.34954800453448825,136007000,137612000,https://www.sec.gov/Archives/edgar/data/33185/000093176301500619/0000931763-01-500619-index.html,https://www.sec.gov/Archives/edgar/data/33185/000093176301500619/d10q.txt,1620591502,16:18:22,20210509
82,2000-12-31,EFX,USD,2000-12-31,2000-12-31,Q4,498681000,254078000.0,244603000,0.4904999388386564,0.0,75321000.0,0.0,0.0,111691000.0,365769000,0.0,36370000.0,169282000,0.339459494145556,132912000.0,0.2665270984858056,1164000.0,115599000.0,0.23180951349660403,47199000.0,68400000.0,0.13716183291523038,0.5029152911247216,0.5029152911247216,136007000,136007000,,,1620591502,16:18:22,20210509
83,2000-09-30,EFX,USD,2000-11-14 00:00:00,2000-11-14 00:00:00,Q3,517906000,242807000.0,275099000,0.5311755415075322,0.0,110362000.0,0.0,0.0,149166000.0,391973000,0.0,38804000.0,164737000,0.31808281811757344,125933000.0,0.24315802481531398,2167000.0,106856000.0,0.20632315516715388,42539000.0,64317000.0,0.1241866284615355,0.48,0.47,134355000,135796000,https://www.sec.gov/Archives/edgar/data/33185/000093176300002548/0000931763-00-002548-index.html,https://www.sec.gov/Archives/edgar/data/33185/000093176300002548/0000931763-00-002548-0001.txt,1620591502,16:18:22,20210509
84,2000-06-30,EFX,USD,2000-08-10 00:00:00,2000-08-10 00:00:00,Q2,498213000,238623000.0,259590000,0.5210422048400986,0.0,112245000.0,0.0,0.0,150624000.0,389247000,0.0,38379000.0,147345000,0.2957469997772037,108966000.0,0.21871368270197686,1621000.0,90731000.0,0.18211287140239216,37653000.0,53078000.0,0.10653676238877749,0.4,0.39,134089000,135777000,https://www.sec.gov/Archives/edgar/data/33185/000093176300001890/0000931763-00-001890-index.html,https://www.sec.gov/Archives/edgar/data/33185/000093176300001890/0000931763-00-001890-0001.txt,1620591502,16:18:22,20210509
85,2000-03-31,EFX,USD,2000-05-12 00:00:00,2000-05-12 00:00:00,Q1,451081000,234857000.0,216224000,0.4793462814882471,0.0,93390000.0,0.0,0.0,128620000.0,363477000,0.0,35230000.0,122834000,0.2723102946034083,87604000.0,0.1942090223263671,953000.0,72183000.0,0.16002225764330574,29956000.0,42227000.0,0.09361289879201297,0.32,0.31,133917000,135150000,https://www.sec.gov/Archives/edgar/data/33185/000110704900000149/0001107049-00-000149-index.html,https://www.sec.gov/Archives/edgar/data/33185/0001107049-00-000149.txt,1620591502,16:18:22,20210509
86,1999-12-31,EFX,USD,1999-12-31,1999-12-31,Q4,464200000,242600000.0,221600000,0.47738043946574754,0.0,72800000.0,0.0,0.0,105000000.0,347600000,0.0,32200000.0,148800000,0.3205514864282637,116600000.0,0.25118483412322273,2300000.0,103500000.0,0.22296423955191727,41700000.0,61800000.0,0.13313227057302887,0.46147987186092876,0.46147987186092876,133917000,133917000,,,1620591502,16:18:22,20210509
87,1999-09-30,EFX,USD,1999-11-15 00:00:00,1999-11-15 00:00:00,Q3,444400000,219000000.0,225400000,0.5072007200720072,0.0,80100000.0,0.0,0.0,113200000.0,332200000,0.0,33100000.0,145300000,0.32695769576957695,112200000.0,0.2524752475247525,1100000.0,98100000.0,0.22074707470747074,40000000.0,58100000.0,0.13073807380738073,0.42,0.42,138333333,138333333,https://www.sec.gov/Archives/edgar/data/33185/000093176399003237/0000931763-99-003237-index.html,https://www.sec.gov/Archives/edgar/data/33185/0000931763-99-003237.txt,1620591502,16:18:22,20210509
88,1999-06-30,EFX,USD,1999-08-16 00:00:00,1999-08-16 00:00:00,Q2,442600000,226400000.0,216200000,0.48847718029823767,0.0,89000000.0,0.0,0.0,119300000.0,345700000,0.0,30300000.0,127200000,0.28739267962042475,96900000.0,0.21893357433348395,8500000.0,90100000.0,0.2035698147311342,38000000.0,52100000.0,0.11771351107094442,0.38,0.37,137105263,140810811,https://www.sec.gov/Archives/edgar/data/33185/000093176399002408/0000931763-99-002408-index.html,https://www.sec.gov/Archives/edgar/data/33185/0000931763-99-002408.txt,1620591502,16:18:22,20210509
89,1999-03-31,EFX,USD,1999-05-14 00:00:00,1999-05-14 00:00:00,Q1,421500000,219100000.0,202400000,0.4801897983392645,0.0,83900000.0,0.0,0.0,113600000.0,332700000,0.0,29700000.0,118500000,0.28113879003558717,88800000.0,0.2106761565836299,500000.0,74200000.0,0.1760379596678529,30300000.0,43900000.0,0.10415183867141163,0.32,0.31,137187500,141612903,https://www.sec.gov/Archives/edgar/data/33185/000093176399001672/0000931763-99-001672-index.html,https://www.sec.gov/Archives/edgar/data/33185/0000931763-99-001672.txt,1620591502,16:18:22,20210509
90,1998-12-31,EFX,USD,1998-12-31,1998-12-31,Q4,449000000,231800000.0,217200000,0.48374164810690423,0.0,92900000.0,0.0,0.0,124400000.0,356200000,0.0,31500000.0,124300000,0.276837416481069,92800000.0,0.2066815144766147,-500000.0,77600000.0,0.17282850779510023,33100000.0,44500000.0,0.09910913140311804,0.32437357630979496,0.32437357630979496,137187500,137187500,,,1620591502,16:18:22,20210509
91,1998-09-30,EFX,USD,1998-11-16 00:00:00,1998-11-16 00:00:00,Q3,425400000,219700000.0,205700000,0.4835448989186648,0.0,79300000.0,0.0,0.0,106100000.0,325800000,0.0,26800000.0,126400000,0.29713211095439584,99600000.0,0.23413258110014104,3400000.0,90300000.0,0.21227080394922426,36800000.0,53500000.0,0.12576398683591913,0.38,0.37,140789474,144594595,https://www.sec.gov/Archives/edgar/data/33185/000093176398002972/0000931763-98-002972-index.html,https://www.sec.gov/Archives/edgar/data/33185/0000931763-98-002972.txt,1620591502,16:18:22,20210509
92,1998-06-30,EFX,USD,1998-08-13 00:00:00,1998-08-13 00:00:00,Q2,393500000,200200000.0,193300000,0.49123252858958066,0.0,77800000.0,0.0,0.0,101100000.0,301300000,0.0,23300000.0,115500000,0.2935196950444727,92200000.0,0.23430749682337992,600000.0,84600000.0,0.21499364675984753,34000000.0,50600000.0,0.12858958068614992,0.36,0.35,140555556,144571429,https://www.sec.gov/Archives/edgar/data/33185/000093176398002130/0000931763-98-002130-index.html,https://www.sec.gov/Archives/edgar/data/33185/0000931763-98-002130.txt,1620591502,16:18:22,20210509
93,1998-03-31,EFX,USD,1998-05-15 00:00:00,1998-05-15 00:00:00,Q1,353100000,179800000.0,173300000,0.4907958085528179,0.0,70100000.0,0.0,0.0,92300000.0,272100000,0.0,22200000.0,103200000,0.29226847918436705,81000000.0,0.22939677145284623,700000.0,74600000.0,0.21127159444916455,29900000.0,44700000.0,0.1265930331350892,0.32,0.31,139687500,144193548,https://www.sec.gov/Archives/edgar/data/33185/000093176398001406/0000931763-98-001406-index.html,https://www.sec.gov/Archives/edgar/data/33185/0000931763-98-001406.txt,1620591502,16:18:22,20210509
94,1997-12-31,EFX,USD,1997-12-31,1997-12-31,Q4,367000000,178400000.0,188600000,0.5138964577656676,0.0,72900000.0,0.0,0.0,93800000.0,272200000,0.0,20900000.0,115700000,0.31525885558583105,94800000.0,0.25831062670299726,-24700000.0,64400000.0,0.17547683923705723,25900000.0,35300000.0,0.09618528610354224,0.2527069351230425,0.2527069351230425,139687500,139687500,,,1620591502,16:18:22,20210509
95,1997-09-30,EFX,USD,1997-11-14 00:00:00,1997-11-14 00:00:00,Q3,344100000,164300000.0,179800000,0.5225225225225225,0.0,60400000.0,0.0,0.0,97100000.0,261400000,0.0,19500000.0,102200000,0.2970066841034583,82700000.0,0.24033711130485325,1500000.0,79000000.0,0.22958442313281022,31800000.0,47200000.0,0.13716942749200814,0.33,0.32,143030303,147500000,https://www.sec.gov/Archives/edgar/data/33185/000093176397001988/0000931763-97-001988-index.html,https://www.sec.gov/Archives/edgar/data/33185/0000931763-97-001988.txt,1620591502,16:18:22,20210509
96,1997-06-30,EFX,USD,1997-08-14 00:00:00,1997-08-14 00:00:00,Q2,343000000,183300000.0,159700000,0.465597667638484,0.0,69200000.0,0.0,0.0,81900000.0,265200000,0.0,12800000.0,90600000,0.2641399416909621,77800000.0,0.22682215743440234,42800000.0,115200000.0,0.3358600583090379,54000000.0,56500000.0,0.16472303206997085,0.39,0.38,144871795,148684211,https://www.sec.gov/Archives/edgar/data/33185/000093176397001412/0000931763-97-001412-index.html,https://www.sec.gov/Archives/edgar/data/33185/0000931763-97-001412.txt,1620591502,16:18:22,20210509
97,1997-03-31,EFX,USD,1997-05-14 00:00:00,1997-05-14 00:00:00,Q1,478200000,279700000.0,198500000,0.4150982852363028,0.0,93800000.0,0.0,0.0,117700000.0,397400000,0.0,23900000.0,104700000,0.2189460476787955,80800000.0,0.16896695943120033,400000.0,75000000.0,0.15683814303638646,30300000.0,44700000.0,0.09347553324968633,0.31,0.3,144193548,149000000,https://www.sec.gov/Archives/edgar/data/33185/000093176397000820/0000931763-97-000820-index.html,https://www.sec.gov/Archives/edgar/data/33185/0000931763-97-000820.txt,1620591502,16:18:22,20210509
98,1996-12-31,EFX,USD,1997-03-31 00:00:00,1997-03-31 00:00:00,Q4,487600000,270100000.0,217500000,0.44606234618539786,0.0,100700000.0,0.0,0.0,124700000.0,394800000,0.0,24000000.0,116800000,0.23954060705496308,92800000.0,0.1903199343724364,12200000.0,98100000.0,0.20118949958982774,44300000.0,53800000.0,0.1103363412633306,0.37310962068843745,0.37310962068843745,144193548,144193548,https://www.sec.gov/Archives/edgar/data/33185/000093176397000464/0000931763-97-000464-index.html,https://www.sec.gov/Archives/edgar/data/33185/0000931763-97-000464.txt,1620591502,16:18:22,20210509
99,1996-09-30,EFX,USD,1996-11-13 00:00:00,1996-11-13 00:00:00,Q3,455000000,263000000.0,192000000,0.421978021978022,0.0,89400000.0,0.0,0.0,110900000.0,373900000,0.0,21500000.0,102600000,0.2254945054945055,81100000.0,0.17824175824175825,800000.0,76000000.0,0.16703296703296702,30200000.0,45800000.0,0.10065934065934067,0.32,0.31,143125000,147741935,https://www.sec.gov/Archives/edgar/data/33185/000093176396000921/0000931763-96-000921-index.html,https://www.sec.gov/Archives/edgar/data/33185/0000931763-96-000921.txt,1620591502,16:18:22,20210509
100,1996-06-30,EFX,USD,1996-08-14 00:00:00,1996-08-14 00:00:00,Q2,445600000,256400000.0,189200000,0.4245960502692998,0.0,92900000.0,0.0,0.0,114200000.0,370600000,0.0,21300000.0,96300000,0.21611310592459604,75000000.0,0.16831238779174149,-1500000.0,68200000.0,0.15305206463195692,27100000.0,41100000.0,0.09223518850987433,0.28,0.27,146785714,152222222,https://www.sec.gov/Archives/edgar/data/33185/000093176396000522/0000931763-96-000522-index.html,https://www.sec.gov/Archives/edgar/data/33185/0000931763-96-000522.txt,1620591502,16:18:22,20210509
101,1996-03-31,EFX,USD,1996-05-14 00:00:00,1996-05-14 00:00:00,Q1,423000000,251300000.0,171700000,0.40591016548463354,0.0,86700000.0,0.0,0.0,105800000.0,357100000,0.0,19100000.0,85000000,0.20094562647754138,65900000.0,0.1557919621749409,400000.0,61100000.0,0.14444444444444443,24300000.0,36800000.0,0.08699763593380615,0.25,0.25,147200000,147200000,https://www.sec.gov/Archives/edgar/data/33185/000093176396000195/0000931763-96-000195-index.html,https://www.sec.gov/Archives/edgar/data/33185/0000931763-96-000195.txt,1620591502,16:18:22,20210509
102,1995-12-31,EFX,USD,1996-04-01,1996-04-01,Q4,419400000,240500000.0,178900000,0.42656175488793513,0.0,60200000.0,0.0,0.0,79200000.0,319700000,0.0,19000000.0,118700000,0.28302336671435385,99700000.0,0.23772055317119695,-18600000.0,75300000.0,0.17954220314735336,30900000.0,44400000.0,0.10586552217453506,0.3016304347826087,0.3016304347826087,147200000,147200000,https://www.sec.gov/Archives/edgar/data/33185/0000931763-96-000117-index.html,https://www.sec.gov/Archives/edgar/data/33185/,1620591502,16:18:22,20210509
103,1995-09-30,EFX,USD,1995-11-14 00:00:00,1995-11-14 00:00:00,Q3,412000000,244300000.0,167700000,0.4070388349514563,0.0,81500000.0,0.0,0.0,101600000.0,345900000,0.0,20100000.0,86200000,0.2092233009708738,66100000.0,0.1604368932038835,2200000.0,63000000.0,0.1529126213592233,25000000.0,38000000.0,0.09223300970873786,0.25,0.25,152000000,152000000,https://www.sec.gov/Archives/edgar/data/33185/000093176395000200/0000931763-95-000200-index.html,https://www.sec.gov/Archives/edgar/data/33185/0000931763-95-000200.txt,1620591502,16:18:22,20210509
104,1995-06-30,EFX,USD,1995-08-14 00:00:00,1995-08-14 00:00:00,Q2,407400000,243800000.0,163600000,0.4015709376534119,0.0,81100000.0,0.0,0.0,100100000.0,343900000,0.0,19000000.0,82500000,0.2025036818851252,63500000.0,0.15586647029946,2000000.0,60600000.0,0.1487481590574374,24800000.0,35800000.0,0.08787432498772704,0.24,0.24,149166667,149166667,https://www.sec.gov/Archives/edgar/data/33185/000093176395000131/0000931763-95-000131-index.html,https://www.sec.gov/Archives/edgar/data/33185/0000931763-95-000131.txt,1620591502,16:18:22,20210509
105,1995-03-31,EFX,USD,1995-05-12 00:00:00,1995-05-12 00:00:00,Q1,384200000,233200000.0,151000000,0.3930244664237376,0.0,78800000.0,0.0,0.0,97700000.0,330900000,0.0,18900000.0,72200000,0.18792295679333682,53300000.0,0.13872982821447163,2300000.0,50500000.0,0.13144195731389902,21000000.0,29500000.0,0.07678292555960438,0.2,0.2,147500000,147500000,https://www.sec.gov/Archives/edgar/data/33185/000095014495001336/0000950144-95-001336-index.html,https://www.sec.gov/Archives/edgar/data/33185/0000950144-95-001336.txt,1620591502,16:18:22,20210509
