,date,symbol,reportedCurrency,fillingDate,acceptedDate,period,revenue,costOfRevenue,grossProfit,grossProfitRatio,researchAndDevelopmentExpenses,generalAndAdministrativeExpenses,sellingAndMarketingExpenses,otherExpenses,operatingExpenses,costAndExpenses,interestExpense,depreciationAndAmortization,ebitda,ebitdaratio,operatingIncome,operatingIncomeRatio,totalOtherIncomeExpensesNet,incomeBeforeTax,incomeBeforeTaxRatio,incomeTaxExpense,netIncome,netIncomeRatio,eps,epsdiluted,weightedAverageShsOut,weightedAverageShsOutDil,link,finalLink,timestamp,est_time,est_date
0,2008-12-31,SGM.AX,AUD,2008-12-31,2008-12-31,Q4,2824564452.04,0.0,0.0,0.0,0.0,0.0,0.0,0.0,0.0,0.0,0.0,0.0,0.0,0.0,0.0,0.0,0.0,0.0,0.0,0.0,-39638530.8,-0.014033501969258183,0.0,0.0,0.0,0.0,,,1620597825,18:03:45,20210509
1,2008-09-30,SGM.AX,AUD,2008-09-30,2008-09-30,Q3,2792613547.96,0.0,0.0,0.0,0.0,0.0,0.0,0.0,0.0,0.0,0.0,23689945.9525,0.0,0.0,0.0,0.0,0.0,0.0,0.0,0.0,-39754469.2,-0.014235578434775045,0.0,0.0,0.0,0.0,,,1620597825,18:03:45,20210509
2,2008-06-30,SGM.AX,AUD,2008-06-30,2008-06-30,Q2,1927487768.93,0.0,0.0,0.0,0.0,0.0,0.0,0.0,0.0,0.0,0.0,23689945.9525,0.0,0.0,0.0,0.0,0.0,0.0,0.0,0.0,108847358.51,0.05647110205551347,0.0,0.0,0.0,0.0,,,1620597825,18:03:45,20210509
3,2008-03-31,SGM.AX,AUD,2008-03-31,2008-03-31,Q1,1919839510.82,0.0,0.0,0.0,0.0,0.0,0.0,0.0,0.0,0.0,0.0,23689945.9525,0.0,0.0,0.0,0.0,0.0,0.0,0.0,0.0,108415025.95,0.05647087964331658,0.0,0.0,0.0,0.0,,,1620597825,18:03:45,20210509
4,2007-12-31,SGM.AX,AUD,2007-12-31,2007-12-31,Q4,1917968894.25,0.0,0.0,0.0,0.0,0.0,0.0,0.0,0.0,0.0,0.0,0.0,0.0,0.0,0.0,0.0,0.0,0.0,0.0,0.0,109799104.65,0.057247594045541444,0.0,0.0,0.0,0.0,,,1620597825,18:03:45,20210509
5,2007-09-30,SGM.AX,AUD,2007-09-30,2007-09-30,Q3,1918715260.0,0.0,0.0,0.0,0.0,0.0,0.0,0.0,0.0,0.0,0.0,18255341.25,0.0,0.0,0.0,0.0,0.0,0.0,0.0,0.0,108351602.0,0.05647091272938539,0.0,0.0,0.0,0.0,,,1620597825,18:03:45,20210509
6,2007-06-30,SGM.AX,AUD,2007-06-30,2007-06-30,Q2,1343545712.2,0.0,0.0,0.0,0.0,0.0,0.0,0.0,0.0,0.0,0.0,18255341.25,0.0,0.0,0.0,0.0,0.0,0.0,0.0,0.0,62331101.6,0.04639298911380948,0.0,0.0,0.0,0.0,,,1620597825,18:03:45,20210509
7,2006-12-31,SGM.AX,AUD,2006-12-31,2006-12-31,Q4,1348165989.8,0.0,0.0,0.0,0.0,0.0,0.0,0.0,0.0,0.0,0.0,0.0,0.0,0.0,0.0,0.0,0.0,0.0,0.0,0.0,62545782.6,0.04639323575376549,0.0,0.0,0.0,0.0,,,1620597825,18:03:45,20210509
8,2006-09-30,SGM.AX,AUD,2006-09-30,2006-09-30,Q3,1345082982.8,0.0,0.0,0.0,0.0,0.0,0.0,0.0,0.0,0.0,0.0,14687373.475,0.0,0.0,0.0,0.0,0.0,0.0,0.0,0.0,62402586.8,0.04639311298853791,0.0,0.0,0.0,0.0,,,1620597825,18:03:45,20210509
