,date,symbol,reportedCurrency,fillingDate,acceptedDate,period,revenue,costOfRevenue,grossProfit,grossProfitRatio,researchAndDevelopmentExpenses,generalAndAdministrativeExpenses,sellingAndMarketingExpenses,otherExpenses,operatingExpenses,costAndExpenses,interestExpense,depreciationAndAmortization,ebitda,ebitdaratio,operatingIncome,operatingIncomeRatio,totalOtherIncomeExpensesNet,incomeBeforeTax,incomeBeforeTaxRatio,incomeTaxExpense,netIncome,netIncomeRatio,eps,epsdiluted,weightedAverageShsOut,weightedAverageShsOutDil,link,finalLink,timestamp,est_time,est_date
0,2020-09-30,WEC.AX,AUD,2020-09-30,2020-09-30,Q3,0.0,0.0,0.0,0.0,0.0,459000.0,0.0,336250.0,922500.0,0.0,478500.0,527750.0,-1381500.0,0.0,-1909250.0,0.0,336250.0,-2043000.0,0.0,0.0,-2177500.0,0.0,-0.004849384411570852,-0.004849384411570852,449026065.0,449026065.0,,,1620599768,18:36:08,20210509
1,2020-06-30,WEC.AX,AUD,2020-06-30,2020-06-30,Q2,0.0,0.0,0.0,0.0,0.0,459000.0,0.0,336250.0,922500.0,0.0,478500.0,527750.0,-1381500.0,0.0,-1909250.0,0.0,336250.0,-2043000.0,0.0,0.0,-2177500.0,0.0,-0.004849384411570852,-0.004849384411570852,449026065.0,449026065.0,,,1620599768,18:36:08,20210509
2,2020-03-31,WEC.AX,AUD,2020-03-31,2020-03-31,Q1,0.0,0.0,0.0,0.0,0.0,459000.0,0.0,336250.0,922500.0,0.0,478500.0,527750.0,-1381500.0,0.0,-1909250.0,0.0,336250.0,-2043000.0,0.0,0.0,-2177500.0,0.0,-0.004849384411570852,-0.004849384411570852,449026065.0,449026065.0,,,1620599768,18:36:08,20210509
3,2020-01-31,WEC.AX,AUD,2020-01-31,2020-01-31,Q1,0.0,0.0,0.0,0.0,0.0,459000.0,0.0,336250.0,922500.0,0.0,478500.0,527750.0,-1381500.0,0.0,-1909250.0,0.0,336250.0,-2043000.0,0.0,0.0,-2177500.0,0.0,-0.004849384411570852,-0.004849384411570852,449026065.0,449026065.0,,,1620599768,18:36:08,20210509
4,2019-06-30,WEC.AX,AUD,2019-06-30,2019-06-30,Q2,0.0,0.0,0.0,0.0,0.0,774500.0,0.0,498500.0,791000.0,0.0,493750.0,699750.0,-1565500.0,0.0,-2265250.0,0.0,498500.0,-2251250.0,0.0,0.0,-2492750.0,0.0,-0.00555375,-0.00555375,449026065.0,449026065.0,,,1620599768,18:36:08,20210509
5,2019-03-31,WEC.AX,AUD,2019-03-31,2019-03-31,Q1,0.0,0.0,0.0,0.0,0.0,774500.0,0.0,498500.0,791000.0,0.0,493750.0,699750.0,-1565500.0,0.0,-2265250.0,0.0,498500.0,-2251250.0,0.0,0.0,-2492750.0,0.0,-0.00555375,-0.00555375,449026065.0,449026065.0,,,1620599768,18:36:08,20210509
6,2019-01-31,WEC.AX,AUD,2019-01-31,2019-01-31,Q1,0.0,0.0,0.0,0.0,0.0,774500.0,0.0,498500.0,791000.0,0.0,493750.0,699750.0,-1565500.0,0.0,-2265250.0,0.0,498500.0,-2251250.0,0.0,0.0,-2492750.0,0.0,-0.00555375,-0.00555375,449026065.0,449026065.0,,,1620599768,18:36:08,20210509
7,2018-06-30,WEC.AX,AUD,2018-06-30,2018-06-30,Q2,0.0,0.0,0.0,0.0,0.0,872750.0,0.0,11250.0,474500.0,0.0,431250.0,774000.0,-1347250.0,0.0,-2121250.0,0.0,11250.0,-2510250.0,0.0,0.0,-2752750.0,0.0,-0.0079925,-0.0079925,344086255.0,344086255.0,,,1620599768,18:36:08,20210509
8,2018-03-31,WEC.AX,AUD,2018-03-31,2018-03-31,Q1,0.0,0.0,0.0,0.0,0.0,872750.0,0.0,11250.0,474500.0,0.0,431250.0,774000.0,-1347250.0,0.0,-2121250.0,0.0,11250.0,-2510250.0,0.0,0.0,-2752750.0,0.0,-0.0079925,-0.0079925,344086255.0,344086255.0,,,1620599768,18:36:08,20210509
9,2018-01-31,WEC.AX,AUD,2018-01-31,2018-01-31,Q1,0.0,0.0,0.0,0.0,0.0,872750.0,0.0,11250.0,474500.0,0.0,431250.0,774000.0,-1347250.0,0.0,-2121250.0,0.0,11250.0,-2510250.0,0.0,0.0,-2752750.0,0.0,-0.0079925,-0.0079925,344086255.0,344086255.0,,,1620599768,18:36:08,20210509
10,2017-06-30,WEC.AX,AUD,2017-06-30,2017-06-30,Q2,85250.0,0.0,85250.0,1.0,0.0,503250.0,766750.0,401500.0,1240500.0,0.0,411250.0,1491000.0,-2425250.0,-28.44868035190616,-3916250.0,-45.93841642228739,-4830750.0,-9135000.0,-107.15542521994135,0.0,-8832250.0,-103.60410557184751,-0.025767,-0.025767,344086255.0,344086255.0,,,1620599768,18:36:08,20210509
11,2017-03-31,WEC.AX,AUD,2017-03-31,2017-03-31,Q1,85250.0,0.0,85250.0,1.0,0.0,503250.0,766750.0,401500.0,1240500.0,0.0,411250.0,1491000.0,-2425250.0,-28.44868035190616,-3916250.0,-45.93841642228739,-4830750.0,-9135000.0,-107.15542521994135,0.0,-8832250.0,-103.60410557184751,-0.025767,-0.025767,344086255.0,344086255.0,,,1620599768,18:36:08,20210509
12,2017-01-31,WEC.AX,AUD,2017-01-31,2017-01-31,Q1,85250.0,0.0,85250.0,1.0,0.0,503250.0,766750.0,401500.0,1240500.0,0.0,411250.0,1491000.0,-2425250.0,-28.44868035190616,-3916250.0,-45.93841642228739,-4830750.0,-9135000.0,-107.15542521994135,0.0,-8832250.0,-103.60410557184751,-0.025767,-0.025767,344086255.0,344086255.0,,,1620599768,18:36:08,20210509
13,2016-06-30,WEC.AX,AUD,2016-06-30,2016-06-30,Q2,6835000.0,0.0,6835000.0,1.0,0.0,465000.0,1688250.0,104500.0,15976000.0,0.0,928500.0,3352500.0,-11294250.0,-1.6524140453547915,-14646750.0,-2.1429041697147038,-5901250.0,-21394500.0,-3.1301389904901242,0.0,-14170500.0,-2.073226042428676,-0.04117975,-0.04117975,344086255.0,344086255.0,,,1620599768,18:36:08,20210509
14,2016-03-31,WEC.AX,AUD,2016-03-31,2016-03-31,Q1,6835000.0,0.0,6835000.0,1.0,0.0,465000.0,1688250.0,104500.0,15976000.0,0.0,928500.0,3352500.0,-11294250.0,-1.6524140453547915,-14646750.0,-2.1429041697147038,-5901250.0,-21394500.0,-3.1301389904901242,0.0,-14170500.0,-2.073226042428676,-0.04117975,-0.04117975,344086255.0,344086255.0,,,1620599768,18:36:08,20210509
15,2016-01-31,WEC.AX,AUD,2016-01-31,2016-01-31,Q1,6835000.0,0.0,6835000.0,1.0,0.0,465000.0,1688250.0,104500.0,15976000.0,0.0,928500.0,3352500.0,-11294250.0,-1.6524140453547915,-14646750.0,-2.1429041697147038,-5901250.0,-21394500.0,-3.1301389904901242,0.0,-14170500.0,-2.073226042428676,-0.04117975,-0.04117975,344086255.0,344086255.0,,,1620599768,18:36:08,20210509
16,2015-09-30,WEC.AX,AUD,2015-09-30,2015-09-30,Q3,5769000.0,133250.0,5635750.0,0.9769024094297105,0.0,1135750.0,1496500.0,1132750.0,10770250.0,0.0,410000.0,2682500.0,-7766750.0,-1.346290518287398,-10449250.0,-1.8112757843647078,-106250.0,-10596500.0,-1.8368001386722135,-782500.0,-6959000.0,-1.2062749176633731,-0.020232,-0.020232,343977738.0,343977738.0,,,1620599768,18:36:08,20210509
17,2015-06-30,WEC.AX,AUD,2015-06-30,2015-06-30,Q2,5769000.0,133250.0,5635750.0,0.9769024094297105,0.0,1135750.0,1496500.0,1132750.0,10770250.0,0.0,410000.0,2682500.0,-7766750.0,-1.346290518287398,-10449250.0,-1.8112757843647078,-106250.0,-10596500.0,-1.8368001386722135,-782500.0,-6959000.0,-1.2062749176633731,-0.020232,-0.020232,343977738.0,343977738.0,,,1620599768,18:36:08,20210509
18,2015-03-31,WEC.AX,AUD,2015-03-31,2015-03-31,Q1,5769000.0,133250.0,5635750.0,0.9769024094297105,0.0,1135750.0,1496500.0,1132750.0,10770250.0,0.0,410000.0,2682500.0,-7766750.0,-1.346290518287398,-10449250.0,-1.8112757843647078,-106250.0,-10596500.0,-1.8368001386722135,-782500.0,-6959000.0,-1.2062749176633731,-0.020232,-0.020232,343977738.0,343977738.0,,,1620599768,18:36:08,20210509
19,2015-01-31,WEC.AX,AUD,2015-01-31,2015-01-31,Q1,5769000.0,133250.0,5635750.0,0.9769024094297105,0.0,1135750.0,1496500.0,1132750.0,10770250.0,0.0,410000.0,2682500.0,-7766750.0,-1.346290518287398,-10449250.0,-1.8112757843647078,-106250.0,-10596500.0,-1.8368001386722135,-782500.0,-6959000.0,-1.2062749176633731,-0.020232,-0.020232,343977738.0,343977738.0,,,1620599768,18:36:08,20210509
20,2014-09-30,WEC.AX,AUD,2014-09-30,2014-09-30,Q3,6120250.0,152500.0,5967750.0,0.9750827172092643,0.0,1336750.0,1720500.0,848750.0,9374500.0,0.0,165750.0,2215000.0,-6464000.0,-1.0561660062905927,-8679000.0,-1.4180793268248846,-5478750.0,-13830000.0,-2.259711613087701,0.0,-13405250.0,-2.1903108533148155,-0.039605,-0.039605,338427881.0,338427881.0,,,1620599768,18:36:08,20210509
21,2014-06-30,WEC.AX,AUD,2014-06-30,2014-06-30,Q2,6120250.0,152500.0,5967750.0,0.9750827172092643,0.0,1336750.0,1720500.0,848750.0,9374500.0,0.0,165750.0,2215000.0,-6464000.0,-1.0561660062905927,-8679000.0,-1.4180793268248846,-5478750.0,-13830000.0,-2.259711613087701,0.0,-13405250.0,-2.1903108533148155,-0.039605,-0.039605,338427881.0,338427881.0,,,1620599768,18:36:08,20210509
22,2014-03-31,WEC.AX,AUD,2014-03-31,2014-03-31,Q1,6120250.0,152500.0,5967750.0,0.9750827172092643,0.0,1336750.0,1720500.0,848750.0,9374500.0,0.0,165750.0,2215000.0,-6464000.0,-1.0561660062905927,-8679000.0,-1.4180793268248846,-5478750.0,-13830000.0,-2.259711613087701,0.0,-13405250.0,-2.1903108533148155,-0.039605,-0.039605,338427881.0,338427881.0,,,1620599768,18:36:08,20210509
23,2014-01-31,WEC.AX,AUD,2014-01-31,2014-01-31,Q1,6120250.0,152500.0,5967750.0,0.9750827172092643,0.0,1336750.0,1720500.0,848750.0,9374500.0,0.0,165750.0,2215000.0,-6464000.0,-1.0561660062905927,-8679000.0,-1.4180793268248846,-5478750.0,-13830000.0,-2.259711613087701,0.0,-13405250.0,-2.1903108533148155,-0.039605,-0.039605,338427881.0,338427881.0,,,1620599768,18:36:08,20210509
24,2013-09-30,WEC.AX,AUD,2013-09-30,2013-09-30,Q3,196250.0,59000.0,137250.0,0.6993630573248407,0.0,-162000.0,3114750.0,1831250.0,4639750.0,0.0,187000.0,1405250.0,-7455250.0,-37.988535031847135,-8860500.0,-45.14904458598726,-22684500.0,-30579000.0,-155.81656050955414,-1840000.0,-28410250.0,-144.7656050955414,-0.08395775,-0.08395775,338427881.0,338427881.0,,,1620599768,18:36:08,20210509
25,2013-06-30,WEC.AX,AUD,2013-06-30,2013-06-30,Q2,196250.0,59000.0,137250.0,0.6993630573248407,0.0,-162000.0,3114750.0,1831250.0,4639750.0,0.0,187000.0,1405250.0,-7455250.0,-37.988535031847135,-8860500.0,-45.14904458598726,-22684500.0,-30579000.0,-155.81656050955414,-1840000.0,-28410250.0,-144.7656050955414,-0.08395775,-0.08395775,338427881.0,338427881.0,,,1620599768,18:36:08,20210509
26,2013-03-31,WEC.AX,AUD,2013-03-31,2013-03-31,Q1,196250.0,59000.0,137250.0,0.6993630573248407,0.0,-162000.0,3114750.0,1831250.0,4639750.0,0.0,187000.0,1405250.0,-7455250.0,-37.988535031847135,-8860500.0,-45.14904458598726,-22684500.0,-30579000.0,-155.81656050955414,-1840000.0,-28410250.0,-144.7656050955414,-0.08395775,-0.08395775,338427881.0,338427881.0,,,1620599768,18:36:08,20210509
27,2013-01-31,WEC.AX,AUD,2013-01-31,2013-01-31,Q1,196250.0,59000.0,137250.0,0.6993630573248407,0.0,-162000.0,3114750.0,1831250.0,4639750.0,0.0,187000.0,1405250.0,-7455250.0,-37.988535031847135,-8860500.0,-45.14904458598726,-22684500.0,-30579000.0,-155.81656050955414,-1840000.0,-28410250.0,-144.7656050955414,-0.08395775,-0.08395775,338427881.0,338427881.0,,,1620599768,18:36:08,20210509
28,2012-09-30,WEC.AX,AUD,2012-09-30,2012-09-30,Q3,520750.0,400500.0,120250.0,0.23091694671147384,0.0,655000.0,2160000.0,-925500.0,7321000.0,0.0,1135250.0,2187000.0,-10015750.0,-19.233317330772923,-12202750.0,-23.43302928468555,-33395500.0,-44573000.0,-85.59385501680269,-1631750.0,-24318250.0,-46.6985117618819,-0.0732215,-0.0732215,332135889.0,332135889.0,,,1620599768,18:36:08,20210509
29,2012-06-30,WEC.AX,AUD,2012-06-30,2012-06-30,Q2,520750.0,400500.0,120250.0,0.23091694671147384,0.0,655000.0,2160000.0,-925500.0,7321000.0,0.0,1135250.0,2187000.0,-10015750.0,-19.233317330772923,-12202750.0,-23.43302928468555,-33395500.0,-44573000.0,-85.59385501680269,-1631750.0,-24318250.0,-46.6985117618819,-0.0732215,-0.0732215,332135889.0,332135889.0,,,1620599768,18:36:08,20210509
30,2012-03-31,WEC.AX,AUD,2012-03-31,2012-03-31,Q1,520750.0,400500.0,120250.0,0.23091694671147384,0.0,655000.0,2160000.0,-925500.0,7321000.0,0.0,1135250.0,2187000.0,-10015750.0,-19.233317330772923,-12202750.0,-23.43302928468555,-33395500.0,-44573000.0,-85.59385501680269,-1631750.0,-24318250.0,-46.6985117618819,-0.0732215,-0.0732215,332135889.0,332135889.0,,,1620599768,18:36:08,20210509
31,2012-01-31,WEC.AX,AUD,2012-01-31,2012-01-31,Q1,520750.0,400500.0,120250.0,0.23091694671147384,0.0,655000.0,2160000.0,-925500.0,7321000.0,0.0,1135250.0,2187000.0,-10015750.0,-19.233317330772923,-12202750.0,-23.43302928468555,-33395500.0,-44573000.0,-85.59385501680269,-1631750.0,-24318250.0,-46.6985117618819,-0.0732215,-0.0732215,332135889.0,332135889.0,,,1620599768,18:36:08,20210509
32,2011-09-30,WEC.AX,AUD,2011-09-30,2011-09-30,Q3,145750.0,945250.0,-799500.0,-5.485420240137222,0.0,1682000.0,1071750.0,3719750.0,7743000.0,0.0,1669500.0,2793750.0,-11296250.0,-77.50428816466552,-14090000.0,-96.67238421955403,3719750.0,-9517250.0,-65.29845626072041,-4811250.0,841250.0,5.7718696397941684,0.002696,0.002696,312245271.0,312245271.0,,,1620599768,18:36:08,20210509
33,2011-06-30,WEC.AX,AUD,2011-06-30,2011-06-30,Q2,145750.0,945250.0,-799500.0,-5.485420240137222,0.0,1682000.0,1071750.0,3719750.0,7743000.0,0.0,1669500.0,2793750.0,-11296250.0,-77.50428816466552,-14090000.0,-96.67238421955403,3719750.0,-9517250.0,-65.29845626072041,-4811250.0,841250.0,5.7718696397941684,0.002696,0.002696,312245271.0,312245271.0,,,1620599768,18:36:08,20210509
34,2011-03-31,WEC.AX,AUD,2011-03-31,2011-03-31,Q1,145750.0,945250.0,-799500.0,-5.485420240137222,0.0,1682000.0,1071750.0,3719750.0,7743000.0,0.0,1669500.0,2793750.0,-11296250.0,-77.50428816466552,-14090000.0,-96.67238421955403,3719750.0,-9517250.0,-65.29845626072041,-4811250.0,841250.0,5.7718696397941684,0.002696,0.002696,312245271.0,312245271.0,,,1620599768,18:36:08,20210509
35,2011-01-31,WEC.AX,AUD,2011-01-31,2011-01-31,Q1,145750.0,945250.0,-799500.0,-5.485420240137222,0.0,1682000.0,1071750.0,3719750.0,7743000.0,0.0,1669500.0,2793750.0,-11296250.0,-77.50428816466552,-14090000.0,-96.67238421955403,3719750.0,-9517250.0,-65.29845626072041,-4811250.0,841250.0,5.7718696397941684,0.002696,0.002696,312245271.0,312245271.0,,,1620599768,18:36:08,20210509
36,2010-09-30,WEC.AX,AUD,2010-09-30,2010-09-30,Q3,10714.75,462894.25,-452179.5,-42.20159126437854,0.0,-1307941.75,3404265.75,177836.75,4766260.25,0.0,1299989.75,1418764.0,-7314763.75,-682.6817004596468,-8733527.75,-815.0939359294431,105413.0,-8962241.25,-836.4396042838143,0.0,-7768649.75,-725.0425581558133,-0.0341175,-0.0341175,227701641.0,227701641.0,,,1620599768,18:36:08,20210509
37,2010-06-30,WEC.AX,AUD,2010-06-30,2010-06-30,Q2,10714.75,462894.25,-452179.5,-42.20159126437854,0.0,-1307941.75,3404265.75,177836.75,4766260.25,0.0,1299989.75,1418764.0,-7314763.75,-682.6817004596468,-8733527.75,-815.0939359294431,105413.0,-8962241.25,-836.4396042838143,0.0,-7768649.75,-725.0425581558133,-0.0341175,-0.0341175,227701641.0,227701641.0,,,1620599768,18:36:08,20210509
38,2010-03-31,WEC.AX,AUD,2010-03-31,2010-03-31,Q1,10714.75,462894.25,-452179.5,-42.20159126437854,0.0,-1307941.75,3404265.75,177836.75,4766260.25,0.0,1299989.75,1418764.0,-7314763.75,-682.6817004596468,-8733527.75,-815.0939359294431,105413.0,-8962241.25,-836.4396042838143,0.0,-7768649.75,-725.0425581558133,-0.0341175,-0.0341175,227701641.0,227701641.0,,,1620599768,18:36:08,20210509
39,2010-01-31,WEC.AX,AUD,2010-01-31,2010-01-31,Q1,10714.75,462894.25,-452179.5,-42.20159126437854,0.0,-1307941.75,3404265.75,177836.75,4766260.25,0.0,1299989.75,1418764.0,-7314763.75,-682.6817004596468,-8733527.75,-815.0939359294431,105413.0,-8962241.25,-836.4396042838143,0.0,-7768649.75,-725.0425581558133,-0.0341175,-0.0341175,227701641.0,227701641.0,,,1620599768,18:36:08,20210509
40,2009-09-30,WEC.AX,AUD,2009-09-30,2009-09-30,Q3,0.0,0.0,0.0,0.0,0.0,604528.0,1906553.25,537614.75,2835479.75,0.0,1155005.25,1042900.5,-5346561.0,0.0,-6389461.5,0.0,463405.75,-6905014.75,0.0,0.0,-6684786.25,0.0,-0.0438995,-0.0438995,152690478.0,152690478.0,,,1620599768,18:36:08,20210509
41,2009-06-30,WEC.AX,AUD,2009-06-30,2009-06-30,Q2,0.0,0.0,0.0,0.0,0.0,604528.0,1906553.25,537614.75,2835479.75,0.0,1155005.25,1042900.5,-5346561.0,0.0,-6389461.5,0.0,463405.75,-6905014.75,0.0,0.0,-6684786.25,0.0,-0.0438995,-0.0438995,152690478.0,152690478.0,,,1620599768,18:36:08,20210509
42,2009-03-31,WEC.AX,AUD,2009-03-31,2009-03-31,Q1,0.0,0.0,0.0,0.0,0.0,604528.0,1906553.25,537614.75,2835479.75,0.0,1155005.25,1042900.5,-5346561.0,0.0,-6389461.5,0.0,463405.75,-6905014.75,0.0,0.0,-6684786.25,0.0,-0.0438995,-0.0438995,152690478.0,152690478.0,,,1620599768,18:36:08,20210509
43,2009-01-31,WEC.AX,AUD,2009-01-31,2009-01-31,Q1,0.0,0.0,0.0,0.0,0.0,604528.0,1906553.25,537614.75,2835479.75,0.0,1155005.25,1042900.5,-5346561.0,0.0,-6389461.5,0.0,463405.75,-6905014.75,0.0,0.0,-6684786.25,0.0,-0.0438995,-0.0438995,152690478.0,152690478.0,,,1620599768,18:36:08,20210509
44,2008-09-30,WEC.AX,AUD,2008-09-30,2008-09-30,Q3,293143.75,0.0,293143.75,1.0,0.0,626486.75,1041145.75,79959.75,1531737.25,0.0,652691.75,898666.25,-2906226.0,-9.913996119651195,-3804892.25,-12.97961239153146,79959.75,-3753755.0,-12.805168112913886,0.0,-3635412.25,-12.40146600430676,-0.0275565,-0.0275565,131911901.0,131911901.0,,,1620599768,18:36:08,20210509
45,2008-06-30,WEC.AX,AUD,2008-06-30,2008-06-30,Q2,293143.75,0.0,293143.75,1.0,0.0,626486.75,1041145.75,79959.75,1531737.25,0.0,652691.75,898666.25,-2906226.0,-9.913996119651195,-3804892.25,-12.97961239153146,79959.75,-3753755.0,-12.805168112913886,0.0,-3635412.25,-12.40146600430676,-0.0275565,-0.0275565,131911901.0,131911901.0,,,1620599768,18:36:08,20210509
46,2008-03-31,WEC.AX,AUD,2008-03-31,2008-03-31,Q1,293143.75,0.0,293143.75,1.0,0.0,626486.75,1041145.75,79959.75,1531737.25,0.0,652691.75,898666.25,-2906226.0,-9.913996119651195,-3804892.25,-12.97961239153146,79959.75,-3753755.0,-12.805168112913886,0.0,-3635412.25,-12.40146600430676,-0.0275565,-0.0275565,131911901.0,131911901.0,,,1620599768,18:36:08,20210509
47,2008-01-31,WEC.AX,AUD,2008-01-31,2008-01-31,Q1,293143.75,0.0,293143.75,1.0,0.0,626486.75,1041145.75,79959.75,1531737.25,0.0,652691.75,898666.25,-2906226.0,-9.913996119651195,-3804892.25,-12.97961239153146,79959.75,-3753755.0,-12.805168112913886,0.0,-3635412.25,-12.40146600430676,-0.0275565,-0.0275565,131911901.0,131911901.0,,,1620599768,18:36:08,20210509
48,2007-09-30,WEC.AX,AUD,2007-09-30,2007-09-30,Q3,32502.5,0.0,32502.5,1.0,0.0,417847.5,676311.0,-638882.75,1083069.5,0.0,169.75,799807.5,-2144725.5,-65.9864779632336,-2944533.0,-90.59404661179909,-638882.75,-2651533.75,-81.57937850934543,0.0,-2611374.0,-80.34378893931236,-0.021234,-0.021234,123469808.0,123469808.0,,,1620599768,18:36:08,20210509
49,2007-06-30,WEC.AX,AUD,2007-06-30,2007-06-30,Q2,32502.5,0.0,32502.5,1.0,0.0,417847.5,676311.0,-638882.75,1083069.5,0.0,169.75,799807.5,-2144725.5,-65.9864779632336,-2944533.0,-90.59404661179909,-638882.75,-2651533.75,-81.57937850934543,0.0,-2611374.0,-80.34378893931236,-0.021234,-0.021234,123469808.0,123469808.0,,,1620599768,18:36:08,20210509
50,2007-03-31,WEC.AX,AUD,2007-03-31,2007-03-31,Q1,32502.5,0.0,32502.5,1.0,0.0,417847.5,676311.0,-638882.75,1083069.5,0.0,169.75,799807.5,-2144725.5,-65.9864779632336,-2944533.0,-90.59404661179909,-638882.75,-2651533.75,-81.57937850934543,0.0,-2611374.0,-80.34378893931236,-0.021234,-0.021234,123469808.0,123469808.0,,,1620599768,18:36:08,20210509
51,2007-01-31,WEC.AX,AUD,2007-01-31,2007-01-31,Q1,32502.5,0.0,32502.5,1.0,0.0,417847.5,676311.0,-638882.75,1083069.5,0.0,169.75,799807.5,-2144725.5,-65.9864779632336,-2944533.0,-90.59404661179909,-638882.75,-2651533.75,-81.57937850934543,0.0,-2611374.0,-80.34378893931236,-0.021234,-0.021234,123469808.0,123469808.0,,,1620599768,18:36:08,20210509
52,2006-09-30,WEC.AX,AUD,2006-09-30,2006-09-30,Q3,9.0,0.0,9.0,1.0,0.0,-64485.75,160186.5,-160186.5,194525.5,0.0,786.75,1961.5,-290217.25,-32246.36111111111,-292178.75,-32464.305555555555,-160186.5,-246292.0,-27365.777777777777,0.0,-246292.0,-27365.777777777777,-0.0059645,-0.0059645,40789244.0,40789244.0,,,1620599768,18:36:08,20210509
53,2006-06-30,WEC.AX,AUD,2006-06-30,2006-06-30,Q2,9.0,0.0,9.0,1.0,0.0,-64485.75,160186.5,-160186.5,194525.5,0.0,786.75,1961.5,-290217.25,-32246.36111111111,-292178.75,-32464.305555555555,-160186.5,-246292.0,-27365.777777777777,0.0,-246292.0,-27365.777777777777,-0.0059645,-0.0059645,40789244.0,40789244.0,,,1620599768,18:36:08,20210509
54,2006-03-31,WEC.AX,AUD,2006-03-31,2006-03-31,Q1,9.0,0.0,9.0,1.0,0.0,-64485.75,160186.5,-160186.5,194525.5,0.0,786.75,1961.5,-290217.25,-32246.36111111111,-292178.75,-32464.305555555555,-160186.5,-246292.0,-27365.777777777777,0.0,-246292.0,-27365.777777777777,-0.0059645,-0.0059645,40789244.0,40789244.0,,,1620599768,18:36:08,20210509
55,2006-01-31,WEC.AX,AUD,2006-01-31,2006-01-31,Q1,9.0,0.0,9.0,1.0,0.0,-64485.75,160186.5,-160186.5,194525.5,0.0,786.75,1961.5,-290217.25,-32246.36111111111,-292178.75,-32464.305555555555,-160186.5,-246292.0,-27365.777777777777,0.0,-246292.0,-27365.777777777777,-0.0059645,-0.0059645,40789244.0,40789244.0,,,1620599768,18:36:08,20210509
56,2005-09-30,WEC.AX,AUD,2005-09-30,2005-09-30,Q3,762.25,0.0,762.25,1.0,0.0,12141.5,56811.25,-47607.0,65930.25,0.0,5.75,2144.5,-134120.75,-175.95375532961626,-136265.25,-178.76713676615284,-47607.0,-122199.75,-160.3145293538865,-122199.75,-122199.75,-160.3145293538865,-0.0071575,-0.0071575,16738601.0,16738601.0,,,1620599768,18:36:08,20210509
57,2005-06-30,WEC.AX,AUD,2005-06-30,2005-06-30,Q2,762.25,0.0,762.25,1.0,0.0,12141.5,56811.25,-47607.0,65930.25,0.0,5.75,2144.5,-134120.75,-175.95375532961626,-136265.25,-178.76713676615284,-47607.0,-122199.75,-160.3145293538865,-122199.75,-122199.75,-160.3145293538865,-0.0071575,-0.0071575,16738601.0,16738601.0,,,1620599768,18:36:08,20210509
58,2005-03-31,WEC.AX,AUD,2005-03-31,2005-03-31,Q1,762.25,0.0,762.25,1.0,0.0,12141.5,56811.25,-47607.0,65930.25,0.0,5.75,2144.5,-134120.75,-175.95375532961626,-136265.25,-178.76713676615284,-47607.0,-122199.75,-160.3145293538865,-122199.75,-122199.75,-160.3145293538865,-0.0071575,-0.0071575,16738601.0,16738601.0,,,1620599768,18:36:08,20210509
59,2005-01-31,WEC.AX,AUD,2005-01-31,2005-01-31,Q1,762.25,0.0,762.25,1.0,0.0,12141.5,56811.25,-47607.0,65930.25,0.0,5.75,2144.5,-134120.75,-175.95375532961626,-136265.25,-178.76713676615284,-47607.0,-122199.75,-160.3145293538865,-122199.75,-122199.75,-160.3145293538865,-0.0071575,-0.0071575,16738601.0,16738601.0,,,1620599768,18:36:08,20210509
60,2004-09-30,WEC.AX,AUD,2004-09-30,2004-09-30,Q3,0.0,0.0,0.0,0.0,0.0,25298.25,35986.0,-35986.0,45138.25,0.0,36.25,682.5,-106422.5,0.0,-107105.0,0.0,-35986.0,-103006.0,0.0,-103006.0,-103006.0,0.0,-0.01908675,-0.01908675,5858718.0,5858718.0,,,1620599768,18:36:08,20210509
61,2004-06-30,WEC.AX,AUD,2004-06-30,2004-06-30,Q2,0.0,0.0,0.0,0.0,0.0,25298.25,35986.0,-35986.0,45138.25,0.0,36.25,682.5,-106422.5,0.0,-107105.0,0.0,-35986.0,-103006.0,0.0,-103006.0,-103006.0,0.0,-0.01908675,-0.01908675,5858718.0,5858718.0,,,1620599768,18:36:08,20210509
62,2004-03-31,WEC.AX,AUD,2004-03-31,2004-03-31,Q1,0.0,0.0,0.0,0.0,0.0,25298.25,35986.0,-35986.0,45138.25,0.0,36.25,682.5,-106422.5,0.0,-107105.0,0.0,-35986.0,-103006.0,0.0,-103006.0,-103006.0,0.0,-0.01908675,-0.01908675,5858718.0,5858718.0,,,1620599768,18:36:08,20210509
63,2004-01-31,WEC.AX,AUD,2004-01-31,2004-01-31,Q1,0.0,0.0,0.0,0.0,0.0,25298.25,35986.0,-35986.0,45138.25,0.0,36.25,682.5,-106422.5,0.0,-107105.0,0.0,-35986.0,-103006.0,0.0,-103006.0,-103006.0,0.0,-0.01908675,-0.01908675,5858718.0,5858718.0,,,1620599768,18:36:08,20210509
64,2003-09-30,WEC.AX,AUD,2003-09-30,2003-09-30,Q3,0.0,0.0,0.0,0.0,0.0,50719.5,0.0,0.0,34119.25,0.0,192.25,0.0,-74575.25,0.0,-84838.75,0.0,0.0,-74767.5,0.0,-74767.5,-74767.5,0.0,-0.014315,-0.014315,4909581.0,4909581.0,,,1620599768,18:36:08,20210509
65,2003-06-30,WEC.AX,AUD,2003-06-30,2003-06-30,Q2,0.0,0.0,0.0,0.0,0.0,50719.5,0.0,0.0,34119.25,0.0,192.25,0.0,-74575.25,0.0,-84838.75,0.0,0.0,-74767.5,0.0,-74767.5,-74767.5,0.0,-0.014315,-0.014315,4909581.0,4909581.0,,,1620599768,18:36:08,20210509
66,2003-03-31,WEC.AX,AUD,2003-03-31,2003-03-31,Q1,0.0,0.0,0.0,0.0,0.0,50719.5,0.0,0.0,34119.25,0.0,192.25,0.0,-74575.25,0.0,-84838.75,0.0,0.0,-74767.5,0.0,-74767.5,-74767.5,0.0,-0.014315,-0.014315,4909581.0,4909581.0,,,1620599768,18:36:08,20210509
67,2003-01-31,WEC.AX,AUD,2003-01-31,2003-01-31,Q1,0.0,0.0,0.0,0.0,0.0,50719.5,0.0,0.0,34119.25,0.0,192.25,0.0,-74575.25,0.0,-84838.75,0.0,0.0,-74767.5,0.0,-74767.5,-74767.5,0.0,-0.014315,-0.014315,4909581.0,4909581.0,,,1620599768,18:36:08,20210509
68,2002-09-30,WEC.AX,AUD,2002-09-30,2002-09-30,Q3,125000.0,0.0,0.0,0.0,0.0,-17500.0,74500.0,-139500.0,74500.0,0.0,0.0,1500.0,-344000.0,-2.752,-345500.0,-2.764,-264500.0,-585500.0,-4.684,-585500.0,-585500.0,-4.684,-0.1145205,-0.1145205,4909581.0,4909581.0,,,1620599768,18:36:08,20210509
69,2002-06-30,WEC.AX,AUD,2002-06-30,2002-06-30,Q2,125000.0,0.0,0.0,0.0,0.0,-17500.0,74500.0,-139500.0,74500.0,0.0,0.0,1500.0,-344000.0,-2.752,-345500.0,-2.764,-264500.0,-585500.0,-4.684,-585500.0,-585500.0,-4.684,-0.1145205,-0.1145205,4909581.0,4909581.0,,,1620599768,18:36:08,20210509
70,2002-03-31,WEC.AX,AUD,2002-03-31,2002-03-31,Q1,125000.0,0.0,0.0,0.0,0.0,-17500.0,74500.0,-139500.0,74500.0,0.0,0.0,1500.0,-344000.0,-2.752,-345500.0,-2.764,-264500.0,-585500.0,-4.684,-585500.0,-585500.0,-4.684,-0.1145205,-0.1145205,4909581.0,4909581.0,,,1620599768,18:36:08,20210509
71,2002-01-31,WEC.AX,AUD,2002-01-31,2002-01-31,Q1,125000.0,0.0,0.0,0.0,0.0,-17500.0,74500.0,-139500.0,74500.0,0.0,0.0,1500.0,-344000.0,-2.752,-345500.0,-2.764,-264500.0,-585500.0,-4.684,-585500.0,-585500.0,-4.684,-0.1145205,-0.1145205,4909581.0,4909581.0,,,1620599768,18:36:08,20210509
72,2001-09-30,WEC.AX,AUD,2001-09-30,2001-09-30,Q3,1260131.5,0.0,1260131.5,1.0,0.0,1022473.25,0.0,-1166568.5,0.0,0.0,105.5,362365.25,237658.25,0.188597975687458,-124707.0,-0.09896348119224065,-4704493.0,-4751120.25,-3.770336865636642,-4751120.25,-4751120.25,-3.770336865636642,-0.95433775,-0.95433775,4909581.0,4909581.0,,,1620599768,18:36:08,20210509
73,2001-06-30,WEC.AX,AUD,2001-06-30,2001-06-30,Q2,1260131.5,0.0,1260131.5,1.0,0.0,1022473.25,0.0,-1166568.5,0.0,0.0,105.5,362365.25,237658.25,0.188597975687458,-124707.0,-0.09896348119224065,-4704493.0,-4751120.25,-3.770336865636642,-4751120.25,-4751120.25,-3.770336865636642,-0.95433775,-0.95433775,4909581.0,4909581.0,,,1620599768,18:36:08,20210509
74,2001-03-31,WEC.AX,AUD,2001-03-31,2001-03-31,Q1,1260131.5,0.0,1260131.5,1.0,0.0,1022473.25,0.0,-1166568.5,0.0,0.0,105.5,362365.25,237658.25,0.188597975687458,-124707.0,-0.09896348119224065,-4704493.0,-4751120.25,-3.770336865636642,-4751120.25,-4751120.25,-3.770336865636642,-0.95433775,-0.95433775,4909581.0,4909581.0,,,1620599768,18:36:08,20210509
75,2001-01-31,WEC.AX,AUD,2001-01-31,2001-01-31,Q1,1260131.5,0.0,1260131.5,1.0,0.0,1022473.25,0.0,-1166568.5,0.0,0.0,105.5,362365.25,237658.25,0.188597975687458,-124707.0,-0.09896348119224065,-4704493.0,-4751120.25,-3.770336865636642,-4751120.25,-4751120.25,-3.770336865636642,-0.95433775,-0.95433775,4909581.0,4909581.0,,,1620599768,18:36:08,20210509
76,2000-09-30,WEC.AX,AUD,2000-09-30,2000-09-30,Q3,0.0,0.0,0.0,0.0,0.0,0.0,0.0,0.0,0.0,0.0,5250.0,0.0,-6713250.0,0.0,0.0,0.0,-341500.0,-6718500.0,0.0,-6718500.0,-6718500.0,0.0,-1.4792235,-1.4792235,4593112.0,4593112.0,,,1620599768,18:36:08,20210509
77,2000-06-30,WEC.AX,AUD,2000-06-30,2000-06-30,Q2,0.0,0.0,0.0,0.0,0.0,0.0,0.0,0.0,0.0,0.0,5250.0,0.0,-6713250.0,0.0,0.0,0.0,-341500.0,-6718500.0,0.0,-6718500.0,-6718500.0,0.0,-1.4792235,-1.4792235,4593112.0,4593112.0,,,1620599768,18:36:08,20210509
78,2000-03-31,WEC.AX,AUD,2000-03-31,2000-03-31,Q1,0.0,0.0,0.0,0.0,0.0,0.0,0.0,0.0,0.0,0.0,5250.0,0.0,-6713250.0,0.0,0.0,0.0,-341500.0,-6718500.0,0.0,-6718500.0,-6718500.0,0.0,-1.4792235,-1.4792235,4593112.0,4593112.0,,,1620599768,18:36:08,20210509
79,2000-01-31,WEC.AX,AUD,2000-01-31,2000-01-31,Q1,0.0,0.0,0.0,0.0,0.0,0.0,0.0,0.0,0.0,0.0,5250.0,0.0,-6713250.0,0.0,0.0,0.0,-341500.0,-6718500.0,0.0,-6718500.0,-6718500.0,0.0,-1.4792235,-1.4792235,4593112.0,4593112.0,,,1620599768,18:36:08,20210509
80,1999-09-30,WEC.AX,AUD,1999-09-30,1999-09-30,Q3,0.0,0.0,0.0,0.0,0.0,0.0,0.0,0.0,0.0,0.0,20407.75,0.0,-1115488.0,0.0,0.0,0.0,0.0,-1135895.75,0.0,-1135895.75,-1135895.75,0.0,-0.00524875,-0.00524875,2218991.0,2218991.0,,,1620599768,18:36:08,20210509
81,1999-06-30,WEC.AX,AUD,1999-06-30,1999-06-30,Q2,0.0,0.0,0.0,0.0,0.0,0.0,0.0,0.0,0.0,0.0,20407.75,0.0,-1115488.0,0.0,0.0,0.0,0.0,-1135895.75,0.0,-1135895.75,-1135895.75,0.0,-0.00524875,-0.00524875,2218991.0,2218991.0,,,1620599768,18:36:08,20210509
82,1999-03-31,WEC.AX,AUD,1999-03-31,1999-03-31,Q1,0.0,0.0,0.0,0.0,0.0,0.0,0.0,0.0,0.0,0.0,20407.75,0.0,-1115488.0,0.0,0.0,0.0,0.0,-1135895.75,0.0,-1135895.75,-1135895.75,0.0,-0.00524875,-0.00524875,2218991.0,2218991.0,,,1620599768,18:36:08,20210509
83,1999-01-31,WEC.AX,AUD,1999-01-31,1999-01-31,Q1,0.0,0.0,0.0,0.0,0.0,0.0,0.0,0.0,0.0,0.0,20407.75,0.0,-1115488.0,0.0,0.0,0.0,0.0,-1135895.75,0.0,-1135895.75,-1135895.75,0.0,-0.00524875,-0.00524875,2218991.0,2218991.0,,,1620599768,18:36:08,20210509
84,1998-09-30,WEC.AX,AUD,1998-09-30,1998-09-30,Q3,0.0,0.0,0.0,0.0,0.0,0.0,0.0,0.0,0.0,0.0,0.0,0.0,0.0,0.0,0.0,0.0,0.0,-84679.75,0.0,-84679.75,-110585.0,0.0,-0.024808,-0.02481275,4457632.0,4457632.0,,,1620599768,18:36:08,20210509
85,1998-06-30,WEC.AX,AUD,1998-06-30,1998-06-30,Q2,0.0,0.0,0.0,0.0,0.0,0.0,0.0,0.0,0.0,0.0,0.0,0.0,0.0,0.0,0.0,0.0,0.0,-84679.75,0.0,-84679.75,-110585.0,0.0,-0.024808,-0.02481275,4457632.0,4457632.0,,,1620599768,18:36:08,20210509
86,1998-03-31,WEC.AX,AUD,1998-03-31,1998-03-31,Q1,0.0,0.0,0.0,0.0,0.0,0.0,0.0,0.0,0.0,0.0,0.0,0.0,0.0,0.0,0.0,0.0,0.0,-84679.75,0.0,-84679.75,-110585.0,0.0,-0.024808,-0.02481275,4457632.0,4457632.0,,,1620599768,18:36:08,20210509
87,1998-01-31,WEC.AX,AUD,1998-01-31,1998-01-31,Q1,0.0,0.0,0.0,0.0,0.0,0.0,0.0,0.0,0.0,0.0,0.0,0.0,0.0,0.0,0.0,0.0,0.0,-84679.75,0.0,-84679.75,-110585.0,0.0,-0.024808,-0.02481275,4457632.0,4457632.0,,,1620599768,18:36:08,20210509
88,1997-09-30,WEC.AX,AUD,1997-09-30,1997-09-30,Q3,298946.5,0.0,298946.5,1.0,0.0,0.0,0.0,-297982.25,0.0,0.0,0.0,964.25,298946.5,1.0,297982.25,0.9967745064752389,-297982.25,-19735.0,-0.06601515655811324,-19735.0,-20736.75,-0.06936609058811527,-0.0046515,-0.00477175,4458055.0,4458055.0,,,1620599768,18:36:08,20210509
89,1997-06-30,WEC.AX,AUD,1997-06-30,1997-06-30,Q2,298946.5,0.0,298946.5,1.0,0.0,0.0,0.0,-297982.25,0.0,0.0,0.0,964.25,298946.5,1.0,297982.25,0.9967745064752389,-297982.25,-19735.0,-0.06601515655811324,-19735.0,-20736.75,-0.06936609058811527,-0.0046515,-0.00477175,4458055.0,4458055.0,,,1620599768,18:36:08,20210509
90,1997-03-31,WEC.AX,AUD,1997-03-31,1997-03-31,Q1,298946.5,0.0,298946.5,1.0,0.0,0.0,0.0,-297982.25,0.0,0.0,0.0,964.25,298946.5,1.0,297982.25,0.9967745064752389,-297982.25,-19735.0,-0.06601515655811324,-19735.0,-20736.75,-0.06936609058811527,-0.0046515,-0.00477175,4458055.0,4458055.0,,,1620599768,18:36:08,20210509
91,1997-01-31,WEC.AX,AUD,1997-01-31,1997-01-31,Q1,298946.5,0.0,298946.5,1.0,0.0,0.0,0.0,-297982.25,0.0,0.0,0.0,964.25,298946.5,1.0,297982.25,0.9967745064752389,-297982.25,-19735.0,-0.06601515655811324,-19735.0,-20736.75,-0.06936609058811527,-0.0046515,-0.00477175,4458055.0,4458055.0,,,1620599768,18:36:08,20210509
