,date,symbol,reportedCurrency,fillingDate,acceptedDate,period,revenue,costOfRevenue,grossProfit,grossProfitRatio,researchAndDevelopmentExpenses,generalAndAdministrativeExpenses,sellingAndMarketingExpenses,otherExpenses,operatingExpenses,costAndExpenses,interestExpense,depreciationAndAmortization,ebitda,ebitdaratio,operatingIncome,operatingIncomeRatio,totalOtherIncomeExpensesNet,incomeBeforeTax,incomeBeforeTaxRatio,incomeTaxExpense,netIncome,netIncomeRatio,eps,epsdiluted,weightedAverageShsOut,weightedAverageShsOutDil,link,finalLink,timestamp,est_time,est_date
0,2020-12-31,AVA,USD,2021-02-24,2021-02-23 21:50:58,Q4,380423000,122212000,258211000,0.6787470789095297,0,0,0,-8251000,171128000,293340000,25567000,54372000,141455000,0.37183608772340265,87083000,0.22891097541420996,-376000,64314000,0.1690591788614253,5579000,58735000,0.15439392465755225,0.861292782356219,0.861292782356219,68194000,68194000,https://www.sec.gov/Archives/edgar/data/104918/000156459021007774/0001564590-21-007774-index.htm,https://www.sec.gov/Archives/edgar/data/104918/000156459021007774/ava-10k_20201231.htm,1620588949,15:35:49,20210509
1,2020-09-30,AVA,USD,2020-11-04,2020-11-03 21:06:22,Q3,272646000,78785000,193861000,0.7110355552621348,0,0,0,2168000,165363000,244148000,24931000,54099000,82597000,0.302945944558145,28498000,0.10452381476346619,2168000,5735000,0.02103460164462343,859000,4876000,0.017883996097503723,0.07150189166202305,0.07135226890264425,68194000,68337000,https://www.sec.gov/Archives/edgar/data/104918/000156459020050150/0001564590-20-050150-index.htm,https://www.sec.gov/Archives/edgar/data/104918/000156459020050150/ava-10q_20200930.htm,1620588949,15:35:49,20210509
2,2020-06-30,AVA,USD,2020-08-05,2020-08-04 21:41:11,Q2,278592000,67965000,210627000,0.7560410923501034,0,0,0,-531000,175701000,243666000,24861000,64331000,99257000,0.3562808695152768,34926000,0.12536612680909717,-531000,9534000,0.03422208821502412,-7919000,17453000,0.06264716861934298,0.25863576414101747,0.2582224918255929,67481000,67589000,https://www.sec.gov/Archives/edgar/data/104918/000156459020036356/0001564590-20-036356-index.htm,https://www.sec.gov/Archives/edgar/data/104918/000156459020036356/ava-10q_20200630.htm,1620588949,15:35:49,20210509
3,2020-03-31,AVA,USD,2020-05-08 00:00:00,2020-05-07 18:24:11,Q1,390230000,129547000,260683000,0.6680239858544961,0,0,0,382000,178490000,308037000,25619000,51421000,133614000,0.34239807293134816,82193000,0.21062706608922943,382000,56956000,0.1459549496450811,8532000,48424000,0.12409092073905133,0.7201772780677881,0.7186595627847613,67239000,67381000,https://www.sec.gov/Archives/edgar/data/104918/000010491820000069/0000104918-20-000069-index.html,https://www.sec.gov/Archives/edgar/data/104918/000010491820000069/ava-20200331x10q.htm,1620588949,15:35:49,20210509
4,2019-12-31,AVA,USD,2020-02-26 00:00:00,2020-02-25 19:10:41,Q4,364559000,115707000,248852000,0.6826110451257547,0,0,0,-18998000,175545000,291252000,25235000,51051000,124358000,0.34111899582783584,73307000,0.20108404949541775,1886000,54005000,0.14813788714583923,3229000,50776000,0.13928061027158842,0.755854,0.755854,67176996,67176996,https://www.sec.gov/Archives/edgar/data/104918/000010491820000036/0000104918-20-000036-index.html,https://www.sec.gov/Archives/edgar/data/104918/000010491820000036/ava-20191231x10k.htm,1620588949,15:35:49,20210509
5,2019-09-30,AVA,USD,2019-11-07 00:00:00,2019-11-06 20:34:53,Q3,283770000,98324000,185446000,0.6535081227754872,0,0,0,-180000,155203000,253527000,25104000,50186000,80429000,0.2834302428022694,30243000,0.10657574796490116,-180000,4959000,0.017475420234697114,-131000,5090000,0.017937061704901856,0.07681279710254282,0.076713237178038,66265000,66351000,https://www.sec.gov/Archives/edgar/data/104918/000010491819000148/0000104918-19-000148-index.html,https://www.sec.gov/Archives/edgar/data/104918/000010491819000148/ava-20190930x10q.htm,1620588949,15:35:49,20210509
6,2019-06-30,AVA,USD,2019-08-07 00:00:00,2019-08-06 20:52:05,Q2,300812000,88439000,212373000,0.7059990957807535,0,0,0,8268000,172594000,261033000,24761000,55634000,95413000,0.31718481975453106,39779000,0.13223874047577888,8257000,23275000,0.07737390795579964,-1741000,25319000,0.08416884964695558,0.3842383221537621,0.3838363931294817,65894000,65963000,https://www.sec.gov/Archives/edgar/data/104918/000010491819000122/0000104918-19-000122-index.html,https://www.sec.gov/Archives/edgar/data/104918/000010491819000122/ava-20190630x10q.htm,1620588949,15:35:49,20210509
7,2019-03-31,AVA,USD,2019-05-01 00:00:00,2019-05-01 17:15:54,Q1,396481000,137347000,259134000,0.6535849132745327,0,0,0,907000,172399000,309746000,25080000,49123000,135858000,0.3426595473679697,86735000,0.21876205921595235,84243000,145898000,0.36798232449978685,30017000,115794000,0.292054348127653,1.7615809410798229,1.756024324775178,65733000,65941000,https://www.sec.gov/Archives/edgar/data/104918/000010491819000084/0000104918-19-000084-index.html,https://www.sec.gov/Archives/edgar/data/104918/000010491819000084/ava-20190331x10q.htm,1620588949,15:35:49,20210509
8,2018-12-31,AVA,USD,2019-02-20 00:00:00,2019-02-19 19:10:48,Q4,372221000,132630000,239591000,0.6436794270070737,0,0,0,-2392000,161309000,293939000,25215000,47580000,125862000,0.33813782672122206,78282000,0.21031054131819538,-2305000,54462000,0.14631630133710888,8593000,45843000,0.12316070291574091,0.697886,0.697886,65688356,65688356,https://www.sec.gov/Archives/edgar/data/104918/000010491819000053/0000104918-19-000053-index.html,https://www.sec.gov/Archives/edgar/data/104918/000010491819000053/ava-20181231x10k.htm,1620588949,15:35:49,20210509
9,2018-09-30,AVA,USD,2018-11-07 00:00:00,2018-11-06 20:15:46,Q3,296013000,101519000,194494000,0.6570454675977069,0,0,0,-1379000,157085000,258604000,23388000,47154000,84563000,0.2856732643498765,37409000,0.12637620645039238,-2344000,11677000,0.03944759182873725,1548000,10119000,0.034184309472894775,0.15404640116916332,0.15325780753036683,65688000,66026000,https://www.sec.gov/Archives/edgar/data/104918/000010491818000116/0000104918-18-000116-index.html,https://www.sec.gov/Archives/edgar/data/104918/000010491818000116/ava-20180930x10q.htm,1620588949,15:35:49,20210509
10,2018-06-30,AVA,USD,2018-08-01 00:00:00,2018-07-31 18:57:12,Q2,319298000,105969000,213329000,0.6681188106408433,0,0,0,1907000,159067000,265036000,24333000,46761000,101023000,0.31639095766337405,54262000,0.16994155929570495,924000,30853000,0.09662760180145194,5209000,25577000,0.08010385282713954,0.38943618009348785,0.38763014715911676,65677000,65983000,https://www.sec.gov/Archives/edgar/data/104918/000010491818000097/0000104918-18-000097-index.html,https://www.sec.gov/Archives/edgar/data/104918/000010491818000097/ava-20180630x10q.htm,1620588949,15:35:49,20210509
11,2018-03-31,AVA,USD,2018-05-02 00:00:00,2018-05-01 20:04:35,Q1,409361000,154618000,254743000,0.6222942586128136,0,0,0,-4479000,159865000,314483000,24061000,45823000,140701000,0.34370885355468644,94878000,0.23177097964876966,-5151000,65666000,0.16041098199388804,10710000,54890000,0.13408702831974711,0.84,0.83,65639000,65931000,https://www.sec.gov/Archives/edgar/data/104918/000010491818000060/0000104918-18-000060-index.html,https://www.sec.gov/Archives/edgar/data/104918/000010491818000060/ava-20180331x10q.htm,1620588949,15:35:49,20210509
12,2017-12-31,AVA,USD,2018-02-21 00:00:00,2018-02-20 18:30:50,Q4,397862000,147661000,250201000,0.6288637768874635,0,0,0,-5494000,161603000,309264000,23624000,44852000,133450000,0.3354178081847475,88598000,0.2226852526755508,-9599000,58825000,0.1478527730720702,31210000,27578000,0.06931549130100387,0.43,0.42,64809000,65308000,https://www.sec.gov/Archives/edgar/data/104918/000010491818000043/0000104918-18-000043-index.html,https://www.sec.gov/Archives/edgar/data/104918/000010491818000043/ava-20171231x10k.htm,1620588949,15:35:49,20210509
13,2017-09-30,AVA,USD,2017-11-01 00:00:00,2017-10-31 20:16:29,Q3,297096000,108568000,188528000,0.6345692974661389,0,0,0,1841000,150756000,259324000,23272000,44013000,81785000,0.2752813905269677,37772000,0.12713735627541267,-4889000,9611000,0.032349812855104076,5153000,4451000,0.014981689420254733,0.06910203067751351,0.06859088947790175,64412000,64892000,https://www.sec.gov/Archives/edgar/data/104918/000010491817000128/0000104918-17-000128-index.html,https://www.sec.gov/Archives/edgar/data/104918/000010491817000128/ava-20170930x10q.htm,1620588949,15:35:49,20210509
14,2017-06-30,AVA,USD,2017-08-02 00:00:00,2017-08-01 19:50:16,Q2,314501000,102751000,211750000,0.6732887971739359,0,0,0,1656000,155653000,258404000,22980000,43706000,99803000,0.3173376237277465,56097000,0.17836827227894347,1656000,34773000,0.11056562618242867,13051000,21771000,0.06922394523387843,0.3380537569292402,0.33725775719176493,64401000,64553000,https://www.sec.gov/Archives/edgar/data/104918/000010491817000104/0000104918-17-000104-index.html,https://www.sec.gov/Archives/edgar/data/104918/000010491817000104/ava-20170630x10q.htm,1620588949,15:35:49,20210509
15,2017-03-31,AVA,USD,2017-05-03 00:00:00,2017-05-02 19:13:35,Q1,436470000,165586000,270884000,0.6206245560977846,0,0,0,3101000,155498000,321084000,23006000,43084000,158470000,0.3630719178866818,115386000,0.2643618118083717,3101000,95481000,0.21875730290741632,33344000,62116000,0.14231447751277293,0.97,0.96,64362000,64469000,https://www.sec.gov/Archives/edgar/data/104918/000010491817000073/0000104918-17-000073-index.html,https://www.sec.gov/Archives/edgar/data/104918/000010491817000073/ava-20170331x10q.htm,1620588949,15:35:49,20210509
16,2016-12-31,AVA,USD,2017-02-22 00:00:00,2017-02-21 19:38:36,Q4,402123000,161095000,241028000,0.5993887442399465,0,0,0,-6401000,158495000,319590000,22058000,42511000,125044000,0.31095958201843715,82533000,0.20524317186532479,-78000,63528000,0.15798151311912026,23425000,40091000,0.09969835100205658,0.6246163433824102,0.620411637264005,64185000,64620000,https://www.sec.gov/Archives/edgar/data/104918/000010491817000053/0000104918-17-000053-index.html,https://www.sec.gov/Archives/edgar/data/104918/000010491817000053/ava-20161231x10k.htm,1620588949,15:35:49,20210509
17,2016-09-30,AVA,USD,2016-11-01 00:00:00,2016-10-31 19:11:15,Q3,303349000,118737000,184612000,0.6085795568800293,0,0,0,1562000,145018000,263755000,21289000,41343000,80937000,0.2668114943513906,39594000,0.13052292903553334,1562000,19867000,0.06549222183030107,7606000,12234000,0.04032978516494203,0.19158432121772084,0.19019043917605907,63857000,64325000,https://www.sec.gov/Archives/edgar/data/104918/000010491816000278/0000104918-16-000278-index.html,https://www.sec.gov/Archives/edgar/data/104918/000010491816000278/ava-20160930x10q.htm,1620588949,15:35:49,20210509
18,2016-06-30,AVA,USD,2016-08-03 00:00:00,2016-08-02 19:58:34,Q2,318838000,109815000,209023000,0.6555774405811101,0,0,0,3041000,147432000,257247000,20635000,40780000,102371000,0.3210752796090805,61591000,0.19317333567517045,3041000,43997000,0.13799170738745067,16710000,27254000,0.0854791461494552,0.42996876281828794,0.42729253876424755,63386000,63783000,https://www.sec.gov/Archives/edgar/data/104918/000010491816000251/0000104918-16-000251-index.html,https://www.sec.gov/Archives/edgar/data/104918/000010491816000251/ava-20160630x10q.htm,1620588949,15:35:49,20210509
19,2016-03-31,AVA,USD,2016-05-04 00:00:00,2016-05-03 20:27:06,Q1,418173000,161719000,256454000,0.6132724972678771,0,0,0,-379000,150369000,312088000,20497000,40291000,146376000,0.3500369464312617,106085000,0.25368687122315403,1882000,88010000,0.21046313367912323,31942000,56052000,0.13404021780459283,0.9,0.89,62605000,62907000,https://www.sec.gov/Archives/edgar/data/104918/000010491816000213/0000104918-16-000213-index.html,https://www.sec.gov/Archives/edgar/data/104918/000010491816000213/ava-20160331x10q.htm,1620588949,15:35:49,20210509
20,2015-12-31,AVA,USD,2016-02-24 00:00:00,2016-02-23 19:49:26,Q4,387305000,168078000,219227000,0.5660319386529996,0,0,0,917000,148860000,316938000,19530000,38313000,108680000,0.2806057241708731,70367000,0.1816836859839145,2931000,53947000,0.13928815791172333,20071000,38521000,0.09945908263513252,0.6153022921491894,0.6153022921491894,62605000,62605000,https://www.sec.gov/Archives/edgar/data/104918/000010491816000185/0000104918-16-000185-index.html,https://www.sec.gov/Archives/edgar/data/104918/000010491816000185/ava-20151231x10k.htm,1620588949,15:35:49,20210509
21,2015-09-30,AVA,USD,2015-11-04 00:00:00,2015-11-03 19:50:13,Q3,313649000,138210000,175439000,0.5593481885802282,0,0,0,-262000,139527000,277737000,19166000,37391000,73303000,0.2337102939910537,35912000,0.11449741590121441,1995000,18869000,0.06015960516373398,6115000,13011000,0.04148267649506295,0.2088476540554423,0.20755168453292497,62299000,62688000,https://www.sec.gov/Archives/edgar/data/104918/000010491815000125/0000104918-15-000125-index.html,https://www.sec.gov/Archives/edgar/data/104918/000010491815000125/ava-20150930x10q.htm,1620588949,15:35:49,20210509
22,2015-06-30,AVA,USD,2015-08-05 00:00:00,2015-08-05 14:18:08,Q2,337332000,141116000,196216000,0.5816702832817521,0,0,0,113000,138856000,279972000,19102000,36752000,94112000,0.27898924501677874,57360000,0.17004019778734303,1705000,40094000,0.11885620101265222,15016000,25246000,0.07484021675975004,0.41,0.4,62281000,62600000,https://www.sec.gov/Archives/edgar/data/104918/000010491815000104/0000104918-15-000104-index.html,https://www.sec.gov/Archives/edgar/data/104918/000010491815000104/ava-20150630x10q.htm,1620588949,15:35:49,20210509
23,2015-03-31,AVA,USD,2015-05-06 00:00:00,2015-05-06 14:36:33,Q1,446490000,209560000,236930000,0.5306501825348832,0,0,0,137000,147355000,356915000,19097000,35379000,124954000,0.2798584514770768,89575000,0.2006203946336984,1968000,72709000,0.1628457524244664,26247000,46449000,0.10403144527313042,0.75,0.74,62318000,62889000,https://www.sec.gov/Archives/edgar/data/104918/000010491815000068/0000104918-15-000068-index.html,https://www.sec.gov/Archives/edgar/data/104918/000010491815000068/ava-20150331x10q.htm,1620588949,15:35:49,20210509
24,2014-12-31,AVA,USD,2015-02-25,2015-02-25 17:04:02,Q4,411846000,197237000,214609000,0.5210904075795322,0,0,0,168000,147856000,345093000,18266000,35438000,102191000,0.2481291550725271,66753000,0.16208242886904328,2708000,51570000,0.12521670721580397,20966000,32220000,0.07823312597427194,0.52,0.51,62290000,62671000,https://www.sec.gov/Archives/edgar/data/104918/000010491815000044/ava-20141231x10k.htm,https://www.sec.gov/Archives/edgar/data/104918/000010491815000044/ava-20141231x10k.htm,1620588949,15:35:49,20210509
25,2014-09-30,AVA,USD,2014-11-05 00:00:00,2014-11-05 16:49:02,Q3,301558000,131588000,169970000,0.563639498869206,0,0,0,233000,137208000,268796000,17543000,34356000,67118000,0.2225707824033851,32762000,0.10864245020858343,2395000,17827000,0.0591163225648134,7301000,10451000,0.03465668295982862,0.16346544874401728,0.16267667019488202,63934000,64244000,https://www.sec.gov/Archives/edgar/data/104918/000010491814000124/0000104918-14-000124-index.html,https://www.sec.gov/Archives/edgar/data/104918/000010491814000124/ava-20140930x10q.htm,1620588949,15:35:49,20210509
26,2014-06-30,AVA,USD,2014-08-08 00:00:00,2014-08-08 13:41:27,Q2,312580000,128922000,183658000,0.5875551858724166,0,0,0,366000,120927000,249849000,17825000,33961000,96692000,0.3093352101861923,62731000,0.20068782391707723,2754000,47961000,0.15343592040437648,16691000,100871000,0.32270458762556786,1.68,1.67,60184000,60463000,https://www.sec.gov/Archives/edgar/data/104918/000010491814000098/0000104918-14-000098-index.html,https://www.sec.gov/Archives/edgar/data/104918/000010491814000098/ava-20140630x10q.htm,1620588949,15:35:49,20210509
27,2014-03-31,AVA,USD,2014-05-07 00:00:00,2014-05-07 13:35:34,Q1,490962000,220497000,270465000,0.5508878487540787,0,0,0,239000,177325000,397822000,18534000,34582000,127722000,0.26014640644286113,93140000,0.18970918319544078,2233000,77157000,0.1571547288792208,28176000,48499000,0.09878361258101441,0.8066764246033066,0.8060596995080441,60122000,60168000,https://www.sec.gov/Archives/edgar/data/104918/000010491814000054/0000104918-14-000054-index.html,https://www.sec.gov/Archives/edgar/data/104918/000010491814000054/ava-20140331x10q.htm,1620588949,15:35:49,20210509
28,2013-12-31,AVA,USD,2014-02-26,2014-02-26 17:04:12,Q4,447676000,202309000,245367000,0.5480905833683288,0,0,0,1010000,179047000,381356000,18777000,34396000,100716000,0.22497520528239173,66320000,0.14814285331355712,900000,48655000,0.10868351218291801,17123000,31666000,0.07073419169220597,0.5266957187052992,0.5266957187052992,60122000,60122000,https://www.sec.gov/Archives/edgar/data/104918/000010491814000036/ava-20131231x10k.htm,https://www.sec.gov/Archives/edgar/data/104918/000010491814000036/ava-20131231x10k.htm,1620588949,15:35:49,20210509
29,2013-09-30,AVA,USD,2013-11-07 00:00:00,2013-11-07 15:28:47,Q3,335875000,131136000,204739000,0.6095690360997394,0,0,0,537000,169470000,300606000,18863000,33903000,69172000,0.205945664309639,35269000,0.10500632675846669,833000,17390000,0.05177521399330108,5459000,11413000,0.033979903237811686,0.19023569023569023,0.19011527185501065,59994000,60032000,https://www.sec.gov/Archives/edgar/data/104918/000010491813000102/0000104918-13-000102-index.html,https://www.sec.gov/Archives/edgar/data/104918/000010491813000102/ava-20130930x10q.htm,1620588949,15:35:49,20210509
30,2013-06-30,AVA,USD,2013-08-07 00:00:00,2013-08-07 14:49:17,Q2,352048000,126511000,225537000,0.640642753260919,0,0,0,681000,167795000,294306000,19036000,33272000,91014000,0.25852724628459756,57742000,0.16401740671726583,2190000,41142000,0.1168647457164932,15412000,25657000,0.07287926646366405,0.4280661361095817,0.4278876621860512,59937000,59962000,https://www.sec.gov/Archives/edgar/data/104918/000010491813000090/0000104918-13-000090-index.html,https://www.sec.gov/Archives/edgar/data/104918/000010491813000090/ava-20130630x10q.htm,1620588949,15:35:49,20210509
31,2013-03-31,AVA,USD,2013-05-03 00:00:00,2013-05-03 15:53:20,Q1,482906000,229630000,253276000,0.5244830256820168,0,0,0,881000,168214000,397844000,18870000,31618000,116680000,0.2416205224205125,85062000,0.17614608226031567,1874000,68337000,0.14151201268984026,25236000,42341000,0.08767958981665169,0.7072628871145559,0.7068850378977595,59866000,59898000,https://www.sec.gov/Archives/edgar/data/104918/000010491813000059/0000104918-13-000059-index.html,https://www.sec.gov/Archives/edgar/data/104918/000010491813000059/ava-20130331x10q.htm,1620588949,15:35:49,20210509
32,2012-12-31,AVA,USD,2013-02-26 00:00:00,2013-02-26 16:45:53,Q4,410528000,192322000,218206000,0.531525255281004,0,0,0,2134000,185156000,377478000,17168000,33109000,66159000,0.1611558773092213,33050000,0.08050607997505652,9119000,24248000,0.05906539870605659,8155000,15858000,0.038628303063372046,0.27,0.26,59774000,59826000,https://www.sec.gov/Archives/edgar/data/104918/000010491813000042/0000104918-13-000042-index.html,https://www.sec.gov/Archives/edgar/data/104918/000010491813000042/ava-20121231x10k.htm,1620588949,15:35:49,20210509
33,2012-09-30,AVA,USD,2012-11-07 00:00:00,2012-11-07 17:02:37,Q3,340632000,153801000,186831000,0.5484834073134643,0,107096000,0,0,156832000,310633000,19264000,31646000,61645000,0.18097242772258626,29999000,0.08806864886446371,-3809000,7570000,0.022223396510016674,1608000,5786000,0.01698607294675779,0.09798973698917811,0.09786377551883362,59047000,59123000,https://www.sec.gov/Archives/edgar/data/104918/000119312512457700/0001193125-12-457700-index.html,https://www.sec.gov/Archives/edgar/data/104918/000119312512457700/d410711d10q.htm,1620588949,15:35:49,20210509
34,2012-06-30,AVA,USD,2012-08-07 00:00:00,2012-08-07 15:53:19,Q2,343585000,135992000,207593000,0.6041969236142439,0,107579000,0,0,159294000,295286000,19325000,31325000,79624000,0.2317446919976134,48299000,0.14057365717362516,-678000,28892000,0.08408981765793035,10360000,18178000,0.05290684983337456,0.30966576947974517,0.3084990835652705,58702000,58924000,https://www.sec.gov/Archives/edgar/data/104918/000119312512340791/0001193125-12-340791-index.html,https://www.sec.gov/Archives/edgar/data/104918/000119312512340791/d371580d10q.htm,1620588949,15:35:49,20210509
35,2012-03-31,AVA,USD,2012-05-04,2012-05-04 15:13:39,Q1,452257000,211012000,241245000,0.5334245793873837,0,107059000,0,0,162523000,373535000,19277000,30322000,109044000,0.2411106959096266,78722000,0.1740647463720849,-619000,59351000,0.13123290518444158,21138000,38388000,0.08488094158852157,0.66,0.65,58581000,58950000,https://www.sec.gov/Archives/edgar/data/104918/000119312512085473/d257310d10k.htm,https://www.sec.gov/Archives/edgar/data/104918/000119312512085473/d257310d10k.htm,1620588949,15:35:49,20210509
36,2011-12-31,AVA,USD,2012-02-28 00:00:00,2012-02-28 16:42:09,Q4,438927000,214758000,224169000,0.5107204614890403,0,112619000,0,0,163774000,378532000,18338000,29327000,89722000,0.20441212320044108,60395000,0.13759691247063863,-1124000,41666000,0.09492694684993176,15695000,24603000,0.056052601001988944,0.4199825882111948,0.4199825882111948,58581000,58581000,https://www.sec.gov/Archives/edgar/data/104918/000119312512085473/0001193125-12-085473-index.html,https://www.sec.gov/Archives/edgar/data/104918/000119312512085473/d257310d10k.htm,1620588949,15:35:49,20210509
37,2011-09-30,AVA,USD,2011-11-04 00:00:00,2011-11-04 15:45:51,Q3,343710000,171393000,172317000,0.5013441564109278,0,92305000,0,0,137439000,308832000,18855000,28305000,63183000,0.18382648162695295,34878000,0.10147508073666754,-1626000,15354000,0.0446713799423933,3717000,10702000,0.03113671409036688,0.1843360835041425,0.18378211292759994,58057000,58232000,https://www.sec.gov/Archives/edgar/data/104918/000119312511297310/0001193125-11-297310-index.html,https://www.sec.gov/Archives/edgar/data/104918/000119312511297310/d236609d10q.htm,1620588949,15:35:49,20210509
38,2011-06-30,AVA,USD,2011-08-05 00:00:00,2011-08-05 16:12:52,Q2,360557000,155776000,204781000,0.5679573548703811,0,101309000,0,0,149257000,305033000,18424000,28249000,83773000,0.23234329107464285,55524000,0.15399506874086483,-803000,37111000,0.10292686038545916,13583000,23001000,0.06379296477394697,0.4,0.39,57787000,58143000,https://www.sec.gov/Archives/edgar/data/104918/000119312511212343/0001193125-11-212343-index.html,https://www.sec.gov/Archives/edgar/data/104918/000119312511212343/d10q.htm,1620588949,15:35:49,20210509
39,2011-03-31,AVA,USD,2011-05-06 00:00:00,2011-05-06 15:07:29,Q1,476586000,248121000,228465000,0.4793783283604638,0,90928000,0,0,143640000,391761000,18591000,27719000,112544000,0.23614625691900307,84825000,0.17798466593647316,-966000,66040000,0.13856890466778293,23637000,41918000,0.08795474478897827,0.7310174043458547,0.7301006723098896,57342000,57414000,https://www.sec.gov/Archives/edgar/data/104918/000119312511130556/0001193125-11-130556-index.html,https://www.sec.gov/Archives/edgar/data/104918/000119312511130556/d10q.htm,1620588949,15:35:49,20210509
40,2010-12-31,AVA,USD,2011-02-25,2011-02-25 16:11:01,Q4,374420000,169151000,205269000,0.5482319320549116,0,95451000,0,0,142398000,311549000,20012000,28434000,91305000,0.24385716574969285,62871000,0.16791570963089578,-4482000,38675000,0.10329309331766466,12425000,25729000,0.06871694888093585,0.4486938020996826,0.4486938020996826,57342000,57342000,https://www.sec.gov/Archives/edgar/data/104918/000119312511047407/d10k.htm,https://www.sec.gov/Archives/edgar/data/104918/000119312511047407/d10k.htm,1620588949,15:35:49,20210509
41,2010-09-30,AVA,USD,2010-10-29 00:00:00,2010-10-29 15:26:11,Q3,367172000,203992000,163180000,0.4444238667436515,0,82944000,0,0,125436000,329428000,18573000,26650000,64394000,0.17537829682001896,37744000,0.10279650953776431,-807000,18364000,0.050014707003802034,5030000,12346000,0.033624568322203216,0.22198647871116226,0.2212505152237415,55616000,55801000,https://www.sec.gov/Archives/edgar/data/104918/000119312510241161/0001193125-10-241161-index.html,https://www.sec.gov/Archives/edgar/data/104918/000119312510241161/d10q.htm,1620588949,15:35:49,20210509
42,2010-06-30,AVA,USD,2010-08-06 00:00:00,2010-08-06 14:45:17,Q2,360733000,171009000,189724000,0.5259402383480303,0,83713000,0,0,127975000,298984000,18898000,32738000,94487000,0.2619305691467096,61749000,0.17117646569623515,-969000,41882000,0.1161024913162921,15835000,25540000,0.07080028719302088,0.46410205157093276,0.46242146620557295,55031000,55231000,https://www.sec.gov/Archives/edgar/data/104918/000119312510181162/0001193125-10-181162-index.html,https://www.sec.gov/Archives/edgar/data/104918/000119312510181162/d10q.htm,1620588949,15:35:49,20210509
43,2010-03-31,AVA,USD,2010-05-07 00:00:00,2010-05-07 16:06:19,Q1,456415000,262312000,194103000,0.42527743391431044,0,78962000,0,0,126279000,388591000,18941000,19804000,87628000,0.19199193716245083,67824000,0.1486016016125675,-2068000,47184000,0.10337959970640755,17867000,28810000,0.06312237766068161,0.53,0.52,54869000,55115000,https://www.sec.gov/Archives/edgar/data/104918/000119312510112870/0001193125-10-112870-index.html,https://www.sec.gov/Archives/edgar/data/104918/000119312510112870/d10q.htm,1620588949,15:35:49,20210509
44,2009-12-31,AVA,USD,2010-02-26 00:00:00,2010-02-26 16:12:38,Q4,403292000,222835000,180457000,0.44745990498199817,0,85775000,0,0,127480000,350315000,18051000,32256000,85233000,0.21134314590916756,52977000,0.1313613957132797,123000,35594000,0.08825863146305903,13289000,22053000,0.054682463326820266,0.40192093896371356,0.40192093896371356,54869000,54869000,https://www.sec.gov/Archives/edgar/data/104918/000119312510042906/0001193125-10-042906-index.html,https://www.sec.gov/Archives/edgar/data/104918/000119312510042906/d10k.htm,1620588949,15:35:49,20210509
45,2009-09-30,AVA,USD,2009-10-30 00:00:00,2009-10-30 15:53:56,Q3,314692000,173701000,140991000,0.4480285485490575,0,75797000,0,0,117237000,290938000,15624000,30062000,53816000,0.171011655841267,23754000,0.07548332973192837,451000,8581000,0.027267931819048467,-53000,8139000,0.02586338388011135,0.14877709940408732,0.14772933531782045,54706000,55094000,https://www.sec.gov/Archives/edgar/data/104918/000119312509218863/0001193125-09-218863-index.html,https://www.sec.gov/Archives/edgar/data/104918/000119312509218863/d10q.htm,1620588949,15:35:49,20210509
46,2009-06-30,AVA,USD,2009-08-07 00:00:00,2009-08-07 14:36:58,Q2,307111000,130992000,176119000,0.5734701785347969,0,76005000,0,0,118037000,249029000,16413000,43755000,101837000,0.33159671910156263,58082000,0.18912380214319904,239000,41908000,0.13645880479696265,15619000,25852000,0.08417803334950555,0.47301203937497716,0.471519506812337,54654000,54827000,https://www.sec.gov/Archives/edgar/data/104918/000119312509168897/0001193125-09-168897-index.html,https://www.sec.gov/Archives/edgar/data/104918/000119312509168897/d10q.htm,1620588949,15:35:49,20210509
47,2009-03-31,AVA,USD,2009-05-01 00:00:00,2009-05-01 13:49:51,Q1,487470000,295420000,192050000,0.39397296243871416,0,75025000,0,0,126205000,421625000,16946000,45061000,110906000,0.22751348800951854,65845000,0.135074978973065,-560000,48887000,0.10028719716085092,17468000,31026000,0.06364699366114838,0.568075289292515,0.566974891268594,54616000,54722000,https://www.sec.gov/Archives/edgar/data/104918/000119312509095932/0001193125-09-095932-index.html,https://www.sec.gov/Archives/edgar/data/104918/000119312509095932/d10q.htm,1620588949,15:35:49,20210509
48,2008-12-31,AVA,USD,2009-02-27 00:00:00,2009-02-27 14:40:42,Q4,447461000,291453000,156008000,0.3486516143306344,0,0,0,0,111980000,403433000,0,0,80981000,0.1809789009544966,44028000,0.09839516740006392,-13241000,27566000,0.061605368959529436,10081000,17485000,0.039076031207189006,0.32014428006445,0.32014428006445,54616000,54616000,https://www.sec.gov/Archives/edgar/data/104918/000119312509040752/0001193125-09-040752-index.html,https://www.sec.gov/Archives/edgar/data/104918/000119312509040752/d10k.htm,1620588949,15:35:49,20210509
49,2008-09-30,AVA,USD,2008-11-05 00:00:00,2008-11-05 16:24:05,Q3,382685000,251333000,131352000,0.3432379110756889,0,0,0,0,106020000,357353000,0,0,50207000,0.1311966761174334,25332000,0.06619543488770137,7104000,14509000,0.037913688804107816,7150000,7359000,0.019229914943099415,0.14,0.13,53773000,54205000,https://www.sec.gov/Archives/edgar/data/104918/000119312508225887/0001193125-08-225887-index.html,https://www.sec.gov/Archives/edgar/data/104918/000119312508225887/d10q.htm,1620588949,15:35:49,20210509
50,2008-06-30,AVA,USD,2008-08-01 00:00:00,2008-08-01 16:20:05,Q2,350310000,188610000,161700000,0.46159116211355655,0,0,0,0,105210000,293820000,0,0,79617000,0.22727584139761925,56490000,0.16125717221889183,-160000,36850000,0.10519254374696697,13305000,23545000,0.06721189803317063,0.44173655278512597,0.43842171905258454,53301000,53704000,https://www.sec.gov/Archives/edgar/data/104918/000119312508163846/0001193125-08-163846-index.html,https://www.sec.gov/Archives/edgar/data/104918/000119312508163846/d10q.htm,1620588949,15:35:49,20210509
51,2008-03-31,AVA,USD,2008-05-02 00:00:00,2008-05-02 16:25:09,Q1,496307000,324146000,172161000,0.3468840858581483,0,0,0,0,113100000,437246000,0,0,110485000,0.22261422869312744,59061000,0.11900094094985564,-141000,40320000,0.08124003892751866,15089000,25231000,0.05083748566915236,0.48,0.47,53020000,53382000,https://www.sec.gov/Archives/edgar/data/104918/000119312508100779/0001193125-08-100779-index.html,https://www.sec.gov/Archives/edgar/data/104918/000119312508100779/d10q.htm,1620588949,15:35:49,20210509
52,2007-12-31,AVA,USD,2008-02-27,2008-02-27 17:07:45,Q4,386903000,237737000,149166000,0.3855384941445272,0,0,0,0,105628000,343365000,0,0,84813000,0.21920998286392196,43538000,0.11252949705740198,-10789000,24271000,0.06273148566953474,10198000,14073000,0.03637345794682388,0.26542814032440587,0.26542814032440587,53020000,53020000,https://www.sec.gov/Archives/edgar/data/104918/000119312508040207/d10k.htm,https://www.sec.gov/Archives/edgar/data/104918/000119312508040207/d10k.htm,1620588949,15:35:49,20210509
53,2007-09-30,AVA,USD,2007-11-02 00:00:00,2007-11-02 16:38:32,Q3,267662000,150318000,117344000,0.43840365834522643,0,0,0,0,105458000,255776000,0,0,32335000,0.12080534405332098,11886000,0.044406751798910564,2156000,-6015000,-0.022472371871987806,-2140000,-3875000,-0.01447721379949339,-0.07,-0.07,52834000,52834000,https://www.sec.gov/Archives/edgar/data/104918/000119312507233859/0001193125-07-233859-index.html,https://www.sec.gov/Archives/edgar/data/104918/000119312507233859/d10q.htm,1620588949,15:35:49,20210509
54,2007-06-30,AVA,USD,2007-08-08 00:00:00,2007-08-08 16:24:13,Q2,304005000,153906000,150099000,0.49373858982582525,0,0,0,0,109881000,263787000,0,0,90930000,0.2991069225835101,40218000,0.13229387674544826,-1390000,22972000,0.07556454663574612,8789000,14183000,0.0466538379302972,0.27,0.26,52775000,53313000,https://www.sec.gov/Archives/edgar/data/104918/000119312507175613/0001193125-07-175613-index.html,https://www.sec.gov/Archives/edgar/data/104918/000119312507175613/d10q.htm,1620588949,15:35:49,20210509
55,2007-03-31,AVA,USD,2007-05-04 00:00:00,2007-05-04 16:55:59,Q1,459187000,307713000,151474000,0.3298743213549164,0,0,0,0,112537000,420250000,0,0,60065000,0.1308072745961885,38937000,0.08479551903690653,1237000,21581000,0.04699828174578113,7487000,14094000,0.030693377643530848,0.27,0.26,52684000,53322000,https://www.sec.gov/Archives/edgar/data/104918/000119312507102982/0001193125-07-102982-index.html,https://www.sec.gov/Archives/edgar/data/104918/000119312507102982/d10q.htm,1620588949,15:35:49,20210509
56,2006-12-31,AVA,USD,2007-02-27,2007-02-27 16:55:01,Q4,426714000,274725000,151989000,0.3561847045093435,0,0,0,0,99740000,374465000,0,0,90251000,0.21150231771162886,52249000,0.12244501000670238,1311000,30424000,0.07129834034036849,12395000,18029000,0.04225078155392136,0.34221015868195276,0.34221015868195276,52684000,52684000,https://www.sec.gov/Archives/edgar/data/104918/000119312507041126/d10k.htm,https://www.sec.gov/Archives/edgar/data/104918/000119312507041126/d10k.htm,1620588949,15:35:49,20210509
57,2006-09-30,AVA,USD,2006-11-03,2006-11-03 17:00:31,Q3,293001000,159044000,133957000,0.4571895659059184,0,0,0,0,99866000,258910000,0,0,99341000,0.33904662441425115,34091000,0.1163511387333149,2736000,13383000,0.04567561202862789,3310000,10073000,0.034378722256920624,0.21,0.2,49098000,49902000,https://www.sec.gov/Archives/edgar/data/104918/000119312506223818/d10q.htm,https://www.sec.gov/Archives/edgar/data/104918/000119312506223818/d10q.htm,1620588949,15:35:49,20210509
58,2006-06-30,AVA,USD,2006-08-04,2006-08-04 17:00:40,Q2,287394000,140282000,147112000,0.5118826419479878,0,0,0,0,104534000,244816000,0,0,61924000,0.21546726793182877,42578000,0.14815201430788394,2078000,21327000,0.0742082298169064,7868000,13459000,0.046831179495744515,0.27490910576412436,0.27083752565702096,48958000,49694000,https://www.sec.gov/Archives/edgar/data/104918/000119312506162500/d10q.htm,https://www.sec.gov/Archives/edgar/data/104918/000119312506162500/d10q.htm,1620588949,15:35:49,20210509
59,2006-03-31,AVA,USD,2006-05-05,2006-05-05 16:29:06,Q1,499202000,321732000,177470000,0.3555073897941114,0,0,0,0,106532000,428264000,0,0,90891000,0.18207258785020894,70938000,0.14210279606251577,2475000,50089000,0.10033813967091477,18517000,31572000,0.06324493892252034,0.65,0.64,48795000,49305000,https://www.sec.gov/Archives/edgar/data/104918/000119312506047284/d10k.htm,https://www.sec.gov/Archives/edgar/data/104918/000119312506047284/d10k.htm,1620588949,15:35:49,20210509
60,2005-12-31,AVA,USD,2006-03-07,2006-03-07 17:18:54,Q4,458432000,295433000,162999000,0.35555763995532597,0,0,0,0,107281000,402714000,0,0,65956000,0.14387302806086835,55718000,0.12154038112522686,11211000,39935000,0.08711215621946113,14523000,25412000,0.055432430545860674,0.5207910646582642,0.5207910646582642,48795000,48795000,https://www.sec.gov/Archives/edgar/data/104918/000119312506047284/d10k.htm,https://www.sec.gov/Archives/edgar/data/104918/000119312506047284/d10k.htm,1620588949,15:35:49,20210509
61,2005-09-30,AVA,USD,2005-11-04,2005-11-04 15:07:30,Q3,265679000,167025000,98654000,0.37132780535909876,0,23156000,0,0,93843000,260868000,0,0,42599000,0.16034010968123186,4811000,0.018108318685330794,1256000,-14451000,-0.05439270698850869,-5414000,-9037000,-0.0340147320638816,-0.19,-0.19,48538000,48538000,https://www.sec.gov/Archives/edgar/data/104918/000119312505216818/d10q.htm,https://www.sec.gov/Archives/edgar/data/104918/000119312505216818/d10q.htm,1620588949,15:35:49,20210509
62,2005-06-30,AVA,USD,2005-08-05,2005-08-05 16:11:24,Q2,272832000,130975000,141857000,0.5199426753460005,0,25079000,0,0,92638000,223613000,0,0,68767000,0.2520488798967863,49219000,0.180400392915787,1840000,28526000,0.10455518414262256,9922000,18604000,0.06818848228946751,0.3835243671147027,0.3804187796499264,48508000,48904000,https://www.sec.gov/Archives/edgar/data/104918/000119312505159102/d10q.htm,https://www.sec.gov/Archives/edgar/data/104918/000119312505159102/d10q.htm,1620588949,15:35:49,20210509
63,2005-03-31,AVA,USD,2005-05-06,2005-05-06 16:18:12,Q1,362664000,222157000,140507000,0.38743023845763574,0,24255000,0,0,102324000,324481000,0,0,76621000,0.21127269318156752,38183000,0.10528478150574637,1822000,17019000,0.04692773476275561,6830000,10189000,0.028094875697615422,0.21017781261603202,0.20835974724443262,48478000,48901000,https://www.sec.gov/Archives/edgar/data/104918/000089102005000059/v06075e10vk.htm,https://www.sec.gov/Archives/edgar/data/104918/000089102005000059/v06075e10vk.htm,1620588949,15:35:49,20210509
64,2004-12-31,AVA,USD,2005-03-11 00:00:00,2005-03-11 17:03:02,Q4,340408000,180307000,160101000,0.4703209090268149,0,27521000,0,0,103970000,284277000,0,0,73303000,0.2153386524406007,56131000,0.16489330450518203,4601000,34729000,0.10202169161711828,12149000,22580000,0.06633216610655449,0.4657782911836297,0.4657782911836297,48478000,48478000,https://www.sec.gov/Archives/edgar/data/104918/000089102005000059/0000891020-05-000059-index.html,https://www.sec.gov/Archives/edgar/data/104918/000089102005000059/v06075e10vk.htm,1620588949,15:35:49,20210509
65,2004-09-30,AVA,USD,2004-11-05 00:00:00,2004-11-05 16:53:57,Q3,241552000,133312000,108240000,0.4481022719745645,0,26479000,0,0,103695000,237007000,0,0,23383000,0.09680317281579122,4545000,0.018815824335960785,1620000,-15477000,-0.06407316023050938,-5695000,-9782000,-0.04049645624958601,-0.2,-0.2,48416000,48416000,https://www.sec.gov/Archives/edgar/data/104918/000114420404017834/0001144204-04-017834-index.html,https://www.sec.gov/Archives/edgar/data/104918/000114420404017834/v08113_10-q.htm,1620588949,15:35:49,20210509
66,2004-06-30,AVA,USD,2004-08-06 00:00:00,2004-08-06 16:47:24,Q2,225888000,92411000,133477000,0.5908990296075931,0,24769000,0,0,96890000,189301000,0,0,63352000,0.280457571894036,36587000,0.16196964867544977,2217000,16140000,0.07145133871653209,6008000,10132000,0.0448540869811588,0.20940806878306878,0.20727890182279413,48384000,48881000,https://www.sec.gov/Archives/edgar/data/104918/000095012404003651/0000950124-04-003651-index.html,https://www.sec.gov/Archives/edgar/data/104918/000095012404003651/v00920e10vq.htm,1620588949,15:35:49,20210509
67,2004-03-31,AVA,USD,2004-05-10 00:00:00,2004-05-07 20:19:29,Q1,343732000,198954000,144778000,0.4211944189077537,0,25496000,0,0,101571000,300525000,0,0,60937000,0.17728055578183002,43207000,0.12569967300105897,-48000,21814000,0.06346223220415906,9130000,12224000,0.03556258945922987,0.25,0.249276,48352000,49038000,https://www.sec.gov/Archives/edgar/data/104918/000095012404002161/0000950124-04-002161-index.html,https://www.sec.gov/Archives/edgar/data/104918/000095012404002161/v98721e10vq.htm,1620588949,15:35:49,20210509
68,2003-12-31,AVA,USD,2004-03-08 00:00:00,2004-03-08 17:14:10,Q4,368734000,225402000,143332000,0.388713815379108,0,24167000,0,0,98847000,324249000,0,0,68386000,0.18546160646970444,44485000,0.12064252279420938,1786000,23306000,0.06320545433835774,8204000,15083000,0.040904825700911765,0.3119415949702184,0.3119415949702184,48352000,48352000,https://www.sec.gov/Archives/edgar/data/104918/000095012404000732/0000950124-04-000732-index.html,https://www.sec.gov/Archives/edgar/data/104918/000095012404000732/v96782e10vk.htm,1620588949,15:35:49,20210509
69,2003-09-30,AVA,USD,2003-11-10 00:00:00,2003-11-10 17:02:30,Q3,224377000,108218000,116159000,0.5176956639940814,0,22780000,0,0,88040000,196258000,0,0,52025000,0.23186422850826957,28119000,0.12532033140651672,2173000,7676000,0.034210280019788125,3290000,4320000,0.01925331027690004,0.09,0.088723,48281000,48691000,https://www.sec.gov/Archives/edgar/data/104918/000089102003002630/0000891020-03-002630-index.html,https://www.sec.gov/Archives/edgar/data/104918/000089102003002630/v93888e10vq.htm,1620588949,15:35:49,20210509
70,2003-06-30,AVA,USD,2003-08-12 00:00:00,2003-08-12 16:52:42,Q2,218553000,84127000,134426000,0.6150727741097125,0,23371000,0,0,90317000,174444000,0,0,60975000,0.27899411126820495,44109000,0.20182289879342769,2038000,23175000,0.10603835225322919,10462000,8969000,0.04103810059802428,0.1859862309223623,0.18558215564154026,48224000,48329000,https://www.sec.gov/Archives/edgar/data/104918/000089102003002117/0000891020-03-002117-index.html,https://www.sec.gov/Archives/edgar/data/104918/000089102003002117/v91796e10vq.htm,1620588949,15:35:49,20210509
71,2003-03-31,AVA,USD,2003-05-13 00:00:00,2003-05-13 16:53:49,Q1,311871000,158745000,153126000,0.4909914676260377,0,30061000,0,0,100113000,258858000,0,0,74109000,0.2376270958184634,53013000,0.1699837432784709,203000,29864000,0.09575754077807812,12541000,16133000,0.05172972158360348,0.3354054054054054,0.3352729690974459,48100000,48119000,https://www.sec.gov/Archives/edgar/data/104918/000089102003001533/0000891020-03-001533-index.html,https://www.sec.gov/Archives/edgar/data/104918/000089102003001533/v90089e10vq.htm,1620588949,15:35:49,20210509
72,2002-12-31,AVA,USD,2003-03-14 00:00:00,2003-03-14 16:45:30,Q4,265275000,128509000,136766000,0.5155630949015173,0,29835000,0,0,96457000,224966000,0,0,134392000,0.5066138912449345,40309000,0.15195174818584486,2596000,18192000,0.0685778908679672,7651000,11477000,0.043264536801432475,0.2386070686070686,0.2386070686070686,48100000,48100000,https://www.sec.gov/Archives/edgar/data/104918/000089102003000804/0000891020-03-000804-index.html,https://www.sec.gov/Archives/edgar/data/104918/000089102003000804/v87987e10vk.htm,1620588949,15:35:49,20210509
73,2002-09-30,AVA,USD,2002-11-12 00:00:00,2002-11-12 16:58:52,Q3,189830000,80816000,109014000,0.5742717167992414,0,25491000,0,0,88879000,169695000,0,0,34954000,0.18413317178528157,20135000,0.106068587683717,3017000,1291000,0.006800821787915503,2373000,-1615000,-0.008507612073960913,-0.05,-0.05,47866000,47866000,https://www.sec.gov/Archives/edgar/data/104918/000089102002001712/0000891020-02-001712-index.html,https://www.sec.gov/Archives/edgar/data/104918/000089102002001712/v85801e10vq.htm,1620588949,15:35:49,20210509
74,2002-06-30,AVA,USD,2002-08-12 00:00:00,2002-08-12 16:21:14,Q2,751412000,611304000,140108000,0.18645962534534982,0,37082000,0,0,101232000,712536000,0,0,53490000,0.07118598052732722,38876000,0.05173726264685685,3504000,17721000,0.02358359994250824,8390000,10345000,0.01376741388213124,0.2,0.2,47774000,47774000,https://www.sec.gov/Archives/edgar/data/104918/000089102002001154/0000891020-02-001154-index.html,https://www.sec.gov/Archives/edgar/data/104918/000089102002001154/v83511e10vq.htm,1620588949,15:35:49,20210509
75,2002-03-31,AVA,USD,2002-05-13 00:00:00,2002-05-13 16:31:04,Q1,750021000,608988000,141033000,0.18803873491542236,0,25218000,0,0,94526000,703514000,0,0,57281000,0.07637252823587606,46507000,0.062007597120613954,7210000,27100000,0.03613232162832774,11580000,11100000,0.014799585611602875,0.22,0.22,47671000,47671000,https://www.sec.gov/Archives/edgar/data/104918/000089102002000658/0000891020-02-000658-index.html,https://www.sec.gov/Archives/edgar/data/104918/000089102002000658/v81550e10-q.htm,1620588949,15:35:49,20210509
76,2001-12-31,AVA,USD,2002-03-18 00:00:00,2002-03-18 00:00:00,Q4,1018278000,892305000,125973000,0.12371179579643281,0,25374000,0,0,112298000,1004603000,0,0,29684000,0.02915117482652085,13675000,0.0134295349600011,1915000,-11041000,-0.010842815026937633,-6434000,-7662000,-0.007524467777954547,-0.1607266472278744,-0.1607266472278744,47671000,47671000,https://www.sec.gov/Archives/edgar/data/104918/000089102002000255/0000891020-02-000255-index.html,https://www.sec.gov/Archives/edgar/data/104918/000089102002000255/v79977e10-k.htm,1620588949,15:35:49,20210509
77,2001-09-30,AVA,USD,2001-11-13 00:00:00,2001-11-13 00:00:00,Q3,1403765000,1293547000,110218000,0.07851599092440686,0,25462000,0,0,76599000,1370146000,0,0,50602000,0.03604734410674151,33619000,0.023949165280513475,86000,8875000,0.006322283288157206,2764000,-32310000,-0.023016673018632035,-0.69,-0.69,47486000,47486000,https://www.sec.gov/Archives/edgar/data/104918/000089102001500273/0000891020-01-500273-index.html,https://www.sec.gov/Archives/edgar/data/104918/000089102001500273/v77020e10-q.htm,1620588949,15:35:49,20210509
78,2001-06-30,AVA,USD,2001-08-14 00:00:00,2001-08-14 00:00:00,Q2,1549966000,1396902000,153064000,0.09875313393971223,0,38472000,0,0,101288000,1498190000,0,0,57215000,0.036913712945961394,51776000,0.03340460371388792,14245000,37274000,0.024048269445910427,14549000,22725000,0.014661611932132704,0.47,0.47,47372000,47372000,https://www.sec.gov/Archives/edgar/data/104918/000109581101504150/0001095811-01-504150-index.html,https://www.sec.gov/Archives/edgar/data/104918/000109581101504150/v74730e10-q.htm,1620588949,15:35:49,20210509
79,2001-03-31,AVA,USD,2001-05-15 00:00:00,2001-05-15 00:00:00,Q1,2043310000,1881736000,161574000,0.07907463869897373,0,37639000,0,0,98455000,1980191000,0,0,76487000,0.037432890750791606,63119000,0.03089056481884785,7652000,49188000,0.024072705561074922,19785000,29403000,0.01438988699707827,0.61,0.61,47237000,47237000,https://www.sec.gov/Archives/edgar/data/104918/000109581101502299/0001095811-01-502299-index.html,https://www.sec.gov/Archives/edgar/data/104918/000109581101502299/v72630e10-q.txt,1620588949,15:35:49,20210509
80,2000-12-31,AVA,USD,2001-03-08 00:00:00,2001-03-08 00:00:00,Q4,2311797000,2072078000,239719000,0.10369379318339803,0,49076000,0,0,105522000,2177600000,0,0,151462000,0.06551699824854863,134197000,0.05804878196485245,1014000,116262000,0.05029074784680489,48156000,68106000,0.029460199143782954,1.441793509325317,1.441793509325317,47237000,47237000,https://www.sec.gov/Archives/edgar/data/104918/000109581101001564/0001095811-01-001564-index.html,https://www.sec.gov/Archives/edgar/data/104918/000109581101001564/v70152e10-k.txt,1620588949,15:35:49,20210509
81,2000-09-30,AVA,USD,2000-11-14 00:00:00,2000-11-14 00:00:00,Q3,2864305000,2702225000,162080000,0.05658615266181499,0,30532000,0,0,94181000,2796406000,0,0,77719000,0.02713363276606367,67899000,0.023705226922412243,9950000,58041000,0.02026355433517031,23501000,34540000,0.012058771674105935,0.72,0.047128,47147000,720000000,https://www.sec.gov/Archives/edgar/data/104918/000089102000001986/0000891020-00-001986-index.html,https://www.sec.gov/Archives/edgar/data/104918/000089102000001986/v67116e10-q.txt,1620588949,15:35:49,20210509
82,2000-06-30,AVA,USD,2000-08-14 00:00:00,2000-08-14 00:00:00,Q2,1353414000,1287295000,66119000,0.04885349198397534,0,35040000,0,0,93862000,1381157000,0,0,-25021000,-0.018487321691662714,-27743000,-0.020498531860908782,16110000,-26863000,-0.019848324311703587,-5370000,-21493000,-0.015880580517121885,-0.47,-0.47,47113000,47113000,https://www.sec.gov/Archives/edgar/data/104918/000089102000001501/0000891020-00-001501-index.html,https://www.sec.gov/Archives/edgar/data/104918/000089102000001501/e10-q.txt,1620588949,15:35:49,20210509
83,2000-03-31,AVA,USD,2000-05-12 00:00:00,2000-05-12 00:00:00,Q1,1381974000,1258665000,123309000,0.0892267148296567,0,24707000,0,0,94236000,1352901000,0,0,44861000,0.03246153690300975,29073000,0.021037298820383018,3362000,17698000,0.012806319076914617,7173000,10525000,0.007615917520879554,0.2548611279269681,0.037589285714285714,41297000,280000000,https://www.sec.gov/Archives/edgar/data/104918/000089102000000998/0000891020-00-000998-index.html,https://www.sec.gov/Archives/edgar/data/104918/0000891020-00-000998.txt,1620588949,15:35:49,20210509
84,1999-12-31,AVA,USD,2000-03-17 00:00:00,2000-03-17 00:00:00,Q4,1539000000,1436500000,102500000,0.06660168940870695,0,37400000,0,0,137400000,1573900000,0,0,-22600000,-0.014684860298895387,-34900000,-0.02267706302794022,7300000,-45100000,-0.02930474333983106,-15600000,-29500000,-0.01916829109811566,-0.7143376032157299,-0.7143376032157299,41297000,41297000,https://www.sec.gov/Archives/edgar/data/104918/000089102000000526/0000891020-00-000526-index.html,https://www.sec.gov/Archives/edgar/data/104918/0000891020-00-000526.txt,1620588949,15:35:49,20210509
85,1999-09-30,AVA,USD,1999-11-15 00:00:00,1999-11-15 00:00:00,Q3,3718100000,3596500000,121600000,0.03270487614641887,0,31300000,0,0,103400000,3699900000,0,0,-8100000,-0.0021785320459374413,18200000,0.004894973239019929,44900000,47200000,0.012694655872623114,19600000,27600000,0.007423146230601652,0.61,0.52,36557377,42884615,https://www.sec.gov/Archives/edgar/data/104918/000089102099001925/0000891020-99-001925-index.html,https://www.sec.gov/Archives/edgar/data/104918/0000891020-99-001925.txt,1620588949,15:35:49,20210509
86,1999-06-30,AVA,USD,1999-08-13 00:00:00,1999-08-13 00:00:00,Q2,1411700000,1297200000,114500000,0.0811078841113551,0,28900000,0,0,97100000,1394300000,0,0,30000000,0.021250974002975136,17400000,0.012325564921725578,6600000,9000000,0.006375292200892541,500000,8500000,0.006021109300842955,0.08,0.08,38750000,38750000,https://www.sec.gov/Archives/edgar/data/104918/000089102099001398/0000891020-99-001398-index.html,https://www.sec.gov/Archives/edgar/data/104918/0000891020-99-001398.txt,1620588949,15:35:49,20210509
87,1999-03-31,AVA,USD,1999-05-13 00:00:00,1999-05-13 00:00:00,Q1,1212800000,1065000000,147800000,0.12186675461741425,0,30500000,0,0,117500000,1182500000,0,0,31300000,0.025808047493403694,30300000,0.024983509234828494,18100000,31700000,0.026137862796833774,12300000,19400000,0.01599604221635884,0.35,0.34,40000000,41176471,https://www.sec.gov/Archives/edgar/data/104918/000089102099000844/0000891020-99-000844-index.html,https://www.sec.gov/Archives/edgar/data/104918/0000891020-99-000844.txt,1620588949,15:35:49,20210509
88,1998-12-31,AVA,USD,1999-03-19,1999-03-19,Q4,1022700000,829500000,193200000,0.188911704312115,0,37300000,0,0,143200000,972700000,0,0,65800000,0.06433949349760439,50000000,0.04889019262735895,2500000,34400000,0.033636452527622956,12900000,21500000,0.021022782829764348,0.5375,0.5375,40000000,40000000,https://www.sec.gov/Archives/edgar/data/104918/0000891020-99-000484-index.html,https://www.sec.gov/Archives/edgar/data/104918/,1620588949,15:35:49,20210509
89,1998-09-30,AVA,USD,1998-11-10 00:00:00,1998-11-10 00:00:00,Q3,1434100000,1289400000,144700000,0.10089951886200405,0,30000000,0,0,120300000,1409700000,0,0,39600000,0.027613137159193918,24400000,0.017014155219301302,2400000,9600000,0.006694093856774283,900000,8700000,0.006066522557701694,0.14,0.14,57857143,57857143,https://www.sec.gov/Archives/edgar/data/104918/000089102098001580/0000891020-98-001580-index.html,https://www.sec.gov/Archives/edgar/data/104918/0000891020-98-001580.txt,1620588949,15:35:49,20210509
90,1998-06-30,AVA,USD,1998-08-10 00:00:00,1998-08-10 00:00:00,Q2,633000000,476000000,157000000,0.2480252764612954,0,35800000,0,0,115200000,591200000,0,0,59400000,0.0938388625592417,41800000,0.0660347551342812,-100000,25000000,0.03949447077409163,9400000,15600000,0.024644549763033177,0.27,0.27,54814815,54814815,https://www.sec.gov/Archives/edgar/data/104918/000089102098001219/0000891020-98-001219-index.html,https://www.sec.gov/Archives/edgar/data/104918/0000891020-98-001219.txt,1620588949,15:35:49,20210509
91,1998-03-31,AVA,USD,1998-05-14 00:00:00,1998-05-14 00:00:00,Q1,571700000,408900000,162800000,0.2847647367500437,0,26200000,0,0,106200000,515100000,0,0,63500000,0.11107224068567431,56600000,0.09900297358754591,10800000,52100000,0.09113171243659261,19900000,32200000,0.056323246457932484,0.56,0.56,56071429,56071429,https://www.sec.gov/Archives/edgar/data/104918/000089102098000815/0000891020-98-000815-index.html,https://www.sec.gov/Archives/edgar/data/104918/0000891020-98-000815.txt,1620588949,15:35:49,20210509
92,1997-12-31,AVA,USD,1997-12-31,1997-12-31,Q4,486800000,0,0,0.0,0,25900000,0,0,-294200000,425700000,0,0,86200000,0.1770747740345111,61100000,0.12551355792933444,-6900000,37100000,0.07621199671322926,13800000,23300000,0.04786359901396878,0.41554139809777274,0.41554139809777274,56071429,56071429,,,1620588949,15:35:49,20210509
93,1997-09-30,AVA,USD,1997-11-14 00:00:00,1997-11-14 00:00:00,Q3,295100000,0,0,0.0,0,24600000,0,0,265400000,265400000,0,0,38200000,0.12944764486614707,29700000,0.10064384954252796,8300000,21500000,0.07285665875974245,8300000,13200000,0.044730599796679094,0.22,0.22,55454545,55454545,https://www.sec.gov/Archives/edgar/data/104918/000089102097001488/0000891020-97-001488-index.html,https://www.sec.gov/Archives/edgar/data/104918/0000891020-97-001488.txt,1620588949,15:35:49,20210509
94,1997-06-30,AVA,USD,1997-08-14 00:00:00,1997-08-14 00:00:00,Q2,236300000,0,0,0.0,0,25800000,0,0,201600000,201600000,0,0,55200000,0.23360135421074904,34700000,0.14684722809987305,-3000000,62800000,0.2657638595006348,14300000,48500000,0.2052475666525603,0.83,0.83,56265060,56265060,https://www.sec.gov/Archives/edgar/data/104918/000089102097001150/0000891020-97-001150-index.html,https://www.sec.gov/Archives/edgar/data/104918/0000891020-97-001150.txt,1620588949,15:35:49,20210509
95,1997-03-31,AVA,USD,1997-05-14 00:00:00,1997-05-14 00:00:00,Q1,284000000,0,0,0.0,0,18600000,0,0,220100000,220100000,0,0,74600000,0.26267605633802815,63900000,0.225,6800000,54500000,0.19190140845070422,24700000,29800000,0.10492957746478873,0.5,0.5,56000000,56000000,https://www.sec.gov/Archives/edgar/data/104918/000089102097000844/0000891020-97-000844-index.html,https://www.sec.gov/Archives/edgar/data/104918/0000891020-97-000844.txt,1620588949,15:35:49,20210509
96,1996-12-31,AVA,USD,1996-12-31,1996-12-31,Q4,281300000,0,0,0.0,0,19700000,0,0,242500000,242500000,0,0,56500000,0.20085318165659438,38800000,0.13793103448275862,1100000,24200000,0.08602915037326697,10000000,14200000,0.05047991468183434,0.25357142857142856,0.25357142857142856,56000000,56000000,,,1620588949,15:35:49,20210509
97,1996-09-30,AVA,USD,1996-11-14 00:00:00,1996-11-14 00:00:00,Q3,219800000,0,0,0.0,0,19300000,0,0,184400000,184400000,0,0,46600000,0.21201091901728844,35400000,0.1610555050045496,6900000,25400000,0.11555959963603275,7000000,18400000,0.08371246587807098,0.3,0.3,55333333,55333333,https://www.sec.gov/Archives/edgar/data/104918/000089102096001438/0000891020-96-001438-index.html,https://www.sec.gov/Archives/edgar/data/104918/0000891020-96-001438.txt,1620588949,15:35:49,20210509
98,1996-06-30,AVA,USD,1996-08-14 00:00:00,1996-08-14 00:00:00,Q2,195900000,0,0,0.0,0,18700000,0,0,165500000,165500000,0,0,48000000,0.2450229709035222,30400000,0.15518121490556405,400000,15500000,0.07912200102092905,6500000,9000000,0.045941807044410414,0.12,0.12,57500000,57500000,https://www.sec.gov/Archives/edgar/data/104918/000089102096000969/0000891020-96-000969-index.html,https://www.sec.gov/Archives/edgar/data/104918/0000891020-96-000969.txt,1620588949,15:35:49,20210509
99,1996-03-31,AVA,USD,1996-05-15 00:00:00,1996-05-15 00:00:00,Q1,248000000,0,0,0.0,0,20700000,0,0,181600000,181600000,0,0,66800000,0.2693548387096774,66400000,0.267741935483871,16800000,67900000,0.2737903225806452,26000000,41900000,0.1689516129032258,0.71,0.71,55774648,55774648,https://www.sec.gov/Archives/edgar/data/104918/000089102096000497/0000891020-96-000497-index.html,https://www.sec.gov/Archives/edgar/data/104918/0000891020-96-000497.txt,1620588949,15:35:49,20210509
100,1995-12-31,AVA,USD,1995-12-31,1995-12-31,Q4,240200000,0,0,0.0,0,14600000,0,0,180500000,180500000,0,0,64300000,0.26769358867610327,59700000,0.2485428809325562,7400000,51600000,0.21482098251457118,19000000,32600000,0.1357202331390508,0.5844949483141516,0.5844949483141516,55774648,55774648,,,1620588949,15:35:49,20210509
101,1995-09-30,AVA,USD,1995-11-13 00:00:00,1995-11-13 00:00:00,Q3,157900000,0,0,0.0,0,14800000,0,0,126300000,126300000,0,0,49300000,0.3122229259024699,31600000,0.20012666244458518,900000,18000000,0.11399620012666245,7100000,10900000,0.06903103229892336,0.16,0.16,53750000,53750000,https://www.sec.gov/Archives/edgar/data/104918/000089102095000519/0000891020-95-000519-index.html,https://www.sec.gov/Archives/edgar/data/104918/0000891020-95-000519.txt,1620588949,15:35:49,20210509
102,1995-06-30,AVA,USD,1995-08-11 00:00:00,1995-08-11 00:00:00,Q2,159000000,0,0,0.0,0,16900000,0,0,118900000,118900000,0,0,59600000,0.37484276729559746,40100000,0.2522012578616352,-900000,24700000,0.15534591194968553,9500000,15200000,0.09559748427672957,0.23,0.23,56086957,56086957,https://www.sec.gov/Archives/edgar/data/104918/000089102095000341/0000891020-95-000341-index.html,https://www.sec.gov/Archives/edgar/data/104918/0000891020-95-000341.txt,1620588949,15:35:49,20210509
103,1995-03-31,AVA,USD,1995-05-12 00:00:00,1995-05-12 00:00:00,Q1,197900000,0,0,0.0,0,16100000,0,0,139400000,139400000,0,0,75700000,0.38251642243557354,58500000,0.29560384032339565,1200000,45200000,0.22839818089944416,16700000,28500000,0.14401212733703891,0.48,0.48,54583333,54583333,https://www.sec.gov/Archives/edgar/data/104918/000089102095000162/0000891020-95-000162-index.html,https://www.sec.gov/Archives/edgar/data/104918/0000891020-95-000162.txt,1620588949,15:35:49,20210509
104,1994-12-31,AVA,USD,1994-12-31,1994-12-31,Q4,190400000,0,0,0.0,0,16600000,0,0,143600000,143600000,0,0,57200000,0.3004201680672269,46800000,0.24579831932773108,7400000,40700000,0.21376050420168066,14000000,26700000,0.1402310924369748,0.48916030833074997,0.48916030833074997,54583333,54583333,,,1620588949,15:35:49,20210509
105,1994-09-30,AVA,USD,1994-11-10 00:00:00,1994-11-10 00:00:00,Q3,142300000,0,0,0.0,0,12700000,0,0,119300000,119300000,0,0,37500000,0.2635277582572031,23000000,0.16163035839775122,3100000,12800000,0.08995080815179199,4700000,8100000,0.05692199578355587,0.11,0.11,53636364,53636364,https://www.sec.gov/Archives/edgar/data/104918/000089102094000193/0000891020-94-000193-index.html,https://www.sec.gov/Archives/edgar/data/104918/0000891020-94-000193.txt,1620588949,15:35:49,20210509
106,1994-06-30,AVA,USD,1994-08-12 00:00:00,1994-08-12 00:00:00,Q2,147200000,0,0,0.0,0,16700000,0,0,113100000,113100000,0,0,47800000,0.32472826086956524,34100000,0.23165760869565216,3700000,26000000,0.1766304347826087,10300000,15700000,0.10665760869565218,0.25,0.25,54400000,54400000,https://www.sec.gov/Archives/edgar/data/104918/000089102094000130/0000891020-94-000130-index.html,https://www.sec.gov/Archives/edgar/data/104918/0000891020-94-000130.txt,1620588949,15:35:49,20210509
107,1994-03-31,AVA,USD,1994-05-13 00:00:00,1994-05-13 00:00:00,Q1,190900000,0,0,0.0,0,13500000,0,0,138900000,138900000,0,0,67800000,0.35515976951283396,52000000,0.2723939235201676,1300000,42400000,0.22210581456259823,15700000,26700000,0.13986380303823992,0.46,0.46,53478261,53478261,https://www.sec.gov/Archives/edgar/data/104918/000089102094000080/0000891020-94-000080-index.html,https://www.sec.gov/Archives/edgar/data/104918/0000891020-94-000080.txt,1620588949,15:35:49,20210509
108,1993-12-31,AVA,USD,1993-12-31,1993-12-31,Q4,177200000,0,0,0.0,0,0,0,0,0,0,0,0,177200000,1.0,177200000,1.0,0,0,0.0,0,23600000,0.13318284424379231,0.44528301886792454,0.44528301886792454,53000000,53000000,,,1620588949,15:35:49,20210509
109,1993-09-30,AVA,USD,1993-09-30,1993-09-30,Q3,123500000,0,0,0.0,0,0,0,0,0,0,0,0,123500000,1.0,123500000,1.0,0,0,0.0,0,7400000,0.05991902834008097,0.1,0.1,53000000,53000000,,,1620588949,15:35:49,20210509
110,1993-06-30,AVA,USD,1993-06-30,1993-06-30,Q2,126900000,0,0,0.0,0,0,0,0,0,0,0,0,126900000,1.0,126900000,1.0,0,0,0.0,0,15800000,0.12450748620961387,0.27,0.27,50740741,50740741,,,1620588949,15:35:49,20210509
111,1993-03-31,AVA,USD,1993-03-31,1993-03-31,Q1,213000000,0,0,0.0,0,0,0,0,0,0,0,0,213000000,1.0,213000000,1.0,0,0,0.0,0,36000000,0.16901408450704225,0.67,0.67,50597015,50597015,,,1620588949,15:35:49,20210509
112,1992-12-31,AVA,USD,1992-12-31,1992-12-31,Q4,163100000,0,0,0.0,0,0,0,0,0,0,0,0,163100000,1.0,163100000,1.0,0,0,0.0,0,23000000,0.14101778050275904,0.47108434132239807,0.47108434132239807,48823529,48823529,,,1620588949,15:35:49,20210509
113,1992-09-30,AVA,USD,1992-09-30,1992-09-30,Q3,118600000,0,0,0.0,0,0,0,0,0,0,0,0,118600000,1.0,118600000,1.0,0,0,0.0,0,9900000,0.08347386172006746,0.17,0.17,48823529,48823529,,,1620588949,15:35:49,20210509
114,1992-06-30,AVA,USD,1992-06-30,1992-06-30,Q2,118800000,0,0,0.0,0,0,0,0,0,0,0,0,118800000,1.0,118800000,1.0,0,0,0.0,0,16300000,0.13720538720538722,0.3,0.3,49000000,49000000,,,1620588949,15:35:49,20210509
115,1992-03-31,AVA,USD,1992-03-31,1992-03-31,Q1,157100000,0,0,0.0,0,0,0,0,0,0,0,0,157100000,1.0,157100000,1.0,0,0,0.0,0,25500000,0.16231699554423934,0.5,0.5,48000000,48000000,,,1620588949,15:35:49,20210509
116,1991-12-31,AVA,USD,1991-12-31,1991-12-31,Q4,168300000,0,0,0.0,0,0,0,0,0,0,0,0,168300000,1.0,168300000,1.0,0,0,0.0,0,19400000,0.11527035056446822,0.4639130414612476,0.4639130414612476,41818182,41818182,,,1620588949,15:35:49,20210509
117,1991-09-30,AVA,USD,1991-09-30,1991-09-30,Q3,113300000,0,0,0.0,0,0,0,0,0,0,0,0,113300000,1.0,113300000,1.0,0,0,0.0,0,6900000,0.06090026478375993,0.11,0.11,41818182,41818182,,,1620588949,15:35:49,20210509
118,1991-06-30,AVA,USD,1991-06-30,1991-06-30,Q2,123900000,0,0,0.0,0,0,0,0,0,0,0,0,123900000,1.0,123900000,1.0,0,0,0.0,0,20100000,0.162227602905569,0.39,0.39,45641026,45641026,,,1620588949,15:35:49,20210509
119,1991-03-31,AVA,USD,1991-03-31,1991-03-31,Q1,161300000,0,0,0.0,0,0,0,0,0,0,0,0,161300000,1.0,161300000,1.0,0,0,0.0,0,25800000,0.15995040297582144,0.51,0.51,45882353,45882353,,,1620588949,15:35:49,20210509
120,1990-12-31,AVA,USD,1990-12-31,1990-12-31,Q4,151600000,0,0,0.0,0,0,0,0,0,0,0,0,151600000,1.0,151600000,1.0,0,0,0.0,0,31000000,0.20448548812664907,0.6904231625835189,0.6904231625835189,44900000,44900000,,,1620588949,15:35:49,20210509
121,1990-09-30,AVA,USD,1990-09-30,1990-09-30,Q3,119100000,0,0,0.0,0,0,0,0,0,0,0,0,119100000,1.0,119100000,1.0,0,0,0.0,0,6900000,0.05793450881612091,0.41,0.41,44900000,44900000,,,1620588949,15:35:49,20210509
122,1990-06-30,AVA,USD,1990-06-30,1990-06-30,Q2,127700000,0,0,0.0,0,0,0,0,0,0,0,0,127700000,1.0,127700000,1.0,0,0,0.0,0,21100000,0.16523101018010963,0.42,0.42,45952381,45952381,,,1620588949,15:35:49,20210509
123,1990-03-31,AVA,USD,1990-03-31,1990-03-31,Q1,171700000,0,0,0.0,0,0,0,0,0,0,0,0,171700000,1.0,171700000,1.0,0,0,0.0,0,28500000,0.1659871869539895,0.58,0.58,44137931,44137931,,,1620588949,15:35:49,20210509
124,1989-12-31,AVA,USD,1989-12-31,1989-12-31,Q4,162000000,0,0,0.0,0,0,0,0,0,0,0,0,162000000,1.0,162000000,1.0,0,0,0.0,0,19600000,0.12098765432098765,0.44545454545454544,0.44545454545454544,44000000,44000000,,,1620588949,15:35:49,20210509
125,1989-09-30,AVA,USD,1989-09-30,1989-09-30,Q3,127800000,0,0,0.0,0,0,0,0,0,0,0,0,127800000,1.0,127800000,1.0,0,0,0.0,0,7300000,0.05712050078247261,0.1,0.1,44000000,44000000,,,1620588949,15:35:49,20210509
126,1989-06-30,AVA,USD,1989-06-30,1989-06-30,Q2,125800000,0,0,0.0,0,0,0,0,0,0,0,0,125800000,1.0,125800000,1.0,0,0,0.0,0,16700000,0.1327503974562798,0.31,0.31,44516129,44516129,,,1620588949,15:35:49,20210509
127,1989-03-31,AVA,USD,1989-03-31,1989-03-31,Q1,173900000,0,0,0.0,0,0,0,0,0,0,0,0,173900000,1.0,173900000,1.0,0,0,0.0,0,0,0.0,0.57,0.57,44594000,44594000,,,1620588949,15:35:49,20210509
128,1988-12-31,AVA,USD,1988-12-31,1988-12-31,Q4,140000000,0,0,0.0,0,0,0,0,0,0,0,0,140000000,1.0,140000000,1.0,0,0,0.0,0,0,0.0,0.0,0.0,44572000,44572000,,,1620588949,15:35:49,20210509
129,1988-09-30,AVA,USD,1988-09-30,1988-09-30,Q3,123100000,0,0,0.0,0,0,0,0,0,0,0,0,123100000,1.0,123100000,1.0,0,0,0.0,0,0,0.0,0.09,0.09,44572000,44572000,,,1620588949,15:35:49,20210509
130,1988-06-30,AVA,USD,1988-06-30,1988-06-30,Q2,123900000,0,0,0.0,0,0,0,0,0,0,0,0,123900000,1.0,123900000,1.0,0,0,0.0,0,0,0.0,0.27,0.27,44548000,44548000,,,1620588949,15:35:49,20210509
131,1988-03-31,AVA,USD,1988-03-31,1988-03-31,Q1,155300000,0,0,0.0,0,0,0,0,0,0,0,0,155300000,1.0,155300000,1.0,0,0,0.0,0,0,0.0,0.53,0.53,44548000,44548000,,,1620588949,15:35:49,20210509
132,1987-12-31,AVA,USD,1987-12-31,1987-12-31,Q4,118500000,0,0,0.0,0,0,0,0,0,0,0,0,118500000,1.0,118500000,1.0,0,0,0.0,0,0,0.0,0.0,0.0,44484000,44484000,,,1620588949,15:35:49,20210509
133,1987-09-30,AVA,USD,1987-09-30,1987-09-30,Q3,79800000,0,0,0.0,0,0,0,0,0,0,0,0,79800000,1.0,79800000,1.0,0,0,0.0,0,0,0.0,0.06,0.06,44484000,44484000,,,1620588949,15:35:49,20210509
134,1987-06-30,AVA,USD,1987-06-30,1987-06-30,Q2,82100000,0,0,0.0,0,0,0,0,0,0,0,0,82100000,1.0,82100000,1.0,0,0,0.0,0,0,0.0,0.17,0.17,44454000,44454000,,,1620588949,15:35:49,20210509
135,1987-03-31,AVA,USD,1987-03-31,1987-03-31,Q1,118100000,0,0,0.0,0,0,0,0,0,0,0,0,118100000,1.0,118100000,1.0,0,0,0.0,0,0,0.0,0.46,0.46,44404000,44404000,,,1620588949,15:35:49,20210509
136,1986-12-31,AVA,USD,1986-12-31,1986-12-31,Q4,101100000,0,0,0.0,0,0,0,0,0,0,0,0,101100000,1.0,101100000,1.0,0,0,0.0,0,0,0.0,0.0,0.0,43974000,43974000,,,1620588949,15:35:49,20210509
137,1986-09-30,AVA,USD,1986-09-30,1986-09-30,Q3,74900000,0,0,0.0,0,0,0,0,0,0,0,0,74900000,1.0,74900000,1.0,0,0,0.0,0,0,0.0,0.01,0.01,43974000,43974000,,,1620588949,15:35:49,20210509
138,1986-06-30,AVA,USD,1986-06-30,1986-06-30,Q2,83400000,0,0,0.0,0,0,0,0,0,0,0,0,83400000,1.0,83400000,1.0,0,0,0.0,0,0,0.0,0.2,0.2,43480000,43480000,,,1620588949,15:35:49,20210509
139,1986-03-31,AVA,USD,1986-03-31,1986-03-31,Q1,130500000,0,0,0.0,0,0,0,0,0,0,0,0,130500000,1.0,130500000,1.0,0,0,0.0,0,0,0.0,0.61,0.61,43122000,43122000,,,1620588949,15:35:49,20210509
140,1985-12-31,AVA,USD,1985-12-31,1985-12-31,Q4,127900000,0,0,0.0,0,0,0,0,0,0,0,0,127900000,1.0,127900000,1.0,0,0,0.0,0,0,0.0,0.0,0.0,42780000,42780000,,,1620588949,15:35:49,20210509
141,1985-09-30,AVA,USD,1985-09-30,1985-09-30,Q3,85200000,0,0,0.0,0,0,0,0,0,0,0,0,85200000,1.0,85200000,1.0,0,0,0.0,0,0,0.0,0.07,0.07,42780000,42780000,,,1620588949,15:35:49,20210509
