,date,symbol,reportedCurrency,fillingDate,acceptedDate,period,revenue,costOfRevenue,grossProfit,grossProfitRatio,researchAndDevelopmentExpenses,generalAndAdministrativeExpenses,sellingAndMarketingExpenses,otherExpenses,operatingExpenses,costAndExpenses,interestExpense,depreciationAndAmortization,ebitda,ebitdaratio,operatingIncome,operatingIncomeRatio,totalOtherIncomeExpensesNet,incomeBeforeTax,incomeBeforeTaxRatio,incomeTaxExpense,netIncome,netIncomeRatio,eps,epsdiluted,weightedAverageShsOut,weightedAverageShsOutDil,link,finalLink,timestamp,est_time,est_date
0,2021-01-31,CPRT,USD,2021-02-24,2021-02-23 21:12:51,Q2,617031000,309533000,307498000.0,0.4983509742622332,0.0,49277000.0,0.0,-920000.0,49277000.0,358810000,4849000.0,31671000.0,289892000.0,0.469817561840491,258221000.0,0.4184895086308468,-920000.0,252452000.0,0.4091398973471349,59012000.0,193440000.0,0.31350126654900645,0.82,0.81,236152000,240280000,https://www.sec.gov/Archives/edgar/data/900075/000090007521000007/0000900075-21-000007-index.htm,https://www.sec.gov/Archives/edgar/data/900075/000090007521000007/cprt-20210131.htm,1620590623,16:03:43,20210509
1,2020-10-31,CPRT,USD,2020-11-20,2020-11-20 16:56:06,Q1,592940000,296171000,296769000.0,0.5005042668735454,0.0,48175000.0,0.0,3253000.0,48175000.0,344346000,5032000.0,29227000.0,277821000.0,0.4685482510877998,248594000.0,0.41925658582655917,3253000.0,246815000.0,0.41625628225452826,46530000.0,200285000.0,0.3377829122676831,0.85,0.83,235791000,239968000,https://www.sec.gov/Archives/edgar/data/900075/000090007520000029/0000900075-20-000029-index.htm,https://www.sec.gov/Archives/edgar/data/900075/000090007520000029/cprt-20201031.htm,1620590623,16:03:43,20210509
2,2020-07-31,CPRT,USD,2020-09-28,2020-09-28 16:48:27,Q4,525659000,275228000,250431000.0,0.4764134163022035,0.0,44716000.0,0.0,971000.0,44716000.0,319944000,4902000.0,27501000.0,233216000.0,0.44366404836595585,205715000.0,0.3913468617487763,971000.0,201883000.0,0.38405696468623196,36350000.0,165533000.0,0.31490567078657455,0.7,0.69,234863000,238927000,https://www.sec.gov/Archives/edgar/data/900075/000090007520000021/0000900075-20-000021-index.htm,https://www.sec.gov/Archives/edgar/data/900075/000090007520000021/cprt-20200731.htm,1620590623,16:03:43,20210509
3,2020-04-30,CPRT,USD,2020-05-28,2020-05-27 18:05:50,Q3,550360000,307747000,242613000.0,0.44082600479686024,0.0,47512000.0,0.0,2277000.0,47512000.0,355259000,5803000.0,28659000.0,223760000.0,0.4065702449305909,195101000.0,0.3544970564721273,2277000.0,191800000.0,0.34849916418344357,44313000.0,147487000.0,0.2679827749109674,0.63,0.62,234133000,238591000,https://www.sec.gov/Archives/edgar/data/900075/000090007520000014/0000900075-20-000014-index.htm,https://www.sec.gov/Archives/edgar/data/900075/000090007520000014/cprt-20200430.htm,1620590623,16:03:43,20210509
4,2020-01-31,CPRT,USD,2020-02-27,2020-02-27 17:16:28,Q2,575140000,315251000,259889000.0,0.45187084883680495,0.0,49997000.0,0.0,-354000.0,49997000.0,365248000,4914000.0,24393000.0,234285000.0,0.4073529923149146,209892000.0,0.36494071008797857,-354000.0,205074000.0,0.356563619292694,36367000.0,168707000.0,0.2933320582814619,0.73,0.71,232671000,238470000,https://www.sec.gov/Archives/edgar/data/900075/000090007520000006/0000900075-20-000006-index.htm,https://www.sec.gov/Archives/edgar/data/900075/000090007520000006/cprt01312020-10q.htm,1620590623,16:03:43,20210509
5,2019-10-31,CPRT,USD,2019-11-25,2019-11-25 15:51:55,Q1,554424000,299555000,254869000.0,0.45970051801509315,0.0,49478000.0,0.0,717000.0,49478000.0,349033000,4611000.0,23704000.0,229095000.0,0.4132126314878144,205391000.0,0.37045834956639684,717000.0,202082000.0,0.3644899932181868,-16098000.0,218180000.0,0.3935255328052177,0.94,0.91,231169000,238662000,https://www.sec.gov/Archives/edgar/data/900075/000090007519000028/0000900075-19-000028-index.htm,https://www.sec.gov/Archives/edgar/data/900075/000090007519000022/cprt07312019-10k.htm,1620590623,16:03:43,20210509
6,2019-07-31,CPRT,USD,2019-09-30,2019-09-30 16:54:57,Q4,542575000,299956000,242619000.0,0.44716214348246786,0.0,49817000.0,0.0,-1477000.0,49817000.0,349773000,4602000.0,21625000.0,214427000.0,0.39520250656591255,192802000.0,0.35534626549324977,-1477000.0,187070000.0,0.34478182739713403,33574000.0,153496000.0,0.28290282449430953,0.67,0.64,229204000,238354000,https://www.sec.gov/Archives/edgar/data/900075/000090007519000022/0000900075-19-000022-index.htm,https://www.sec.gov/Archives/edgar/data/900075/000090007519000022/cprt07312019-10k.htm,1620590623,16:03:43,20210509
7,2019-04-30,CPRT,USD,2019-05-29,2019-05-29 17:03:14,Q3,553116000,301537000,251579000.0,0.4548394911736417,0.0,44085000.0,0.0,1719000.0,44085000.0,345622000,5324000.0,21222000.0,228716000.0,0.4135045813174813,207494000.0,0.37513649939614835,1719000.0,204129000.0,0.3690527845876814,11388000.0,192741000.0,0.34846397500705095,0.85,0.81,227984000,237892000,https://www.sec.gov/Archives/edgar/data/900075/000090007519000014/0000900075-19-000014-index.htm,https://www.sec.gov/Archives/edgar/data/900075/000090007519000014/cprt4302019-10q.htm,1620590623,16:03:43,20210509
8,2019-01-31,CPRT,USD,2019-02-28,2019-02-28 17:06:08,Q2,484898000,276672000,208226000.0,0.42942227025065066,0.0,43487000.0,0.0,4782000.0,43487000.0,320159000,5233000.0,20509000.0,185248000.0,0.3820349846771898,164739000.0,0.3397394916044199,4782000.0,164966000.0,0.34020763129565396,33593000.0,131373000.0,0.27092914386118316,0.57,0.55,230798000,240660000,https://www.sec.gov/Archives/edgar/data/900075/000090007519000008/0000900075-19-000008-index.htm,https://www.sec.gov/Archives/edgar/data/900075/000090007519000008/cprt1312019-10q.htm,1620590623,16:03:43,20210509
9,2018-10-31,CPRT,USD,2018-11-29,2018-11-29 16:51:13,Q1,461368000,265450000,195918000.0,0.4246458358620451,0.0,44478000.0,0.0,1037000.0,44478000.0,309928000,4651000.0,21978000.0,173418000.0,0.3758778242097415,151440000.0,0.3282412304277713,1037000.0,148786000.0,0.32248877251998403,34703000.0,114083000.0,0.24727115881465556,0.49,0.47,233888000,244826000,https://www.sec.gov/Archives/edgar/data/900075/000090007518000067/0000900075-18-000067-index.htm,https://www.sec.gov/Archives/edgar/data/900075/000090007518000048/cprt07312018-10k.htm,1620590623,16:03:43,20210509
10,2018-07-31,CPRT,USD,2018-10-01,2018-10-01 16:48:26,Q4,449223000,260798000,188425000.0,0.4194464664543,0.0,52457000.0,0.0,1874000.0,52457000.0,313255000,4599000.0,28362000.0,164330000.0,0.365809408690116,135968000.0,0.3026737277476888,743000.0,132729000.0,0.2954635003105362,22988000.0,109748000.0,0.24430627995449922,0.47,0.45,232995000,244406000,https://www.sec.gov/Archives/edgar/data/900075/000090007518000048/0000900075-18-000048-index.htm,https://www.sec.gov/Archives/edgar/data/900075/000090007518000048/cprt07312018-10k.htm,1620590623,16:03:43,20210509
11,2018-04-30,CPRT,USD,2018-05-25,2018-05-25 16:01:59,Q3,478198000,259130000,219068000.0,0.45811149356542685,0.0,44449000.0,0.0,731000.0,44449000.0,303579000,4416000.0,16684000.0,191303000.0,0.4000497701788799,174619000.0,0.36516045654728796,731000.0,171216000.0,0.35804415744106,43811000.0,127348000.0,0.2663080983191063,0.55,0.52,232010000,242960000,https://www.sec.gov/Archives/edgar/data/900075/000090007518000025/0000900075-18-000025-index.htm,https://www.sec.gov/Archives/edgar/data/900075/000090007518000025/cprt04302018-10q.htm,1620590623,16:03:43,20210509
12,2018-01-31,CPRT,USD,2018-02-27,2018-02-27 17:30:03,Q2,459106000,267497000,191609000.0,0.4173524197026395,0.0,40662000.0,0.0,-948000.0,40662000.0,308159000,5758000.0,17982000.0,168929000.0,0.36795206335791736,150947000.0,0.3287846379703162,-948000.0,144438000.0,0.3146070842027767,41137000.0,103256000.0,0.22490666643433108,0.45,0.43,231478000,241360000,https://www.sec.gov/Archives/edgar/data/900075/000090007518000015/0000900075-18-000015-index.htm,https://www.sec.gov/Archives/edgar/data/900075/000090007518000015/cprt01312018-10q.htm,1620590623,16:03:43,20210509
13,2017-10-31,CPRT,USD,2017-11-28,2017-11-28 16:42:24,Q1,419168000,255904000,163264000.0,0.3894953813268188,0.0,39322000.0,0.0,-4416000.0,39322000.0,295226000,5595000.0,16012000.0,139954000.0,0.3338852202458203,123942000.0,0.2956857393694175,-4416000.0,114128000.0,0.2722726925719521,36568000.0,77515000.0,0.18492585311855866,0.34,0.32,230694000,238791000,https://www.sec.gov/Archives/edgar/data/900075/000090007517000062/0000900075-17-000062-index.htm,https://www.sec.gov/Archives/edgar/data/900075/000090007517000044/cprt07312017-10k.htm,1620590623,16:03:43,20210509
14,2017-07-31,CPRT,USD,2017-09-28,2017-09-27 20:34:54,Q4,378596000,211131000,167465000.0,0.44233166752950376,0.0,37293000.0,0.0,1057000.0,37293000.0,248424000,5807000.0,13490000.0,143662000.0,0.37945989920654205,130172000.0,0.3438282496381367,-18308000.0,106379000.0,0.28098289469513676,36010000.0,70335000.0,0.1857785079609927,0.31,0.3,230286000,237634000,https://www.sec.gov/Archives/edgar/data/900075/000090007517000044/0000900075-17-000044-index.htm,https://www.sec.gov/Archives/edgar/data/900075/000090007517000044/cprt07312017-10k.htm,1620590623,16:03:43,20210509
15,2017-04-30,CPRT,USD,2017-05-25,2017-05-25 16:19:58,Q3,373862000,201357000,172505000.0,0.4614135697128887,0.0,35717000.0,0.0,-194000.0,35717000.0,237074000,5869000.0,13805000.0,150593000.0,0.4028037083201823,136788000.0,0.36587831873793003,-194000.0,131088000.0,0.3506320513986444,40542000.0,90546000.0,0.24219096886016767,0.39,0.38,229920000,237135000,https://www.sec.gov/Archives/edgar/data/900075/000090007517000032/0000900075-17-000032-index.htm,https://www.sec.gov/Archives/edgar/data/900075/000090007517000032/cprt04302017-10q.htm,1620590623,16:03:43,20210509
16,2017-01-31,CPRT,USD,2017-02-28,2017-02-28 16:52:31,Q2,349532000,202767000,146765000.0,0.4198900243754506,0.0,37885000.0,0.0,-3021000.0,37885000.0,240652000,6144000.0,15326000.0,124206000.0,0.3553494386780037,108880000.0,0.3115022372772736,-3021000.0,100099000.0,0.28638007392742293,34033000.0,66066000.0,0.18901273703123034,0.29,0.28,229142000,235588000,https://www.sec.gov/Archives/edgar/data/900075/000090007517000013/0000900075-17-000013-index.htm,https://www.sec.gov/Archives/edgar/data/900075/000090007517000013/cprt01312017-10q.htm,1620590623,16:03:43,20210509
17,2016-10-31,CPRT,USD,2016-11-30,2016-11-30 16:10:32,Q1,345991000,200698000,145293000.0,0.4199328884277337,0.0,40469000.0,0.0,3332000.0,40469000.0,241167000,5959000.0,14820000.0,119644000.0,0.3458009023356099,104824000.0,0.3029674182276418,3332000.0,102534000.0,0.2963487489558977,-64746000.0,167280000.0,0.4834807841822475,0.74,0.705,225436000,237758000,https://www.sec.gov/Archives/edgar/data/900075/000090007516000108/0000900075-16-000108-index.htm,https://www.sec.gov/Archives/edgar/data/900075/000090007516000081/cprt07312016-10k.htm,1620590623,16:03:43,20210509
18,2016-07-31,CPRT,USD,2016-09-28,2016-09-28 17:29:23,Q4,332659000,191195000,141464000.0,0.4252522853733102,0.0,35273000.0,0.0,6051000.0,35273000.0,226468000,6610000.0,13743000.0,119934000.0,0.36053135493102545,106191000.0,0.31921877959111283,6051000.0,105985000.0,0.318599526842803,21017000.0,84968000.0,0.2554207161086879,0.385,0.355,219156000,237038000,https://www.sec.gov/Archives/edgar/data/900075/000090007516000081/0000900075-16-000081-index.htm,https://www.sec.gov/Archives/edgar/data/900075/000090007516000081/cprt07312016-10k.htm,1620590623,16:03:43,20210509
19,2016-04-30,CPRT,USD,2016-05-26,2016-05-26 16:04:07,Q3,347246000,189599000,157647000.0,0.4539922706093087,0.0,35699000.0,0.0,39000.0,35699000.0,225298000,5702000.0,12606000.0,134554000.0,0.38748898475432403,121948000.0,0.35118619076965607,39000.0,116568000.0,0.33569285175351193,42552000.0,74016000.0,0.2131514833864177,0.335,0.32,221086000,232776000,https://www.sec.gov/Archives/edgar/data/900075/000090007516000038/0000900075-16-000038-index.htm,https://www.sec.gov/Archives/edgar/data/900075/000090007516000038/cprt04302016-10q.htm,1620590623,16:03:43,20210509
20,2016-01-31,CPRT,USD,2016-02-25,2016-02-25 17:21:46,Q2,299706000,175092000,124614000.0,0.41578747172228786,0.0,32529000.0,0.0,4435000.0,32529000.0,207621000,5570000.0,11732000.0,103817000.0,0.34639613487884796,92085000.0,0.3072511060839623,4435000.0,91552000.0,0.3054726965759778,32589000.0,58963000.0,0.19673613474538382,0.25,0.24,234612000,245816000,https://www.sec.gov/Archives/edgar/data/900075/000090007516000018/0000900075-16-000018-index.htm,https://www.sec.gov/Archives/edgar/data/900075/000090007516000018/cprt01312016-10q.htm,1620590623,16:03:43,20210509
21,2015-10-31,CPRT,USD,2015-11-24,2015-11-24 16:25:02,Q1,288838000,167977000,120861000.0,0.4184387095880736,0.0,34615000.0,0.0,1027000.0,34615000.0,202592000,5724000.0,11562000.0,97808000.0,0.33862580408395015,86246000.0,0.2985964450660924,1027000.0,81760000.0,0.2830652476474702,29347000.0,52413000.0,0.18146158053995665,0.22,0.21,240310000,251144000,https://www.sec.gov/Archives/edgar/data/900075/000162828015008971/0001628280-15-008971-index.htm,https://www.sec.gov/Archives/edgar/data/900075/000162828015007286/cprt07312015-10k.htm,1620590623,16:03:43,20210509
22,2015-07-31,CPRT,USD,2015-09-25,2015-09-25 17:28:10,Q4,282293000,163509000,118784000.0,0.42078266198595077,0.0,32019000.0,0.0,53000.0,32019000.0,195528000,5606000.0,11314000.0,98079000.0,0.34743688295494396,86765000.0,0.3073579578664721,53000.0,81446000.0,0.2885158328403467,24034000.0,57412000.0,0.20337734198155816,0.23,0.22,249486000,260410000,https://www.sec.gov/Archives/edgar/data/900075/000162828015007286/0001628280-15-007286-index.htm,https://www.sec.gov/Archives/edgar/data/900075/000162828015007286/cprt07312015-10k.htm,1620590623,16:03:43,20210509
23,2015-04-30,CPRT,USD,2015-05-28,2015-05-28 17:27:07,Q3,297142000,169725000,127417000.0,0.4288084484859091,0.0,32650000.0,0.0,-815000.0,32650000.0,202375000,5917000.0,12212000.0,106979000.0,0.36002651930726726,94767000.0,0.3189283238317034,-815000.0,88296000.0,0.29715085716593415,30733000.0,57563000.0,0.1937221934294041,0.23,0.22,252830000,264248000,https://www.sec.gov/Archives/edgar/data/900075/000114544315000751/0001145443-15-000751-index.htm,https://www.sec.gov/Archives/edgar/data/900075/000114544315000751/d32436_10q.htm,1620590623,16:03:43,20210509
24,2015-01-31,CPRT,USD,2015-03-04,2015-03-03 20:55:56,Q2,276258000,161391000,114867000.0,0.41579610364224745,0.0,34399000.0,0.0,4141000.0,34399000.0,195790000,4688000.0,11400000.0,91868000.0,0.33254421591410926,80468000.0,0.2912784426152365,4141000.0,80104000.0,0.2899608337134128,27911000.0,52193000.0,0.18892846542000594,0.205,0.2,252600000,263744000,https://www.sec.gov/Archives/edgar/data/900075/000121390015001536/0001213900-15-001536-index.htm,https://www.sec.gov/Archives/edgar/data/900075/000121390015001536/d32162.htm,1620590623,16:03:43,20210509
25,2014-10-31,CPRT,USD,2014-11-26,2014-11-26 15:10:20,Q1,290386000,168078000,122308000.0,0.4211911042543373,0.0,39907000.0,0.0,1593000.0,39907000.0,207985000,1910000.0,13967000.0,96368000.0,0.33186172887122656,82401000.0,0.28376368006722086,1593000.0,82223000.0,0.28315070285757576,29608000.0,52615000.0,0.1811898645251493,0.21,0.2,252434000,263034000,https://www.sec.gov/Archives/edgar/data/900075/000114544314001435/0001145443-14-001435-index.htm,https://www.sec.gov/Archives/edgar/data/900075/000114544314001196/d31671.htm,1620590623,16:03:43,20210509
26,2014-07-31,CPRT,USD,2014-09-29,2014-09-29 17:23:28,Q4,287450000,170511000,116939000.0,0.40681509827796136,0.0,41081000.0,0.0,77000.0,41081000.0,211592000,2169000.0,13377000.0,89235000.0,0.3104365976691599,75858000.0,0.26389980866237606,77000.0,73884000.0,0.25703252739606886,22841000.0,51043000.0,0.17757175160897548,0.205,0.195,251918000,263258000,https://www.sec.gov/Archives/edgar/data/900075/000114544314001196/0001145443-14-001196-index.htm,https://www.sec.gov/Archives/edgar/data/900075/000114544314001196/d31671.htm,1620590623,16:03:43,20210509
27,2014-04-30,CPRT,USD,2014-06-09,2014-06-09 17:17:40,Q3,309722000,177470000,132252000.0,0.4270022794635189,0.0,40515000.0,0.0,708000.0,40515000.0,217985000,2104000.0,12769000.0,104506000.0,0.3374187174304699,91737000.0,0.2961914232763575,-28396000.0,61318000.0,0.19797754114980531,20441000.0,40877000.0,0.13197964626342332,0.16,0.155,251588000,262972000,https://www.sec.gov/Archives/edgar/data/900075/000114544314000869/0001145443-14-000869-index.htm,https://www.sec.gov/Archives/edgar/data/900075/000114544314000869/d31292.htm,1620590623,16:03:43,20210509
28,2014-01-31,CPRT,USD,2014-01-31,2014-01-31,Q2,286434000,174888000,111546000.0,0.3894300257650977,0.0,40062000.0,0.0,1170000.0,40062000.0,214950000,2209000.0,13076000.0,84560000.0,0.29521635001431396,71484000.0,0.24956534489620646,1170000.0,70588000.0,0.2464372246311541,25243000.0,45345000.0,0.15830872033347995,0.18,0.175,251100000,262174000,,,1620590623,16:03:43,20210509
29,2013-10-31,CPRT,USD,2013-12-10,2013-12-10 17:30:25,Q1,279883000,172047000,107836000.0,0.38528956742638887,0.0,42877000.0,0.0,1423000.0,42877000.0,214924000,2286000.0,14504000.0,79463000.0,0.2839150645090984,64959000.0,0.2320934104607997,1423000.0,64245000.0,0.22954234447965757,22823000.0,41422000.0,0.14799755612166512,0.165,0.16,250920000,261412000,https://www.sec.gov/Archives/edgar/data/900075/000114544313002257/0001145443-13-002257-index.htm,https://www.sec.gov/Archives/edgar/data/900075/000114544313001938/d30512.htm,1620590623,16:03:43,20210509
30,2013-07-31,CPRT,USD,2013-09-30,2013-09-30 17:09:08,Q4,263697000,160625000,103072000.0,0.39087285786338105,0.0,40020000.0,0.0,1466000.0,40020000.0,200645000,2509000.0,14480000.0,77532000.0,0.29401927211913675,63052000.0,0.2391077638350076,1466000.0,62162000.0,0.2357326780357759,20858000.0,41304000.0,0.15663431893423133,0.165,0.16,250760000,261226000,https://www.sec.gov/Archives/edgar/data/900075/000114544313001938/0001145443-13-001938-index.htm,https://www.sec.gov/Archives/edgar/data/900075/000114544312001120/d29549.htm,1620590623,16:03:43,20210509
31,2013-04-30,CPRT,USD,2013-06-05 00:00:00,2013-06-05 16:03:29,Q3,277638000,162041000,115597000.0,0.4163587117037293,0.0,32784000.0,0.0,1592000.0,32784000.0,194825000,2538000.0,14797000.0,97610000.0,0.3515729114890613,82813000.0,0.29827689293252363,1592000.0,82005000.0,0.2953666284874549,28769000.0,53236000.0,0.19174608663079262,0.21,0.205,250540000,261060000,https://www.sec.gov/Archives/edgar/data/900075/000114544313001371/0001145443-13-001371-index.html,https://www.sec.gov/Archives/edgar/data/900075/000114544313001371/d30311.htm,1620590623,16:03:43,20210509
32,2013-01-31,CPRT,USD,2013-03-12 00:00:00,2013-03-12 16:05:38,Q2,266185000,169368000,96817000.0,0.3637207205514961,0.0,34047000.0,0.0,744000.0,34047000.0,203415000,2588000.0,14612000.0,77382000.0,0.29070759058549506,62770000.0,0.23581343802242802,744000.0,61117000.0,0.2296034712699814,21477000.0,39640000.0,0.14891898491650543,0.16,0.155,249418000,259040000,https://www.sec.gov/Archives/edgar/data/900075/000114544313000805/0001145443-13-000805-index.html,https://www.sec.gov/Archives/edgar/data/900075/000114544313000805/d30108_10q.htm,1620590623,16:03:43,20210509
33,2012-10-31,CPRT,USD,2012-12-07 00:00:00,2012-12-07 16:07:07,Q1,238866000,133430000,105436000.0,0.44140229249872315,0.0,31079000.0,0.0,0.0,31079000.0,164509000,2632000.0,12839000.0,87196000.0,0.3650414876960304,74357000.0,0.3112916865522929,-293000.0,71588000.0,0.29969941306004205,25743000.0,45845000.0,0.1919276916765048,0.185,0.18,248604000,256946000,https://www.sec.gov/Archives/edgar/data/900075/000114544312001396/0001145443-12-001396-index.html,https://www.sec.gov/Archives/edgar/data/900075/000114544312001396/d29866_10q.htm,1620590623,16:03:43,20210509
34,2012-07-31,CPRT,USD,2012-10-01,2012-10-01 14:44:35,Q4,226556000,127130000,99426000.0,0.438858383799149,0.0,29932000.0,0.0,0.0,29932000.0,157062000,3113000.0,11851000.0,81345000.0,0.35905030102932606,69494000.0,0.30674093822277937,999000.0,67478000.0,0.2978424760324158,22582000.0,44896000.0,0.1981673405250799,0.18,0.175,252224000,259706000,https://www.sec.gov/Archives/edgar/data/900075/000114544312001120/0001145443-12-001120-index.htm,https://www.sec.gov/Archives/edgar/data/900075/000114544311000951/d27786.htm,1620590623,16:03:43,20210509
35,2012-04-30,CPRT,USD,2012-04-30,2012-04-30,Q3,244105000,128836000,115269000.0,0.47221072898957417,0.0,27325000.0,0.0,0.0,27325000.0,156161000,3008000.0,12069000.0,100013000.0,0.40971303332582293,87944000.0,0.3602711947727412,-467000.0,84547000.0,0.3463550521292067,29076000.0,55471000.0,0.22724237520739027,0.22,0.215,253192000,260902000,updating...,,1620590623,16:03:43,20210509
36,2012-01-31,CPRT,USD,2012-03-09 00:00:00,2012-03-09 17:07:33,Q2,227904000,128208000,99696000.0,0.4374473462510531,0.0,27386000.0,0.0,0.0,27386000.0,155594000,3033000.0,12220000.0,84530000.0,0.3709017832069643,72310000.0,0.31728271552934567,-7180000.0,62216000.0,0.27299213704015723,21613000.0,40603000.0,0.17815834737433306,0.1575,0.155,256612000,263180000,https://www.sec.gov/Archives/edgar/data/900075/000114544312000206/0001145443-12-000206-index.html,https://www.sec.gov/Archives/edgar/data/900075/000114544312000206/d28935_10q.htm,1620590623,16:03:43,20210509
37,2011-10-31,CPRT,USD,2011-12-12 00:00:00,2011-12-12 13:13:06,Q1,225626000,130401000,95225000.0,0.4220479909230319,0.0,29849000.0,0.0,0.0,29849000.0,160250000,2187000.0,12027000.0,77403000.0,0.3430588673291199,65376000.0,0.289753840426192,564000.0,63815000.0,0.28283531153324526,22666000.0,41149000.0,0.182377031015929,0.1575,0.155,262864000,267604000,https://www.sec.gov/Archives/edgar/data/900075/000114544311001231/0001145443-11-001231-index.html,https://www.sec.gov/Archives/edgar/data/900075/000114544311001231/d28860_10-q.htm,1620590623,16:03:43,20210509
38,2011-07-31,CPRT,USD,2011-09-28,2011-09-27 21:14:34,Q4,215442000,125856000,89586000.0,0.41582421254908514,0.0,26131000.0,0.0,0.0,26131000.0,151987000,1813000.0,11331000.0,74786000.0,0.34712822940745075,63455000.0,0.2945340277197575,882000.0,62644000.0,0.29076967350841526,22123000.0,40521000.0,0.18808310357311944,0.15,0.1475,270460000,276464000,https://www.sec.gov/Archives/edgar/data/900075/000114544311000951/0001145443-11-000951-index.htm,https://www.sec.gov/Archives/edgar/data/900075/000104746910008242/a2200235z10-k.htm,1620590623,16:03:43,20210509
39,2011-04-30,CPRT,USD,2011-06-09 00:00:00,2011-06-08 21:08:37,Q3,236755000,127848000,108907000.0,0.4599987328673101,0.0,26863000.0,0.0,0.0,26863000.0,154711000,1832000.0,11274000.0,93318000.0,0.3941542945238749,82044000.0,0.34653544803700026,-21000.0,80350000.0,0.3393803721146333,30214000.0,50136000.0,0.21176321513801186,0.18,0.1775,279224000,284132000,https://www.sec.gov/Archives/edgar/data/900075/000114544311000569/0001145443-11-000569-index.html,https://www.sec.gov/Archives/edgar/data/900075/000114544311000569/d27990_10-q.htm,1620590623,16:03:43,20210509
40,2011-01-31,CPRT,USD,2011-01-31,2011-01-31,Q2,207380000,121475000,85905000.0,0.4142395602276015,0.0,25710000.0,0.0,0.0,25710000.0,147185000,417000.0,11367000.0,71562000.0,0.34507667084579036,60195000.0,0.29026424920435917,806000.0,60717000.0,0.2927813675378532,22824000.0,37893000.0,0.1827225383354229,0.1175,0.115,324960000,327820000,updating...,,1620590623,16:03:43,20210509
41,2010-10-31,CPRT,USD,2010-12-03 00:00:00,2010-12-03 17:10:27,Q1,212667000,123813000,88854000.0,0.41780812255780164,0.0,29260000.0,0.0,0.0,29260000.0,153073000,15000.0,11722000.0,71316000.0,0.33534116717685397,59594000.0,0.2802221313132738,504000.0,60163000.0,0.28289767570897223,22340000.0,37823000.0,0.17785081841564512,0.11291121858021375,0.11202698860270596,334980000,337624000,https://www.sec.gov/Archives/edgar/data/900075/000114544310002795/0001145443-10-002795-index.html,https://www.sec.gov/Archives/edgar/data/900075/000114544310002795/d27474_10-q.htm,1620590623,16:03:43,20210509
42,2010-07-31,CPRT,USD,2010-09-23,2010-09-23 13:20:46,Q4,190468000,104244000,86224000.0,0.4526954659050339,0.0,29004000.0,0.0,0.0,29004000.0,133248000,15000.0,11151000.0,68371000.0,0.3589631854169729,57220000.0,0.30041791797047274,0.0,57686000.0,0.3028645231744965,21453000.0,36233000.0,0.19023142995148792,0.10816466654725655,0.10816466654725655,334980000,334980000,https://www.sec.gov/Archives/edgar/data/900075/000104746910008242/0001047469-10-008242-index.htm,https://www.sec.gov/Archives/edgar/data/900075/000104746910008242/a2200235z10-k.htm,1620590623,16:03:43,20210509
43,2010-04-30,CPRT,USD,2010-06-09,2010-06-09 16:59:36,Q3,220349000,119851000,100498000.0,0.4560855733404735,0.0,28372000.0,0.0,0.0,28372000.0,148223000,38000.0,11013000.0,83139000.0,0.3773060009348806,72126000.0,0.32732619617062025,-529000.0,71584000.0,0.32486646184008094,27194000.0,44390000.0,0.2014531493222116,0.1325,0.13,336896000,340592000,https://www.sec.gov/Archives/edgar/data/900075/000110465910033167/0001104659-10-033167-index.htm,https://www.sec.gov/Archives/edgar/data/900075/000110465910033167/a10-11715_110q.htm,1620590623,16:03:43,20210509
44,2010-01-31,CPRT,USD,2010-03-12,2010-03-12 16:35:39,Q2,176601000,97914000,78687000.0,0.4455637284047089,0.0,25455000.0,0.0,0.0,25455000.0,123369000,21000.0,10464000.0,63696000.0,0.36067745935753476,53232000.0,0.3014252467426572,-102000.0,53172000.0,0.30108549781711313,17439000.0,35733000.0,0.20233747260774287,0.10621165644171779,0.10518739623441309,336432000,339708000,https://www.sec.gov/Archives/edgar/data/900075/000110465910014017/0001104659-10-014017-index.htm,https://www.sec.gov/Archives/edgar/data/900075/000110465910014017/a10-5582_110q.htm,1620590623,16:03:43,20210509
45,2009-10-31,CPRT,USD,2009-12-09,2009-12-09 17:07:28,Q1,185461000,102876000,82585000.0,0.4452957764705248,0.0,26093000.0,0.0,0.0,26093000.0,128969000,142000.0,10614000.0,67106000.0,0.3618334852071325,56492000.0,0.3046031241069551,631000.0,57052000.0,0.3076226268595554,21782000.0,35270000.0,0.19017475372180673,0.1049140341483729,0.10379879455666996,336180000,339792000,https://www.sec.gov/Archives/edgar/data/900075/000110465909069171/0001104659-09-069171-index.htm,https://www.sec.gov/Archives/edgar/data/900075/000104746909008622/a2194735z10-k.htm,1620590623,16:03:43,20210509
46,2009-07-31,CPRT,USD,2009-09-29,2009-09-29 17:29:31,Q4,184332000,104402000,79930000.0,0.43361977301824967,0.0,24541000.0,0.0,0.0,24541000.0,128943000,0.0,10622000.0,66011000.0,0.3581092810797908,55389000.0,0.30048499446650606,997000.0,56335000.0,0.3056170388212573,21708000.0,34627000.0,0.1878512683636048,0.10300136831459338,0.10300136831459338,336180000,336180000,https://www.sec.gov/Archives/edgar/data/900075/000104746909008622/0001047469-09-008622-index.htm,https://www.sec.gov/Archives/edgar/data/900075/000104746909008622/a2194735z10-k.htm,1620590623,16:03:43,20210509
47,2009-04-30,CPRT,USD,2009-06-09,2009-06-09 17:30:07,Q3,197326000,111859000,85467000.0,0.43312589319197675,0.0,20587000.0,0.0,0.0,20587000.0,132446000,0.0,9898000.0,74778000.0,0.37895665041606275,64880000.0,0.328796002554149,536000.0,65896000.0,0.3339448425448243,25384000.0,42069000.0,0.21319542280287443,0.1257577931628224,0.12405050600363285,334524000,339128000,https://www.sec.gov/Archives/edgar/data/900075/000110465909037456/0001104659-09-037456-index.htm,https://www.sec.gov/Archives/edgar/data/900075/000110465909037456/a09-15254_110q.htm,1620590623,16:03:43,20210509
48,2009-01-31,CPRT,USD,2009-03-12,2009-03-12 17:29:23,Q2,169855000,102563000,67292000.0,0.3961732065585352,0.0,21723000.0,0.0,0.0,21723000.0,124286000,0.0,10125000.0,55694000.0,0.32789143681375293,45569000.0,0.2682817697447823,-1798000.0,44178000.0,0.2600924317800477,17028000.0,27150000.0,0.15984221836272114,0.0825,0.08,333772000,336824000,https://www.sec.gov/Archives/edgar/data/900075/000110465909017143/0001104659-09-017143-index.htm,https://www.sec.gov/Archives/edgar/data/900075/000110465909017143/a09-7605_110q.htm,1620590623,16:03:43,20210509
49,2008-10-31,CPRT,USD,2008-12-10,2008-12-10 16:48:08,Q1,191569000,111999000,79570000.0,0.4153594788300821,0.0,20085000.0,0.0,0.0,20085000.0,132084000,0.0,10709000.0,70194000.0,0.366416278207852,59485000.0,0.3105147492548377,1254000.0,61320000.0,0.3200935433185954,24066000.0,37254000.0,0.1944677896736946,0.1125,0.11,333132000,341280000,https://www.sec.gov/Archives/edgar/data/900075/000110465908075796/0001104659-08-075796-index.htm,https://www.sec.gov/Archives/edgar/data/900075/000104746908010447/a2188134z10-k.htm,1620590623,16:03:43,20210509
50,2008-07-31,CPRT,USD,2008-09-29,2008-09-29 17:06:24,Q4,206282000,119189000,87093000.0,0.4222035853831163,0.0,21721000.0,0.0,0.0,21721000.0,140910000,0.0,11048000.0,76420000.0,0.37046373411155603,65372000.0,0.31690598307171736,1690000.0,68022000.0,0.3297524747675512,27201000.0,40821000.0,0.1978892971757109,0.1225370123554627,0.1225370123554627,333132000,333132000,https://www.sec.gov/Archives/edgar/data/900075/000104746908010447/0001047469-08-010447-index.htm,https://www.sec.gov/Archives/edgar/data/900075/000104746908010447/a2188134z10-k.htm,1620590623,16:03:43,20210509
51,2008-04-30,CPRT,USD,2008-06-09,2008-06-09 16:56:56,Q3,221150000,132984000,88166000.0,0.3986705855754013,0.0,19482000.0,0.0,0.0,19482000.0,152466000,0.0,9670000.0,78354000.0,0.3543025096088628,68684000.0,0.3105765317657698,813000.0,70874000.0,0.32047931268369884,24397000.0,46477000.0,0.2101605245308614,0.1325,0.13,348476000,358828000,https://www.sec.gov/Archives/edgar/data/900075/000110465908038862/0001104659-08-038862-index.htm,https://www.sec.gov/Archives/edgar/data/900075/000110465908038862/a08-16208_110q.htm,1620590623,16:03:43,20210509
52,2008-01-31,CPRT,USD,2008-03-11,2008-03-11 17:25:52,Q2,173459000,104851000,68608000.0,0.3955286263612727,0.0,21373000.0,0.0,0.0,21373000.0,126224000,0.0,11082000.0,58317000.0,0.33620048541730324,47235000.0,0.2723121890475559,882000.0,50589000.0,0.29164817046103114,18563000.0,32026000.0,0.1846315267584847,0.09,0.0875,355208000,365332000,https://www.sec.gov/Archives/edgar/data/900075/000110465908016814/0001104659-08-016814-index.htm,https://www.sec.gov/Archives/edgar/data/900075/000110465908016814/a08-7753_110q.htm,1620590623,16:03:43,20210509
53,2007-10-31,CPRT,USD,2007-12-10,2007-12-10 16:30:49,Q1,183957000,102217000,81740000.0,0.44434297145528573,0.0,25113000.0,0.0,0.0,25113000.0,127330000,0.0,11004000.0,67631000.0,0.3676456998102817,56627000.0,0.3078273727012291,796000.0,60166000.0,0.3270655642351202,22556000.0,37610000.0,0.20444995297814164,0.105,0.1025,354232000,362744000,https://www.sec.gov/Archives/edgar/data/900075/000110465907088011/0001104659-07-088011-index.htm,https://www.sec.gov/Archives/edgar/data/900075/000110465907072450/a07-24987_110k.htm,1620590623,16:03:43,20210509
54,2007-07-31,CPRT,USD,2007-10-01,2007-10-01 17:12:12,Q4,153982000,82465000,71517000.0,0.4644503903053604,0.0,17657000.0,0.0,0.0,17657000.0,100122000,0.0,10329000.0,64189000.0,0.416860412255978,53860000.0,0.3497811432505098,696000.0,58350000.0,0.3789403956306581,21615000.0,36735000.0,0.23856684547544518,0.1037032227466745,0.1037032227466745,354232000,354232000,https://www.sec.gov/Archives/edgar/data/900075/000110465907072450/0001104659-07-072450-index.htm,https://www.sec.gov/Archives/edgar/data/900075/000110465907072450/a07-24987_110k.htm,1620590623,16:03:43,20210509
55,2007-04-30,CPRT,USD,2007-06-11,2007-06-11 17:23:52,Q3,145652000,72665000,72987000.0,0.5011053744541785,0.0,15758000.0,0.0,0.0,15758000.0,88423000,0.0,9221000.0,66450000.0,0.45622442534259744,57229000.0,0.39291599154148243,1256000.0,62025000.0,0.425843792052289,23158000.0,38867000.0,0.2668483783264219,0.1075,0.1025,365084000,375140000,https://www.sec.gov/Archives/edgar/data/900075/000110465907046916/0001104659-07-046916-index.htm,https://www.sec.gov/Archives/edgar/data/900075/000110465907046916/a07-16345_110q.htm,1620590623,16:03:43,20210509
56,2007-01-31,CPRT,USD,2007-03-12,2007-03-12 17:25:14,Q2,128925000,68536000,60389000.0,0.4684041109171999,0.0,15225000.0,0.0,0.0,15225000.0,83761000,0.0,8799000.0,53963000.0,0.41856117898002715,45164000.0,0.3503121970137677,245000.0,48692000.0,0.3776769439596665,18300000.0,30392000.0,0.2357339538491371,0.0825,0.08,363008000,374728000,https://www.sec.gov/Archives/edgar/data/900075/000110465907018273/0001104659-07-018273-index.htm,https://www.sec.gov/Archives/edgar/data/900075/000110465907018273/a07-7762_110q.htm,1620590623,16:03:43,20210509
57,2006-10-31,CPRT,USD,2006-12-11,2006-12-11 17:27:39,Q1,132121000,70231000,61890000.0,0.4684342383118505,0.0,14997000.0,0.0,0.0,14997000.0,85228000,0.0,8740000.0,55633000.0,0.42107613475526223,46893000.0,0.35492465240196486,-1565000.0,48355000.0,0.36599026649813426,18010000.0,30345000.0,0.2296758274611909,0.085,0.08,362000000,373500000,https://www.sec.gov/Archives/edgar/data/900075/000110465906080763/0001104659-06-080763-index.htm,https://www.sec.gov/Archives/edgar/data/900075/000110465906069980/a06-21244_210k.htm,1620590623,16:03:43,20210509
58,2006-07-31,CPRT,USD,2006-10-31,2006-10-31 17:19:28,Q4,137220000,74244000,62976000.0,0.4589418452120682,0.0,15779000.0,0.0,0.0,15779000.0,90023000,0.0,8536000.0,55733000.0,0.4061579944614488,47197000.0,0.3439513190497012,-4221000.0,45701000.0,0.3330491182043434,14912000.0,31573000.0,0.230090365835884,0.0872182320441989,0.0872182320441989,362000000,362000000,https://www.sec.gov/Archives/edgar/data/900075/000110465906069980/0001104659-06-069980-index.htm,https://www.sec.gov/Archives/edgar/data/900075/000110465906069980/a06-21244_210k.htm,1620590623,16:03:43,20210509
59,2006-04-30,CPRT,USD,2006-06-09,2006-06-09 16:52:24,Q3,149512000,80048000,69464000.0,0.46460484777141636,0.0,16113000.0,0.0,0.0,16113000.0,96161000,0.0,8103000.0,61454000.0,0.4110305527315533,53351000.0,0.35683423404141473,-1467000.0,53689000.0,0.35909492214671734,20509000.0,34710000.0,0.2321552785060731,0.095,0.0925,361172000,371536000,https://www.sec.gov/Archives/edgar/data/900075/000110465906040933/0001104659-06-040933-index.htm,https://www.sec.gov/Archives/edgar/data/900075/000110465906040933/a06-13552_110q.htm,1620590623,16:03:43,20210509
60,2006-01-31,CPRT,USD,2006-03-13,2006-03-13 17:07:51,Q2,125099000,74524000,50575000.0,0.40427981039017097,0.0,13560000.0,0.0,0.0,13560000.0,88084000,0.0,7525000.0,44540000.0,0.35603801788983125,37015000.0,0.29588565855842175,-96000.0,38724000.0,0.30954683890358836,12606000.0,7853000.0,0.06277428276804771,0.0225,0.02,361604000,370544000,https://www.sec.gov/Archives/edgar/data/900075/000110465906016192/0001104659-06-016192-index.htm,https://www.sec.gov/Archives/edgar/data/900075/000110465906016192/a06-6823_110q.htm,1620590623,16:03:43,20210509
61,2005-10-31,CPRT,USD,2005-12-12,2005-12-12 16:21:15,Q1,119025000,70969000,48056000.0,0.4037471119512707,0.0,13830000.0,0.0,0.0,13830000.0,84799000,0.0,7292000.0,41518000.0,0.3488174753203109,34226000.0,0.2875530350766646,643000.0,36648000.0,0.3079017013232514,13835000.0,22813000.0,0.19166561646712876,0.06309951872545223,0.06150382831877494,361540000,370920000,https://www.sec.gov/Archives/edgar/data/900075/000110465905060248/0001104659-05-060248-index.htm,https://www.sec.gov/Archives/edgar/data/900075/000110465905048573/a05-17564_110k.htm,1620590623,16:03:43,20210509
62,2005-07-31,CPRT,USD,2005-10-14,2005-10-14 16:33:50,Q4,112561000,82410000,30151000.0,0.26786364726681533,0.0,16990000.0,0.0,0.0,-7264000.0,75146000,0.0,7042000.0,44457000.0,0.394959177690319,37415000.0,0.3323975444425689,625000.0,39863000.0,0.35414575208109383,14874000.0,24989000.0,0.22200406890486046,0.06911821651822758,0.06911821651822758,361540000,361540000,https://www.sec.gov/Archives/edgar/data/900075/000110465905048573/0001104659-05-048573-index.htm,https://www.sec.gov/Archives/edgar/data/900075/000110465905048573/a05-17564_110k.htm,1620590623,16:03:43,20210509
63,2005-04-30,CPRT,USD,2005-06-09,2005-06-09 16:23:21,Q3,130426000,61947000,68479000.0,0.5250410194286416,0.0,11672000.0,0.0,0.0,20726000.0,82673000,0.0,9053900.0,56806900.0,0.43554889362550414,47753000.0,0.36613098615306766,709000.0,49679000.0,0.3808979804640179,18774000.0,30905000.0,0.2369542882554092,0.085,0.0825,360716000,372400000,https://www.sec.gov/Archives/edgar/data/900075/000110465905027563/0001104659-05-027563-index.htm,https://www.sec.gov/Archives/edgar/data/900075/000110465905027563/a05-10584_110q.htm,1620590623,16:03:43,20210509
64,2005-01-31,CPRT,USD,2005-03-14,2005-03-14 17:11:12,Q2,110014500,54536200,55478300.0,0.5042817083202669,0.0,11259900.0,0.0,0.0,18854700.0,73390900,0.0,7594800.0,44218400.0,0.4019324725377109,36623600.0,0.3328979361811398,823000.0,38484700.0,0.34981479714037694,14932100.0,23552600.0,0.21408632498443386,0.065,0.0625,360491600,372484800,https://www.sec.gov/Archives/edgar/data/900075/000110465905010901/0001104659-05-010901-index.htm,https://www.sec.gov/Archives/edgar/data/900075/000110465905010901/a05-5033_110q.htm,1620590623,16:03:43,20210509
65,2004-10-31,CPRT,USD,2004-12-09,2004-12-09 13:13:00,Q1,104109900,52724300,51385600.0,0.49357073630845866,0.0,8712600.0,0.0,0.0,16317900.0,69042200,0.0,7605300.0,42673000.0,0.40988417047754344,35067700.0,0.3368334807736824,1195200.0,37042100.0,0.35579805570843887,14372300.0,22669800.0,0.21774874435572408,0.0625,0.06,360325200,370535200,https://www.sec.gov/Archives/edgar/data/900075/000110465904038939/0001104659-04-038939-index.htm,https://www.sec.gov/Archives/edgar/data/900075/000095013404015006/f02285e10vk.htm,1620590623,16:03:43,20210509
66,2004-07-31,CPRT,USD,2004-10-14,2004-10-14 14:37:40,Q4,100076300,49097300,50979000.0,0.509401326787661,0.0,9241500.0,0.0,0.0,16917000.0,66014300,0.0,7675500.0,41737500.0,0.41705678567253185,34062000.0,0.34036030508721843,1001200.0,35644400.0,0.3561722405804371,14195200.0,21449200.0,0.21432846737938951,0.059527338082376695,0.059527338082376695,360325200,360325200,https://www.sec.gov/Archives/edgar/data/900075/000095013404015006/0000950134-04-015006-index.htm,https://www.sec.gov/Archives/edgar/data/900075/000095013404015006/f02285e10vk.htm,1620590623,16:03:43,20210509
67,2004-04-30,CPRT,USD,2004-06-14,2004-06-14 15:27:35,Q3,116618400,58053000,58565400.0,0.5021969088925933,0.0,10515200.0,0.0,0.0,18166900.0,76219900,0.0,7651800.0,48050300.0,0.4120301770561078,40398500.0,0.346416174463035,-182200.0,40554600.0,0.3477547282418555,15590200.0,24964400.0,0.21406913488780502,0.07,0.0675,357490800,367894800,https://www.sec.gov/Archives/edgar/data/900075/000110465904016815/0001104659-04-016815-index.htm,https://www.sec.gov/Archives/edgar/data/900075/000110465904016815/a04-6911_110q.htm,1620590623,16:03:43,20210509
68,2004-01-31,CPRT,USD,2004-03-12,2004-03-12 16:25:29,Q2,92635000,50142000,42493000.0,0.4587143088465483,0.0,8591000.0,0.0,0.0,16673000.0,66815000,0.0,8081400.0,33901400.0,0.3659675068818481,25820000.0,0.278728342419172,2595000.0,28708000.0,0.30990446375559993,11340000.0,17368000.0,0.18748853025314405,0.05,0.0475,356095200,365939600,https://www.sec.gov/Archives/edgar/data/900075/000110465904007229/0001104659-04-007229-index.htm,https://www.sec.gov/Archives/edgar/data/900075/000110465904007229/a04-3419_110q.htm,1620590623,16:03:43,20210509
69,2003-10-31,CPRT,USD,2003-12-15,2003-12-15 09:29:34,Q1,91466600,51661900,39804700.0,0.4351828973636278,0.0,8118000.0,0.0,0.0,15517600.0,67179500,0.0,7399600.0,31686700.0,0.34642918835946673,24287100.0,0.2655297124852132,610900.0,25191900.0,0.2754218479751079,9950800.0,15241100.0,0.16663022349141654,0.042576615615662596,0.041787028750910254,357968800,364732800,https://www.sec.gov/Archives/edgar/data/900075/000110465903028482/0001104659-03-028482-index.htm,https://www.sec.gov/Archives/edgar/data/900075/000104746903033615/a2120542z10-k.htm,1620590623,16:03:43,20210509
70,2003-07-31,CPRT,USD,2003-10-17,2003-10-17 17:25:35,Q4,87216100,51331300,35884800.0,0.4114469690802501,0.0,7720500.0,0.0,0.0,14873700.0,66205000,0.0,7152700.0,28163800.0,0.32291973614963293,21011100.0,0.2409085019852986,493100.0,21863200.0,0.25067848711419105,8526800.0,13336400.0,0.15291213434216847,0.037255760837257325,0.037255760837257325,357968800,357968800,https://www.sec.gov/Archives/edgar/data/900075/000104746903033615/0001047469-03-033615-index.htm,https://www.sec.gov/Archives/edgar/data/900075/000104746903033615/a2120542z10-k.htm,1620590623,16:03:43,20210509
71,2003-04-30,CPRT,USD,2003-06-16,2003-06-16 17:29:18,Q3,93928700,55012300,38916400.0,0.41431852032445887,0.0,7909400.0,0.0,0.0,14307700.0,69320000,0.0,6398300.0,31007000.0,0.3301120956640516,24608700.0,0.26199340563640294,537100.0,25480800.0,0.2712781077562023,10058000.0,15422800.0,0.1641968855099666,0.0422796838865246,0.04163845377134866,364780400,370398000,https://www.sec.gov/Archives/edgar/data/900075/000110465903012392/0001104659-03-012392-index.htm,https://www.sec.gov/Archives/edgar/data/900075/000110465903012392/j2075_10q.htm,1620590623,16:03:43,20210509
72,2003-01-31,CPRT,USD,2003-03-17,2003-03-17 16:52:34,Q2,82783400,48197600,34585800.0,0.4177866577115702,0.0,6475800.0,0.0,0.0,12839000.0,61036600,0.0,6363200.0,28110000.0,0.3395608298282023,21746800.0,0.26269517801878156,286200.0,22514700.0,0.27197119229217454,8758200.0,13756500.0,0.16617461954932994,0.03723370854395399,0.03655229477147941,369463600,376351200,https://www.sec.gov/Archives/edgar/data/900075/000110465903004397/0001104659-03-004397-index.htm,https://www.sec.gov/Archives/edgar/data/900075/000110465903004397/j8556_10q.htm,1620590623,16:03:43,20210509
73,2002-10-31,CPRT,USD,2002-12-16,2002-12-16 16:08:51,Q1,83494900,47568500,35926400.0,0.4302825681568575,0.0,6598100.0,0.0,0.0,12228900.0,59797400,0.0,5630800.0,29328300.0,0.351258579865357,23697500.0,0.283819730306881,155700.0,24308300.0,0.2911351471766539,9601800.0,14706500.0,0.1761365065411181,0.03985548879173627,0.0390896197277588,368995600,376225200,https://www.sec.gov/Archives/edgar/data/900075/000104746902007100/0001047469-02-007100-index.htm,https://www.sec.gov/Archives/edgar/data/900075/000091205702040105/a2091466z10-k.htm,1620590623,16:03:43,20210509
74,2002-07-31,CPRT,USD,2002-10-29,2002-10-29 15:05:07,Q4,82632700,47574500,35058200.0,0.42426545423300943,0.0,5846000.0,0.0,0.0,10752800.0,58327300,0.0,4906800.0,29212200.0,0.3535186433457941,24305400.0,0.29413779290765035,586400.0,25504300.0,0.3086465769604527,9969100.0,15535200.0,0.18800305448085322,0.0421013150292307,0.0421013150292307,368995600,368995600,https://www.sec.gov/Archives/edgar/data/900075/000091205702040105/0000912057-02-040105-index.htm,https://www.sec.gov/Archives/edgar/data/900075/000091205702040105/a2091466z10-k.htm,1620590623,16:03:43,20210509
75,2002-04-30,CPRT,USD,2002-06-10,2002-06-10 16:24:54,Q3,90158100,53013700,37144400.0,0.4119918232527083,0.0,6892300.0,0.0,0.0,11133300.0,64147000,0.0,4241000.0,30252100.0,0.3355450037212408,26011100.0,0.28850541437763216,496900.0,26992500.0,0.29939073693877755,10392100.0,16600400.0,0.18412544186268345,0.045690599523287884,0.04437859698575,363322000,374063200,https://www.sec.gov/Archives/edgar/data/900075/000091205702023594/0000912057-02-023594-index.htm,https://www.sec.gov/Archives/edgar/data/900075/000091205702023594/a2082006z10-q.htm,1620590623,16:03:43,20210509
76,2002-01-31,CPRT,USD,2002-03-18,2002-03-18 00:00:00,Q2,71382300,43132600,28249700.0,0.3957521682545953,0.0,5403900.0,0.0,0.0,9090600.0,52223200,0.0,3686600.0,22845700.0,0.3200471265285652,19159100.0,0.26840127034292816,411400.0,20072700.0,0.2811999613349528,7577500.0,12495200.0,0.17504619492507245,0.0350498460019411,0.03377201565028806,356498000,369986800,https://www.sec.gov/Archives/edgar/data/900075/000091205702010280/0000912057-02-010280-index.htm,https://www.sec.gov/Archives/edgar/data/900075/000091205702010280/a2073629z10-q.htm,1620590623,16:03:43,20210509
77,2001-10-31,CPRT,USD,2001-12-13,2001-12-13 00:00:00,Q1,72282500,43231500,29051000.0,0.4019091758032719,0.0,5113400.0,0.0,0.0,8587200.0,51818700,0.0,3473800.0,23937600.0,0.3311672949884135,20463800.0,0.28310863625358834,393100.0,21087900.0,0.2917428146508491,8329700.0,12758200.0,0.17650468647321274,0.038333,0.036667,332737800,344928600,https://www.sec.gov/Archives/edgar/data/900075/000091205701543027/0000912057-01-543027-index.htm,https://www.sec.gov/Archives/edgar/data/900075/000091205701534314/a2059632z10-k405.htm,1620590623,16:03:43,20210509
78,2001-07-31,CPRT,USD,2001-10-03,2001-10-03 00:00:00,Q4,68631100,39363300,29267800.0,0.42645098213492133,0.0,5082200.0,0.0,0.0,8998900.0,48362200,0.0,3916700.0,24185600.0,0.35240000524543535,20268900.0,0.2953311253935898,1086200.0,21697100.0,0.31614093319209513,8765700.0,12931400.0,0.18841895292367455,0.03886363376809007,0.03886363376809007,332737800,332737800,https://www.sec.gov/Archives/edgar/data/900075/000091205701534314/0000912057-01-534314-index.htm,https://www.sec.gov/Archives/edgar/data/900075/000091205701534314/a2059632z10-k405.htm,1620590623,16:03:43,20210509
79,2001-04-30,CPRT,USD,2001-04-30,2001-04-30,Q3,71480600,43209600,28271000.0,0.395505913492612,0.0,5587600.0,0.0,0.0,9190900.0,52400500,0.0,3603300.0,22683400.0,0.3173364521282698,19080100.0,0.26692697039476443,54500.0,19270400.0,0.26958923120399103,7785200.0,11485200.0,0.16067576377366727,0.035,0.033333,330438600,341410800,,,1620590623,16:03:43,20210509
80,2001-01-31,CPRT,USD,2001-01-31,2001-01-31,Q2,56638200,34123200,22515000.0,0.3975232263737195,0.0,4234100.0,0.0,0.0,7694000.0,41817200,0.0,3459900.0,18280900.0,0.3227662602271965,14821000.0,0.2616785137945768,321000.0,15453200.0,0.27284059168547026,6104000.0,9349200.0,0.1650688051527061,0.02847936424964314,0.027614439895794568,328279800,338562000,,,1620590623,16:03:43,20210509
81,2000-10-31,CPRT,USD,2000-12-01 00:00:00,2000-12-01 00:00:00,Q1,57139400,35356200,21783200.0,0.3812290643583937,0.0,4466100.0,0.0,0.0,7836200.0,43192400,0.0,3370100.0,17317100.0,0.30306758558892816,13947000.0,0.24408726727967042,461100.0,14623000.0,0.2559179830379738,5703800.0,8919200.0,0.15609544377434834,0.02724834265114716,0.026332135881284555,327330000,338719200,https://www.sec.gov/Archives/edgar/data/900075/000091205700051977/0000912057-00-051977-index.html,https://www.sec.gov/Archives/edgar/data/900075/000091205700051977/a2032334z10-q.txt,1620590623,16:03:43,20210509
82,2000-07-31,CPRT,USD,2000-07-31,2000-07-31,Q4,51327300,30937200,20390100.0,0.3972564307882939,0.0,4323800.0,0.0,0.0,7396700.0,38333900,0.0,3072900.0,16066300.0,0.3130166597502694,12993400.0,0.2531479349196237,64900.0,13393600.0,0.2609449552187627,5231400.0,8162200.0,0.15902258642087155,0.024935691809488895,0.024935691809488895,327330000,327330000,,,1620590623,16:03:43,20210509
83,2000-04-30,CPRT,USD,2000-06-09 00:00:00,2000-06-09 00:00:00,Q3,53801200,33761500,20039700.0,0.37247682207831795,0.0,4017300.0,0.0,0.0,6932300.0,40693800,0.0,2906100.0,16013500.0,0.2976420600284009,13107400.0,0.24362653621108823,262900.0,13549600.0,0.25184568373939614,5213500.0,8336100.0,0.1549426406845944,0.025769505420619686,0.02460555141335591,323487000,338789400,https://www.sec.gov/Archives/edgar/data/900075/000091205700028065/0000912057-00-028065-index.html,https://www.sec.gov/Archives/edgar/data/900075/000091205700028065/a10-q.txt,1620590623,16:03:43,20210509
84,2000-01-31,CPRT,USD,2000-01-31,2000-01-31,Q2,44400000,27400000,17000000.0,0.38288288288288286,0.0,4000000.0,0.0,0.0,6700000.0,34100000,0.0,2700000.0,13000000.0,0.2927927927927928,10300000.0,0.23198198198198197,200000.0,10800000.0,0.24324324324324326,4200000.0,6600000.0,0.14864864864864866,0.02047330560131029,0.01955722443870766,322371000,337471200,,,1620590623,16:03:43,20210509
85,1999-10-31,CPRT,USD,1999-10-31,1999-10-31,Q1,40500000,24600000,15900000.0,0.3925925925925926,0.0,3300000.0,0.0,0.0,6100000.0,30700000,0.0,2800000.0,12600000.0,0.3111111111111111,9800000.0,0.2419753086419753,200000.0,10300000.0,0.254320987654321,4000000.0,6300000.0,0.15555555555555556,0.02001,0.02001,314842579,314842579,,,1620590623,16:03:43,20210509
86,1999-07-31,CPRT,USD,1999-07-31,1999-07-31,Q4,39500000,24200000,15300000.0,0.38734177215189874,0.0,2900000.0,0.0,0.0,5500000.0,29700000,0.0,2600000.0,12400000.0,0.3139240506329114,9800000.0,0.2481012658227848,-1000000.0,10400000.0,0.26329113924050634,3700000.0,6700000.0,0.16962025316455695,0.021280476170918418,0.021280476170918418,314842579,314842579,,,1620590623,16:03:43,20210509
87,1999-04-30,CPRT,USD,1999-04-30,1999-04-30,Q3,40000000,24600000,15400000.0,0.385,0.0,3200000.0,0.0,0.0,5700000.0,30300000,0.0,2500000.0,12200000.0,0.305,9700000.0,0.2425,500000.0,10100000.0,0.2525,3800000.0,6300000.0,0.1575,0.02001,0.02001,314842579,314842579,,,1620590623,16:03:43,20210509
88,1999-01-31,CPRT,USD,1999-01-31,1999-01-31,Q2,32100000,19100000,13000000.0,0.40498442367601245,0.0,3100000.0,0.0,0.0,5500000.0,24600000,0.0,2400000.0,9900000.0,0.308411214953271,7500000.0,0.2336448598130841,600000.0,7800000.0,0.24299065420560748,3000000.0,4800000.0,0.14953271028037382,0.015008,0.015008,319840080,319840080,,,1620590623,16:03:43,20210509
89,1998-10-31,CPRT,USD,1998-12-08 00:00:00,1998-12-08 00:00:00,Q1,30200000,18600000,11600000.0,0.3841059602649007,0.0,3000000.0,0.0,0.0,5300000.0,23900000,0.0,2300000.0,8600000.0,0.2847682119205298,6300000.0,0.20860927152317882,700000.0,6900000.0,0.22847682119205298,2700000.0,4200000.0,0.1390728476821192,0.01334,0.01334,314842579,314842579,https://www.sec.gov/Archives/edgar/data/900075/000104746998043298/0001047469-98-043298-index.html,https://www.sec.gov/Archives/edgar/data/900075/0001047469-98-043298.txt,1620590623,16:03:43,20210509
90,1998-07-31,CPRT,USD,1998-10-14,1998-10-14,Q4,30000000,18600000,11400000.0,0.38,0.0,2600000.0,0.0,0.0,4600000.0,23200000,0.0,2000000.0,8800000.0,0.29333333333333333,6800000.0,0.22666666666666666,1100000.0,7000000.0,0.23333333333333334,2700000.0,4300000.0,0.14333333333333334,0.013657619035067046,0.013657619035067046,314842579,314842579,https://www.sec.gov/Archives/edgar/data/900075/0001047469-98-037231-index.html,https://www.sec.gov/Archives/edgar/data/900075/,1620590623,16:03:43,20210509
91,1998-04-30,CPRT,USD,1998-04-30,1998-04-30,Q3,30600000,18700000,11900000.0,0.3888888888888889,0.0,3300000.0,0.0,0.0,5200000.0,23900000,0.0,1900000.0,8600000.0,0.28104575163398693,6700000.0,0.21895424836601307,400000.0,7100000.0,0.23202614379084968,2800000.0,4300000.0,0.14052287581699346,0.015008,0.01334,286523405,322338831,,,1620590623,16:03:43,20210509
92,1998-01-31,CPRT,USD,1998-03-16,1998-03-16,Q2,26200000,16200000,10000000.0,0.3816793893129771,0.0,2700000.0,0.0,0.0,4600000.0,20800000,0.0,2000000.0,7400000.0,0.2824427480916031,5400000.0,0.20610687022900764,300000.0,5700000.0,0.21755725190839695,2200000.0,3500000.0,0.13358778625954199,0.011673,0.011673,299850075,299850075,https://www.sec.gov/Archives/edgar/data/900075/0001047469-98-010014-index.html,https://www.sec.gov/Archives/edgar/data/900075/,1620590623,16:03:43,20210509
93,1997-10-31,CPRT,USD,1997-10-31,1997-10-31,Q1,27500000,18000000,9500000.0,0.34545454545454546,0.0,2700000.0,0.0,0.0,4600000.0,22600000,0.0,1900000.0,6800000.0,0.24727272727272728,4900000.0,0.1781818181818182,300000.0,5100000.0,0.18545454545454546,2000000.0,3100000.0,0.11272727272727273,0.010005,0.010005,309845077,309845077,,,1620590623,16:03:43,20210509
94,1997-07-31,CPRT,USD,1997-07-31,1997-07-31,Q4,29600000,20200000,9400000.0,0.31756756756756754,0.0,2700000.0,0.0,0.0,4700000.0,24900000,0.0,2000000.0,6700000.0,0.22635135135135134,4700000.0,0.15878378378378377,1100000.0,5100000.0,0.17229729729729729,1700000.0,3400000.0,0.11486486486486487,0.01097322582278756,0.01097322582278756,309845077,309845077,,,1620590623,16:03:43,20210509
95,1997-04-30,CPRT,USD,1997-04-30,1997-04-30,Q3,33800000,24000000,9800000.0,0.28994082840236685,0.0,2600000.0,0.0,0.0,4500000.0,28500000,0.0,1900000.0,7200000.0,0.21301775147928995,5300000.0,0.15680473372781065,200000.0,5500000.0,0.16272189349112426,2200000.0,3300000.0,0.09763313609467456,0.011673,0.011673,282715785,282715785,,,1620590623,16:03:43,20210509
96,1997-01-31,CPRT,USD,1997-01-31,1997-01-31,Q2,30400000,20900000,9500000.0,0.3125,0.0,2700000.0,0.0,0.0,4500000.0,25400000,0.0,1800000.0,6800000.0,0.2236842105263158,5000000.0,0.16447368421052633,100000.0,5000000.0,0.16447368421052633,2000000.0,3000000.0,0.09868421052631579,0.010005,0.010005,299850075,299850075,,,1620590623,16:03:43,20210509
97,1996-10-31,CPRT,USD,1996-10-31,1996-10-31,Q1,32500000,24400000,8100000.0,0.24923076923076923,0.0,2600000.0,0.0,0.0,4400000.0,28800000,0.0,1800000.0,5500000.0,0.16923076923076924,3700000.0,0.11384615384615385,0.0,3800000.0,0.11692307692307692,1500000.0,2300000.0,0.07076923076923076,0.008338,0.008338,275862069,275862069,,,1620590623,16:03:43,20210509
98,1996-07-31,CPRT,USD,1996-07-31,1996-07-31,Q4,31400000,22600000,8800000.0,0.2802547770700637,0.0,3100000.0,0.0,0.0,4700000.0,27300000,0.0,1600000.0,5700000.0,0.18152866242038215,4100000.0,0.1305732484076433,500000.0,4200000.0,0.1337579617834395,1400000.0,2800000.0,0.08917197452229299,0.01014999999873125,0.01014999999873125,275862069,275862069,,,1620590623,16:03:43,20210509
