,date,symbol,reportedCurrency,fillingDate,acceptedDate,period,revenue,costOfRevenue,grossProfit,grossProfitRatio,researchAndDevelopmentExpenses,generalAndAdministrativeExpenses,sellingAndMarketingExpenses,otherExpenses,operatingExpenses,costAndExpenses,interestExpense,depreciationAndAmortization,ebitda,ebitdaratio,operatingIncome,operatingIncomeRatio,totalOtherIncomeExpensesNet,incomeBeforeTax,incomeBeforeTaxRatio,incomeTaxExpense,netIncome,netIncomeRatio,eps,epsdiluted,weightedAverageShsOut,weightedAverageShsOutDil,link,finalLink,timestamp,est_time,est_date
0,2020-12-31,SDSD.OL,USD,2020-12-31,2020-12-31,Q4,0.0,0.0,0.0,0.0,0.0,-21000.0,0.0,0.0,235000.0,235000.0,0.0,0.0,26514000.0,0.0,-235000.0,0.0,0.0,-6595000.0,0.0,0.0,-6595000.0,0.0,-0.011449135976501061,-0.011449135976501061,576026000,576026000,https://www.oslobors.no/ob_eng/,https://www.oslobors.no/ob_eng/,1620597719,18:01:59,20210509
1,2020-09-30,SDSD.OL,USD,2020-09-30,2020-09-30,Q3,0.0,0.0,0.0,0.0,0.0,121000.0,0.0,0.0,121000.0,121000.0,1000.0,0.0,51000.0,0.0,-121000.0,0.0,0.0,-6145000.0,0.0,0.0,-6145000.0,0.0,-0.01,-0.01,576026000,576026000,https://www.oslobors.no/ob_eng/,https://www.oslobors.no/ob_eng/,1620597719,18:01:59,20210509
2,2020-06-30,SDSD.OL,USD,2020-06-30,2020-06-30,Q2,0.0,0.0,0.0,0.0,0.0,137000.0,0.0,0.0,137000.0,137000.0,0.0,0.0,7161000.0,0.0,-137000.0,0.0,0.0,-3586000.0,0.0,0.0,-3586000.0,0.0,-0.01,-0.01,576026000,576026000,https://www.oslobors.no/ob_eng/,https://www.oslobors.no/ob_eng/,1620597719,18:01:59,20210509
3,2020-03-31,SDSD.OL,USD,2020-03-31,2020-03-31,Q1,0.0,0.0,0.0,0.0,0.0,119000.0,0.0,0.0,119000.0,119000.0,0.0,0.0,9342000.0,0.0,-119000.0,0.0,0.0,-10583000.0,0.0,0.0,-10583000.0,0.0,-0.018372,-0.018372,576026000,576026000,https://www.oslobors.no/ob_eng/,https://www.oslobors.no/ob_eng/,1620597719,18:01:59,20210509
4,2019-12-31,SDSD.OL,USD,2019-12-31,2019-12-31,Q4,0.0,0.0,0.0,0.0,0.0,-47000.0,0.0,0.0,202000.0,202000.0,0.0,0.0,1522000.0,0.0,-202000.0,0.0,0.0,-1574000.0,0.0,0.0,-1574000.0,0.0,-0.002732515546173263,-0.002732515546173263,576026000,576026000,https://www.oslobors.no/ob_eng/,https://www.oslobors.no/ob_eng/,1620597719,18:01:59,20210509
5,2019-09-30,SDSD.OL,USD,2019-09-30,2019-09-30,Q3,0.0,0.0,0.0,0.0,0.0,120000.0,0.0,0.0,120000.0,120000.0,0.0,0.0,-1151000.0,0.0,-120000.0,0.0,0.0,569000.0,0.0,0.0,569000.0,0.0,0.000988,0.000988,576026000,576026000,https://www.oslobors.no/ob_eng/,https://www.oslobors.no/ob_eng/,1620597719,18:01:59,20210509
6,2019-06-30,SDSD.OL,USD,2019-06-30,2019-06-30,Q2,0.0,0.0,0.0,0.0,0.0,147000.0,0.0,0.0,147000.0,147000.0,0.0,0.0,-4821000.0,0.0,-147000.0,0.0,0.0,4563000.0,0.0,0.0,4563000.0,0.0,0.01,0.01,576026000,576026000,https://www.oslobors.no/ob_eng/,https://www.oslobors.no/ob_eng/,1620597719,18:01:59,20210509
7,2019-03-31,SDSD.OL,USD,2019-03-31,2019-03-31,Q1,0.0,0.0,0.0,0.0,0.0,94000.0,0.0,0.0,94000.0,94000.0,0.0,0.0,-3042000.0,0.0,-94000.0,0.0,0.0,2984000.0,0.0,0.0,2984000.0,0.0,0.01,0.01,576026000,576026000,https://www.oslobors.no/ob_eng/,https://www.oslobors.no/ob_eng/,1620597719,18:01:59,20210509
8,2018-12-31,SDSD.OL,USD,2018-12-31,2018-12-31,Q4,0.0,0.0,0.0,0.0,0.0,13000.0,0.0,0.0,186000.0,186000.0,0.0,0.0,-2489000.0,0.0,-186000.0,0.0,0.0,1556000.0,0.0,0.0,1556000.0,0.0,0.002701266956699871,0.002701266956699871,576026000,576026000,https://www.oslobors.no/ob_eng/,https://www.oslobors.no/ob_eng/,1620597719,18:01:59,20210509
9,2018-09-30,SDSD.OL,USD,2018-09-30,2018-09-30,Q3,0.0,0.0,0.0,0.0,0.0,129000.0,0.0,0.0,129000.0,129000.0,0.0,0.0,6000.0,0.0,-129000.0,0.0,0.0,-233000.0,0.0,0.0,-233000.0,0.0,-0.000404,-0.000404,576026000,576026000,https://www.oslobors.no/ob_eng/,https://www.oslobors.no/ob_eng/,1620597719,18:01:59,20210509
10,2018-06-30,SDSD.OL,USD,2018-06-30,2018-06-30,Q2,0.0,0.0,0.0,0.0,0.0,134000.0,0.0,0.0,134000.0,134000.0,0.0,0.0,2115000.0,0.0,-134000.0,0.0,0.0,-2703000.0,0.0,0.0,-2703000.0,0.0,-0.004692,-0.004692,576026000,576026000,https://www.oslobors.no/ob_eng/,https://www.oslobors.no/ob_eng/,1620597719,18:01:59,20210509
11,2018-03-31,SDSD.OL,USD,2018-03-31,2018-03-31,Q1,0.0,0.0,0.0,0.0,0.0,137000.0,0.0,0.0,137000.0,137000.0,5000.0,0.0,762000.0,0.0,-137000.0,0.0,0.0,145000.0,0.0,0.0,145000.0,0.0,0.000273,0.000273,530841000,530841000,https://www.oslobors.no/ob_eng/,https://www.oslobors.no/ob_eng/,1620597719,18:01:59,20210509
12,2017-12-31,SDSD.OL,USD,2017-12-31,2017-12-31,Q4,0.0,0.0,0.0,0.0,0.0,244000.0,0.0,0.0,244000.0,244000.0,0.0,0.0,-4162000.0,0.0,-244000.0,0.0,0.0,3604000.0,0.0,0.0,3604000.0,0.0,0.01,0.01,455863000,455863000,https://www.oslobors.no/ob_eng/,https://www.oslobors.no/ob_eng/,1620597719,18:01:59,20210509
13,2017-09-30,SDSD.OL,USD,2017-09-30,2017-09-30,Q3,0.0,0.0,0.0,0.0,0.0,130000.0,0.0,0.0,130000.0,130000.0,0.0,0.0,6428000.0,0.0,-130000.0,0.0,0.0,-5758000.0,0.0,0.0,-5758000.0,0.0,-0.02,-0.02,356688000,356688000,https://www.oslobors.no/ob_eng/,https://www.oslobors.no/ob_eng/,1620597719,18:01:59,20210509
14,2017-06-30,SDSD.OL,USD,2017-06-30,2017-06-30,Q2,0.0,0.0,0.0,0.0,0.0,205000.0,0.0,0.0,205000.0,205000.0,0.0,0.0,593000.0,0.0,-205000.0,0.0,0.0,-708000.0,0.0,0.0,-708000.0,0.0,-0.001985,-0.001985,356688000,356688000,https://www.oslobors.no/ob_eng/,https://www.oslobors.no/ob_eng/,1620597719,18:01:59,20210509
15,2017-03-31,SDSD.OL,USD,2017-03-31,2017-03-31,Q1,0.0,0.0,0.0,0.0,0.0,142000.0,0.0,0.0,142000.0,142000.0,0.0,0.0,-1278000.0,0.0,-142000.0,0.0,0.0,1691000.0,0.0,0.0,1691000.0,0.0,0.005115,0.005115,330588002,330588002,https://www.oslobors.no/ob_eng/,https://www.oslobors.no/ob_eng/,1620597719,18:01:59,20210509
16,2016-12-31,SDSD.OL,USD,2016-12-31,2016-12-31,Q4,0.0,0.0,0.0,0.0,0.0,152000.0,0.0,0.0,152000.0,152000.0,0.0,0.0,-345000.0,0.0,-152000.0,0.0,0.0,34000.0,0.0,0.0,34000.0,0.0,0.000272,0.000272,124816151,124816151,https://www.oslobors.no/ob_eng/,https://www.oslobors.no/ob_eng/,1620597719,18:01:59,20210509
17,2016-09-30,SDSD.OL,USD,2016-09-30,2016-09-30,Q3,0.0,0.0,0.0,0.0,0.0,96000.0,0.0,0.0,96000.0,96000.0,1000.0,0.0,-497000.0,0.0,-96000.0,0.0,0.0,-498000.0,0.0,0.0,-498000.0,0.0,-0.004171,-0.004171,119389961,119389961,https://www.oslobors.no/ob_eng/,https://www.oslobors.no/ob_eng/,1620597719,18:01:59,20210509
18,2016-06-30,SDSD.OL,USD,2016-06-30,2016-06-30,Q2,0.0,0.0,0.0,0.0,0.0,91000.0,0.0,0.0,91000.0,91000.0,3000.0,0.0,-80000.0,0.0,-91000.0,0.0,0.0,-83000.0,0.0,0.0,-83000.0,0.0,-0.000695,-0.000695,119389961,119389961,https://www.oslobors.no/ob_eng/,https://www.oslobors.no/ob_eng/,1620597719,18:01:59,20210509
19,2016-03-31,SDSD.OL,USD,2016-03-31,2016-03-31,Q1,0.0,0.0,0.0,0.0,0.0,162000.0,0.0,0.0,162000.0,162000.0,3000.0,0.0,-143000.0,0.0,-162000.0,0.0,0.0,-146000.0,0.0,0.0,-146000.0,0.0,-0.001223,-0.001223,119389961,119389961,https://www.oslobors.no/ob_eng/,https://www.oslobors.no/ob_eng/,1620597719,18:01:59,20210509
20,2015-12-31,SDSD.OL,USD,2015-12-31,2015-12-31,Q4,0.0,0.0,0.0,0.0,0.0,153000.0,0.0,0.0,153000.0,153000.0,0.0,0.0,-147000.0,0.0,-153000.0,0.0,0.0,5000.0,0.0,0.0,5000.0,0.0,4e-05,4e-05,124816151,124816151,https://www.oslobors.no/ob_eng/,https://www.oslobors.no/ob_eng/,1620597719,18:01:59,20210509
21,2015-09-30,SDSD.OL,USD,2015-09-30,2015-09-30,Q3,0.0,0.0,0.0,0.0,0.0,165000.0,0.0,0.0,165000.0,165000.0,1000.0,0.0,-2052000.0,0.0,-165000.0,0.0,0.0,-2053000.0,0.0,0.0,-2053000.0,0.0,-0.021945,-0.021945,119389961,119389961,https://www.oslobors.no/ob_eng/,https://www.oslobors.no/ob_eng/,1620597719,18:01:59,20210509
22,2015-06-30,SDSD.OL,USD,2015-06-30,2015-06-30,Q2,0.0,0.0,0.0,0.0,0.0,134000.0,0.0,0.0,135000.0,135000.0,2000.0,1000.0,-134000.0,0.0,-135000.0,0.0,0.0,-1065000.0,0.0,0.0,-1065000.0,0.0,-0.00892,-0.00892,119389961,119389961,https://www.oslobors.no/ob_eng/,https://www.oslobors.no/ob_eng/,1620597719,18:01:59,20210509
23,2015-03-31,SDSD.OL,USD,2015-03-31,2015-03-31,Q1,0.0,0.0,0.0,0.0,0.0,227000.0,0.0,0.0,228000.0,228000.0,2000.0,1000.0,-227000.0,0.0,-228000.0,0.0,0.0,-204000.0,0.0,0.0,-204000.0,0.0,-0.001709,-0.001709,119389961,119389961,https://www.oslobors.no/ob_eng/,https://www.oslobors.no/ob_eng/,1620597719,18:01:59,20210509
24,2014-12-31,SDSD.OL,USD,2014-12-31,2014-12-31,Q4,0.0,0.0,0.0,0.0,0.0,-30000.0,0.0,0.0,220000.0,220000.0,0.0,1000.0,-219000.0,0.0,-220000.0,0.0,0.0,-6311000.0,0.0,0.0,-6311000.0,0.0,-0.010956102675920879,-0.010956102675920879,576026000,576026000,https://www.oslobors.no/ob_eng/,https://www.oslobors.no/ob_eng/,1620597719,18:01:59,20210509
25,2014-09-30,SDSD.OL,USD,2014-09-30,2014-09-30,Q3,0.0,0.0,0.0,0.0,0.0,256000.0,0.0,0.0,258000.0,258000.0,1000.0,2000.0,-256000.0,0.0,-258000.0,0.0,0.0,-9201000.0,0.0,2000.0,-9203000.0,0.0,-0.08778,-0.08778,119389961,119389961,https://www.oslobors.no/ob_eng/,https://www.oslobors.no/ob_eng/,1620597719,18:01:59,20210509
26,2014-06-30,SDSD.OL,USD,2014-06-30,2014-06-30,Q2,0.0,0.0,0.0,0.0,0.0,277000.0,0.0,0.0,280000.0,280000.0,3000.0,3000.0,-277000.0,0.0,-280000.0,0.0,0.0,-235000.0,0.0,1000.0,-236000.0,0.0,-0.001977,-0.001977,119389961,119389961,https://www.oslobors.no/ob_eng/,https://www.oslobors.no/ob_eng/,1620597719,18:01:59,20210509
27,2014-03-31,SDSD.OL,USD,2014-03-31,2014-03-31,Q1,0.0,0.0,0.0,0.0,0.0,316000.0,0.0,0.0,318000.0,318000.0,1000.0,2000.0,-316000.0,0.0,-318000.0,0.0,0.0,-251000.0,0.0,68000.0,-319000.0,0.0,-0.002672,-0.002672,119389961,119389961,https://www.oslobors.no/ob_eng/,https://www.oslobors.no/ob_eng/,1620597719,18:01:59,20210509
28,2013-12-31,SDSD.OL,USD,2013-12-31,2013-12-31,Q4,0.0,0.0,0.0,0.0,0.0,-3186000.0,0.0,0.0,523000.0,523000.0,0.0,2000.0,-521000.0,0.0,-523000.0,0.0,0.0,-560000.0,0.0,0.0,-560000.0,0.0,-0.0009721783391721901,-0.0009721783391721901,576026000,576026000,https://www.oslobors.no/ob_eng/,https://www.oslobors.no/ob_eng/,1620597719,18:01:59,20210509
29,2013-09-30,SDSD.OL,USD,2013-09-30,2013-09-30,Q3,0.0,0.0,0.0,0.0,0.0,1511000.0,0.0,0.0,1515000.0,1515000.0,2000.0,4000.0,-1511000.0,0.0,-1515000.0,0.0,0.0,-1451000.0,0.0,-1000.0,-1450000.0,0.0,-0.021945,-0.021945,119389961,119389961,https://www.oslobors.no/ob_eng/,https://www.oslobors.no/ob_eng/,1620597719,18:01:59,20210509
30,2013-06-30,SDSD.OL,USD,2013-06-30,2013-06-30,Q2,0.0,0.0,0.0,0.0,0.0,1649000.0,0.0,0.0,1651000.0,1651000.0,4000.0,2000.0,-1649000.0,0.0,-1651000.0,0.0,0.0,29626000.0,0.0,0.0,29626000.0,0.0,0.241394,0.241394,119389961,119389961,https://www.oslobors.no/ob_eng/,https://www.oslobors.no/ob_eng/,1620597719,18:01:59,20210509
31,2013-03-31,SDSD.OL,USD,2013-03-31,2013-03-31,Q1,0.0,0.0,0.0,0.0,0.0,2317000.0,0.0,0.0,2321000.0,2321000.0,8000.0,4000.0,-2317000.0,0.0,-2321000.0,0.0,0.0,41884000.0,0.0,-13000.0,41897000.0,0.0,0.351118,0.351118,119389961,119389961,https://www.oslobors.no/ob_eng/,https://www.oslobors.no/ob_eng/,1620597719,18:01:59,20210509
32,2012-12-31,SDSD.OL,USD,2012-12-31,2012-12-31,Q4,0.0,0.0,0.0,0.0,0.0,-3159000.0,0.0,0.0,19599000.0,19599000.0,0.0,4000.0,-19595000.0,0.0,-19599000.0,0.0,0.0,22655000.0,0.0,53000.0,22602000.0,0.0,0.039237812182089,0.039237812182089,576026000,576026000,https://www.oslobors.no/ob_eng/,https://www.oslobors.no/ob_eng/,1620597719,18:01:59,20210509
33,2012-09-30,SDSD.OL,USD,2012-09-30,2012-09-30,Q3,0.0,0.0,0.0,0.0,0.0,2237000.0,0.0,0.0,-14436000.0,-14436000.0,0.0,3000.0,14439000.0,0.0,14436000.0,0.0,0.0,14602000.0,0.0,0.0,14602000.0,0.0,0.131669,0.131669,119389961,119389961,https://www.oslobors.no/ob_eng/,https://www.oslobors.no/ob_eng/,1620597719,18:01:59,20210509
34,2012-06-30,SDSD.OL,USD,2012-06-30,2012-06-30,Q2,0.0,0.0,0.0,0.0,0.0,1885000.0,0.0,0.0,1887000.0,1887000.0,0.0,2000.0,-1885000.0,0.0,-1887000.0,0.0,0.0,1817000.0,0.0,0.0,-1817000.0,0.0,-0.021945,-0.021945,119389961,119389961,https://www.oslobors.no/ob_eng/,https://www.oslobors.no/ob_eng/,1620597719,18:01:59,20210509
35,2012-03-31,SDSD.OL,USD,2012-03-31,2012-03-31,Q1,0.0,0.0,0.0,0.0,0.0,1780000.0,0.0,0.0,1780000.0,1780000.0,0.0,0.0,-1780000.0,0.0,-1780000.0,0.0,0.0,-1682000.0,0.0,3000.0,-1685000.0,0.0,-0.021945,-0.021945,119389961,119389961,https://www.oslobors.no/ob_eng/,https://www.oslobors.no/ob_eng/,1620597719,18:01:59,20210509
36,2011-12-31,SDSD.OL,USD,2011-12-31,2011-12-31,Q4,0.0,0.0,0.0,0.0,0.0,1602000.0,0.0,0.0,1602000.0,1602000.0,0.0,0.0,-1602000.0,0.0,-1602000.0,0.0,0.0,33156000.0,0.0,7000.0,33149000.0,0.0,0.05754774958074809,0.05754774958074809,576026000,576026000,https://www.oslobors.no/ob_eng/,https://www.oslobors.no/ob_eng/,1620597719,18:01:59,20210509
37,2011-09-30,SDSD.OL,USD,2011-09-30,2011-09-30,Q3,0.0,0.0,0.0,0.0,0.0,1303000.0,0.0,0.0,1303000.0,1303000.0,0.0,0.0,-1303000.0,0.0,-1303000.0,0.0,0.0,-1303000.0,0.0,0.0,-1303000.0,0.0,-0.021945,-0.021945,119389961,119389961,https://www.oslobors.no/ob_eng/,https://www.oslobors.no/ob_eng/,1620597719,18:01:59,20210509
38,2011-06-30,SDSD.OL,USD,2011-06-30,2011-06-30,Q2,0.0,0.0,0.0,0.0,0.0,900000.0,0.0,0.0,900000.0,900000.0,0.0,0.0,-900000.0,0.0,-900000.0,0.0,0.0,-900000.0,0.0,0.0,-900000.0,0.0,-0.021945,-0.021945,81933411,81933411,https://www.oslobors.no/ob_eng/,https://www.oslobors.no/ob_eng/,1620597719,18:01:59,20210509
39,2011-03-31,SDSD.OL,USD,2011-03-31,2011-03-31,Q1,0.0,0.0,0.0,0.0,0.0,397000.0,0.0,0.0,397000.0,397000.0,0.0,0.0,-397000.0,0.0,-397000.0,0.0,0.0,-397000.0,0.0,0.0,-397000.0,0.0,-0.021945,-0.021945,19138848,19138848,https://www.oslobors.no/ob_eng/,https://www.oslobors.no/ob_eng/,1620597719,18:01:59,20210509
