,date,symbol,reportedCurrency,fillingDate,acceptedDate,period,revenue,costOfRevenue,grossProfit,grossProfitRatio,researchAndDevelopmentExpenses,generalAndAdministrativeExpenses,sellingAndMarketingExpenses,otherExpenses,operatingExpenses,costAndExpenses,interestExpense,depreciationAndAmortization,ebitda,ebitdaratio,operatingIncome,operatingIncomeRatio,totalOtherIncomeExpensesNet,incomeBeforeTax,incomeBeforeTaxRatio,incomeTaxExpense,netIncome,netIncomeRatio,eps,epsdiluted,weightedAverageShsOut,weightedAverageShsOutDil,link,finalLink,timestamp,est_time,est_date
0,2019-06-30,NSCI.L,GBP,2019-06-30,2019-06-30,Q2,183750.0,29250.0,154500.0,0.8408163265306122,494750.0,519750.0,0.0,0.0,14000.0,1052000.0,5500.0,18500.0,-849750.0,-4.624489795918367,-868250.0,-4.725170068027211,0.0,-908500.0,-4.94421768707483,-22000.0,-1122750.0,-6.110204081632653,-0.1425,-0.1425,7856186.0,7856186.0,https://find-and-update.company-information.service.gov.uk/search/companies?q=Netscientific+PLC,https://find-and-update.company-information.service.gov.uk/search/companies?q=Netscientific+PLC,1620595829,17:30:29,20210509
1,2019-03-31,NSCI.L,GBP,2019-03-31,2019-03-31,Q1,183750.0,29250.0,154500.0,0.8408163265306122,494750.0,519750.0,0.0,0.0,14000.0,1052000.0,5500.0,18500.0,-849750.0,-4.624489795918367,-868250.0,-4.725170068027211,0.0,-908500.0,-4.94421768707483,-22000.0,-1122750.0,-6.110204081632653,-0.1425,-0.1425,7856186.0,7856186.0,https://find-and-update.company-information.service.gov.uk/search/companies?q=Netscientific+PLC,https://find-and-update.company-information.service.gov.uk/search/companies?q=Netscientific+PLC,1620595829,17:30:29,20210509
2,2019-01-31,NSCI.L,GBP,2019-01-31,2019-01-31,Q1,183750.0,29250.0,154500.0,0.8408163265306122,494750.0,519750.0,0.0,0.0,14000.0,1052000.0,5500.0,18500.0,-849750.0,-4.624489795918367,-868250.0,-4.725170068027211,0.0,-908500.0,-4.94421768707483,-22000.0,-1122750.0,-6.110204081632653,-0.1425,-0.1425,7856186.0,7856186.0,https://find-and-update.company-information.service.gov.uk/search/companies?q=Netscientific+PLC,https://find-and-update.company-information.service.gov.uk/search/companies?q=Netscientific+PLC,1620595829,17:30:29,20210509
3,2018-06-30,NSCI.L,GBP,2018-06-30,2018-06-30,Q2,61250.0,19500.0,41750.0,0.6816326530612244,131000.0,705250.0,0.0,0.0,257250.0,863500.0,3000.0,65500.0,-736750.0,-12.028571428571428,-802250.0,-13.097959183673469,0.0,-1017750.0,-16.616326530612245,-18250.0,-2082000.0,-33.99183673469388,-0.275,-0.275,7579604.0,7579604.0,https://find-and-update.company-information.service.gov.uk/search/companies?q=Netscientific+PLC,https://find-and-update.company-information.service.gov.uk/search/companies?q=Netscientific+PLC,1620595829,17:30:29,20210509
4,2018-03-31,NSCI.L,GBP,2018-03-31,2018-03-31,Q1,61250.0,19500.0,41750.0,0.6816326530612244,131000.0,705250.0,0.0,0.0,257250.0,863500.0,3000.0,65500.0,-736750.0,-12.028571428571428,-802250.0,-13.097959183673469,0.0,-1017750.0,-16.616326530612245,-18250.0,-2082000.0,-33.99183673469388,-0.275,-0.275,7579604.0,7579604.0,https://find-and-update.company-information.service.gov.uk/search/companies?q=Netscientific+PLC,https://find-and-update.company-information.service.gov.uk/search/companies?q=Netscientific+PLC,1620595829,17:30:29,20210509
5,2018-01-31,NSCI.L,GBP,2018-01-31,2018-01-31,Q1,61250.0,19500.0,41750.0,0.6816326530612244,131000.0,705250.0,0.0,0.0,257250.0,863500.0,3000.0,65500.0,-736750.0,-12.028571428571428,-802250.0,-13.097959183673469,0.0,-1017750.0,-16.616326530612245,-18250.0,-2082000.0,-33.99183673469388,-0.275,-0.275,7579604.0,7579604.0,https://find-and-update.company-information.service.gov.uk/search/companies?q=Netscientific+PLC,https://find-and-update.company-information.service.gov.uk/search/companies?q=Netscientific+PLC,1620595829,17:30:29,20210509
6,2017-06-30,NSCI.L,GBP,2017-06-30,2017-06-30,Q2,96500.0,61250.0,35250.0,0.36528497409326427,1294250.0,1320250.0,0.0,0.0,76500.0,2744750.0,2750.0,55250.0,-2593000.0,-26.870466321243523,-2648250.0,-27.44300518134715,0.0,-2395000.0,-24.818652849740932,-50500.0,-2079500.0,-21.54922279792746,-0.34,-0.34,6101650.0,6101650.0,https://find-and-update.company-information.service.gov.uk/search/companies?q=Netscientific+PLC,https://find-and-update.company-information.service.gov.uk/search/companies?q=Netscientific+PLC,1620595829,17:30:29,20210509
7,2017-03-31,NSCI.L,GBP,2017-03-31,2017-03-31,Q1,96500.0,61250.0,35250.0,0.36528497409326427,1294250.0,1320250.0,0.0,0.0,76500.0,2744750.0,2750.0,55250.0,-2593000.0,-26.870466321243523,-2648250.0,-27.44300518134715,0.0,-2395000.0,-24.818652849740932,-50500.0,-2079500.0,-21.54922279792746,-0.34,-0.34,6101650.0,6101650.0,https://find-and-update.company-information.service.gov.uk/search/companies?q=Netscientific+PLC,https://find-and-update.company-information.service.gov.uk/search/companies?q=Netscientific+PLC,1620595829,17:30:29,20210509
8,2017-01-31,NSCI.L,GBP,2017-01-31,2017-01-31,Q1,96500.0,61250.0,35250.0,0.36528497409326427,1294250.0,1320250.0,0.0,0.0,76500.0,2744750.0,2750.0,55250.0,-2593000.0,-26.870466321243523,-2648250.0,-27.44300518134715,0.0,-2395000.0,-24.818652849740932,-50500.0,-2079500.0,-21.54922279792746,-0.34,-0.34,6101650.0,6101650.0,https://find-and-update.company-information.service.gov.uk/search/companies?q=Netscientific+PLC,https://find-and-update.company-information.service.gov.uk/search/companies?q=Netscientific+PLC,1620595829,17:30:29,20210509
9,2016-06-30,NSCI.L,GBP,2016-06-30,2016-06-30,Q2,129500.0,63750.0,65750.0,0.5077220077220077,1860750.0,1250250.0,0.0,0.0,18750.0,3236750.0,2000.0,35250.0,-3072000.0,-23.72200772200772,-3107250.0,-23.994208494208493,0.0,-3098000.0,-23.922779922779924,4500.0,-2798750.0,-21.611969111969113,-0.5475,-0.5475,5107569.0,5107569.0,https://find-and-update.company-information.service.gov.uk/search/companies?q=Netscientific+PLC,https://find-and-update.company-information.service.gov.uk/search/companies?q=Netscientific+PLC,1620595829,17:30:29,20210509
10,2016-03-31,NSCI.L,GBP,2016-03-31,2016-03-31,Q1,129500.0,63750.0,65750.0,0.5077220077220077,1860750.0,1250250.0,0.0,0.0,18750.0,3236750.0,2000.0,35250.0,-3072000.0,-23.72200772200772,-3107250.0,-23.994208494208493,0.0,-3098000.0,-23.922779922779924,4500.0,-2798750.0,-21.611969111969113,-0.5475,-0.5475,5107569.0,5107569.0,https://find-and-update.company-information.service.gov.uk/search/companies?q=Netscientific+PLC,https://find-and-update.company-information.service.gov.uk/search/companies?q=Netscientific+PLC,1620595829,17:30:29,20210509
11,2016-01-31,NSCI.L,GBP,2016-01-31,2016-01-31,Q1,129500.0,63750.0,65750.0,0.5077220077220077,1860750.0,1250250.0,0.0,0.0,18750.0,3236750.0,2000.0,35250.0,-3072000.0,-23.72200772200772,-3107250.0,-23.994208494208493,0.0,-3098000.0,-23.922779922779924,4500.0,-2798750.0,-21.611969111969113,-0.5475,-0.5475,5107569.0,5107569.0,https://find-and-update.company-information.service.gov.uk/search/companies?q=Netscientific+PLC,https://find-and-update.company-information.service.gov.uk/search/companies?q=Netscientific+PLC,1620595829,17:30:29,20210509
12,2015-09-30,NSCI.L,GBP,2015-09-30,2015-09-30,Q3,19644.25,1611.75,18032.5,0.9179530905990303,1814071.25,795613.5,0.0,0.0,91827.0,2734874.5,34.25,46291.75,-2668938.5,-135.86359876299682,-2715230.25,-138.2201025745447,0.0,-2830575.0,-144.0917825826896,-23387.5,-2710481.0,-137.9783397177291,-0.71,-0.71,3822855.0,3822855.0,https://find-and-update.company-information.service.gov.uk/search/companies?q=Netscientific+PLC,https://find-and-update.company-information.service.gov.uk/search/companies?q=Netscientific+PLC,1620595829,17:30:29,20210509
13,2015-06-30,NSCI.L,GBP,2015-06-30,2015-06-30,Q2,19644.25,1611.75,18032.5,0.9179530905990303,1814071.25,795613.5,0.0,0.0,91827.0,2734874.5,34.25,46291.75,-2668938.5,-135.86359876299682,-2715230.25,-138.2201025745447,0.0,-2830575.0,-144.0917825826896,-23387.5,-2710481.0,-137.9783397177291,-0.71,-0.71,3822855.0,3822855.0,https://find-and-update.company-information.service.gov.uk/search/companies?q=Netscientific+PLC,https://find-and-update.company-information.service.gov.uk/search/companies?q=Netscientific+PLC,1620595829,17:30:29,20210509
14,2015-03-31,NSCI.L,GBP,2015-03-31,2015-03-31,Q1,19644.25,1611.75,18032.5,0.9179530905990303,1814071.25,795613.5,0.0,0.0,91827.0,2734874.5,34.25,46291.75,-2668938.5,-135.86359876299682,-2715230.25,-138.2201025745447,0.0,-2830575.0,-144.0917825826896,-23387.5,-2710481.0,-137.9783397177291,-0.71,-0.71,3822855.0,3822855.0,https://find-and-update.company-information.service.gov.uk/search/companies?q=Netscientific+PLC,https://find-and-update.company-information.service.gov.uk/search/companies?q=Netscientific+PLC,1620595829,17:30:29,20210509
15,2015-01-31,NSCI.L,GBP,2015-01-31,2015-01-31,Q1,19644.25,1611.75,18032.5,0.9179530905990303,1814071.25,795613.5,0.0,0.0,91827.0,2734874.5,34.25,46291.75,-2668938.5,-135.86359876299682,-2715230.25,-138.2201025745447,0.0,-2830575.0,-144.0917825826896,-23387.5,-2710481.0,-137.9783397177291,-0.71,-0.71,3822855.0,3822855.0,https://find-and-update.company-information.service.gov.uk/search/companies?q=Netscientific+PLC,https://find-and-update.company-information.service.gov.uk/search/companies?q=Netscientific+PLC,1620595829,17:30:29,20210509
16,2014-09-30,NSCI.L,GBP,2014-09-30,2014-09-30,Q3,0.0,0.0,0.0,0.0,918734.75,633757.0,0.0,0.0,160441.75,1806402.25,11417.75,16898.75,-1789503.5,0.0,-1806402.25,0.0,0.0,-1828451.5,0.0,-46752.0,-1606252.75,0.0,-0.4475,-0.4475,3590202.0,3590202.0,https://find-and-update.company-information.service.gov.uk/search/companies?q=Netscientific+PLC,https://find-and-update.company-information.service.gov.uk/search/companies?q=Netscientific+PLC,1620595829,17:30:29,20210509
17,2014-06-30,NSCI.L,GBP,2014-06-30,2014-06-30,Q2,0.0,0.0,0.0,0.0,918734.75,633757.0,0.0,0.0,160441.75,1806402.25,11417.75,16898.75,-1789503.5,0.0,-1806402.25,0.0,0.0,-1828451.5,0.0,-46752.0,-1606252.75,0.0,-0.4475,-0.4475,3590202.0,3590202.0,https://find-and-update.company-information.service.gov.uk/search/companies?q=Netscientific+PLC,https://find-and-update.company-information.service.gov.uk/search/companies?q=Netscientific+PLC,1620595829,17:30:29,20210509
18,2014-03-31,NSCI.L,GBP,2014-03-31,2014-03-31,Q1,0.0,0.0,0.0,0.0,918734.75,633757.0,0.0,0.0,160441.75,1806402.25,11417.75,16898.75,-1789503.5,0.0,-1806402.25,0.0,0.0,-1828451.5,0.0,-46752.0,-1606252.75,0.0,-0.4475,-0.4475,3590202.0,3590202.0,https://find-and-update.company-information.service.gov.uk/search/companies?q=Netscientific+PLC,https://find-and-update.company-information.service.gov.uk/search/companies?q=Netscientific+PLC,1620595829,17:30:29,20210509
19,2014-01-31,NSCI.L,GBP,2014-01-31,2014-01-31,Q1,0.0,0.0,0.0,0.0,918734.75,633757.0,0.0,0.0,160441.75,1806402.25,11417.75,16898.75,-1789503.5,0.0,-1806402.25,0.0,0.0,-1828451.5,0.0,-46752.0,-1606252.75,0.0,-0.4475,-0.4475,3590202.0,3590202.0,https://find-and-update.company-information.service.gov.uk/search/companies?q=Netscientific+PLC,https://find-and-update.company-information.service.gov.uk/search/companies?q=Netscientific+PLC,1620595829,17:30:29,20210509
20,2013-09-30,NSCI.L,GBP,2013-09-30,2013-09-30,Q3,0.0,0.0,0.0,0.0,190656.0,475060.5,0.0,0.0,0.0,800608.25,8802.5,1781.0,-798827.25,0.0,-800608.25,0.0,0.0,-1087854.25,0.0,-3538.25,-1028141.25,0.0,-0.525,-0.525,1958364.0,1958364.0,https://find-and-update.company-information.service.gov.uk/search/companies?q=Netscientific+PLC,https://find-and-update.company-information.service.gov.uk/search/companies?q=Netscientific+PLC,1620595829,17:30:29,20210509
21,2013-06-30,NSCI.L,GBP,2013-06-30,2013-06-30,Q2,0.0,0.0,0.0,0.0,190656.0,475060.5,0.0,0.0,0.0,800608.25,8802.5,1781.0,-798827.25,0.0,-800608.25,0.0,0.0,-1087854.25,0.0,-3538.25,-1028141.25,0.0,-0.525,-0.525,1958364.0,1958364.0,https://find-and-update.company-information.service.gov.uk/search/companies?q=Netscientific+PLC,https://find-and-update.company-information.service.gov.uk/search/companies?q=Netscientific+PLC,1620595829,17:30:29,20210509
22,2013-03-31,NSCI.L,GBP,2013-03-31,2013-03-31,Q1,0.0,0.0,0.0,0.0,190656.0,475060.5,0.0,0.0,0.0,800608.25,8802.5,1781.0,-798827.25,0.0,-800608.25,0.0,0.0,-1087854.25,0.0,-3538.25,-1028141.25,0.0,-0.525,-0.525,1958364.0,1958364.0,https://find-and-update.company-information.service.gov.uk/search/companies?q=Netscientific+PLC,https://find-and-update.company-information.service.gov.uk/search/companies?q=Netscientific+PLC,1620595829,17:30:29,20210509
23,2013-01-31,NSCI.L,GBP,2013-01-31,2013-01-31,Q1,0.0,0.0,0.0,0.0,190656.0,475060.5,0.0,0.0,0.0,800608.25,8802.5,1781.0,-798827.25,0.0,-800608.25,0.0,0.0,-1087854.25,0.0,-3538.25,-1028141.25,0.0,-0.525,-0.525,1958364.0,1958364.0,https://find-and-update.company-information.service.gov.uk/search/companies?q=Netscientific+PLC,https://find-and-update.company-information.service.gov.uk/search/companies?q=Netscientific+PLC,1620595829,17:30:29,20210509
24,2012-09-30,NSCI.L,GBP,2012-09-30,2012-09-30,Q3,0.0,0.0,0.0,0.0,0.0,355789.25,0.0,0.0,0.5,351789.75,27836.0,1036.0,-350753.75,0.0,-351789.75,0.0,0.0,-383031.5,0.0,0.0,-383031.5,0.0,-0.10675,-0.10675,3590202.0,3590202.0,https://find-and-update.company-information.service.gov.uk/search/companies?q=Netscientific+PLC,https://find-and-update.company-information.service.gov.uk/search/companies?q=Netscientific+PLC,1620595829,17:30:29,20210509
25,2012-06-30,NSCI.L,GBP,2012-06-30,2012-06-30,Q2,0.0,0.0,0.0,0.0,0.0,355789.25,0.0,0.0,0.5,351789.75,27836.0,1036.0,-350753.75,0.0,-351789.75,0.0,0.0,-383031.5,0.0,0.0,-383031.5,0.0,-0.10675,-0.10675,3590202.0,3590202.0,https://find-and-update.company-information.service.gov.uk/search/companies?q=Netscientific+PLC,https://find-and-update.company-information.service.gov.uk/search/companies?q=Netscientific+PLC,1620595829,17:30:29,20210509
26,2012-03-31,NSCI.L,GBP,2012-03-31,2012-03-31,Q1,0.0,0.0,0.0,0.0,0.0,355789.25,0.0,0.0,0.5,351789.75,27836.0,1036.0,-350753.75,0.0,-351789.75,0.0,0.0,-383031.5,0.0,0.0,-383031.5,0.0,-0.10675,-0.10675,3590202.0,3590202.0,https://find-and-update.company-information.service.gov.uk/search/companies?q=Netscientific+PLC,https://find-and-update.company-information.service.gov.uk/search/companies?q=Netscientific+PLC,1620595829,17:30:29,20210509
27,2012-01-31,NSCI.L,GBP,2012-01-31,2012-01-31,Q1,0.0,0.0,0.0,0.0,0.0,355789.25,0.0,0.0,0.5,351789.75,27836.0,1036.0,-350753.75,0.0,-351789.75,0.0,0.0,-383031.5,0.0,0.0,-383031.5,0.0,-0.10675,-0.10675,3590202.0,3590202.0,https://find-and-update.company-information.service.gov.uk/search/companies?q=Netscientific+PLC,https://find-and-update.company-information.service.gov.uk/search/companies?q=Netscientific+PLC,1620595829,17:30:29,20210509
28,2011-09-30,NSCI.L,GBP,2011-09-30,2011-09-30,Q3,0.0,0.0,0.0,0.0,0.0,282100.25,0.0,0.0,0.0,282100.25,12691.25,571.25,-281529.0,0.0,-282100.25,0.0,0.0,-307332.0,0.0,0.0,-307332.0,0.0,-0.0855,-0.0855,3590202.0,3590202.0,https://find-and-update.company-information.service.gov.uk/search/companies?q=Netscientific+PLC,https://find-and-update.company-information.service.gov.uk/search/companies?q=Netscientific+PLC,1620595829,17:30:29,20210509
29,2011-06-30,NSCI.L,GBP,2011-06-30,2011-06-30,Q2,0.0,0.0,0.0,0.0,0.0,282100.25,0.0,0.0,0.0,282100.25,12691.25,571.25,-281529.0,0.0,-282100.25,0.0,0.0,-307332.0,0.0,0.0,-307332.0,0.0,-0.0855,-0.0855,3590202.0,3590202.0,https://find-and-update.company-information.service.gov.uk/search/companies?q=Netscientific+PLC,https://find-and-update.company-information.service.gov.uk/search/companies?q=Netscientific+PLC,1620595829,17:30:29,20210509
30,2011-03-31,NSCI.L,GBP,2011-03-31,2011-03-31,Q1,0.0,0.0,0.0,0.0,0.0,282100.25,0.0,0.0,0.0,282100.25,12691.25,571.25,-281529.0,0.0,-282100.25,0.0,0.0,-307332.0,0.0,0.0,-307332.0,0.0,-0.0855,-0.0855,3590202.0,3590202.0,https://find-and-update.company-information.service.gov.uk/search/companies?q=Netscientific+PLC,https://find-and-update.company-information.service.gov.uk/search/companies?q=Netscientific+PLC,1620595829,17:30:29,20210509
31,2011-01-31,NSCI.L,GBP,2011-01-31,2011-01-31,Q1,0.0,0.0,0.0,0.0,0.0,282100.25,0.0,0.0,0.0,282100.25,12691.25,571.25,-281529.0,0.0,-282100.25,0.0,0.0,-307332.0,0.0,0.0,-307332.0,0.0,-0.0855,-0.0855,3590202.0,3590202.0,https://find-and-update.company-information.service.gov.uk/search/companies?q=Netscientific+PLC,https://find-and-update.company-information.service.gov.uk/search/companies?q=Netscientific+PLC,1620595829,17:30:29,20210509
32,2010-09-30,NSCI.L,GBP,2010-09-30,2010-09-30,Q3,0.0,0.0,0.0,0.0,0.0,134397.0,0.0,0.0,101424.5,234320.5,7443.75,706.5,-233614.0,0.0,-234320.5,0.0,0.0,-267291.75,0.0,0.0,-267291.75,0.0,-0.0745,-0.0745,3590202.0,3590202.0,https://find-and-update.company-information.service.gov.uk/search/companies?q=Netscientific+PLC,https://find-and-update.company-information.service.gov.uk/search/companies?q=Netscientific+PLC,1620595829,17:30:29,20210509
33,2010-06-30,NSCI.L,GBP,2010-06-30,2010-06-30,Q2,0.0,0.0,0.0,0.0,0.0,134397.0,0.0,0.0,101424.5,234320.5,7443.75,706.5,-233614.0,0.0,-234320.5,0.0,0.0,-267291.75,0.0,0.0,-267291.75,0.0,-0.0745,-0.0745,3590202.0,3590202.0,https://find-and-update.company-information.service.gov.uk/search/companies?q=Netscientific+PLC,https://find-and-update.company-information.service.gov.uk/search/companies?q=Netscientific+PLC,1620595829,17:30:29,20210509
34,2010-03-31,NSCI.L,GBP,2010-03-31,2010-03-31,Q1,0.0,0.0,0.0,0.0,0.0,134397.0,0.0,0.0,101424.5,234320.5,7443.75,706.5,-233614.0,0.0,-234320.5,0.0,0.0,-267291.75,0.0,0.0,-267291.75,0.0,-0.0745,-0.0745,3590202.0,3590202.0,https://find-and-update.company-information.service.gov.uk/search/companies?q=Netscientific+PLC,https://find-and-update.company-information.service.gov.uk/search/companies?q=Netscientific+PLC,1620595829,17:30:29,20210509
35,2010-01-31,NSCI.L,GBP,2010-01-31,2010-01-31,Q1,0.0,0.0,0.0,0.0,0.0,134397.0,0.0,0.0,101424.5,234320.5,7443.75,706.5,-233614.0,0.0,-234320.5,0.0,0.0,-267291.75,0.0,0.0,-267291.75,0.0,-0.0745,-0.0745,3590202.0,3590202.0,https://find-and-update.company-information.service.gov.uk/search/companies?q=Netscientific+PLC,https://find-and-update.company-information.service.gov.uk/search/companies?q=Netscientific+PLC,1620595829,17:30:29,20210509
