,date,symbol,reportedCurrency,fillingDate,acceptedDate,period,revenue,costOfRevenue,grossProfit,grossProfitRatio,researchAndDevelopmentExpenses,generalAndAdministrativeExpenses,sellingAndMarketingExpenses,otherExpenses,operatingExpenses,costAndExpenses,interestExpense,depreciationAndAmortization,ebitda,ebitdaratio,operatingIncome,operatingIncomeRatio,totalOtherIncomeExpensesNet,incomeBeforeTax,incomeBeforeTaxRatio,incomeTaxExpense,netIncome,netIncomeRatio,eps,epsdiluted,weightedAverageShsOut,weightedAverageShsOutDil,link,finalLink,timestamp,est_time,est_date
0,2021-03-31,SBER.ME,RUB,2021-03-31,2021-03-31,Q1,703100000000,0.0,0.0,0.0,0.0,12800000000,2100000000.0,0.0,276600000000,0.0,177900000000,22100000000.0,0.0,0.0,0.0,0.5366235243919784,0.0,377300000000,0.5366235243919784,72500000000,304900000000,0.43365097425686244,14.19,14.19,21500000000,21500000000,http://www.cbr.ru/eng/search/?text=SBER&category=Any&time=Any&dateFrom=&dateTo=,http://www.cbr.ru/eng/search/?text=SBER&category=Any&time=Any&dateFrom=&dateTo=,1620597605,18:00:05,20210509
1,2020-12-31,SBER.ME,RUB,2020-12-31,2020-12-31,Q4,691400000000,0.0,0.0,0.0,0.0,27200000000,7700000000.0,0.0,335700000000,0.0,178500000000,22300000000.0,0.0,0.0,0.0,0.3505929997107318,0.0,242400000000,0.3505929997107318,43400000000,201800000000,0.29187156494070005,9.386046511627907,9.386046511627907,21500000000,21500000000,,,1620597605,18:00:05,20210509
2,2020-09-30,SBER.ME,RUB,2020-09-30,2020-09-30,Q3,685800000000,0.0,0.0,0.0,0.0,16900000000,1900000000.0,0.0,268500000000,0.0,172000000000,22500000000.0,0.0,0.0,0.0,0.48600174978127736,0.0,333300000000,0.48600174978127736,67700000000,272100000000,0.3967629046369204,11.82,11.82,21500000000,21500000000,http://www.cbr.ru/eng/search/?text=SBER&category=Any&time=Any&dateFrom=&dateTo=,http://www.cbr.ru/eng/search/?text=SBER&category=Any&time=Any&dateFrom=&dateTo=,1620597605,18:00:05,20210509
3,2020-06-30,SBER.ME,RUB,2020-06-30,2020-06-30,Q2,571900000000,0.0,0.0,0.0,0.0,16700000000,1800000000.0,0.0,235800000000,0.0,188100000000,21000000000.0,0.0,0.0,0.0,0.3652736492393775,0.0,208900000000,0.3652736492393775,42200000000,167000000000,0.29200909249868856,7.78,7.78,21500000000,21500000000,http://www.cbr.ru/eng/search/?text=SBER&category=Any&time=Any&dateFrom=&dateTo=,http://www.cbr.ru/eng/search/?text=SBER&category=Any&time=Any&dateFrom=&dateTo=,1620597605,18:00:05,20210509
4,2019-12-31,SBER.ME,RUB,2019-12-31,2019-12-31,Q4,633800000000,0.0,0.0,0.0,0.0,669800000000,0.0,0.0,331100000000,0.0,215100000000,0.0,0.0,0.0,0.0,0.41322183654149575,0.0,261900000000,0.41322183654149575,49900000000,211900000000,0.3343325970337646,9.855813953488372,9.855813953488372,21500000000,21500000000,http://www.cbr.ru/eng/search/?text=SBER&category=Any&time=Any&dateFrom=&dateTo=,http://www.cbr.ru/eng/search/?text=SBER&category=Any&time=Any&dateFrom=&dateTo=,1620597605,18:00:05,20210509
5,2019-09-30,SBER.ME,RUB,2019-09-30,2019-09-30,Q3,572900000000,0.0,0.0,0.0,0.0,21100000000,1900000000.0,0.0,255700000000,0.0,227300000000,18300000000.0,0.0,0.0,0.0,0.4986908710071566,0.0,285700000000,0.4986908710071566,54900000000,155900000000,0.2721242799790539,7.25,7.25,21500000000,21500000000,http://www.cbr.ru/eng/search/?text=SBER&category=Any&time=Any&dateFrom=&dateTo=,http://www.cbr.ru/eng/search/?text=SBER&category=Any&time=Any&dateFrom=&dateTo=,1620597605,18:00:05,20210509
6,2019-06-30,SBER.ME,RUB,2019-06-30,2019-06-30,Q2,570100000000,0.0,0.0,0.0,0.0,18900000000,2100000000.0,0.0,253800000000,0.0,230900000000,16900000000.0,0.0,0.0,0.0,0.5386774250131556,0.0,307100000000,0.5386774250131556,61200000000,250100000000,0.43869496579547446,10.9,10.9,21500000000,21500000000,http://www.cbr.ru/eng/search/?text=SBER&category=Any&time=Any&dateFrom=&dateTo=,http://www.cbr.ru/eng/search/?text=SBER&category=Any&time=Any&dateFrom=&dateTo=,1620597605,18:00:05,20210509
7,2019-03-31,SBER.ME,RUB,2019-03-31,2019-03-31,Q1,530300000000,0.0,0.0,0.0,0.0,9900000000,900000000.0,0.0,229000000000,0.0,221700000000,16800000000.0,0.0,0.0,0.0,0.5355459174052423,0.0,284000000000,0.5355459174052423,57900000000,227000000000,0.42805958891193663,10.55,10.55,21500000000,21500000000,http://www.cbr.ru/eng/search/?text=SBER&category=Any&time=Any&dateFrom=&dateTo=,http://www.cbr.ru/eng/search/?text=SBER&category=Any&time=Any&dateFrom=&dateTo=,1620597605,18:00:05,20210509
8,2018-12-31,SBER.ME,RUB,2018-12-31,2018-12-31,Q4,569000000000,0.0,0.0,0.0,0.0,27800000000,4200000000.0,0.0,290200000000,0.0,200700000000,14100000000.0,0.0,0.0,0.0,0.4070298769771529,0.0,231600000000,0.4070298769771529,50900000000,177300000000,0.31159929701230227,8.246511627906976,8.246511627906976,21500000000,21500000000,http://www.cbr.ru/eng/search/?text=SBER&category=Any&time=Any&dateFrom=&dateTo=,http://www.cbr.ru/eng/search/?text=SBER&category=Any&time=Any&dateFrom=&dateTo=,1620597605,18:00:05,20210509
9,2018-09-30,SBER.ME,RUB,2018-09-30,2018-09-30,Q3,567300000000,0.0,0.0,0.0,0.0,16900000000,2000000000.0,0.0,234400000000,0.0,179800000000,12700000000.0,0.0,0.0,0.0,0.4819319583994359,0.0,273400000000,0.4819319583994359,56300000000,228200000000,0.40225630178036315,10.6,10.6,21500000000,21500000000,http://www.cbr.ru/eng/search/?text=SBER&category=Any&time=Any&dateFrom=&dateTo=,http://www.cbr.ru/eng/search/?text=SBER&category=Any&time=Any&dateFrom=&dateTo=,1620597605,18:00:05,20210509
10,2018-06-30,SBER.ME,RUB,2018-06-30,2018-06-30,Q2,511000000000,0.0,0.0,0.0,0.0,18200000000,1800000000.0,0.0,238900000000,0.0,168100000000,11000000000.0,0.0,0.0,0.0,0.5090019569471624,0.0,260100000000,0.5090019569471624,51800000000,215400000000,0.4215264187866928,9.46,9.46,21500000000,21500000000,http://www.cbr.ru/eng/search/?text=SBER&category=Any&time=Any&dateFrom=&dateTo=,http://www.cbr.ru/eng/search/?text=SBER&category=Any&time=Any&dateFrom=&dateTo=,1620597605,18:00:05,20210509
11,2018-03-31,SBER.ME,RUB,2018-03-31,2018-03-31,Q1,642200000000,0.0,0.0,0.0,0.0,11400000000,1100000000.0,0.0,321700000000,0.0,185400000000,11100000000.0,0.0,0.0,0.0,0.4117097477421364,0.0,264400000000,0.4117097477421364,52300000000,212000000000,0.330115228900654,9.84,9.84,21500000000,21500000000,http://www.cbr.ru/eng/search/?text=SBER&category=Any&time=Any&dateFrom=&dateTo=,http://www.cbr.ru/eng/search/?text=SBER&category=Any&time=Any&dateFrom=&dateTo=,1620597605,18:00:05,20210509
12,2017-12-31,SBER.ME,RUB,2017-12-31,2017-12-31,Q4,590800000000,0.0,0.0,0.0,0.0,32900000000,3700000000.0,0.0,286400000000,0.0,200900000000,11700000000.0,0.0,0.0,0.0,0.38050101557210564,0.0,224800000000,0.38050101557210564,52400000000,174400000000,0.29519295870006773,8.111627906976745,8.111627906976745,21500000000,21500000000,http://www.cbr.ru/eng/search/?text=SBER&category=Any&time=Any&dateFrom=&dateTo=,http://www.cbr.ru/eng/search/?text=SBER&category=Any&time=Any&dateFrom=&dateTo=,1620597605,18:00:05,20210509
13,2017-09-30,SBER.ME,RUB,2017-09-30,2017-09-30,Q3,560400000000,0.0,0.0,0.0,0.0,17700000000,1700000000.0,-2000000000.0,222100000000,0.0,206000000000,11800000000.0,291200000000.0,0.5196288365453248,279400000000.0,0.49857244825124913,0.0,279400000000,0.49857244825124913,55300000000,222400000000,0.396859386152748,10.33,10.33,21500000000,21500000000,http://www.cbr.ru/eng/search/?text=SBER&category=Any&time=Any&dateFrom=&dateTo=,http://www.cbr.ru/eng/search/?text=SBER&category=Any&time=Any&dateFrom=&dateTo=,1620597605,18:00:05,20210509
14,2017-06-30,SBER.ME,RUB,2017-06-30,2017-06-30,Q2,544700000000,0.0,0.0,0.0,0.0,16900000000,1500000000.0,0.0,217500000000,0.0,204700000000,10600000000.0,0.0,0.0,0.0,0.42427024049935746,0.0,231100000000,0.42427024049935746,45500000000,185800000000,0.34110519552047,8.36,8.36,21500000000,21500000000,http://www.cbr.ru/eng/search/?text=SBER&category=Any&time=Any&dateFrom=&dateTo=,http://www.cbr.ru/eng/search/?text=SBER&category=Any&time=Any&dateFrom=&dateTo=,1620597605,18:00:05,20210509
15,2017-03-31,SBER.ME,RUB,2017-03-31,2017-03-31,Q1,582200000000,0.0,0.0,0.0,0.0,10500000000,1000000000.0,0.0,300800000000,0.0,214800000000,9900000000.0,0.0,0.0,0.0,0.3570937822054277,0.0,207900000000,0.3570937822054277,41300000000,167800000000,0.2882171075231879,7.79,7.79,21500000000,21500000000,http://www.cbr.ru/eng/search/?text=SBER&category=Any&time=Any&dateFrom=&dateTo=,http://www.cbr.ru/eng/search/?text=SBER&category=Any&time=Any&dateFrom=&dateTo=,1620597605,18:00:05,20210509
16,2016-12-31,SBER.ME,RUB,2016-12-31,2016-12-31,Q4,513100000000,0.0,0.0,0.0,0.0,30400000000,4800000000.0,0.0,247700000000,0.0,226800000000,17200000000.0,0.0,0.0,0.0,0.3504190216332099,0.0,179800000000,0.3504190216332099,38000000000,140800000000,0.2744104463067628,6.5488372093023255,6.5488372093023255,21500000000,21500000000,http://www.cbr.ru/eng/search/?text=SBER&category=Any&time=Any&dateFrom=&dateTo=,http://www.cbr.ru/eng/search/?text=SBER&category=Any&time=Any&dateFrom=&dateTo=,1620597605,18:00:05,20210509
17,2016-09-30,SBER.ME,RUB,2016-09-30,2016-09-30,Q3,485600000000,0.0,0.0,0.0,0.0,19500000000,1200000000.0,0.0,213600000000,0.0,234700000000,15000000000.0,0.0,0.0,0.0,0.3507001647446458,0.0,170300000000,0.3507001647446458,33300000000,137100000000,0.282331136738056,6.36,6.36,21500000000,21500000000,http://www.cbr.ru/eng/search/?text=SBER&category=Any&time=Any&dateFrom=&dateTo=,http://www.cbr.ru/eng/search/?text=SBER&category=Any&time=Any&dateFrom=&dateTo=,1620597605,18:00:05,20210509
18,2016-06-30,SBER.ME,RUB,2016-06-30,2016-06-30,Q2,474600000000,0.0,0.0,0.0,0.0,19000000000,1600000000.0,0.0,200300000000,0.0,249300000000,15400000000.0,0.0,0.0,0.0,0.3739991571849979,0.0,177500000000,0.3739991571849979,32100000000,144600000000,0.30467762326169406,6.62,6.62,21500000000,21500000000,http://www.cbr.ru/eng/search/?text=SBER&category=Any&time=Any&dateFrom=&dateTo=,http://www.cbr.ru/eng/search/?text=SBER&category=Any&time=Any&dateFrom=&dateTo=,1620597605,18:00:05,20210509
19,2016-03-31,SBER.ME,RUB,2016-03-31,2016-03-31,Q1,505400000000,0.0,0.0,0.0,0.0,12300000000,1300000000.0,0.0,271600000000,0.0,276100000000,16400000000.0,0.0,0.0,0.0,0.29659675504550853,0.0,149900000000,0.29659675504550853,32200000000,118000000000,0.2334784329244163,5.49,5.49,21500000000,21500000000,http://www.cbr.ru/eng/search/?text=SBER&category=Any&time=Any&dateFrom=&dateTo=,http://www.cbr.ru/eng/search/?text=SBER&category=Any&time=Any&dateFrom=&dateTo=,1620597605,18:00:05,20210509
20,2015-12-31,SBER.ME,RUB,2015-12-31,2015-12-31,Q4,655600000000,0.0,0.0,0.0,0.0,29800000000,2700000000.0,0.0,420100000000,0.0,291200000000,16100000000.0,0.0,0.0,0.0,0.1741915802318487,0.0,114200000000,0.1741915802318487,41600000000,73100000000,0.11150091519219037,3.4,3.4,21500000000,21500000000,http://www.cbr.ru/eng/search/?text=SBER&category=Any&time=Any&dateFrom=&dateTo=,http://www.cbr.ru/eng/search/?text=SBER&category=Any&time=Any&dateFrom=&dateTo=,1620597605,18:00:05,20210509
21,2015-09-30,SBER.ME,RUB,2015-09-30,2015-09-30,Q3,390400000000,0.0,0.0,0.0,0.0,17100000000,1300000000.0,0.0,168300000000,0.0,301000000000,14300000000.0,0.0,0.0,0.0,0.23565573770491804,0.0,92000000000,0.23565573770491804,26900000000,65400000000,0.1675204918032787,3.04,3.04,21500000000,21500000000,http://www.cbr.ru/eng/search/?text=SBER&category=Any&time=Any&dateFrom=&dateTo=,http://www.cbr.ru/eng/search/?text=SBER&category=Any&time=Any&dateFrom=&dateTo=,1620597605,18:00:05,20210509
22,2015-06-30,SBER.ME,RUB,2015-06-30,2015-06-30,Q2,350000000000,0.0,0.0,0.0,0.0,17600000000,1500000000.0,0.0,157600000000,0.0,308300000000,15400000000.0,0.0,0.0,0.0,0.21457142857142858,0.0,75100000000,0.21457142857142858,20500000000,54200000000,0.15485714285714286,2.5,2.5,21500000000,21500000000,http://www.cbr.ru/eng/search/?text=SBER&category=Any&time=Any&dateFrom=&dateTo=,http://www.cbr.ru/eng/search/?text=SBER&category=Any&time=Any&dateFrom=&dateTo=,1620597605,18:00:05,20210509
23,2015-03-31,SBER.ME,RUB,2015-03-31,2015-03-31,Q1,319600000000,0.0,0.0,0.0,0.0,11400000000,1800000000.0,0.0,154400000000,0.0,352700000000,15900000000.0,0.0,0.0,0.0,0.15613266583229035,0.0,49900000000,0.15613266583229035,19300000000,30600000000,0.09574468085106383,1.42,1.42,21549295775,21549295775,http://www.cbr.ru/eng/search/?text=SBER&category=Any&time=Any&dateFrom=&dateTo=,http://www.cbr.ru/eng/search/?text=SBER&category=Any&time=Any&dateFrom=&dateTo=,1620597605,18:00:05,20210509
24,2014-12-31,SBER.ME,RUB,2014-12-31,2014-12-31,Q4,349700000000,0.0,0.0,0.0,0.0,21700000000,200000000.0,0.0,174200000000,0.0,238000000000,17100000000.0,0.0,0.0,0.0,0.19445238776093796,0.0,68000000000,0.19445238776093796,19000000000,49900000000,0.14269373748927652,2.3209302325581396,2.3209302325581396,21500000000,21500000000,http://www.cbr.ru/eng/search/?text=SBER&category=Any&time=Any&dateFrom=&dateTo=,http://www.cbr.ru/eng/search/?text=SBER&category=Any&time=Any&dateFrom=&dateTo=,1620597605,18:00:05,20210509
25,2014-09-30,SBER.ME,RUB,2014-09-30,2014-09-30,Q3,360300000000,0.0,0.0,0.0,0.0,19100000000,2000000000.0,0.0,165000000000,0.0,195900000000,15400000000.0,0.0,0.0,0.0,0.2520122120455176,0.0,90800000000,0.2520122120455176,19900000000,71300000000,0.19789064668331946,3.32,3.32,21500000000,21500000000,http://www.cbr.ru/eng/search/?text=SBER&category=Any&time=Any&dateFrom=&dateTo=,http://www.cbr.ru/eng/search/?text=SBER&category=Any&time=Any&dateFrom=&dateTo=,1620597605,18:00:05,20210509
26,2014-06-30,SBER.ME,RUB,2014-06-30,2014-06-30,Q2,356500000000,0.0,0.0,0.0,0.0,12800000000,4900000000.0,0.0,161600000000,0.0,184700000000,14500000000.0,0.0,0.0,0.0,0.3396914446002805,0.0,121100000000,0.3396914446002805,23600000000,97600000000,0.27377279102384294,4.39,4.39,21500000000,21500000000,http://www.cbr.ru/eng/search/?text=SBER&category=Any&time=Any&dateFrom=&dateTo=,http://www.cbr.ru/eng/search/?text=SBER&category=Any&time=Any&dateFrom=&dateTo=,1620597605,18:00:05,20210509
27,2014-03-31,SBER.ME,RUB,2014-03-31,2014-03-31,Q1,318400000000,0.0,0.0,0.0,0.0,9300000000,2600000000.0,0.0,147000000000,0.0,166500000000,14000000000.0,0.0,0.0,0.0,0.2961683417085427,0.0,94300000000,0.2961683417085427,21400000000,73400000000,0.2305276381909548,3.41,3.41,21500000000,21500000000,http://www.cbr.ru/eng/search/?text=SBER&category=Any&time=Any&dateFrom=&dateTo=,http://www.cbr.ru/eng/search/?text=SBER&category=Any&time=Any&dateFrom=&dateTo=,1620597605,18:00:05,20210509
28,2013-12-31,SBER.ME,RUB,2013-12-31,2013-12-31,Q4,331800000000,0.0,0.0,0.0,0.0,21600000000,4100000000.0,6100000000.0,184200000000,0.0,154400000000,14000000000.0,130000000000.0,0.39180229053646776,116000000000.0,0.34960819770946355,0.0,116000000000,0.34960819770946355,22300000000,94100000000,0.2836045810729355,4.376744186046512,4.376744186046512,21500000000,21500000000,http://www.cbr.ru/eng/search/?text=SBER&category=Any&time=Any&dateFrom=&dateTo=,http://www.cbr.ru/eng/search/?text=SBER&category=Any&time=Any&dateFrom=&dateTo=,1620597605,18:00:05,20210509
29,2013-09-30,SBER.ME,RUB,2013-09-30,2013-09-30,Q3,304300000000,0.0,0.0,0.0,0.0,13700000000,3300000000.0,0.0,137300000000,0.0,151500000000,13200000000.0,0.0,0.0,0.0,0.39533355241537954,0.0,120300000000,0.39533355241537954,26500000000,94600000000,0.31087742359513637,4.4,4.4,21500000000,21500000000,http://www.cbr.ru/eng/search/?text=SBER&category=Any&time=Any&dateFrom=&dateTo=,http://www.cbr.ru/eng/search/?text=SBER&category=Any&time=Any&dateFrom=&dateTo=,1620597605,18:00:05,20210509
30,2013-06-30,SBER.ME,RUB,2013-06-30,2013-06-30,Q2,282000000000,0.0,0.0,0.0,0.0,12400000000,3100000000.0,0.0,141300000000,0.0,144100000000,13700000000.0,0.0,0.0,0.0,0.3861702127659574,0.0,108900000000,0.3861702127659574,22900000000,86500000000,0.3067375886524823,3.85,3.85,21600000000,21600000000,http://www.cbr.ru/eng/search/?text=SBER&category=Any&time=Any&dateFrom=&dateTo=,http://www.cbr.ru/eng/search/?text=SBER&category=Any&time=Any&dateFrom=&dateTo=,1620597605,18:00:05,20210509
31,2013-03-31,SBER.ME,RUB,2013-03-31,2013-03-31,Q1,265100000000,0.0,0.0,0.0,0.0,7800000000,2200000000.0,0.0,122500000000,0.0,137800000000,14000000000.0,0.0,0.0,0.0,0.41682384006035456,0.0,110500000000,0.41682384006035456,22000000000,88600000000,0.3342135043379857,4.1,4.1,21600000000,21600000000,http://www.cbr.ru/eng/search/?text=SBER&category=Any&time=Any&dateFrom=&dateTo=,http://www.cbr.ru/eng/search/?text=SBER&category=Any&time=Any&dateFrom=&dateTo=,1620597605,18:00:05,20210509
32,2012-12-31,SBER.ME,RUB,2012-12-31,2012-12-31,Q4,323100000000,0.0,0.0,0.0,0.0,7400000000,4700000000.0,0.0,226900000000,0.0,115700000000,14700000000.0,0.0,0.0,0.0,0.3327143299288146,0.0,107500000000,0.3327143299288146,22400000000,86500000000,0.2677189724543485,4.023255813953488,4.023255813953488,21500000000,21500000000,http://www.cbr.ru/eng/search/?text=SBER&category=Any&time=Any&dateFrom=&dateTo=,http://www.cbr.ru/eng/search/?text=SBER&category=Any&time=Any&dateFrom=&dateTo=,1620597605,18:00:05,20210509
33,2012-09-30,SBER.ME,RUB,2012-09-30,2012-09-30,Q3,233900000000,0.0,0.0,0.0,0.0,20100000000,1900000000.0,0.0,100200000000,0.0,116300000000,13500000000.0,0.0,0.0,0.0,0.48268490808037623,0.0,112900000000,0.48268490808037623,25400000000,87300000000,0.37323642582300126,4.08,4.08,21500000000,21500000000,http://www.cbr.ru/eng/search/?text=SBER&category=Any&time=Any&dateFrom=&dateTo=,http://www.cbr.ru/eng/search/?text=SBER&category=Any&time=Any&dateFrom=&dateTo=,1620597605,18:00:05,20210509
34,2012-06-30,SBER.ME,RUB,2012-06-30,2012-06-30,Q2,237800000000,0.0,0.0,0.0,0.0,11600000000,2600000000.0,0.0,120900000000,0.0,97400000000,14300000000.0,0.0,0.0,0.0,0.4739276703111859,0.0,112700000000,0.4739276703111859,29600000000,83400000000,0.3507148864592094,3.76,3.76,21500000000,21500000000,http://www.cbr.ru/eng/search/?text=SBER&category=Any&time=Any&dateFrom=&dateTo=,http://www.cbr.ru/eng/search/?text=SBER&category=Any&time=Any&dateFrom=&dateTo=,1620597605,18:00:05,20210509
35,2012-03-31,SBER.ME,RUB,2012-03-31,2012-03-31,Q1,220700000000,0.0,0.0,0.0,0.0,6300000000,1500000000.0,0.0,109300000000,0.0,87800000000,13600000000.0,0.0,0.0,0.0,0.520163117353874,0.0,114800000000,0.520163117353874,22600000000,92200000000,0.4177616674218396,4.28,4.28,21500000000,21500000000,http://www.cbr.ru/eng/search/?text=SBER&category=Any&time=Any&dateFrom=&dateTo=,http://www.cbr.ru/eng/search/?text=SBER&category=Any&time=Any&dateFrom=&dateTo=,1620597605,18:00:05,20210509
36,2011-12-31,SBER.ME,RUB,2011-12-31,2011-12-31,Q4,204599000000,0.0,0.0,0.0,0.0,35825000000,2937000000.0,0.0,113331000000,0.0,76398000000,12897000000.0,0.0,0.0,0.0,0.3762530608654001,0.0,76981000000,0.3762530608654001,16839000000,60895000000,0.2976309757134688,2.8323255813953487,2.8323255813953487,21500000000,21500000000,http://www.cbr.ru/eng/search/?text=SBER&category=Any&time=Any&dateFrom=&dateTo=,http://www.cbr.ru/eng/search/?text=SBER&category=Any&time=Any&dateFrom=&dateTo=,1620597605,18:00:05,20210509
37,2011-09-30,SBER.ME,RUB,2011-09-30,2011-09-30,Q3,189400000000,0.0,0.0,0.0,0.0,14200000000,900000000.0,0.0,77300000000,0.0,70500000000,11000000000.0,0.0,0.0,0.0,0.5263991552270327,0.0,99700000000,0.5263991552270327,20100000000,79400000000,0.4192185850052798,3.69,3.69,21600000000,21600000000,http://www.cbr.ru/eng/search/?text=SBER&category=Any&time=Any&dateFrom=&dateTo=,http://www.cbr.ru/eng/search/?text=SBER&category=Any&time=Any&dateFrom=&dateTo=,1620597605,18:00:05,20210509
