,date,symbol,reportedCurrency,fillingDate,acceptedDate,period,revenue,costOfRevenue,grossProfit,grossProfitRatio,researchAndDevelopmentExpenses,generalAndAdministrativeExpenses,sellingAndMarketingExpenses,otherExpenses,operatingExpenses,costAndExpenses,interestExpense,depreciationAndAmortization,ebitda,ebitdaratio,operatingIncome,operatingIncomeRatio,totalOtherIncomeExpensesNet,incomeBeforeTax,incomeBeforeTaxRatio,incomeTaxExpense,netIncome,netIncomeRatio,eps,epsdiluted,weightedAverageShsOut,weightedAverageShsOutDil,link,finalLink,timestamp,est_time,est_date
0,2020-12-31,KOSS,USD,2021-01-29,2021-01-29 07:55:05,Q2,4929789.0,3311892.0,1617897.0,0.3281878798463788,0.0,1615824.0,0.0,506700.0,1615824.0,4927716.0,0.0,79281.0,81354.0,0.01650253185278315,2073.0,0.00042050481268062384,506700.0,511433.0,0.10374338536598625,2543.0,508890.0,0.10322754178728542,0.0687154508694451,0.06827576491423434,7405758.0,7453450.0,https://www.sec.gov/Archives/edgar/data/56701/000005670121000006/0000056701-21-000006-index.htm,https://www.sec.gov/Archives/edgar/data/56701/000005670121000006/koss-20201231x10q.htm,1620594215,17:03:35,20210509
1,2020-09-30,KOSS,USD,2020-11-05,2020-11-05 17:07:46,Q1,5208295.0,3572067.0,1636228.0,0.3141580882035292,0.0,1505772.0,0.0,0.0,1505772.0,5077839.0,2051.0,74278.0,204734.0,0.039309217315839445,130456.0,0.025047736351339545,0.0,128405.0,0.024653941453009094,1477.0,126928.0,0.024370355365815492,0.01714124198107965,0.017132325102227994,7404831.0,7408685.0,https://www.sec.gov/Archives/edgar/data/56701/000005670120000008/0000056701-20-000008-index.htm,https://www.sec.gov/Archives/edgar/data/56701/000005670120000008/koss-20200930x10q.htm,1620594215,17:03:35,20210509
2,2020-06-30,KOSS,USD,2020-08-27,2020-08-27,Q4,3948968.0,2587678.0,1361290.0,0.34472044341711555,0.0,1207667.0,0.0,0.0,1207667.0,3795345.0,0.0,72228.0,225851.0,0.057192410776689,153623.0,0.038902062513547844,0.0,153853.0,0.038960305578571414,-4385.0,158238.0,0.040070722274781666,0.02,0.02,7404831.0,7404831.0,https://www.sec.gov/Archives/edgar/data/56701/000143774920018841/0001437749-20-018841-index.htm,https://www.sec.gov/Archives/edgar/data/56701/000143774920018841/koss20200630_10k.htm,1620594215,17:03:35,20210509
3,2020-03-31,KOSS,USD,2020-05-08 00:00:00,2020-05-08 16:47:26,Q3,4789441.0,3199665.0,1589776.0,0.33193351791994097,0.0,1687676.0,0.0,0.0,1687676.0,4887341.0,0.0,69263.0,-28637.0,-0.0059791946492294195,-97900.0,-0.02044079883226456,0.0,-91269.0,-0.019056294878671644,6104.0,-97373.0,-0.020330765114342154,-0.01,-0.01,7404831.0,7404831.0,https://www.sec.gov/Archives/edgar/data/56701/000143774920010098/0001437749-20-010098-index.html,https://www.sec.gov/Archives/edgar/data/56701/000143774920010098/koss20200331_10q.htm,1620594215,17:03:35,20210509
4,2019-12-31,KOSS,USD,2020-01-31 00:00:00,2020-01-31 16:37:01,Q2,4162659.0,2798572.0,1364087.0,0.32769607118911254,0.0,1586705.0,0.0,0.0,1586705.0,4385277.0,0.0,94781.0,-127837.0,-0.030710418508938638,-222618.0,-0.05347975897136902,0.0,-215691.0,-0.051815678392104665,22.0,-215713.0,-0.05182096347550928,-0.03,-0.03,7404831.0,7404831.0,https://www.sec.gov/Archives/edgar/data/56701/000143774920001491/0001437749-20-001491-index.html,https://www.sec.gov/Archives/edgar/data/56701/000143774920001491/koss20191231b_10q.htm,1620594215,17:03:35,20210509
5,2019-09-30,KOSS,USD,2019-11-12 00:00:00,2019-11-12 17:07:38,Q1,5410762.0,4063308.0,1347454.0,0.2490322065542709,0.0,1664600.0,0.0,0.0,1664600.0,5727908.0,0.0,94357.0,-222789.0,-0.04117516165005964,-317146.0,-0.0586139253583876,0.0,-310749.0,-0.0574316519558613,0.0,-310749.0,-0.0574316519558613,-0.04,-0.04,7404831.0,7404831.0,https://www.sec.gov/Archives/edgar/data/56701/000143774919022504/0001437749-19-022504-index.html,https://www.sec.gov/Archives/edgar/data/56701/000143774919022504/koss20190930b_10q.htm,1620594215,17:03:35,20210509
6,2019-06-30,KOSS,USD,2019-08-30 00:00:00,2019-08-30 16:15:55,Q4,5785784.0,4114798.0,1670986.0,0.2888089150925786,0.0,1617396.0,0.0,0.0,1617396.0,5732194.0,3178.0,92804.0,146394.0,0.025302361788825854,53590.0,0.009262357530111736,0.0,56768.0,0.009811634862276227,-3508.0,60276.0,0.010417948544224948,0.00814009124583667,0.008139438317179636,7404831.0,7405425.0,https://www.sec.gov/Archives/edgar/data/56701/000143774919017702/0001437749-19-017702-index.html,https://www.sec.gov/Archives/edgar/data/56701/000143774919017702/koss20180630_10k.htm,1620594215,17:03:35,20210509
7,2019-03-31,KOSS,USD,2019-05-10 00:00:00,2019-05-10 16:41:23,Q3,4860247.0,3205039.0,1655208.0,0.3405604694576222,0.0,1505922.0,0.0,0.0,1505922.0,4710961.0,0.0,88116.0,237402.0,0.04884566566267105,149286.0,0.030715722884042725,0.0,149286.0,0.030715722884042725,-23020.0,172306.0,0.03545210768094708,0.02326940344756011,0.023242535028841726,7404831.0,7413391.0,https://www.sec.gov/Archives/edgar/data/56701/000005670119000016/0000056701-19-000016-index.html,https://www.sec.gov/Archives/edgar/data/56701/000005670119000016/fy19q310-q.htm,1620594215,17:03:35,20210509
8,2018-12-31,KOSS,USD,2019-01-25 00:00:00,2019-01-25 17:05:51,Q2,5411227.0,3748732.0,1662495.0,0.30723068908400997,0.0,1530626.0,0.0,0.0,1528374.0,5277106.0,0.0,123082.0,257203.0,0.04753136395867333,134121.0,0.024785690934791684,0.0,134121.0,0.024785690934791684,0.0,134121.0,0.024785690934791684,0.018112634846088993,0.01809172077933027,7404831.0,7413391.0,https://www.sec.gov/Archives/edgar/data/56701/000005670119000006/0000056701-19-000006-index.html,https://www.sec.gov/Archives/edgar/data/56701/000005670119000006/fy19q210-q.htm,1620594215,17:03:35,20210509
9,2018-09-30,KOSS,USD,2018-11-02 00:00:00,2018-11-02 17:11:03,Q1,5784839.0,3953655.0,1831184.0,0.3165488270287211,0.0,1732894.0,0.0,0.0,1763748.0,5717403.0,0.0,125748.0,193184.0,0.03339487926976015,67436.0,0.011657368511033755,0.0,67436.0,0.011657368511033755,25.0,67411.0,0.011653046869584443,0.01,0.01,7389751.0,7389751.0,https://www.sec.gov/Archives/edgar/data/56701/000005670118000044/0000056701-18-000044-index.html,https://www.sec.gov/Archives/edgar/data/56701/000005670118000044/fy19q110-q.htm,1620594215,17:03:35,20210509
10,2018-06-30,KOSS,USD,2018-08-23 00:00:00,2018-08-23 16:59:31,Q4,7238260.0,5179712.0,2058548.0,0.28439818409396733,0.0,1718351.0,0.0,0.0,1735796.0,6915508.0,0.0,141040.0,463792.0,0.06407506776490482,322752.0,0.044589721839226555,0.0,341517.0,0.04718219572107109,-5512.0,347029.0,0.04794370470251138,0.05,0.05,6940580.0,6940580.0,https://www.sec.gov/Archives/edgar/data/56701/000005670118000033/0000056701-18-000033-index.html,https://www.sec.gov/Archives/edgar/data/56701/000005670118000033/fy201810-k.htm,1620594215,17:03:35,20210509
11,2018-03-31,KOSS,USD,2018-05-11 00:00:00,2018-05-11 16:14:13,Q3,4326674.0,3363121.0,963553.0,0.22270062408214716,0.0,1772560.0,0.0,0.0,1771295.0,5134416.0,0.0,121671.0,-686071.0,-0.15856775897606337,-807742.0,-0.18668889775379424,0.0,-807742.0,-0.18668889775379424,5126.0,-812868.0,-0.18787364150846586,-0.11,-0.11,7382706.0,7382706.0,https://www.sec.gov/Archives/edgar/data/56701/000005670118000014/0000056701-18-000014-index.html,https://www.sec.gov/Archives/edgar/data/56701/000005670118000014/fy18q310-q.htm,1620594215,17:03:35,20210509
12,2017-12-31,KOSS,USD,2018-01-31 00:00:00,2018-01-31 17:14:30,Q2,5883877.0,3997922.0,1885955.0,0.32052930406261043,0.0,1800304.0,0.0,0.0,1798533.0,5796455.0,2526.0,132191.0,219613.0,0.03732453958503891,87422.0,0.014857890469158346,0.0,84896.0,0.014428581698767666,3022617.0,-2937721.0,-0.4992832107129364,-0.4,-0.4,7382706.0,7382706.0,https://www.sec.gov/Archives/edgar/data/56701/000005670118000004/0000056701-18-000004-index.html,https://www.sec.gov/Archives/edgar/data/56701/000005670118000004/fy18q210-q.htm,1620594215,17:03:35,20210509
13,2017-09-30,KOSS,USD,2017-10-27 00:00:00,2017-10-27 16:05:38,Q1,6066630.0,4392676.0,1673954.0,0.27592815121410075,0.0,1647706.0,0.0,0.0,1633297.0,6025973.0,2692.0,131359.0,172016.0,0.028354457087378,40657.0,0.0067017438017482524,0.0,37965.0,0.006258004856073306,20465.0,17500.0,0.002884632819209347,0.00237,0.00237,7382706.0,7382706.0,https://www.sec.gov/Archives/edgar/data/56701/000005670117000044/0000056701-17-000044-index.html,https://www.sec.gov/Archives/edgar/data/56701/000005670117000044/fy18q110-q.htm,1620594215,17:03:35,20210509
14,2017-06-30,KOSS,USD,2017-08-25 00:00:00,2017-08-25 16:17:33,Q4,6243863.0,4447831.0,1796032.0,0.2876475668988894,0.0,1871022.0,0.0,0.0,1864811.0,6312642.0,0.0,127799.0,59020.0,0.009452481580713734,-68779.0,-0.011015456296847,0.0,-68779.0,-0.011015456296847,1598.0,-70377.0,-0.01127138760091309,-0.01,-0.01,7037600.0,7037600.0,https://www.sec.gov/Archives/edgar/data/56701/000005670117000038/0000056701-17-000038-index.html,https://www.sec.gov/Archives/edgar/data/56701/000005670117000038/fy201710-k.htm,1620594215,17:03:35,20210509
15,2017-03-31,KOSS,USD,2017-05-12 00:00:00,2017-05-12 16:16:48,Q3,4773915.0,3823613.0,950302.0,0.19906135739744005,0.0,1965698.0,0.0,0.0,2005361.0,5828974.0,0.0,120966.0,-934093.0,-0.19566603092011484,-1055059.0,-0.2210049822839326,0.0,-1055059.0,-0.2210049822839326,62523.0,-1117582.0,-0.234101780195081,-0.15,-0.15,7382706.0,7382706.0,https://www.sec.gov/Archives/edgar/data/56701/000005670117000015/0000056701-17-000015-index.html,https://www.sec.gov/Archives/edgar/data/56701/000005670117000015/fy17q310-q.htm,1620594215,17:03:35,20210509
16,2016-12-31,KOSS,USD,2017-01-26 00:00:00,2017-01-26 17:28:01,Q2,6687797.0,4481086.0,2206711.0,0.32996082267449206,0.0,1987391.0,0.0,0.0,1983987.0,6465073.0,118.0,130983.0,353707.0,0.05288841751626133,222724.0,0.033303044335825385,0.0,222606.0,0.03328540025960716,82494.0,140112.0,0.02095039667023386,0.02,0.02,7382706.0,7382706.0,https://www.sec.gov/Archives/edgar/data/56701/000005670117000006/0000056701-17-000006-index.html,https://www.sec.gov/Archives/edgar/data/56701/000005670117000006/fy17q210-q.htm,1620594215,17:03:35,20210509
17,2016-09-30,KOSS,USD,2016-10-28 00:00:00,2016-10-28 16:15:58,Q1,6348706.0,4406447.0,1942259.0,0.3059299013058724,0.0,1775771.0,0.0,0.0,1813271.0,6219718.0,846.0,123837.0,252825.0,0.03982307575748507,128988.0,0.020317211097820562,0.0,128142.0,0.02018395559662079,43931.0,84211.0,0.013264277791411353,0.01,0.01,8421100.0,8421100.0,https://www.sec.gov/Archives/edgar/data/56701/000005670116000091/0000056701-16-000091-index.html,https://www.sec.gov/Archives/edgar/data/56701/000005670116000091/fy17q110-q.htm,1620594215,17:03:35,20210509
18,2016-06-30,KOSS,USD,2016-08-25,2016-08-25 16:47:03,Q4,7238684.0,4717610.0,2521074.0,0.3482779466543919,0.0,2098859.0,0.0,0.0,2098859.0,6816469.0,0.0,119765.0,541980.0,0.074872725484356,422215.0,0.05832759103726589,0.0,422215.0,0.05832759103726589,188728.0,233487.0,0.03225544864232228,0.03,0.03,7782900.0,7782900.0,https://www.sec.gov/Archives/edgar/data/56701/000005670116000084/fy201610-k.htm,https://www.sec.gov/Archives/edgar/data/56701/000005670116000084/fy201610-k.htm,1620594215,17:03:35,20210509
19,2016-03-31,KOSS,USD,2016-05-13 00:00:00,2016-05-13 16:15:42,Q3,6002059.0,3889719.0,2112340.0,0.3519358939990427,0.0,2105740.0,0.0,0.0,744789.0,4634508.0,0.0,115433.0,1482984.0,0.24707921065087832,1367551.0,0.22784697717899807,0.0,1367551.0,0.22784697717899807,497865.0,869686.0,0.14489794252272428,0.12,0.12,7382706.0,7382706.0,https://www.sec.gov/Archives/edgar/data/56701/000005670116000063/0000056701-16-000063-index.html,https://www.sec.gov/Archives/edgar/data/56701/000005670116000063/fy16q310-q.htm,1620594215,17:03:35,20210509
20,2015-12-31,KOSS,USD,2016-01-29 00:00:00,2016-01-29 16:56:50,Q2,7229341.0,4566518.0,2662823.0,0.36833550941918497,0.0,2026589.0,0.0,0.0,2026589.0,6593107.0,757.0,128431.0,764665.0,0.1057724348595536,636234.0,0.08800719180351294,0.0,635477.0,0.08790247963126929,248845.0,386632.0,0.05348094660357009,0.05,0.05,7382706.0,7382706.0,https://www.sec.gov/Archives/edgar/data/56701/000005670116000055/0000056701-16-000055-index.html,https://www.sec.gov/Archives/edgar/data/56701/000005670116000055/fy16q210-q.htm,1620594215,17:03:35,20210509
21,2015-09-30,KOSS,USD,2015-10-30 00:00:00,2015-10-30 16:38:41,Q1,5531262.0,3884927.0,1646335.0,0.29764184014425643,0.0,1803221.0,0.0,0.0,1803221.0,5688148.0,5318.0,123505.0,-33381.0,-0.006034969958031278,-156886.0,-0.02836350908707633,0.0,-162204.0,-0.029324953328914813,-61400.0,-100804.0,-0.018224412439692785,-0.01,-0.01,7382706.0,7382706.0,https://www.sec.gov/Archives/edgar/data/56701/000005670115000049/0000056701-15-000049-index.html,https://www.sec.gov/Archives/edgar/data/56701/000005670115000049/q1fy1610-q.htm,1620594215,17:03:35,20210509
22,2015-06-30,KOSS,USD,2015-08-28 00:00:00,2015-08-27 17:43:17,Q4,5718864.0,3638434.0,2080430.0,0.36378378643031206,0.0,1897769.0,0.0,0.0,1850226.0,5488660.0,0.0,122287.0,352491.0,0.06163654180270767,230204.0,0.04025344893671191,0.0,230204.0,0.04025344893671191,-124603.0,354807.0,0.06204151733631015,0.05,0.05,7096160.0,7096160.0,https://www.sec.gov/Archives/edgar/data/56701/000005670115000031/0000056701-15-000031-index.html,https://www.sec.gov/Archives/edgar/data/56701/000005670115000031/fy201510-k.htm,1620594215,17:03:35,20210509
23,2015-03-31,KOSS,USD,2015-05-08 00:00:00,2015-05-08 16:44:16,Q3,6001556.0,3886443.0,2115113.0,0.35242743715129876,0.0,1998231.0,0.0,0.0,1999309.0,5885752.0,0.0,108544.0,224348.0,0.037381639028278665,115804.0,0.019295662658150654,0.0,115804.0,0.019295662658150654,58586.0,57218.0,0.009533860885410384,0.01,0.01,7382706.0,7382706.0,https://www.sec.gov/Archives/edgar/data/56701/000005670115000013/0000056701-15-000013-index.html,https://www.sec.gov/Archives/edgar/data/56701/000005670115000013/q3fy1510-q.htm,1620594215,17:03:35,20210509
24,2014-12-31,KOSS,USD,2015-01-30,2015-01-30 16:43:15,Q2,7040150.0,4629843.0,2410307.0,0.3423658586819883,0.0,2069746.0,0.0,0.0,2094746.0,6724589.0,8480.0,167147.0,482708.0,0.06856501637038984,315561.0,0.04482305064522773,0.0,307081.0,0.04361853085516644,141495.0,165586.0,0.023520237494939738,0.02,0.02,7382706.0,7382706.0,https://www.sec.gov/Archives/edgar/data/56701/000005670115000004/q2fy1510-q.htm,https://www.sec.gov/Archives/edgar/data/56701/000005670115000004/q2fy1510-q.htm,1620594215,17:03:35,20210509
25,2014-09-30,KOSS,USD,2014-10-31 00:00:00,2014-10-31 17:08:24,Q1,5469486.0,3626769.0,1842717.0,0.33690862358912704,0.0,1938993.0,0.0,0.0,1991485.0,5618254.0,4333.0,161653.0,12885.0,0.002355797235791444,-148768.0,-0.02719963082454183,0.0,-153101.0,-0.02799184420620146,-58103.0,-94998.0,-0.017368725324463763,-0.01,-0.01,9499800.0,9499800.0,https://www.sec.gov/Archives/edgar/data/56701/000005670114000038/0000056701-14-000038-index.html,https://www.sec.gov/Archives/edgar/data/56701/000005670114000038/q1fy1510-q.htm,1620594215,17:03:35,20210509
26,2014-06-30,KOSS,USD,2014-08-28 00:00:00,2014-08-28 16:32:35,Q4,6191955.0,7265843.0,-1073888.0,-0.173432784960485,0.0,2543522.0,0.0,0.0,2625434.0,9891277.0,-148.0,165637.0,-3533685.0,-0.5706897094697878,-3699322.0,-0.5974400653751522,0.0,-3699470.0,-0.597463967357644,-1544476.0,-2154994.0,-0.3480312760670903,-0.29,-0.29,7431014.0,7431014.0,https://www.sec.gov/Archives/edgar/data/56701/000005670114000028/0000056701-14-000028-index.html,https://www.sec.gov/Archives/edgar/data/56701/000005670114000028/fy201410-k.htm,1620594215,17:03:35,20210509
27,2014-03-31,KOSS,USD,2014-05-15 00:00:00,2014-05-15 16:44:10,Q3,4300373.0,3206738.0,1093635.0,0.2543116608722081,0.0,2354337.0,0.0,0.0,2123175.0,5329913.0,65536.0,146849.0,-882691.0,-0.20525917170440797,-1029540.0,-0.2394071397992686,0.0,-964004.0,-0.2241675315141268,-938883.0,-25121.0,-0.005841586299607034,-0.003403,-0.003403,7382706.0,7382706.0,https://www.sec.gov/Archives/edgar/data/56701/000005670114000010/0000056701-14-000010-index.html,https://www.sec.gov/Archives/edgar/data/56701/000005670114000010/q3fy1410-q.htm,1620594215,17:03:35,20210509
28,2013-12-31,KOSS,USD,2014-02-14,2014-02-14 17:00:30,Q2,6524215.0,9078750.0,-2554535.0,-0.39154672247925615,0.0,2745044.0,0.0,0.0,2857215.0,11935965.0,8193.0,212359.0,-5199391.0,-0.796937409328172,-5411750.0,-0.8294867658407946,0.0,-5419943.0,-0.8307425491036087,-1967102.0,-3452841.0,-0.5292347048648764,-0.47,-0.47,7346470.0,7346470.0,https://www.sec.gov/Archives/edgar/data/56701/000005670114000006/q2fy1410-q.htm,https://www.sec.gov/Archives/edgar/data/56701/000005670114000006/q2fy1410-q.htm,1620594215,17:03:35,20210509
29,2013-09-30,KOSS,USD,2013-11-01 00:00:00,2013-11-01 17:12:26,Q1,6824339.0,4571370.0,2252969.0,0.3301373217244923,0.0,2825805.0,0.0,0.0,2117089.0,6688459.0,7606.0,574358.0,710238.0,0.10407425539674978,135880.0,0.019911085894179642,0.0,128274.0,0.01879654571673535,48872.0,79402.0,0.01163511953318849,0.01,0.01,7940200.0,7940200.0,https://www.sec.gov/Archives/edgar/data/56701/000005670113000049/0000056701-13-000049-index.html,https://www.sec.gov/Archives/edgar/data/56701/000005670113000049/q1fy1410-q.htm,1620594215,17:03:35,20210509
30,2013-06-30,KOSS,USD,2013-08-23 00:00:00,2013-08-23 17:05:11,Q4,9905573.0,6209524.0,3696049.0,0.37312823801308614,0.0,3819317.0,0.0,0.0,-2724660.0,3484864.0,16349.0,610040.0,7030749.0,0.7097771123386805,6420709.0,0.6481915786194297,0.0,6516518.0,0.6578638106043941,1909085.0,4607433.0,0.4651354343660887,0.62,0.62,7431344.0,7431344.0,https://www.sec.gov/Archives/edgar/data/56701/000005670113000033/0000056701-13-000033-index.html,https://www.sec.gov/Archives/edgar/data/56701/000005670113000033/fy201310-k.htm,1620594215,17:03:35,20210509
31,2013-03-31,KOSS,USD,2013-05-10 00:00:00,2013-05-10 15:09:04,Q3,8302113.0,4998121.0,3303992.0,0.39797001076713845,0.0,3111919.0,0.0,0.0,3263920.0,8262041.0,16785.0,592879.0,632951.0,0.07623974764014896,40072.0,0.004826723028221852,0.0,56858.0,0.006848617936180825,-58583.0,115441.0,0.013905014301780764,0.02,0.02,5772050.0,5772050.0,https://www.sec.gov/Archives/edgar/data/56701/000005670113000017/0000056701-13-000017-index.html,https://www.sec.gov/Archives/edgar/data/56701/000005670113000017/q3fy1310-q.htm,1620594215,17:03:35,20210509
32,2012-12-31,KOSS,USD,2013-02-01 00:00:00,2013-02-01 17:09:57,Q2,8642031.0,5884424.0,2757607.0,0.3190924679626815,0.0,3003488.0,0.0,0.0,2191144.0,8075568.0,27206.0,616099.0,1182562.0,0.13683843531688328,566463.0,0.06554743902214653,0.0,539257.0,0.06239933645227609,200569.0,338688.0,0.03919078744336835,0.05,0.05,6773760.0,6773760.0,https://www.sec.gov/Archives/edgar/data/56701/000005670113000007/0000056701-13-000007-index.html,https://www.sec.gov/Archives/edgar/data/56701/000005670113000007/q2fy1310-q.htm,1620594215,17:03:35,20210509
33,2012-09-30,KOSS,USD,2012-11-02 00:00:00,2012-11-02 17:23:57,Q1,8914862.0,5663690.0,3251172.0,0.3646912313393073,0.0,3018751.0,0.0,0.0,2636024.0,8299714.0,29309.0,579524.0,1194672.0,0.13400902896758246,615148.0,0.06900252634308865,0.0,585849.0,0.06571599201423421,219696.0,366153.0,0.041072200556778106,0.05,0.05,7323060.0,7323060.0,https://www.sec.gov/Archives/edgar/data/56701/000005670112000027/0000056701-12-000027-index.html,https://www.sec.gov/Archives/edgar/data/56701/000005670112000027/q1fy1310-q.htm,1620594215,17:03:35,20210509
34,2012-06-30,KOSS,USD,2012-08-27 00:00:00,2012-08-27 16:59:35,Q4,10887685.0,6635551.0,4252134.0,0.3905452812053251,0.0,3288050.0,0.0,0.0,2954268.0,9589819.0,124423.0,333324.0,1631190.0,0.14981972751783323,1297866.0,0.11920495495598926,0.0,1274128.0,0.11702469349544922,342237.0,931891.0,0.08559128960839701,0.13,0.13,7168392.0,7168392.0,https://www.sec.gov/Archives/edgar/data/56701/000005670112000011/0000056701-12-000011-index.html,https://www.sec.gov/Archives/edgar/data/56701/000005670112000011/fy20126301210-k.htm,1620594215,17:03:35,20210509
35,2012-03-31,KOSS,USD,2012-05-11,2012-05-11 16:49:10,Q3,8232526.0,5080992.0,3151534.0,0.38281494646964975,0.0,3017502.0,0.0,0.0,2400399.0,7481391.0,0.0,167415.0,918550.0,0.11157571807243609,751135.0,0.09123991834341003,0.0,993156.0,0.120638064185889,96441.0,896715.0,0.10892343370673836,0.12,0.12,7382706.0,7382706.0,https://www.sec.gov/Archives/edgar/data/56701/000005670112000006/koss0331201210-q.htm,https://www.sec.gov/Archives/edgar/data/56701/000005670112000006/koss0331201210-q.htm,1620594215,17:03:35,20210509
36,2011-12-31,KOSS,USD,2012-02-03 00:00:00,2012-02-03 16:03:31,Q2,9990771.0,6191266.0,3799505.0,0.3803014802361099,0.0,2924733.0,0.0,0.0,2455214.0,8646480.0,24012.0,177188.0,1521479.0,0.15228844700774344,1344291.0,0.13455327922139343,0.0,1320279.0,0.13214986110681548,489067.0,831212.0,0.0831979834188973,0.11,0.11,7382706.0,7382706.0,https://www.sec.gov/Archives/edgar/data/56701/000144530512000195/0001445305-12-000195-index.html,https://www.sec.gov/Archives/edgar/data/56701/000144530512000195/koss1231201110-q.htm,1620594215,17:03:35,20210509
37,2011-09-30,KOSS,USD,2011-10-28 00:00:00,2011-10-28 16:06:46,Q1,8754785.0,5426543.0,3328242.0,0.38016261964171594,0.0,2885187.0,0.0,0.0,2834773.0,8261316.0,40526.0,166296.0,659765.0,0.07536050285643793,493469.0,0.056365633193733486,0.0,452943.0,0.051736621744565975,172346.0,280597.0,0.032050701416425416,0.04,0.04,7382706.0,7382706.0,https://www.sec.gov/Archives/edgar/data/56701/000110465911058834/0001104659-11-058834-index.html,https://www.sec.gov/Archives/edgar/data/56701/000110465911058834/a11-24339_110q.htm,1620594215,17:03:35,20210509
38,2011-06-30,KOSS,USD,2011-09-02 00:00:00,2011-09-02 16:15:32,Q4,10265532.0,6374942.0,3890590.0,0.3789954578096878,0.0,3032534.0,0.0,0.0,2111711.0,8486653.0,0.0,114336.0,1893215.0,0.18442444093496568,1778879.0,0.17328658660846802,0.0,2153029.0,0.20973379655335933,365632.0,1787397.0,0.17411635363856448,0.24210594326795623,0.24210594326795623,7382706.0,7382706.0,https://www.sec.gov/Archives/edgar/data/56701/000110465911050170/0001104659-11-050170-index.html,https://www.sec.gov/Archives/edgar/data/56701/000110465911050170/a11-25103_110k.htm,1620594215,17:03:35,20210509
39,2011-03-31,KOSS,USD,2011-05-13 00:00:00,2011-05-13 17:15:40,Q3,8419663.0,5026193.0,3393470.0,0.40304107183387267,0.0,2705534.0,0.0,0.0,2328990.0,7355183.0,109725.0,133205.0,1197685.0,0.14224856743078673,1064480.0,0.12642786296791214,0.0,967947.0,0.114962677247296,326985.0,640962.0,0.07612679984935264,0.09,0.09,7382706.0,7382706.0,https://www.sec.gov/Archives/edgar/data/56701/000110465911029038/0001104659-11-029038-index.html,https://www.sec.gov/Archives/edgar/data/56701/000110465911029038/a11-9589_110q.htm,1620594215,17:03:35,20210509
40,2010-12-31,KOSS,USD,2011-01-28,2011-01-28 17:03:13,Q2,12800806.0,7589843.0,5210963.0,0.40708085100266345,0.0,2588765.0,0.0,0.0,2793665.0,10383508.0,107348.0,158929.0,2576227.0,0.20125506159534018,2417298.0,0.18883951526177337,0.0,2309954.0,0.18045379330020314,927841.0,1382113.0,0.10797077933998843,0.18,0.18,7382706.0,7382706.0,https://www.sec.gov/Archives/edgar/data/56701/000110465911003721/a11-4697_110q.htm,https://www.sec.gov/Archives/edgar/data/56701/000110465911003721/a11-4697_110q.htm,1620594215,17:03:35,20210509
41,2010-09-30,KOSS,USD,2010-11-01 00:00:00,2010-11-01 17:17:48,Q1,10032134.0,5670525.0,4361609.0,0.4347638299089705,0.0,3104664.0,0.0,0.0,3370948.0,9041473.0,104660.0,158144.0,1148805.0,0.11451252545071666,990661.0,0.09874878066820081,0.0,886021.0,0.088318297981267,323162.0,562859.0,0.05610561023208023,0.08,0.08,7382706.0,7382706.0,https://www.sec.gov/Archives/edgar/data/56701/000110465910055008/0001104659-10-055008-index.html,https://www.sec.gov/Archives/edgar/data/56701/000110465910055008/a10-20179_110q.htm,1620594215,17:03:35,20210509
42,2010-06-30,KOSS,USD,2010-09-20 00:00:00,2010-09-20 17:03:04,Q4,8113392.0,5116607.0,2996785.0,0.36936277699881875,0.0,2269250.0,0.0,0.0,3385689.0,8502296.0,119531.0,132521.0,-256383.0,-0.031599976927036186,-388904.0,-0.04793358930518826,0.0,-508207.0,-0.06263804337322787,-84757.0,-423450.0,-0.052191487851197135,-0.05735701787393403,-0.05735701787393403,7382706.0,7382706.0,https://www.sec.gov/Archives/edgar/data/56701/000110465910049173/0001104659-10-049173-index.html,https://www.sec.gov/Archives/edgar/data/56701/000110465910049173/a10-17957_110k.htm,1620594215,17:03:35,20210509
43,2010-03-31,KOSS,USD,2010-05-17 00:00:00,2010-05-17 17:14:06,Q3,8654630.0,5376392.0,3278238.0,0.37878430389282963,0.0,2370021.0,0.0,0.0,2680568.0,8056960.0,131632.0,156090.0,753760.0,0.08709326684098569,597670.0,0.0690578337837666,0.0,466060.0,0.05385094452333607,172893.0,293167.0,0.03387400732324779,0.04,0.04,7382706.0,7382706.0,https://www.sec.gov/Archives/edgar/data/56701/000110465910029129/0001104659-10-029129-index.html,https://www.sec.gov/Archives/edgar/data/56701/000110465910029129/a10-10268_110q.htm,1620594215,17:03:35,20210509
44,2009-12-31,KOSS,USD,2010-02-16 00:00:00,2010-02-16 16:45:08,Q2,12216054.0,7272639.0,4943415.0,0.4046654508894607,0.0,2491634.0,0.0,0.0,7694458.0,14967097.0,118997.0,94454.0,-2656589.0,-0.21746703149805985,-2751043.0,-0.22519898815116568,0.0,-2870030.0,-0.23493920377234745,-1021838.0,-1848192.0,-0.15129206206848791,-0.25,-0.25,7382706.0,7382706.0,https://www.sec.gov/Archives/edgar/data/56701/000110465910007400/0001104659-10-007400-index.html,https://www.sec.gov/Archives/edgar/data/56701/000110465910007400/a10-3870_110q.htm,1620594215,17:03:35,20210509
45,2009-09-30,KOSS,USD,2009-11-06 00:00:00,2009-11-06 13:49:10,Q1,10796853.0,6679562.0,4117291.0,0.38134176690189264,0.0,3188800.0,0.0,0.0,3188800.0,9868362.0,0.0,252107.0,1180598.0,0.10934649198243229,928491.0,0.08599644729811548,0.0,928491.0,0.08599644729811548,362112.0,566379.0,0.05245778561586418,0.07671699238734415,0.07667266731952758,7382706.0,7386974.0,https://www.sec.gov/Archives/edgar/data/56701/000110465909063269/0001104659-09-063269-index.html,https://www.sec.gov/Archives/edgar/data/56701/000110465909063269/a09-32994_110q.htm,1620594215,17:03:35,20210509
46,2009-06-30,KOSS,USD,2009-08-26 00:00:00,2009-08-26 14:16:20,Q4,8264591.0,5494790.0,2769801.0,0.33514072263225125,0.0,2310448.0,0.0,0.0,2310448.0,7805238.0,0.0,169116.0,628469.0,0.07604356948819367,459353.0,0.05558085088542192,200000.0,659355.0,0.07978071752129053,56672.0,602683.0,0.07292351188340718,0.08163443051910776,0.08163443051910776,7382706.0,7382706.0,https://www.sec.gov/Archives/edgar/data/56701/000110465909051789/0001104659-09-051789-index.html,https://www.sec.gov/Archives/edgar/data/56701/000110465909051789/a09-23687_110k.htm,1620594215,17:03:35,20210509
47,2009-03-31,KOSS,USD,2009-05-08 00:00:00,2009-05-08 12:37:04,Q3,8145930.0,5531938.0,2613992.0,0.32089546558833676,0.0,2388169.0,0.0,0.0,2388169.0,7920107.0,0.0,172994.0,398817.0,0.0489590507161245,225823.0,0.02772218764462744,0.0,225825.0,0.027722433166010512,88058.0,137767.0,0.016912372190775026,0.02,0.02,7382718.0,7382718.0,https://www.sec.gov/Archives/edgar/data/56701/000110465909030880/0001104659-09-030880-index.html,https://www.sec.gov/Archives/edgar/data/56701/000110465909030880/a09-11585_110q.htm,1620594215,17:03:35,20210509
48,2008-12-31,KOSS,USD,2009-02-12 00:00:00,2009-02-12 17:17:01,Q2,10287595.0,6804711.0,3482884.0,0.33855181896254666,0.0,2956099.0,0.0,0.0,2956099.0,9760810.0,0.0,185948.0,712733.0,0.0692808183059306,526785.0,0.05120584548672454,0.0,528231.0,0.051346403119485164,205777.0,322454.0,0.03134396328782383,0.045,0.045,7387512.0,7387512.0,https://www.sec.gov/Archives/edgar/data/56701/000110465909008904/0001104659-09-008904-index.html,https://www.sec.gov/Archives/edgar/data/56701/000110465909008904/a09-5104_110q.htm,1620594215,17:03:35,20210509
49,2008-09-30,KOSS,USD,2008-11-14 00:00:00,2008-11-14 15:54:19,Q1,11486034.0,7085574.0,4400460.0,0.38311396257402686,0.0,2998527.0,0.0,0.0,-1001473.0,6084101.0,0.0,289899.0,5691832.0,0.4955437185716149,5401933.0,0.4703044584405723,58333.0,1474319.0,0.12835753402784633,560555.0,913764.0,0.0795543527034658,0.125,0.125,7390702.0,7390702.0,https://www.sec.gov/Archives/edgar/data/56701/000110465908070992/0001104659-08-070992-index.html,https://www.sec.gov/Archives/edgar/data/56701/000110465908070992/a08-28413_110q.htm,1620594215,17:03:35,20210509
50,2008-06-30,KOSS,USD,2008-08-25 00:00:00,2008-08-25 16:51:45,Q4,12202642.0,7092619.0,5110023.0,0.4187636579029361,0.0,3034640.0,0.0,0.0,3034640.0,10127259.0,0.0,118316.0,2193699.0,0.17977246238970215,2075383.0,0.17007652932864867,29166.0,2114893.0,0.17331435274426638,850827.0,1264066.0,0.10358953413531266,0.17103463243410436,0.17103463243410436,7390702.0,7390702.0,https://www.sec.gov/Archives/edgar/data/56701/000110465908054880/0001104659-08-054880-index.html,https://www.sec.gov/Archives/edgar/data/56701/000110465908054880/a08-21979_110k.htm,1620594215,17:03:35,20210509
51,2008-03-31,KOSS,USD,2008-05-15 00:00:00,2008-05-15 15:28:33,Q3,10003648.0,6438524.0,3565124.0,0.35638239170350655,0.0,2602122.0,0.0,0.0,2602122.0,9040646.0,0.0,281097.0,1244099.0,0.1243645318187925,963002.0,0.09626508249790476,87501.0,1062432.0,0.10620445661422713,414435.0,647997.0,0.06477606968977717,0.09,0.09,7199967.0,7199967.0,https://www.sec.gov/Archives/edgar/data/56701/000110465908033613/0001104659-08-033613-index.html,https://www.sec.gov/Archives/edgar/data/56701/000110465908033613/a08-14533_110q.htm,1620594215,17:03:35,20210509
52,2007-12-31,KOSS,USD,2008-02-14,2008-02-14 15:57:52,Q2,12099397.0,7775022.0,4324375.0,0.35740417477003195,0.0,2371276.0,0.0,0.0,2371276.0,10146298.0,0.0,281096.0,2234195.0,0.18465341702565838,1953099.0,0.16142118487392387,43750.0,2043600.0,0.16890097911490962,797048.0,1246552.0,0.10302596071523233,0.17,0.17,7332659.0,7332659.0,https://www.sec.gov/Archives/edgar/data/56701/000110465908010754/a08-5687_110q.htm,https://www.sec.gov/Archives/edgar/data/56701/000110465908010754/a08-5687_110q.htm,1620594215,17:03:35,20210509
53,2007-09-30,KOSS,USD,2007-11-14 00:00:00,2007-11-14 12:52:52,Q1,12637606.0,7845626.0,4791980.0,0.37918415877184336,0.0,2784026.0,0.0,0.0,2784026.0,10629652.0,0.0,281096.0,2289050.0,0.18113003364719552,2007954.0,0.15888721329023867,131250.0,2189644.0,0.17326414512368876,853970.0,1335674.0,0.1056904290258772,0.18,0.18,7420411.0,7420411.0,https://www.sec.gov/Archives/edgar/data/56701/000110465907082939/0001104659-07-082939-index.html,https://www.sec.gov/Archives/edgar/data/56701/000110465907082939/a07-29337_110q.htm,1620594215,17:03:35,20210509
54,2007-06-30,KOSS,USD,2007-08-20 00:00:00,2007-08-20 16:44:38,Q4,11052884.0,6744684.0,4308200.0,0.38978062196255747,0.0,2216789.0,0.0,0.0,2216789.0,8961473.0,0.0,124556.0,2215967.0,0.2004876736243681,2091411.0,0.18921857860808095,81249.0,2228896.0,0.20165741357640232,802948.0,1425948.0,0.1290113964825832,0.19216563610829643,0.19216563610829643,7420411.0,7420411.0,https://www.sec.gov/Archives/edgar/data/56701/000095013407018572/0000950134-07-018572-index.html,https://www.sec.gov/Archives/edgar/data/56701/000095013407018572/d49296e10vk.htm,1620594215,17:03:35,20210509
55,2007-03-31,KOSS,USD,2007-05-11 00:00:00,2007-05-11 15:23:43,Q3,9601291.0,5998723.0,3602568.0,0.3752170411249904,0.0,2494886.0,0.0,0.0,2494886.0,8493609.0,0.0,283082.0,1390764.0,0.14485177045461908,1107682.0,0.11536802707052625,81249.0,1234773.0,0.12860489282118415,481639.0,753134.0,0.07844090966516899,0.1,0.1,7531340.0,7531340.0,https://www.sec.gov/Archives/edgar/data/56701/000110465907038886/0001104659-07-038886-index.html,https://www.sec.gov/Archives/edgar/data/56701/000110465907038886/a07-11349_110q.htm,1620594215,17:03:35,20210509
56,2006-12-31,KOSS,USD,2007-02-12,2007-02-12 13:44:59,Q2,12222584.0,7812019.0,4410565.0,0.36085372782056563,0.0,2421909.0,0.0,0.0,2421909.0,10233928.0,0.0,283082.0,2271738.0,0.18586397115372658,1988656.0,0.1627034021611142,81249.0,2104516.0,0.1721825761230195,820758.0,1283758.0,0.10503163651810452,0.175,0.17,7335760.0,7551518.0,https://www.sec.gov/Archives/edgar/data/56701/000110465907009604/a07-3944_110q.htm,https://www.sec.gov/Archives/edgar/data/56701/000110465907009604/a07-3944_110q.htm,1620594215,17:03:35,20210509
57,2006-09-30,KOSS,USD,2006-11-13,2006-11-13 16:21:29,Q1,13325099.0,7729555.0,5595544.0,0.41992513526541153,0.0,2932801.0,0.0,0.0,2932801.0,10662356.0,0.0,283082.0,2945825.0,0.2210734044077271,2662743.0,0.19982913447772507,81249.0,2776530.0,0.2083684331350934,1082850.0,1693680.0,0.1271044965594627,0.23,0.225,7363826.0,7527467.0,https://www.sec.gov/Archives/edgar/data/56701/000110465906074481/a06-23870_110q.htm,https://www.sec.gov/Archives/edgar/data/56701/000110465906074481/a06-23870_110q.htm,1620594215,17:03:35,20210509
58,2006-06-30,KOSS,USD,2006-09-06,2006-09-06 16:25:46,Q4,10283703.0,6156430.0,4127273.0,0.40134113169157065,0.0,2151175.0,0.0,0.0,2151175.0,8307605.0,0.0,199460.0,2175558.0,0.21155395094549112,1976098.0,0.19215821382628417,65000.0,2090484.0,0.20328124995441818,840875.0,1249609.0,0.12151352484605983,0.16969561746841927,0.16969561746841927,7363826.0,7363826.0,https://www.sec.gov/Archives/edgar/data/56701/000110465906059662/a06-19032_110k.htm,https://www.sec.gov/Archives/edgar/data/56701/000110465906059662/a06-19032_110k.htm,1620594215,17:03:35,20210509
59,2006-03-31,KOSS,USD,2006-05-15,2006-05-15 15:52:39,Q3,13222496.0,8266958.0,4955538.0,0.37478082806756,0.0,2615295.0,0.0,0.0,2615295.0,10882253.0,0.0,252645.0,2592888.0,0.19609671275377963,2340243.0,0.17698950334339295,75000.0,2459434.0,0.18600376207336344,959316.0,1500118.0,0.11345195339820863,0.215,0.2,6977293.0,7500590.0,https://www.sec.gov/Archives/edgar/data/56701/000095013406009965/d36227e10vq.htm,https://www.sec.gov/Archives/edgar/data/56701/000095013406009965/d36227e10vq.htm,1620594215,17:03:35,20210509
60,2005-12-31,KOSS,USD,2006-02-14,2006-02-14 15:50:24,Q2,15435597.0,9397027.0,6038570.0,0.3912106541781312,0.0,2849784.0,0.0,0.0,2849784.0,12246811.0,0.0,254218.0,3443004.0,0.22305609559513637,3188786.0,0.20658650261470288,100307.0,3329918.0,0.21572978356457478,1298672.0,2031246.0,0.1315949101288405,0.275,0.265,7386349.0,7665079.0,https://www.sec.gov/Archives/edgar/data/56701/000095013406002959/d32972e10vq.htm,https://www.sec.gov/Archives/edgar/data/56701/000095013406002959/d32972e10vq.htm,1620594215,17:03:35,20210509
61,2005-09-30,KOSS,USD,2005-11-14,2005-11-14 17:10:27,Q1,11949841.0,7274962.0,4674879.0,0.39120846879887355,0.0,2447617.0,0.0,0.0,2447617.0,9722579.0,0.0,248843.0,2476105.0,0.20720819632662896,2227262.0,0.18638423724633657,101611.0,2363518.0,0.1977865646915302,922300.0,1441218.0,0.12060562144718076,0.195,0.19,7390862.0,7585358.0,https://www.sec.gov/Archives/edgar/data/56701/000095013405021550/d30397e10vq.htm,https://www.sec.gov/Archives/edgar/data/56701/000095013405021550/d30397e10vq.htm,1620594215,17:03:35,20210509
62,2005-06-30,KOSS,USD,2005-09-28,2005-09-28 17:03:04,Q4,11316346.0,7241487.0,4074859.0,0.3600861090673615,0.0,1767491.0,0.0,0.0,1767491.0,9008978.0,0.0,266377.0,2573745.0,0.2274360469359986,2307368.0,0.2038969116002639,147494.0,2485218.0,0.2196131153996175,986720.0,1498498.0,0.13241889210527852,0.2027500987029659,0.2027500987029659,7390862.0,7390862.0,https://www.sec.gov/Archives/edgar/data/56701/000095013405018501/d29032e10vk.htm,https://www.sec.gov/Archives/edgar/data/56701/000095013405018501/d29032e10vk.htm,1620594215,17:03:35,20210509
63,2005-03-31,KOSS,USD,2005-05-16,2005-05-16 15:27:02,Q3,9772686.0,6159205.0,3613481.0,0.3697531057480001,0.0,2200546.0,0.0,0.0,2200546.0,8359751.0,0.0,375599.0,1788534.0,0.1830135543084061,1412935.0,0.1445800059471879,21921.0,1452419.0,0.14862024626597028,566443.0,885976.0,0.09065839217590742,0.12,0.115,7383133.0,7704139.0,https://www.sec.gov/Archives/edgar/data/56701/000095013405010262/d25581e10vq.htm,https://www.sec.gov/Archives/edgar/data/56701/000095013405010262/d25581e10vq.htm,1620594215,17:03:35,20210509
64,2004-12-31,KOSS,USD,2004-12-31,2004-12-31,Q2,10225079.0,6266461.0,3958618.0,0.38714791347822347,0.0,2456825.0,0.0,0.0,2456825.0,8723286.0,0.0,205932.0,1707725.0,0.16701337955432913,1501793.0,0.14687348625863916,484614.0,1999085.0,0.19550802492577318,779643.0,1219442.0,0.11925990987453496,0.165,0.155,7390558.0,7867368.0,,,1620594215,17:03:35,20210509
65,2004-09-30,KOSS,USD,2004-11-15,2004-11-15 16:13:06,Q1,8972580.0,5549607.0,3422973.0,0.3814926141644878,0.0,2119521.0,0.0,0.0,2119521.0,7669128.0,0.0,196043.0,1499495.0,0.16711971361637343,1303452.0,0.14527059106745216,151456.0,1459106.0,0.1626183327426448,569195.0,889911.0,0.09918117197060378,0.12,0.115,7415925.0,7738357.0,https://www.sec.gov/Archives/edgar/data/56701/000095013404017606/d20220e10vq.htm,https://www.sec.gov/Archives/edgar/data/56701/000095013404017606/d20220e10vq.htm,1620594215,17:03:35,20210509
66,2004-06-30,KOSS,USD,2004-09-30,2004-09-30 14:17:26,Q4,10941768.0,6466971.0,4474797.0,0.40896471210137153,0.0,1554735.0,0.0,0.0,1554735.0,8021706.0,0.0,1203434.0,4123496.0,0.37685829200546017,2920062.0,0.26687295873939204,310196.0,3245737.0,0.296637344165952,1271386.0,1898476.0,0.17350724307077248,0.25599989212404384,0.25599989212404384,7415925.0,7415925.0,https://www.sec.gov/Archives/edgar/data/56701/000095013404014343/d18773e10vk.htm,https://www.sec.gov/Archives/edgar/data/56701/000095013404014343/d18773e10vk.htm,1620594215,17:03:35,20210509
67,2004-03-31,KOSS,USD,2004-05-17,2004-05-17 16:47:35,Q3,10547180.0,6299669.0,4247511.0,0.4027153229583642,0.0,2533181.0,0.0,0.0,2533181.0,8832850.0,0.0,-893296.0,821034.0,0.07784393553537533,1714330.0,0.16253918108916318,183750.0,1899791.0,0.18012312295798497,741975.0,1157816.0,0.10977493510113603,0.155,0.145,7469781.0,7984938.0,https://www.sec.gov/Archives/edgar/data/56701/000095013404007756/d15574e10vq.htm,https://www.sec.gov/Archives/edgar/data/56701/000095013404007756/d15574e10vq.htm,1620594215,17:03:35,20210509
68,2003-12-31,KOSS,USD,2003-12-31,2003-12-31,Q2,9839572.0,6097572.0,3742000.0,0.38030109439719534,0.0,1972115.0,0.0,0.0,1972115.0,8069687.0,0.0,175334.0,1945219.0,0.19769345658530676,1769885.0,0.17987418558449494,387367.0,2156993.0,0.21921614070205492,861517.0,1295476.0,0.13165979170638722,0.17,0.165,7620447.0,7851370.0,,,1620594215,17:03:35,20210509
69,2003-09-30,KOSS,USD,2003-09-30,2003-09-30,Q1,9164691.0,5667046.0,3497645.0,0.38164352731586915,0.0,2029734.0,0.0,0.0,2029734.0,7696780.0,0.0,175333.0,1643244.0,0.17930162620867413,1467911.0,0.16017026651525948,190325.0,1662656.0,0.18141975545056566,642152.0,1020504.0,0.11135170842093858,0.135,0.13,7559289.0,7850031.0,,,1620594215,17:03:35,20210509
70,2003-06-30,KOSS,USD,2003-06-30,2003-06-30,Q4,8764140.0,5152524.0,3611616.0,0.4120901765603927,0.0,1611073.0,0.0,0.0,1611073.0,6763597.0,0.0,172178.0,2172721.0,0.2479103483057094,2000543.0,0.22826461010435709,302628.0,2303968.0,0.26288580511037024,919966.0,1384002.0,0.15791646413681207,0.18308626644648723,0.18308626644648723,7559289.0,7559289.0,,,1620594215,17:03:35,20210509
71,2003-03-31,KOSS,USD,2003-05-08,2003-05-08,Q3,8264668.0,4749862.0,3514806.0,0.42528096712414826,0.0,1935499.0,0.0,0.0,1935499.0,6685361.0,0.0,158063.0,1737370.0,0.21021655074347814,1579307.0,0.19109140258265667,34015.0,1615173.0,0.195431080837125,624915.0,990258.0,0.119818243152659,0.135,0.13,7335244.0,7617369.0,https://www.sec.gov/Archives/edgar/data/56701/000095013403007377/0000950134-03-007377-index.htm,https://www.sec.gov/Archives/edgar/data/56701/000095013403007377/d05610e10vq.txt,1620594215,17:03:35,20210509
72,2002-12-31,KOSS,USD,2003-02-05,2003-02-05,Q2,7818848.0,4627988.0,3190860.0,0.4080984820270198,0.0,1733143.0,0.0,0.0,1733143.0,6361131.0,0.0,104451.0,1562168.0,0.19979516164018024,1457717.0,0.18643628831254938,254760.0,1714979.0,0.21933908933899213,668842.0,1046137.0,0.13379682019653022,0.145,0.135,7214738.0,7749163.0,https://www.sec.gov/Archives/edgar/data/56701/000095013403001704/0000950134-03-001704-index.htm,https://www.sec.gov/Archives/edgar/data/56701/000095013403001704/d02933e10vq.txt,1620594215,17:03:35,20210509
73,2002-09-30,KOSS,USD,2002-09-30,2002-09-30,Q1,8954978.0,5424221.0,3530757.0,0.394278690578581,0.0,1880652.0,0.0,0.0,1880652.0,7304873.0,0.0,150069.0,1800174.0,0.2010249494750294,1650105.0,0.18426678435167568,163961.0,1807055.0,0.2017933489060498,706277.0,1100778.0,0.12292358507190079,0.15,0.145,7338520.0,7591572.0,,,1620594215,17:03:35,20210509
74,2002-06-30,KOSS,USD,2002-09-12 00:00:00,2002-09-12 15:46:00,Q4,9665170.0,5886050.0,3779120.0,0.3910039864792859,0.0,1461654.0,0.0,0.0,1461654.0,7347704.0,0.0,112538.0,2430004.0,0.2514186506807433,2317466.0,0.23977498585125767,393492.0,2709695.0,0.2803566828105455,1096265.0,1613430.0,0.16693239746429706,0.2198576824754855,0.2198576824754855,7338520.0,7338520.0,https://www.sec.gov/Archives/edgar/data/56701/000095013402011206/0000950134-02-011206-index.html,https://www.sec.gov/Archives/edgar/data/56701/000095013402011206/c71712e10vk.txt,1620594215,17:03:35,20210509
75,2002-03-31,KOSS,USD,2002-04-15 00:00:00,2002-04-15 00:00:00,Q3,8203325.0,4759699.0,3443626.0,0.4197841728811183,0.0,1641877.0,0.0,0.0,1641877.0,6401576.0,0.0,154784.0,1956533.0,0.23850487454782054,1801749.0,0.2196364279118528,137258.0,1908209.0,0.23261409245641249,665370.0,1242839.0,0.15150429856186365,0.17,0.16,7310818.0,7767744.0,https://www.sec.gov/Archives/edgar/data/56701/000095012402001341/0000950124-02-001341-index.html,https://www.sec.gov/Archives/edgar/data/56701/000095012402001341/c68880e10-q.txt,1620594215,17:03:35,20210509
76,2001-12-31,KOSS,USD,2002-01-30 00:00:00,2002-01-30 00:00:00,Q2,9751397.0,5851550.0,3899847.0,0.3999270053306208,0.0,2237934.0,0.0,0.0,2237934.0,8089484.0,0.0,154785.0,1816698.0,0.18630130636666725,1661913.0,0.1704281960830843,265833.0,1893481.0,0.1941753576436279,739281.0,1154200.0,0.11836252795368704,0.155,0.15,7446452.0,7694667.0,https://www.sec.gov/Archives/edgar/data/56701/000095012402000175/0000950124-02-000175-index.html,https://www.sec.gov/Archives/edgar/data/56701/000095012402000175/c67215e10-q.txt,1620594215,17:03:35,20210509
77,2001-09-30,KOSS,USD,2001-11-02 00:00:00,2001-11-02 00:00:00,Q1,8951411.0,5499520.0,3451891.0,0.3856253500146513,0.0,1925964.0,0.0,0.0,1925964.0,7425484.0,0.0,154785.0,1680712.0,0.1877594493203362,1525927.0,0.1704677620098105,167714.0,1689958.0,0.18879235910405634,659084.0,1030874.0,0.11516329660206642,0.135,0.125,7636104.0,8246992.0,https://www.sec.gov/Archives/edgar/data/56701/000095012401503705/0000950124-01-503705-index.html,https://www.sec.gov/Archives/edgar/data/56701/000095012401503705/c65767e10-q.txt,1620594215,17:03:35,20210509
78,2001-06-30,KOSS,USD,2001-06-30,2001-06-30,Q4,10591249.0,6465617.0,4125632.0,0.38953215055183765,0.0,1604499.0,0.0,0.0,1604499.0,8070116.0,0.0,132482.0,2653615.0,0.25054788155768976,2521133.0,0.23803925297195827,220057.0,2744780.0,0.25915545937972,1051903.0,1692877.0,0.15983733363269997,0.22169381139911137,0.22169381139911137,7636104.0,7636104.0,,,1620594215,17:03:35,20210509
79,2001-03-31,KOSS,USD,2001-05-15 00:00:00,2001-05-15 00:00:00,Q3,8035929.0,4619742.0,3416187.0,0.4251141342836653,0.0,1553013.0,0.0,0.0,1553013.0,6172755.0,0.0,107129.0,1970303.0,0.24518671083330876,1863174.0,0.2318554581554914,116277.0,1998134.0,0.24865003162671048,762432.0,1235702.0,0.1537721400973055,0.1475,0.14,8377641.0,8826443.0,https://www.sec.gov/Archives/edgar/data/56701/000095012401501235/0000950124-01-501235-index.html,https://www.sec.gov/Archives/edgar/data/56701/000095012401501235/c62470e10-q.txt,1620594215,17:03:35,20210509
80,2000-12-31,KOSS,USD,2001-02-14 00:00:00,2001-02-14 00:00:00,Q2,10268218.0,6190076.0,4078142.0,0.3971616107098622,0.0,2238820.0,0.0,0.0,2238820.0,8428896.0,0.0,180249.0,2019571.0,0.19668174166150348,1839322.0,0.17912767337039398,379804.0,2229240.0,0.21710096143264587,854289.0,1374951.0,0.13390356535087197,0.16,0.1525,8593444.0,9016072.0,https://www.sec.gov/Archives/edgar/data/56701/000095012401000809/0000950124-01-000809-index.html,https://www.sec.gov/Archives/edgar/data/56701/000095012401000809/c60125e10-q.txt,1620594215,17:03:35,20210509
81,2000-09-30,KOSS,USD,2000-11-13 00:00:00,2000-11-13 00:00:00,Q1,9713939.0,5761693.0,3952246.0,0.40686337437367065,0.0,2049787.0,0.0,0.0,2049787.0,7811480.0,0.0,180959.0,2083418.0,0.21447715494198594,1902459.0,0.19584835770535516,293888.0,2233919.0,0.2299704579161965,849928.0,1383991.0,0.14247474685603853,0.155,0.1475,8928974.0,9382990.0,https://www.sec.gov/Archives/edgar/data/56701/000095012400006784/0000950124-00-006784-index.html,https://www.sec.gov/Archives/edgar/data/56701/000095012400006784/c58505e10-q.txt,1620594215,17:03:35,20210509
82,2000-06-30,KOSS,USD,2000-06-30,2000-06-30,Q4,9609371.0,6339785.0,3269586.0,0.3402497416324128,0.0,1190019.0,0.0,0.0,1218430.0,7558215.0,0.0,28411.0,2079567.0,0.21641031447323658,2051156.0,0.21345372137260596,253647.0,2382698.0,0.24795566744170872,854711.0,1527987.0,0.15901009545786088,0.17112682823356862,0.17112682823356862,8928974.0,8928974.0,,,1620594215,17:03:35,20210509
83,2000-03-31,KOSS,USD,2000-05-15 00:00:00,2000-05-15 00:00:00,Q3,8289742.0,4114315.0,4175427.0,0.5036860013254936,0.0,1999384.0,0.0,0.0,2633995.0,6748310.0,0.0,235011.0,1776443.0,0.2142941239908311,1541432.0,0.18594450828505882,263165.0,1804597.0,0.2176903696158457,701949.0,1102648.0,0.13301354855193323,0.1125,0.11,9801316.0,10024073.0,https://www.sec.gov/Archives/edgar/data/56701/000095012400003239/0000950124-00-003239-index.html,https://www.sec.gov/Archives/edgar/data/56701/0000950124-00-003239.txt,1620594215,17:03:35,20210509
84,1999-12-31,KOSS,USD,1999-12-31,1999-12-31,Q2,8600000.0,5100000.0,3500000.0,0.4069767441860465,0.0,1900000.0,0.0,0.0,2100000.0,7200000.0,0.0,200000.0,1600000.0,0.18604651162790697,1400000.0,0.16279069767441862,500000.0,1800000.0,0.20930232558139536,700000.0,1100000.0,0.12790697674418605,0.1075,0.105,10232558.0,10476190.0,,,1620594215,17:03:35,20210509
85,1999-09-30,KOSS,USD,1999-11-12 00:00:00,1999-11-12 00:00:00,Q1,8400000.0,4700000.0,3700000.0,0.44047619047619047,0.0,1800000.0,0.0,0.0,2000000.0,6700000.0,0.0,200000.0,1900000.0,0.2261904761904762,1700000.0,0.20238095238095238,300000.0,2000000.0,0.23809523809523808,800000.0,1200000.0,0.14285714285714285,0.11,0.1075,10909091.0,11162791.0,https://www.sec.gov/Archives/edgar/data/56701/000095012499005986/0000950124-99-005986-index.html,https://www.sec.gov/Archives/edgar/data/56701/0000950124-99-005986.txt,1620594215,17:03:35,20210509
86,1999-06-30,KOSS,USD,1999-06-30,1999-06-30,Q4,8100000.0,5600000.0,2500000.0,0.30864197530864196,0.0,1200000.0,0.0,0.0,1200000.0,6800000.0,0.0,0.0,700000.0,0.08641975308641975,1300000.0,0.16049382716049382,600000.0,1800000.0,0.2222222222222222,600000.0,1200000.0,0.14814814814814814,0.10999999908333334,0.10999999908333334,10909091.0,10909091.0,,,1620594215,17:03:35,20210509
87,1999-03-31,KOSS,USD,1999-05-17 00:00:00,1999-05-17 00:00:00,Q3,7700000.0,4400000.0,3300000.0,0.42857142857142855,0.0,1900000.0,0.0,0.0,2100000.0,6500000.0,0.0,200000.0,1400000.0,0.18181818181818182,1200000.0,0.15584415584415584,100000.0,1300000.0,0.16883116883116883,500000.0,800000.0,0.1038961038961039,0.065,0.065,12307692.0,12307692.0,https://www.sec.gov/Archives/edgar/data/56701/000095012499003388/0000950124-99-003388-index.html,https://www.sec.gov/Archives/edgar/data/56701/0000950124-99-003388.txt,1620594215,17:03:35,20210509
88,1998-12-31,KOSS,USD,1999-02-16 00:00:00,1999-02-16 00:00:00,Q2,8400000.0,4900000.0,3500000.0,0.4166666666666667,0.0,2000000.0,0.0,0.0,2200000.0,7100000.0,0.0,200000.0,1500000.0,0.17857142857142858,1300000.0,0.15476190476190477,500000.0,1700000.0,0.20238095238095238,700000.0,1000000.0,0.11904761904761904,0.0825,0.08,12121212.0,12500000.0,https://www.sec.gov/Archives/edgar/data/56701/000095012499001175/0000950124-99-001175-index.html,https://www.sec.gov/Archives/edgar/data/56701/0000950124-99-001175.txt,1620594215,17:03:35,20210509
89,1998-09-30,KOSS,USD,1998-11-16 00:00:00,1998-11-16 00:00:00,Q1,9000000.0,4900000.0,4100000.0,0.45555555555555555,0.0,2100000.0,0.0,0.0,2300000.0,7200000.0,0.0,200000.0,2000000.0,0.2222222222222222,1800000.0,0.2,300000.0,2100000.0,0.23333333333333334,800000.0,1300000.0,0.14444444444444443,0.1025,0.1,12682927.0,13000000.0,https://www.sec.gov/Archives/edgar/data/56701/000095012498006789/0000950124-98-006789-index.html,https://www.sec.gov/Archives/edgar/data/56701/0000950124-98-006789.txt,1620594215,17:03:35,20210509
90,1998-06-30,KOSS,USD,1998-06-30,1998-06-30,Q4,10400000.0,4700000.0,5700000.0,0.5480769230769231,0.0,1800000.0,0.0,0.0,1900000.0,6600000.0,0.0,100000.0,3900000.0,0.375,3800000.0,0.36538461538461536,100000.0,3800000.0,0.36538461538461536,1400000.0,2400000.0,0.23076923076923078,0.189230766683432,0.189230766683432,12682927.0,12682927.0,,,1620594215,17:03:35,20210509
91,1998-03-31,KOSS,USD,1998-05-15 00:00:00,1998-05-15 00:00:00,Q3,8100000.0,5400000.0,2700000.0,0.3333333333333333,0.0,1700000.0,0.0,0.0,1900000.0,7300000.0,0.0,200000.0,1000000.0,0.12345679012345678,800000.0,0.09876543209876543,400000.0,1200000.0,0.14814814814814814,500000.0,700000.0,0.08641975308641975,0.0525,0.05,13333333.0,14000000.0,https://www.sec.gov/Archives/edgar/data/56701/000095012498002986/0000950124-98-002986-index.html,https://www.sec.gov/Archives/edgar/data/56701/0000950124-98-002986.txt,1620594215,17:03:35,20210509
92,1997-12-31,KOSS,USD,1997-12-31,1997-12-31,Q2,10400000.0,6900000.0,3500000.0,0.33653846153846156,0.0,2100000.0,0.0,0.0,2300000.0,9200000.0,0.0,200000.0,1400000.0,0.1346153846153846,1200000.0,0.11538461538461539,500000.0,1700000.0,0.16346153846153846,600000.0,1100000.0,0.10576923076923077,0.0825,0.08,13333333.0,13750000.0,,,1620594215,17:03:35,20210509
93,1997-09-30,KOSS,USD,1997-11-14 00:00:00,1997-11-14 00:00:00,Q1,11800000.0,7100000.0,4700000.0,0.3983050847457627,0.0,2200000.0,0.0,0.0,2400000.0,9500000.0,0.0,200000.0,2500000.0,0.211864406779661,2300000.0,0.19491525423728814,200000.0,2400000.0,0.2033898305084746,1000000.0,1400000.0,0.11864406779661017,0.105,0.1025,13333333.0,13658537.0,https://www.sec.gov/Archives/edgar/data/56701/000095012497006032/0000950124-97-006032-index.html,https://www.sec.gov/Archives/edgar/data/56701/0000950124-97-006032.txt,1620594215,17:03:35,20210509
94,1997-06-30,KOSS,USD,1997-06-30,1997-06-30,Q4,7800000.0,4700000.0,3100000.0,0.3974358974358974,0.0,1900000.0,0.0,0.0,2100000.0,6800000.0,0.0,200000.0,1200000.0,0.15384615384615385,1000000.0,0.1282051282051282,200000.0,1100000.0,0.14102564102564102,400000.0,700000.0,0.08974358974358974,0.05250000131250003,0.05250000131250003,13333333.0,13333333.0,,,1620594215,17:03:35,20210509
95,1997-03-31,KOSS,USD,1997-05-15 00:00:00,1997-05-15 00:00:00,Q3,8600000.0,5600000.0,3000000.0,0.3488372093023256,0.0,2200000.0,0.0,0.0,2300000.0,7900000.0,0.0,100000.0,800000.0,0.09302325581395349,700000.0,0.08139534883720931,200000.0,900000.0,0.10465116279069768,400000.0,500000.0,0.05813953488372093,0.04,0.0375,12500000.0,13333333.0,https://www.sec.gov/Archives/edgar/data/56701/000095013797001996/0000950137-97-001996-index.html,https://www.sec.gov/Archives/edgar/data/56701/0000950137-97-001996.txt,1620594215,17:03:35,20210509
96,1996-12-31,KOSS,USD,1997-02-14 00:00:00,1997-02-14 00:00:00,Q2,13300000.0,8600000.0,4700000.0,0.3533834586466165,0.0,2400000.0,0.0,0.0,2600000.0,11200000.0,0.0,200000.0,2300000.0,0.17293233082706766,2100000.0,0.15789473684210525,500000.0,2500000.0,0.18796992481203006,1000000.0,1500000.0,0.11278195488721804,0.1125,0.1125,13333333.0,13333333.0,https://www.sec.gov/Archives/edgar/data/56701/000095013797000572/0000950137-97-000572-index.html,https://www.sec.gov/Archives/edgar/data/56701/0000950137-97-000572.txt,1620594215,17:03:35,20210509
97,1996-09-30,KOSS,USD,1996-11-14 00:00:00,1996-11-14 00:00:00,Q1,9900000.0,6400000.0,3500000.0,0.35353535353535354,0.0,2100000.0,0.0,0.0,2300000.0,8700000.0,0.0,200000.0,1400000.0,0.1414141414141414,1200000.0,0.12121212121212122,300000.0,1400000.0,0.1414141414141414,600000.0,800000.0,0.08080808080808081,0.0625,0.0625,12800000.0,12800000.0,https://www.sec.gov/Archives/edgar/data/56701/000095012496005056/0000950124-96-005056-index.html,https://www.sec.gov/Archives/edgar/data/56701/0000950124-96-005056.txt,1620594215,17:03:35,20210509
98,1996-06-30,KOSS,USD,1996-06-30,1996-06-30,Q4,8500000.0,5300000.0,3200000.0,0.3764705882352941,0.0,2000000.0,0.0,0.0,2400000.0,7700000.0,0.0,400000.0,1200000.0,0.1411764705882353,800000.0,0.09411764705882353,300000.0,1000000.0,0.11764705882352941,400000.0,600000.0,0.07058823529411765,0.046875,0.046875,12800000.0,12800000.0,,,1620594215,17:03:35,20210509
99,1996-03-31,KOSS,USD,1996-05-15 00:00:00,1996-05-15 00:00:00,Q3,8500000.0,5900000.0,2600000.0,0.3058823529411765,0.0,2200000.0,0.0,0.0,2300000.0,8200000.0,0.0,100000.0,400000.0,0.047058823529411764,300000.0,0.03529411764705882,0.0,300000.0,0.03529411764705882,100000.0,200000.0,0.023529411764705882,0.015,0.015,13333333.0,13333333.0,https://www.sec.gov/Archives/edgar/data/56701/000095013796000728/0000950137-96-000728-index.html,https://www.sec.gov/Archives/edgar/data/56701/0000950137-96-000728.txt,1620594215,17:03:35,20210509
100,1995-12-31,KOSS,USD,1996-02-14 00:00:00,1996-02-14 00:00:00,Q2,9900000.0,6900000.0,3000000.0,0.30303030303030304,0.0,2200000.0,0.0,0.0,2300000.0,9200000.0,0.0,100000.0,800000.0,0.08080808080808081,700000.0,0.0707070707070707,700000.0,1300000.0,0.13131313131313133,500000.0,800000.0,0.08080808080808081,0.055,0.055,14545455.0,14545455.0,https://www.sec.gov/Archives/edgar/data/56701/000095012496000764/0000950124-96-000764-index.html,https://www.sec.gov/Archives/edgar/data/56701/0000950124-96-000764.txt,1620594215,17:03:35,20210509
101,1995-09-30,KOSS,USD,1995-09-30,1995-09-30,Q1,9600000.0,6200000.0,3400000.0,0.3541666666666667,0.0,2100000.0,0.0,0.0,2300000.0,8500000.0,0.0,200000.0,1300000.0,0.13541666666666666,1100000.0,0.11458333333333333,400000.0,1400000.0,0.14583333333333334,600000.0,800000.0,0.08333333333333333,0.0575,0.0575,13913043.0,13913043.0,,,1620594215,17:03:35,20210509
102,1995-06-30,KOSS,USD,1995-06-30,1995-06-30,Q4,7500000.0,5100000.0,2400000.0,0.32,0.0,2300000.0,0.0,0.0,2400000.0,7500000.0,0.0,100000.0,0.0,0.0,0.0,0.05333333333333334,100000.0,400000.0,0.05333333333333334,200000.0,200000.0,0.02666666666666667,0.014375000494140642,0.014375000494140642,13913043.0,13913043.0,,,1620594215,17:03:35,20210509
