,date,symbol,reportedCurrency,fillingDate,acceptedDate,period,revenue,costOfRevenue,grossProfit,grossProfitRatio,researchAndDevelopmentExpenses,generalAndAdministrativeExpenses,sellingAndMarketingExpenses,otherExpenses,operatingExpenses,costAndExpenses,interestExpense,depreciationAndAmortization,ebitda,ebitdaratio,operatingIncome,operatingIncomeRatio,totalOtherIncomeExpensesNet,incomeBeforeTax,incomeBeforeTaxRatio,incomeTaxExpense,netIncome,netIncomeRatio,eps,epsdiluted,weightedAverageShsOut,weightedAverageShsOutDil,link,finalLink,timestamp,est_time,est_date
0,2021-02-26,SGH,USD,2021-04-06,2021-04-06 16:08:15,Q2,304009000,252004000,53456000,0.17583689956547338,8852000.0,31664000,0.0,-1531000.0,40516000.0,292520000.0,4365.0,17160000.0,30100000.0,0.09901022667092092,12940000.0,0.04256452933959192,0.0,7044000.0,0.023170366666776313,1200000.0,5844000.0,0.019223115105144913,0.24059283655825442,0.24059283655825442,24290000,24290000,https://www.sec.gov/Archives/edgar/data/1616533/000156459021017805/0001564590-21-017805-index.htm,https://www.sec.gov/Archives/edgar/data/1616533/000156459021017805/sgh-10q_20210226.htm,1620597818,18:03:38,20210509
1,2020-11-27,SGH,USD,2021-01-05,2021-01-05 16:47:39,Q1,291697000,240538000,51159000,0.17538404577352526,6964000.0,38056000,0.0,832.0,45020000.0,285558000.0,3154.0,8367000.0,15991000.0,0.05482058437351087,7624000.0,0.026136710353551803,832.0,5302000.0,0.01817639536916732,3275000.0,2027000.0,0.006948991590588864,0.08344997941539728,0.08344997941539728,24290000,24290000,https://www.sec.gov/Archives/edgar/data/1616533/000156459021000281/0001564590-21-000281-index.htm,https://www.sec.gov/Archives/edgar/data/1616533/000156459021000281/sgh-10q_20201127.htm,1620597818,18:03:38,20210509
2,2020-08-28,SGH,USD,2020-10-22,2020-10-22 17:13:12,Q4,297030000,240693000,56337000,0.18966771033228966,8032000.0,24820000,0.0,1000.0,39107000.0,279800000.0,-3265000.0,8633000.0,25863000.0,0.08707201292798707,17230000.0,0.058007608659058005,-299000.0,13666000.0,0.046008820657846006,6139000.0,7527000.0,0.02534087465912534,0.30988,0.30988,24290000,24290000,https://www.sec.gov/Archives/edgar/data/1616533/000156459020047291/0001564590-20-047291-index.htm,https://www.sec.gov/Archives/edgar/data/1616533/000156459020047291/sgh-10k_20200828.htm,1620597818,18:03:38,20210509
3,2020-05-29,SGH,USD,2020-07-07,2020-07-07 16:44:53,Q3,281287000,227054000,54233000,0.19280308012812536,14436000.0,26966000,0.0,-3445000.0,44361000.00000002,271415000.0,-6502000.0,8818000.000000002,18690000.0,0.06644459217809569,9872000.0,0.035095827393374024,155000.0,3525000.0,0.01253168472058787,2700000.0,825000.0,0.0029329474877971607,0.03377,0.03377,24431000,24431000,https://www.sec.gov/Archives/edgar/data/1616533/000156459020031962/0001564590-20-031962-index.htm,https://www.sec.gov/Archives/edgar/data/1616533/000156459020031962/sgh-10q_20200529.htm,1620597818,18:03:38,20210509
4,2020-02-28,SGH,USD,2020-04-07,2020-04-07 17:06:09,Q2,272042000,220536000,51506000,0.18933105917468626,14702000.0,25882000,0.0,-12386000.0,49980000.00000002,270516000.0,-10136000.0,9434999.999999998,10960999.999999998,0.04029157262481528,1526000.0,0.005609427955977386,230000.0,-8380000.0,-0.030804067019063235,1340000.0,-9720000.0,-0.03572977701972489,-0.40659,-0.40659,23906000,23906000,https://www.sec.gov/Archives/edgar/data/1616533/000156459020015742/0001564590-20-015742-index.htm,https://www.sec.gov/Archives/edgar/data/1616533/000156459020015742/sgh-10q_20200228.htm,1620597818,18:03:38,20210509
5,2019-11-29,SGH,USD,2019-12-20,2019-12-20 16:49:00,Q1,272018000,217698000,54320000,0.1996926673970105,14886000.0,30787000,0.0,-840000.0,48438999.99999999,266137000.0,-5403000.0,9544000.0,15425000.0,0.056705806233411024,5881000.0,0.021619892801211685,71000.0,549000.0,0.002018248792359329,325000.0,224000.0,0.0008234749171010742,0.00945,0.00945,23713000,23713000,https://www.sec.gov/Archives/edgar/data/1616533/000156459019046559/0001564590-19-046559-index.htm,https://www.sec.gov/Archives/edgar/data/1616533/000156459019041109/sgh-10k_20190830.htm,1620597818,18:03:38,20210509
6,2019-08-30,SGH,USD,2019-11-06,2019-11-06 16:53:19,Q4,278400000,226108000,52292000,0.18783045977011495,13536000.0,27858000,0.0,819000.0,40860000.000000015,266968000.0,-4234000.0,9053999.999999998,20486000.0,0.07358477011494254,11432000.0,0.041063218390804596,486000.0,7684000.0,0.02760057471264368,2059000.0,5625000.0,0.020204741379310345,0.23684,0.23684,23750000,23750000,https://www.sec.gov/Archives/edgar/data/1616533/000156459019041109/0001564590-19-041109-index.htm,https://www.sec.gov/Archives/edgar/data/1616533/000156459019041109/sgh-10k_20190830.htm,1620597818,18:03:38,20210509
7,2019-05-31,SGH,USD,2019-06-27,2019-06-27 17:04:10,Q3,235657000,192622000,43035000,0.18261710876400872,11330000.0,24306000,0.0,241000.0,35636000.0,228258000.0,5001000.0,6817000.0,14216000.0,0.060324963824541604,7399000.0,0.03139732747170676,97000.0,2495000.0,0.010587421549115876,550000.0,1945000.0,0.008253521007226605,0.08454683764399043,0.0833690527218174,23005000,23330000,https://www.sec.gov/Archives/edgar/data/1616533/000156459019023864/0001564590-19-023864-index.htm,https://www.sec.gov/Archives/edgar/data/1616533/000156459019023864/sgh-10q_20190531.htm,1620597818,18:03:38,20210509
8,2019-03-01,SGH,USD,2019-03-28,2019-03-28 16:34:22,Q2,304063000,246932000,57131000,0.1878919829114361,11238000.0,22481000,0.0,252000.0,34680000.00000004,281612000.00000006,-5226000.0,6927000.000000001,29378000.0,0.09661813505753741,22451000.0,0.07383667200547255,205000.0,17430000.0,0.057323646744260236,4644000.0,12786000.0,0.0420504961142921,0.54737,0.54737,23359000,23359000,https://www.sec.gov/Archives/edgar/data/1616533/000156459019009858/0001564590-19-009858-index.htm,https://www.sec.gov/Archives/edgar/data/1616533/000156459019009858/sgh-10q_20190301.htm,1620597818,18:03:38,20210509
9,2018-11-30,SGH,USD,2019-01-08,2019-01-08 16:31:39,Q1,393879000,308810000,85069000,0.21597749562682955,11816000.0,25454000,0.0,55000.0,37270000.0,346080000.0,5875000.0,6408000.0,54207000.0,0.13762348335402497,47799000.0,0.12135452765950965,-3329000.0,38595000.0,0.09798694522937247,7619000.0,30976000.0,0.07864344125987931,1.37,1.33,22595000,23257000,https://www.sec.gov/Archives/edgar/data/1616533/000156459019000402/0001564590-19-000402-index.htm,https://www.sec.gov/Archives/edgar/data/1616533/000156459018025456/sgh-10k_20180831.htm,1620597818,18:03:38,20210509
10,2018-08-31,SGH,USD,2018-10-30,2018-10-29 17:53:20,Q4,373970000,291291000,82679000,0.2210845789769233,11659000.0,29039000,0.0,-19000.0,40698000.0,331989000.0,6217000.0,7526000.0,49507000.0,0.13238227665320748,41981000.0,0.1122576677273578,-2987000.0,32777000.0,0.0876460678664064,3059000.0,29718000.0,0.07946626734764821,1.33,1.28,22383000,23270000,https://www.sec.gov/Archives/edgar/data/1616533/000156459018025456/0001564590-18-025456-index.htm,https://www.sec.gov/Archives/edgar/data/1616533/000156459018025456/sgh-10k_20180831.htm,1620597818,18:03:38,20210509
11,2018-05-25,SGH,USD,2018-06-21,2018-06-21 17:14:28,Q3,335477000,257423000,78054000,0.23266572671151822,9763000.0,19597000,0.0,-7145000.0,29360000.0,286783000.0,0.0,6742000.0,55436000.0,0.16524530742793098,48694000.0,0.14514854967702703,-7145000.0,37451000.0,0.11163507483374419,5505000.0,31946000.0,0.0952256041397771,1.4565931059638884,1.3877497827975673,21932000,23020000,https://www.sec.gov/Archives/edgar/data/1616533/000156459018015964/0001564590-18-015964-index.htm,https://www.sec.gov/Archives/edgar/data/1616533/000156459018015964/sgh-10q_20180525.htm,1620597818,18:03:38,20210509
12,2018-02-23,SGH,USD,2018-03-22,2018-03-22 17:23:41,Q2,313965000,240948000,73017000,0.23256413931489178,9852000.0,18087000,0.0,2548000.0,27939000.0,268887000.0,0.0,7080000.0,52158000.0,0.16612679757297788,45078000.0,0.14357651330562324,2548000.0,43396000.0,0.13821922825792685,6602000.0,36794000.0,0.11719140668545858,1.6882628246306324,1.6083402544039866,21794000,22877000,https://www.sec.gov/Archives/edgar/data/1616533/000156459018006586/0001564590-18-006586-index.htm,https://www.sec.gov/Archives/edgar/data/1616533/000156459018006586/sgh-10q_20180223.htm,1620597818,18:03:38,20210509
13,2017-11-24,SGH,USD,2017-12-21,2017-12-21 17:01:54,Q1,265409000,207573000,57836000,0.21791273091718819,8550000.0,17818000,0.0,-2715000.0,26368000.0,233941000.0,0.0,6999000.0,38467000.0,0.14493479874457912,31468000.0,0.11856417830593537,-2715000.0,24154000.0,0.09100671039791416,3149000.0,21005000.0,0.0791420034738837,0.9691782402067088,0.9247193484481621,21673000,22715000,https://www.sec.gov/Archives/edgar/data/1616533/000156459017025238/0001564590-17-025238-index.htm,https://www.sec.gov/Archives/edgar/data/1616533/000156459017019480/sgh-10k_20170825.htm,1620597818,18:03:38,20210509
14,2017-08-25,SGH,USD,2017-10-13,2017-10-13 17:02:09,Q4,223019000,175011000,48008000,0.21526417031732722,9718000.0,17722000,0.0,0.0,27440000.0,202451000.0,100000.0,9646000.0,30214000.0,0.13547724633327204,20568000.0,0.0922253260932925,-20887000.0,-6451000.0,-0.02892578659217376,3758000.0,-10209000.0,-0.045776368829561605,-0.47104692474507454,-0.6467532467532467,21673000,15785000,https://www.sec.gov/Archives/edgar/data/1616533/000156459017019480/0001564590-17-019480-index.htm,https://www.sec.gov/Archives/edgar/data/1616533/000156459017019480/sgh-10k_20170825.htm,1620597818,18:03:38,20210509
15,2017-05-31,SGH,USD,2017-06-29,2017-06-29,Q3,206974000,159599000,47375000,0.22889348420574565,8797000.0,18193000,0.0,247000.0,26990000.0,186589000.0,8294000.0,7846000.0,28231000.0,0.13639877472532783,20385000.0,0.09849063167354354,-762000.0,11329000.0,0.05473634369534338,3371000.0,7958000.0,0.03844927382183269,0.57,0.5,13986000,15955000,https://www.sec.gov/Archives/edgar/data/1616533/000156459017013116/0001564590-17-013116-index.htm,https://www.sec.gov/Archives/edgar/data/1616533/000156459017013116/sgh-10q_20170526.htm,1620597818,18:03:38,20210509
16,2017-02-28,SGH,USD,2017-02-28,2017-02-28,Q2,171954000,134797000,37157000,0.21608686043941985,9948000.0,17434000,0.0,177000.0,27382000.0,162179000.0,8512000.0,8991000.0,18766000.0,0.10913383811949708,9775000.0,0.05684659850890354,-1476000.0,-213000.0,-0.0012387033741582051,2124000.0,-2337000.0,-0.013590844062947067,-0.112854,-0.112854,20708177,20708177,,,1620597818,18:03:38,20210509
17,2016-11-30,SGH,USD,2016-11-30,2016-11-30,Q1,159344000,129634000,29710000,0.18645195300733006,9697000.0,16410000,0.0,45000.0,26107000.0,155741000.0,6266000.0,8562000.0,12165000.0,0.07634426147203535,3603000.0,0.022611456973591727,117000.0,-2546000.0,-0.015978009840345416,661000.0,-3207000.0,-0.020126267697559996,-0.154873,-0.154873,20707277,20707277,,,1620597818,18:03:38,20210509
18,2016-08-31,SGH,USD,2016-08-31,2016-08-31,Q4,146201000,116325000,29876000,0.20434880746369724,10353000.0,15532000,0.0,298000.0,25885000.0,142210000.0,6310000.0,8090000.0,12081000.0,0.08263281372904425,3991000.0,0.027298034897162125,1152000.0,-1167000.0,-0.007982161544722676,294000.0,-1461000.0,-0.009993091702519134,-0.07055490685714012,-0.07055490685714012,20707277,20707277,,,1620597818,18:03:38,20210509
19,2016-05-31,SGH,USD,2016-05-31,2016-05-31,Q3,149609000,118997000,30612000,0.204613358821996,9667000.0,15680000,0.0,295000.0,25347000.0,144344000.0,6326000.0,7709000.0,12974000.0,0.08671938185536966,5265000.0,0.03519173311766003,1974000.0,913000.0,0.006102574043005434,2258000.0,-1345000.0,-0.008990100862916002,-0.064953,-0.064953,20707277,20707277,,,1620597818,18:03:38,20210509
