,date,symbol,reportedCurrency,fillingDate,acceptedDate,period,revenue,costOfRevenue,grossProfit,grossProfitRatio,researchAndDevelopmentExpenses,generalAndAdministrativeExpenses,sellingAndMarketingExpenses,otherExpenses,operatingExpenses,costAndExpenses,interestExpense,depreciationAndAmortization,ebitda,ebitdaratio,operatingIncome,operatingIncomeRatio,totalOtherIncomeExpensesNet,incomeBeforeTax,incomeBeforeTaxRatio,incomeTaxExpense,netIncome,netIncomeRatio,eps,epsdiluted,weightedAverageShsOut,weightedAverageShsOutDil,link,finalLink,timestamp,est_time,est_date
0,2021-03-31,TRTX,USD,2021-05-04,2021-05-04 16:25:56,Q1,37626000,0.0,0.0,0.0,0.0,7580000.0,0.0,0.0,0.0,0.0,20290000,0.0,0.0,0.0,0.0,0.874023281773242,0.0,32886000,0.874023281773242,931000.0,31955000,0.8492797533620369,0.32,0.3,76895615,80673236,https://www.sec.gov/Archives/edgar/data/1630472/000156459021023370/0001564590-21-023370-index.htm,https://www.sec.gov/Archives/edgar/data/1630472/000156459021023370/trtx-10q_20210331.htm,1620599054,18:24:14,20210509
1,2020-12-31,TRTX,USD,2021-02-24,2021-02-24 16:18:41,Q4,116546000,0.0,116546000.0,1.0,0.0,7788000.0,0.0,40341.0,3597.0,3597.0,42915000,-11089000.0,-147610000.0,-1.2665385341410258,-136521000.0,-1.1713915535496713,537.0,53187000,0.4563605786556381,-459000.0,53646000,0.46029893775848163,0.6989123032341885,0.6855310509874932,76756411,78254661,https://www.sec.gov/Archives/edgar/data/1630472/000156459021008107/0001564590-21-008107-index.htm,https://www.sec.gov/Archives/edgar/data/1630472/000156459021008107/trtx-10k_20201231.htm,1620599054,18:24:14,20210509
2,2020-09-30,TRTX,USD,2020-11-04,2020-11-04 16:26:18,Q3,48090000,0.0,48090000.0,1.0,0.0,7302000.0,0.0,9310.0,862.0,862.0,21450000,-8515000.0,-8476479.0,-0.17626281971303806,38521.0,0.0008010189228529839,81.0,38521000,0.801018922852984,74000.0,38447000,0.7994801414015388,0.4,0.39,76756411,78254661,https://www.sec.gov/Archives/edgar/data/1630472/000156459020050509/0001564590-20-050509-index.htm,https://www.sec.gov/Archives/edgar/data/1630472/000156459020050509/trtx-10q_20200930.htm,1620599054,18:24:14,20210509
3,2020-06-30,TRTX,USD,2020-07-29,2020-07-29 16:06:53,Q2,44140000,0.0,0.0,0.0,0.0,7661000.0,0.0,0.0,12000000.0,0.0,25865000,0.0,0.0,0.0,0.0,0.9739238785681921,0.0,42989000,0.9739238785681921,61000.0,42928000,0.9725419120978704,0.52,0.52,76644038,76644038,https://www.sec.gov/Archives/edgar/data/1630472/000156459020034284/0001564590-20-034284-index.htm,https://www.sec.gov/Archives/edgar/data/1630472/000156459020034284/trtx-10q_20200630.htm,1620599054,18:24:14,20210509
4,2020-03-31,TRTX,USD,2020-05-11 00:00:00,2020-05-11 16:12:56,Q1,-160149000,0.0,0.0,0.0,0.0,7381000.0,0.0,0.0,9000000.0,0.0,38457000,0.0,0.0,0.0,0.0,1.4530031408251065,0.0,-232697000,1.4530031408251065,93000.0,-232790000,1.4535838500396505,-3.05,-3.05,76465322,76465322,https://www.sec.gov/Archives/edgar/data/1630472/000156459020024188/0001564590-20-024188-index.html,https://www.sec.gov/Archives/edgar/data/1630472/000156459020024188/trtx-10q_20200331.htm,1620599054,18:24:14,20210509
5,2019-12-31,TRTX,USD,2020-02-19 00:00:00,2020-02-18 19:38:54,Q4,42250000,0.0,0.0,0.0,0.0,8285000.0,0.0,0.0,9000000.0,0.0,41174000,0.0,0.0,0.0,0.0,0.7800710059171597,0.0,32958000,0.7800710059171597,51000.0,32907000,0.7788639053254438,0.43035194437551705,0.43035194437551705,76465322,76465322,https://www.sec.gov/Archives/edgar/data/1630472/000156459020005108/0001564590-20-005108-index.html,https://www.sec.gov/Archives/edgar/data/1630472/000156459020005108/trtx-10k_20191231.htm,1620599054,18:24:14,20210509
6,2019-09-30,TRTX,USD,2019-10-28 00:00:00,2019-10-28 16:50:51,Q3,43688000,0.0,0.0,0.0,0.0,9116000.0,0.0,0.0,12000000.0,0.0,47874000,0.0,0.0,0.0,0.0,0.7583775865226149,0.0,33132000,0.7583775865226149,107000.0,33025000,0.7559284013916865,0.44,0.44,74126890,74126890,https://www.sec.gov/Archives/edgar/data/1630472/000156459019038159/0001564590-19-038159-index.html,https://www.sec.gov/Archives/edgar/data/1630472/000156459019038159/trtx-10q_20190930.htm,1620599054,18:24:14,20210509
7,2019-06-30,TRTX,USD,2019-07-29 00:00:00,2019-07-29 16:52:59,Q2,41809000,0.0,0.0,0.0,0.0,9045000.0,0.0,0.0,10000000.0,0.0,46426000,0.0,0.0,0.0,0.0,0.769475471788371,0.0,32171000,0.769475471788371,202000.0,31969000,0.7646439761773781,0.43,0.43,73963337,73963337,https://www.sec.gov/Archives/edgar/data/1630472/000156459019026625/0001564590-19-026625-index.html,https://www.sec.gov/Archives/edgar/data/1630472/000156459019026625/trtx-10q_20190630.htm,1620599054,18:24:14,20210509
8,2019-03-31,TRTX,USD,2019-04-29 00:00:00,2019-04-29 17:10:55,Q1,37143000,0.0,0.0,0.0,0.0,7833000.0,0.0,0.0,9000000.0,0.0,39367000,0.0,0.0,0.0,0.0,0.7708316506474975,0.0,28631000,0.7708316506474975,219000.0,28412000,0.7649355194787713,0.42,0.42,68294736,68294736,https://www.sec.gov/Archives/edgar/data/1630472/000156459019013782/0001564590-19-013782-index.html,https://www.sec.gov/Archives/edgar/data/1630472/000156459019013782/trtx-10q_20190331.htm,1620599054,18:24:14,20210509
9,2018-12-31,TRTX,USD,2019-02-26 00:00:00,2019-02-25 21:32:47,Q4,36239000,0.0,0.0,0.0,0.0,7039000.0,0.0,0.0,8000000.0,0.0,35576000,0.0,0.0,0.0,0.0,0.7918816744391401,0.0,28697000,0.7918816744391401,132000.0,28565000,0.7882391898231187,0.4182606401758402,0.4182606401758402,68294736,68294736,https://www.sec.gov/Archives/edgar/data/1630472/000156459019004202/0001564590-19-004202-index.html,https://www.sec.gov/Archives/edgar/data/1630472/000156459019004202/trtx-10k_20181231.htm,1620599054,18:24:14,20210509
10,2018-09-30,TRTX,USD,2018-11-05 00:00:00,2018-11-05 16:20:06,Q3,34744000,0.0,0.0,0.0,0.0,7012000.0,0.0,0.0,9000000.0,0.0,34297000,0.0,0.0,0.0,0.0,0.772133317982961,0.0,26827000,0.772133317982961,3000.0,26824000,0.7720469721390744,0.42,0.42,64295973,64295973,https://www.sec.gov/Archives/edgar/data/1630472/000156459018026850/0001564590-18-026850-index.html,https://www.sec.gov/Archives/edgar/data/1630472/000156459018026850/trtx-10q_20180930.htm,1620599054,18:24:14,20210509
11,2018-06-30,TRTX,USD,2018-08-06 00:00:00,2018-08-06 16:14:23,Q2,34281000,0.0,0.0,0.0,0.0,6998000.0,0.0,0.0,9000000.0,0.0,30154000,0.0,0.0,0.0,0.0,0.77092266853359,0.0,26428000,0.77092266853359,-10000.0,26438000,0.7712143753099384,0.44,0.44,60175373,60175373,https://www.sec.gov/Archives/edgar/data/1630472/000156459018019432/0001564590-18-019432-index.html,https://www.sec.gov/Archives/edgar/data/1630472/000156459018019432/trtx-10q_20180630.htm,1620599054,18:24:14,20210509
12,2018-03-31,TRTX,USD,2018-05-07 00:00:00,2018-05-07 17:18:34,Q1,32966000,0.0,0.0,0.0,0.0,6738000.0,0.0,0.0,8000000.0,0.0,25998000,0.0,0.0,0.0,0.0,0.7683370745616696,0.0,25329000,0.7683370745616696,215000.0,25114000,0.7618152035430443,0.42,0.42,60393818,60393818,https://www.sec.gov/Archives/edgar/data/1630472/000156459018011303/0001564590-18-011303-index.html,https://www.sec.gov/Archives/edgar/data/1630472/000156459018011303/trtx-10q_20180331.htm,1620599054,18:24:14,20210509
13,2017-12-31,TRTX,USD,2018-02-26 00:00:00,2018-02-26 17:16:33,Q4,31463000,0.0,0.0,0.0,0.0,6015000.0,0.0,0.0,7000000.0,0.0,21683000,0.0,0.0,0.0,0.0,0.7870832406318533,0.0,24764000,0.7870832406318533,6000.0,24758000,0.7868925404443314,0.4099426202860697,0.4099426202860697,60393818,60393818,https://www.sec.gov/Archives/edgar/data/1630472/000156459018003266/0001564590-18-003266-index.html,https://www.sec.gov/Archives/edgar/data/1630472/000156459018003266/trtx-10k_20171231.htm,1620599054,18:24:14,20210509
14,2017-09-30,TRTX,USD,2017-11-06 00:00:00,2017-11-06 16:15:40,Q3,27533000,0.0,0.0,0.0,0.0,5486000.0,0.0,0.0,7000000.0,0.0,19150000,0.0,0.0,0.0,0.0,0.7551302073874986,0.0,20791000,0.7551302073874986,0.0,20791000,0.7551302073874986,0.35,0.35,58685979,58685979,https://www.sec.gov/Archives/edgar/data/1630472/000156459017021802/0001564590-17-021802-index.html,https://www.sec.gov/Archives/edgar/data/1630472/000156459017021802/trtx-10q_20170930.htm,1620599054,18:24:14,20210509
15,2017-06-30,TRTX,USD,2017-08-24,2017-08-24,Q2,31141000,0.0,0.0,0.0,0.0,5364000.0,0.0,0.0,0.0,0.0,19635000,0.0,0.0,0.0,0.0,0.8128833370797341,0.0,25314000,0.8128833370797341,-14000.0,25328000,0.8133329051732443,0.64,0.64,39482038,39482038,https://www.sec.gov/Archives/edgar/data/1630472/000156459017018038/0001564590-17-018038-index.htm,https://www.sec.gov/Archives/edgar/data/1630472/000156459017018038/trtx-10q_20170630.htm,1620599054,18:24:14,20210509
16,2017-03-31,TRTX,USD,2017-03-31,2017-03-31,Q1,29127000,0.0,0.0,0.0,0.0,4769000.0,0.0,0.0,0.0,0.0,17800000,0.0,0.0,0.0,0.0,0.8112404298417276,0.0,23629000,0.8112404298417276,154000.0,23475000,0.8059532392625399,0.387,0.387,60689512,60689512,,,1620599054,18:24:14,20210509
17,2016-12-31,TRTX,USD,2016-12-31,2016-12-31,Q4,23581000,0.0,0.0,0.0,0.0,3823000.0,0.0,0.0,0.0,0.0,16706000,0.0,0.0,0.0,0.0,0.7984818285908146,0.0,18829000,0.7984818285908146,-331000.0,19160000,0.8125185530723887,0.48528396634439186,0.48528396634439186,39482038,39482038,,,1620599054,18:24:14,20210509
18,2016-09-30,TRTX,USD,2016-09-30,2016-09-30,Q3,22265000,0.0,0.0,0.0,0.0,3554000.0,0.0,0.0,0.0,0.0,16937000,0.0,0.0,0.0,0.0,0.7894902313047384,0.0,17578000,0.7894902313047384,136000.0,17442000,0.7833819896698855,0.441695,0.441695,39482038,39482038,,,1620599054,18:24:14,20210509
19,2016-06-30,TRTX,USD,2016-06-30,2016-06-30,Q2,22972000,0.0,0.0,0.0,0.0,4824000.0,0.0,0.0,0.0,0.0,15076000,0.0,0.0,0.0,0.0,0.7513494689186836,0.0,17260000,0.7513494689186836,144000.0,17116000,0.745080968135121,0.433311,0.433311,39482038,39482038,,,1620599054,18:24:14,20210509
20,2016-03-31,TRTX,USD,2016-03-31,2016-03-31,Q1,19955000,0.0,0.0,0.0,0.0,3322000.0,0.0,0.0,0.0,0.0,12930000,0.0,0.0,0.0,0.0,0.8165873214733149,0.0,16295000,0.8165873214733149,46000.0,16249000,0.8142821348033075,0.26774,0.26774,60689512,60689512,,,1620599054,18:24:14,20210509
