,date,symbol,reportedCurrency,fillingDate,acceptedDate,period,revenue,costOfRevenue,grossProfit,grossProfitRatio,researchAndDevelopmentExpenses,generalAndAdministrativeExpenses,sellingAndMarketingExpenses,otherExpenses,operatingExpenses,costAndExpenses,interestExpense,depreciationAndAmortization,ebitda,ebitdaratio,operatingIncome,operatingIncomeRatio,totalOtherIncomeExpensesNet,incomeBeforeTax,incomeBeforeTaxRatio,incomeTaxExpense,netIncome,netIncomeRatio,eps,epsdiluted,weightedAverageShsOut,weightedAverageShsOutDil,link,finalLink,timestamp,est_time,est_date
0,2020-12-31,FAR.TO,USD,2020-12-31,2020-12-31,Q4,54177000.0,45214000.0,8963000.0,0.16543920852022076,0.0,0.0,0.0,0.0,5586000.0,50800000.0,3458000.0,4409000.0,7786000.0,0.14371412222899016,3377000.0,0.02401388042896432,0.0,1301000.0,0.02401388042896432,-900000.0,1604000.0,0.029606659652620115,0.01786294557010142,0.01786294557010142,89794821.0,89794821.0,https://www.sedar.com/ModifyCompanyDocumentSearchForm.do?lang=EN&company_search=Foraco International SA&document_selection=0&industry_group=A&FromDate=13&FromMonth=05&FromYear=2000&ToDate=13&ToMonth=11&ToYear=2020&Variable=Issuer,https://www.sedar.com/ModifyCompanyDocumentSearchForm.do?lang=EN&company_search=Foraco International SA&document_selection=0&industry_group=A&FromDate=13&FromMonth=05&FromYear=2000&ToDate=13&ToMonth=11&ToYear=2020&Variable=Issuer,1620591937,16:25:37,20210509
1,2020-09-30,FAR.TO,USD,2020-09-30,2020-09-30,Q3,55924000.0,43088000.0,12836000.0,0.22952578499392032,0.0,5213000.0,0.0,0.0,5213000.0,48301000.0,1951000.0,3914000.0,11537000.0,0.20629783277304914,7623000.0,0.1363099921321794,0.0,5672000.0,0.10142336027465847,1425000.0,2949000.0,0.052732279522208714,0.032842,0.032842,89794821.0,89794821.0,https://www.sedar.com/ModifyCompanyDocumentSearchForm.do?lang=EN&company_search=Foraco International SA&document_selection=0&industry_group=A&FromDate=13&FromMonth=05&FromYear=2000&ToDate=13&ToMonth=11&ToYear=2020&Variable=Issuer,https://www.sedar.com/ModifyCompanyDocumentSearchForm.do?lang=EN&company_search=Foraco International SA&document_selection=0&industry_group=A&FromDate=13&FromMonth=05&FromYear=2000&ToDate=13&ToMonth=11&ToYear=2020&Variable=Issuer,1620591937,16:25:37,20210509
2,2020-06-30,FAR.TO,USD,2020-06-30,2020-06-30,Q2,47351000.0,36187000.0,11164000.0,0.23577115583620198,0.0,5102000.0,0.0,0.0,5102000.0,41289000.0,2065000.0,4054000.0,10116000.0,0.21363857151908092,6062000.0,0.1280226394373931,0.0,3997000.0,0.08441215602627189,720000.0,1726000.0,0.03645118371312116,0.019205764631396033,0.018777714603956296,89868851.0,91917469.0,https://www.sedar.com/ModifyCompanyDocumentSearchForm.do?lang=EN&company_search=Foraco International SA&document_selection=0&industry_group=A&FromDate=13&FromMonth=05&FromYear=2000&ToDate=13&ToMonth=11&ToYear=2020&Variable=Issuer,https://www.sedar.com/ModifyCompanyDocumentSearchForm.do?lang=EN&company_search=Foraco International SA&document_selection=0&industry_group=A&FromDate=13&FromMonth=05&FromYear=2000&ToDate=13&ToMonth=11&ToYear=2020&Variable=Issuer,1620591937,16:25:37,20210509
3,2020-03-31,FAR.TO,USD,2020-03-31,2020-03-31,Q1,49671000.0,44408000.0,5263000.0,0.1059571983652433,0.0,5139000.0,0.0,0.0,5139000.0,49547000.0,2430000.0,4296000.0,4420000.0,0.08898552475287391,124000.0,0.0024964264862797204,0.0,-2305000.0,-0.04640534718447384,-241000.0,-2042000.0,-0.041110507136961204,-0.02272139133427276,-0.022150406117174174,89871257.0,92187926.0,https://www.sedar.com/ModifyCompanyDocumentSearchForm.do?lang=EN&company_search=Foraco International SA&document_selection=0&industry_group=A&FromDate=13&FromMonth=05&FromYear=2000&ToDate=13&ToMonth=11&ToYear=2020&Variable=Issuer,https://www.sedar.com/ModifyCompanyDocumentSearchForm.do?lang=EN&company_search=Foraco International SA&document_selection=0&industry_group=A&FromDate=13&FromMonth=05&FromYear=2000&ToDate=13&ToMonth=11&ToYear=2020&Variable=Issuer,1620591937,16:25:37,20210509
4,2019-12-31,FAR.TO,USD,2019-12-31,2019-12-31,Q4,48378000.0,39459000.0,8919000.0,0.18436065980404315,0.0,5336000.0,0.0,0.0,5336000.0,44795000.0,2228000.0,4601000.0,8184000.0,0.16916780354706684,3583000.0,0.0740625904336682,0.0,1456000.0,0.030096324775724503,-814000.0,1970000.0,0.04072098887924263,0.021938904472007355,0.021938904472007355,89794821.0,89794821.0,https://www.sedar.com/ModifyCompanyDocumentSearchForm.do?lang=EN&company_search=Foraco International SA&document_selection=0&industry_group=A&FromDate=13&FromMonth=05&FromYear=2000&ToDate=13&ToMonth=11&ToYear=2020&Variable=Issuer,https://www.sedar.com/ModifyCompanyDocumentSearchForm.do?lang=EN&company_search=Foraco International SA&document_selection=0&industry_group=A&FromDate=13&FromMonth=05&FromYear=2000&ToDate=13&ToMonth=11&ToYear=2020&Variable=Issuer,1620591937,16:25:37,20210509
5,2019-09-30,FAR.TO,USD,2019-09-30,2019-09-30,Q3,57771000.0,47293000.0,10478000.0,0.1813712762458673,0.0,5163000.0,0.0,0.0,5163000.0,52456000.0,2125000.0,4873000.0,10188000.0,0.17635145661317964,5315000.0,0.09200117706115525,0.0,3190000.0,0.055218015959564486,186000.0,2451000.0,0.04242613075764657,0.0273,0.0266,89882111.0,92272916.0,https://www.sedar.com/ModifyCompanyDocumentSearchForm.do?lang=EN&company_search=Foraco International SA&document_selection=0&industry_group=A&FromDate=13&FromMonth=05&FromYear=2000&ToDate=13&ToMonth=11&ToYear=2020&Variable=Issuer,https://www.sedar.com/ModifyCompanyDocumentSearchForm.do?lang=EN&company_search=Foraco International SA&document_selection=0&industry_group=A&FromDate=13&FromMonth=05&FromYear=2000&ToDate=13&ToMonth=11&ToYear=2020&Variable=Issuer,1620591937,16:25:37,20210509
6,2019-06-30,FAR.TO,USD,2019-06-30,2019-06-30,Q2,54093000.0,45627000.0,8466000.0,0.1565082358160945,0.0,5487000.0,0.0,0.0,5487000.0,51114000.0,1934000.0,4320000.0,7299000.0,0.13493427985136708,2979000.0,0.05507182075314736,0.0,1045000.0,0.01931858096241658,-246000.0,597000.0,0.011036548167045643,0.0066,0.0064,89904095.0,92625630.0,https://www.sedar.com/ModifyCompanyDocumentSearchForm.do?lang=EN&company_search=Foraco International SA&document_selection=0&industry_group=A&FromDate=13&FromMonth=05&FromYear=2000&ToDate=13&ToMonth=11&ToYear=2020&Variable=Issuer,https://www.sedar.com/ModifyCompanyDocumentSearchForm.do?lang=EN&company_search=Foraco International SA&document_selection=0&industry_group=A&FromDate=13&FromMonth=05&FromYear=2000&ToDate=13&ToMonth=11&ToYear=2020&Variable=Issuer,1620591937,16:25:37,20210509
7,2019-03-31,FAR.TO,USD,2019-03-31,2019-03-31,Q1,45201000.0,40964000.0,4237000.0,0.0937368642286675,0.0,5163000.0,0.0,0.0,5163000.0,46127000.0,2268000.0,4325000.0,3399000.0,0.07519745138381895,-926000.0,-0.02048627242760116,0.0,-3194000.0,-0.07066215349217937,739000.0,-3979000.0,-0.08802902590650649,-0.00044,-0.00044,89921029.0,89921029.0,https://www.sedar.com/ModifyCompanyDocumentSearchForm.do?lang=EN&company_search=Foraco International SA&document_selection=0&industry_group=A&FromDate=13&FromMonth=05&FromYear=2000&ToDate=13&ToMonth=11&ToYear=2020&Variable=Issuer,https://www.sedar.com/ModifyCompanyDocumentSearchForm.do?lang=EN&company_search=Foraco International SA&document_selection=0&industry_group=A&FromDate=13&FromMonth=05&FromYear=2000&ToDate=13&ToMonth=11&ToYear=2020&Variable=Issuer,1620591937,16:25:37,20210509
8,2018-12-31,FAR.TO,USD,2018-12-31,2018-12-31,Q4,47991000.0,42545000.0,5446000.0,0.1134796107603509,0.0,5265000.0,0.0,0.0,5265000.0,47810000.0,2474000.0,4143000.0,4324000.0,0.09010022712591945,181000.0,0.003771540497176554,0.0,-2219000.0,-0.0462378362609656,1416000.0,-3933000.0,-0.08195286616240545,-0.043799853445890824,-0.043799853445890824,89794821.0,89794821.0,https://www.sedar.com/ModifyCompanyDocumentSearchForm.do?lang=EN&company_search=Foraco International SA&document_selection=0&industry_group=A&FromDate=13&FromMonth=05&FromYear=2000&ToDate=13&ToMonth=11&ToYear=2020&Variable=Issuer,https://www.sedar.com/ModifyCompanyDocumentSearchForm.do?lang=EN&company_search=Foraco International SA&document_selection=0&industry_group=A&FromDate=13&FromMonth=05&FromYear=2000&ToDate=13&ToMonth=11&ToYear=2020&Variable=Issuer,1620591937,16:25:37,20210509
9,2018-09-30,FAR.TO,USD,2018-09-30,2018-09-30,Q3,46353000.0,39067000.0,7286000.0,0.15718507971436585,0.0,5197000.0,0.0,0.0,5197000.0,44264000.0,2392000.0,4125000.0,6214000.0,0.13405820550989148,2089000.0,0.045067201691368415,0.0,-303000.0,-0.006536793735033331,552000.0,-737000.0,-0.015899726015576123,-0.008223464995694285,-0.008057237830408657,89621589.0,91470553.0,https://www.sedar.com/ModifyCompanyDocumentSearchForm.do?lang=EN&company_search=Foraco International SA&document_selection=0&industry_group=A&FromDate=13&FromMonth=05&FromYear=2000&ToDate=13&ToMonth=11&ToYear=2020&Variable=Issuer,https://www.sedar.com/ModifyCompanyDocumentSearchForm.do?lang=EN&company_search=Foraco International SA&document_selection=0&industry_group=A&FromDate=13&FromMonth=05&FromYear=2000&ToDate=13&ToMonth=11&ToYear=2020&Variable=Issuer,1620591937,16:25:37,20210509
10,2018-06-30,FAR.TO,USD,2018-06-30,2018-06-30,Q2,45694000.0,39512000.0,6182000.0,0.13529128550794414,0.0,5138000.0,0.0,0.0,5138000.0,44650000.0,2109000.0,4106000.0,5150000.0,0.11270626340438569,1044000.0,0.022847638639646343,0.0,-1065000.0,-0.02330721757780015,401000.0,-1782000.0,-0.038998555609051515,-0.019876786233752792,-0.019338379557956767,89652320.0,92148362.0,https://www.sedar.com/ModifyCompanyDocumentSearchForm.do?lang=EN&company_search=Foraco International SA&document_selection=0&industry_group=A&FromDate=13&FromMonth=05&FromYear=2000&ToDate=13&ToMonth=11&ToYear=2020&Variable=Issuer,https://www.sedar.com/ModifyCompanyDocumentSearchForm.do?lang=EN&company_search=Foraco International SA&document_selection=0&industry_group=A&FromDate=13&FromMonth=05&FromYear=2000&ToDate=13&ToMonth=11&ToYear=2020&Variable=Issuer,1620591937,16:25:37,20210509
11,2018-03-31,FAR.TO,USD,2018-03-31,2018-03-31,Q1,40008000.0,37037000.0,2971000.0,0.07426014797040592,0.0,5171000.0,0.0,0.0,5171000.0,42208000.0,1989000.0,4413000.0,2213000.0,0.055313937212557486,-2200000.0,-0.054989002199560086,0.0,-4189000.0,-0.10470405918816236,485000.0,-4164000.0,-0.10407918416316736,-0.04639440541408004,-0.04529040136834441,89752201.0,91940011.0,https://www.sedar.com/ModifyCompanyDocumentSearchForm.do?lang=EN&company_search=Foraco International SA&document_selection=0&industry_group=A&FromDate=13&FromMonth=05&FromYear=2000&ToDate=13&ToMonth=11&ToYear=2020&Variable=Issuer,https://www.sedar.com/ModifyCompanyDocumentSearchForm.do?lang=EN&company_search=Foraco International SA&document_selection=0&industry_group=A&FromDate=13&FromMonth=05&FromYear=2000&ToDate=13&ToMonth=11&ToYear=2020&Variable=Issuer,1620591937,16:25:37,20210509
12,2017-12-31,FAR.TO,USD,2017-12-31,2017-12-31,Q4,34978000.0,30634000.0,4344000.0,0.124192349476814,0.0,5253000.0,0.0,0.0,5253000.0,35887000.0,1934000.0,4729000.0,3820000.0,0.10921150437417805,-909000.0,-0.025987763737206244,0.0,-2765000.0,-0.07904968837555035,-189000.0,-2328000.0,-0.06655612099033678,-0.02592577137605742,-0.02592577137605742,89794821.0,89794821.0,https://www.sedar.com/ModifyCompanyDocumentSearchForm.do?lang=EN&company_search=Foraco International SA&document_selection=0&industry_group=A&FromDate=13&FromMonth=05&FromYear=2000&ToDate=13&ToMonth=11&ToYear=2020&Variable=Issuer,https://www.sedar.com/ModifyCompanyDocumentSearchForm.do?lang=EN&company_search=Foraco International SA&document_selection=0&industry_group=A&FromDate=13&FromMonth=05&FromYear=2000&ToDate=13&ToMonth=11&ToYear=2020&Variable=Issuer,1620591937,16:25:37,20210509
13,2017-09-30,FAR.TO,USD,2017-09-30,2017-09-30,Q3,33868000.0,29635000.0,4233000.0,0.12498523680170072,0.0,5516000.0,0.0,0.0,5516000.0,35151000.0,1949000.0,4585000.0,3302000.0,0.0974961615684422,-1283000.0,-0.037882366835951344,0.0,-3232000.0,-0.09542931380654306,-515000.0,-2963000.0,-0.08748671312153065,-0.03306405969072662,-0.03247490779066133,89613920.0,91239674.0,https://www.sedar.com/ModifyCompanyDocumentSearchForm.do?lang=EN&company_search=Foraco International SA&document_selection=0&industry_group=A&FromDate=13&FromMonth=05&FromYear=2000&ToDate=13&ToMonth=11&ToYear=2020&Variable=Issuer,https://www.sedar.com/ModifyCompanyDocumentSearchForm.do?lang=EN&company_search=Foraco International SA&document_selection=0&industry_group=A&FromDate=13&FromMonth=05&FromYear=2000&ToDate=13&ToMonth=11&ToYear=2020&Variable=Issuer,1620591937,16:25:37,20210509
14,2017-06-30,FAR.TO,USD,2017-06-30,2017-06-30,Q2,36567000.0,32517000.0,4050000.0,0.11075559931085405,0.0,5138000.0,0.0,0.0,5138000.0,37655000.0,1295000.0,4669000.0,3581000.0,0.09792982744004157,-1088000.0,-0.029753602975360297,0.0,-2383000.0,-0.06516804769327536,-177000.0,-2068000.0,-0.05655372330243116,-0.023068355933666386,-0.022676105950311082,89646614.0,91197316.0,https://www.sedar.com/ModifyCompanyDocumentSearchForm.do?lang=EN&company_search=Foraco International SA&document_selection=0&industry_group=A&FromDate=13&FromMonth=05&FromYear=2000&ToDate=13&ToMonth=11&ToYear=2020&Variable=Issuer,https://www.sedar.com/ModifyCompanyDocumentSearchForm.do?lang=EN&company_search=Foraco International SA&document_selection=0&industry_group=A&FromDate=13&FromMonth=05&FromYear=2000&ToDate=13&ToMonth=11&ToYear=2020&Variable=Issuer,1620591937,16:25:37,20210509
15,2017-03-31,FAR.TO,USD,2017-03-31,2017-03-31,Q1,30324000.0,28819000.0,1505000.0,0.049630655586334255,0.0,4965000.0,0.0,0.0,4965000.0,33784000.0,1057000.0,4734000.0,1274000.0,0.0420129270544783,-3460000.0,-0.11410104207888142,0.0,-4517000.0,-0.14895792111858594,-731000.0,-3380000.0,-0.11146286769555468,-0.03768268353150337,-0.03707159047290396,89696372.0,91174939.0,https://www.sedar.com/ModifyCompanyDocumentSearchForm.do?lang=EN&company_search=Foraco International SA&document_selection=0&industry_group=A&FromDate=13&FromMonth=05&FromYear=2000&ToDate=13&ToMonth=11&ToYear=2020&Variable=Issuer,https://www.sedar.com/ModifyCompanyDocumentSearchForm.do?lang=EN&company_search=Foraco International SA&document_selection=0&industry_group=A&FromDate=13&FromMonth=05&FromYear=2000&ToDate=13&ToMonth=11&ToYear=2020&Variable=Issuer,1620591937,16:25:37,20210509
16,2016-12-31,FAR.TO,USD,2016-12-31,2016-12-31,Q4,28722000.0,25647000.0,3075000.0,0.10706078963860455,0.0,4397000.0,0.0,0.0,4397000.0,30044000.0,1070000.0,4772000.0,3450000.0,0.12011698349697096,-1322000.0,-0.04602743541536105,0.0,-2392000.0,-0.08328110855789987,1058000.0,-2741000.0,-0.09543207297541954,-0.030542373609980755,-0.03007459300029154,89744171.0,91140053.0,https://www.sedar.com/ModifyCompanyDocumentSearchForm.do?lang=EN&company_search=Foraco International SA&document_selection=0&industry_group=A&FromDate=13&FromMonth=05&FromYear=2000&ToDate=13&ToMonth=11&ToYear=2020&Variable=Issuer,https://www.sedar.com/ModifyCompanyDocumentSearchForm.do?lang=EN&company_search=Foraco International SA&document_selection=0&industry_group=A&FromDate=13&FromMonth=05&FromYear=2000&ToDate=13&ToMonth=11&ToYear=2020&Variable=Issuer,1620591937,16:25:37,20210509
17,2016-09-30,FAR.TO,USD,2016-09-30,2016-09-30,Q3,30017000.0,27918000.0,2099000.0,0.06992704134323884,0.0,4621000.0,0.0,0.0,4621000.0,32539000.0,938000.0,4961000.0,2439000.0,0.08125395609154812,-2522000.0,-0.08401905586834127,0.0,-3460000.0,-0.11526801479161808,-247000.0,-3366000.0,-0.11213645600826198,-0.03765005914280681,-0.03723321505427156,89402250.0,90403152.0,https://www.sedar.com/ModifyCompanyDocumentSearchForm.do?lang=EN&company_search=Foraco International SA&document_selection=0&industry_group=A&FromDate=13&FromMonth=05&FromYear=2000&ToDate=13&ToMonth=11&ToYear=2020&Variable=Issuer,https://www.sedar.com/ModifyCompanyDocumentSearchForm.do?lang=EN&company_search=Foraco International SA&document_selection=0&industry_group=A&FromDate=13&FromMonth=05&FromYear=2000&ToDate=13&ToMonth=11&ToYear=2020&Variable=Issuer,1620591937,16:25:37,20210509
18,2016-06-30,FAR.TO,USD,2016-06-30,2016-06-30,Q2,32297000.0,30169000.0,2128000.0,0.06588847261355543,0.0,4638000.0,0.0,0.0,4638000.0,34807000.0,969000.0,5043000.0,2533000.0,0.07842833699724433,-2510000.0,-0.07771619655076323,0.0,-3479000.0,-0.10771898318729294,-174000.0,-3828000.0,-0.11852494039694089,-0.042823573432997857,-0.04239139892247664,89390018.0,90301337.0,https://www.sedar.com/ModifyCompanyDocumentSearchForm.do?lang=EN&company_search=Foraco International SA&document_selection=0&industry_group=A&FromDate=13&FromMonth=05&FromYear=2000&ToDate=13&ToMonth=11&ToYear=2020&Variable=Issuer,https://www.sedar.com/ModifyCompanyDocumentSearchForm.do?lang=EN&company_search=Foraco International SA&document_selection=0&industry_group=A&FromDate=13&FromMonth=05&FromYear=2000&ToDate=13&ToMonth=11&ToYear=2020&Variable=Issuer,1620591937,16:25:37,20210509
19,2016-03-31,FAR.TO,USD,2016-03-31,2016-03-31,Q1,24128000.0,26919000.0,-2792000.0,-0.11571618037135278,0.0,4319000.0,0.0,0.0,4319000.0,31238000.0,847000.0,5409000.0,-1701000.0,-0.07049900530503979,-7110000.0,-0.2946783819628647,-900000.0,-8858000.0,-0.3671253315649867,-544000.0,-7977000.0,-0.3306117374005305,-0.0891924431000963,-0.08852612524479105,89435828.0,90108993.0,https://www.sedar.com/ModifyCompanyDocumentSearchForm.do?lang=EN&company_search=Foraco International SA&document_selection=0&industry_group=A&FromDate=13&FromMonth=05&FromYear=2000&ToDate=13&ToMonth=11&ToYear=2020&Variable=Issuer,https://www.sedar.com/ModifyCompanyDocumentSearchForm.do?lang=EN&company_search=Foraco International SA&document_selection=0&industry_group=A&FromDate=13&FromMonth=05&FromYear=2000&ToDate=13&ToMonth=11&ToYear=2020&Variable=Issuer,1620591937,16:25:37,20210509
20,2015-12-31,FAR.TO,USD,2015-12-31,2015-12-31,Q4,29528000.0,24538000.0,4990000.0,0.1689921430506638,0.0,4078000.0,0.0,0.0,4078000.0,28616000.0,920000.0,5297000.0,6209000.0,0.21027499322676782,912000.0,0.030885938769981035,-36000.0,-44000.0,-0.001490111081007857,288000.0,-234000.0,-0.007924681658087239,-0.002614675154825922,-0.0026075962465724736,89494865.0,89737819.0,https://www.sedar.com/ModifyCompanyDocumentSearchForm.do?lang=EN&company_search=Foraco International SA&document_selection=0&industry_group=A&FromDate=13&FromMonth=05&FromYear=2000&ToDate=13&ToMonth=11&ToYear=2020&Variable=Issuer,https://www.sedar.com/ModifyCompanyDocumentSearchForm.do?lang=EN&company_search=Foraco International SA&document_selection=0&industry_group=A&FromDate=13&FromMonth=05&FromYear=2000&ToDate=13&ToMonth=11&ToYear=2020&Variable=Issuer,1620591937,16:25:37,20210509
21,2015-09-30,FAR.TO,USD,2015-09-30,2015-09-30,Q3,31051000.0,26639000.0,4412000.0,0.14208882161605102,0.0,4115000.0,0.0,0.0,4115000.0,30754000.0,913000.0,5781000.0,6078000.0,0.19574248816463238,297000.0,0.009564909342694277,-87000.0,-703000.0,-0.022640172619239316,270000.0,-1286000.0,-0.0414157354030466,-0.014553882751838191,-0.014464101388176947,88361300.0,88909775.0,https://www.sedar.com/ModifyCompanyDocumentSearchForm.do?lang=EN&company_search=Foraco International SA&document_selection=0&industry_group=A&FromDate=13&FromMonth=05&FromYear=2000&ToDate=13&ToMonth=11&ToYear=2020&Variable=Issuer,https://www.sedar.com/ModifyCompanyDocumentSearchForm.do?lang=EN&company_search=Foraco International SA&document_selection=0&industry_group=A&FromDate=13&FromMonth=05&FromYear=2000&ToDate=13&ToMonth=11&ToYear=2020&Variable=Issuer,1620591937,16:25:37,20210509
22,2015-06-30,FAR.TO,USD,2015-06-30,2015-06-30,Q2,43825000.0,38426000.0,5399000.0,0.12319452367370222,0.0,5056000.0,0.0,0.0,5056000.0,43482000.0,1149000.0,6375000.0,6718000.0,0.15329150028522534,343000.0,0.007826583000570451,18000.0,-788000.0,-0.01798060467769538,-68000.0,-1145000.0,-0.026126640045636054,-0.012958161548098545,-0.01291056615166625,88361300.0,88687048.0,https://www.sedar.com/ModifyCompanyDocumentSearchForm.do?lang=EN&company_search=Foraco International SA&document_selection=0&industry_group=A&FromDate=13&FromMonth=05&FromYear=2000&ToDate=13&ToMonth=11&ToYear=2020&Variable=Issuer,https://www.sedar.com/ModifyCompanyDocumentSearchForm.do?lang=EN&company_search=Foraco International SA&document_selection=0&industry_group=A&FromDate=13&FromMonth=05&FromYear=2000&ToDate=13&ToMonth=11&ToYear=2020&Variable=Issuer,1620591937,16:25:37,20210509
23,2015-03-31,FAR.TO,USD,2015-03-31,2015-03-31,Q1,33280000.0,36480000.0,-3200000.0,-0.09615384615384616,0.0,4505000.0,0.0,0.0,4505000.0,40985000.0,997000.0,6705000.0,-1000000.0,-0.030048076923076924,-7705000.0,-0.23152043269230768,-417000.0,-9119000.0,-0.2740084134615385,-1228000.0,-7023000.0,-0.21102764423076922,-0.07948049655222365,-0.07921548091799677,88361300.0,88656913.0,https://www.sedar.com/ModifyCompanyDocumentSearchForm.do?lang=EN&company_search=Foraco International SA&document_selection=0&industry_group=A&FromDate=13&FromMonth=05&FromYear=2000&ToDate=13&ToMonth=11&ToYear=2020&Variable=Issuer,https://www.sedar.com/ModifyCompanyDocumentSearchForm.do?lang=EN&company_search=Foraco International SA&document_selection=0&industry_group=A&FromDate=13&FromMonth=05&FromYear=2000&ToDate=13&ToMonth=11&ToYear=2020&Variable=Issuer,1620591937,16:25:37,20210509
24,2014-12-31,FAR.TO,USD,2014-12-31,2014-12-31,Q4,40094000.0,39809000.0,285000.0,0.00710829550556193,0.0,6033000.0,0.0,0.0,6033000.0,45842000.0,1232000.0,0.0,964000.0,0.024043497780216493,-5748000.0,-0.14336309672270164,539000.0,-6441000.0,-0.1606474784256996,-546000.0,-2653000.0,-0.06616950167107298,-0.03002445640795235,-0.029907475761924228,88361300.0,88706918.0,https://www.sedar.com/ModifyCompanyDocumentSearchForm.do?lang=EN&company_search=Foraco International SA&document_selection=0&industry_group=A&FromDate=13&FromMonth=05&FromYear=2000&ToDate=13&ToMonth=11&ToYear=2020&Variable=Issuer,https://www.sedar.com/ModifyCompanyDocumentSearchForm.do?lang=EN&company_search=Foraco International SA&document_selection=0&industry_group=A&FromDate=13&FromMonth=05&FromYear=2000&ToDate=13&ToMonth=11&ToYear=2020&Variable=Issuer,1620591937,16:25:37,20210509
25,2014-09-30,FAR.TO,USD,2014-09-30,2014-09-30,Q3,51580000.0,48293000.0,3287000.0,0.06372625048468399,0.0,6071000.0,0.0,0.0,6071000.0,54364000.0,1115000.0,0.0,5133000.0,0.0995153160139589,-2784000.0,-0.05397440868553703,0.0,-3899000.0,-0.07559131446297014,-390000.0,-3564000.0,-0.06909654905001938,-0.040334399788142544,-0.04014775002839293,88361300.0,88772098.0,https://www.sedar.com/ModifyCompanyDocumentSearchForm.do?lang=EN&company_search=Foraco International SA&document_selection=0&industry_group=A&FromDate=13&FromMonth=05&FromYear=2000&ToDate=13&ToMonth=11&ToYear=2020&Variable=Issuer,https://www.sedar.com/ModifyCompanyDocumentSearchForm.do?lang=EN&company_search=Foraco International SA&document_selection=0&industry_group=A&FromDate=13&FromMonth=05&FromYear=2000&ToDate=13&ToMonth=11&ToYear=2020&Variable=Issuer,1620591937,16:25:37,20210509
26,2014-06-30,FAR.TO,USD,2014-06-30,2014-06-30,Q2,48407000.0,47516000.0,891000.0,0.01840642882227777,0.0,6526000.0,0.0,0.0,6526000.0,54042000.0,1110000.0,0.0,2540000.0,0.052471749953519116,-5635000.0,-0.1164087838535749,0.0,-6745000.0,-0.13933935174664822,-735000.0,-6137000.0,-0.12677918482864048,-0.06945348246347666,-0.0692789187783529,88361300.0,88583946.0,https://www.sedar.com/ModifyCompanyDocumentSearchForm.do?lang=EN&company_search=Foraco International SA&document_selection=0&industry_group=A&FromDate=13&FromMonth=05&FromYear=2000&ToDate=13&ToMonth=11&ToYear=2020&Variable=Issuer,https://www.sedar.com/ModifyCompanyDocumentSearchForm.do?lang=EN&company_search=Foraco International SA&document_selection=0&industry_group=A&FromDate=13&FromMonth=05&FromYear=2000&ToDate=13&ToMonth=11&ToYear=2020&Variable=Issuer,1620591937,16:25:37,20210509
27,2014-03-31,FAR.TO,USD,2014-03-31,2014-03-31,Q1,45445000.0,42815000.0,2630000.0,0.05787215315216195,0.0,6518000.0,0.0,0.0,6518000.0,49333000.0,1276000.0,0.0,4118000.0,0.09061502915612278,-3888000.0,-0.08555396633292991,0.0,-5164000.0,-0.11363186269116514,-1166000.0,-3802000.0,-0.08366156892947518,-0.043,-0.043,88361300.0,88361300.0,https://www.sedar.com/ModifyCompanyDocumentSearchForm.do?lang=EN&company_search=Foraco International SA&document_selection=0&industry_group=A&FromDate=13&FromMonth=05&FromYear=2000&ToDate=13&ToMonth=11&ToYear=2020&Variable=Issuer,https://www.sedar.com/ModifyCompanyDocumentSearchForm.do?lang=EN&company_search=Foraco International SA&document_selection=0&industry_group=A&FromDate=13&FromMonth=05&FromYear=2000&ToDate=13&ToMonth=11&ToYear=2020&Variable=Issuer,1620591937,16:25:37,20210509
28,2013-12-31,FAR.TO,USD,2013-12-31,2013-12-31,Q4,47122000.0,45393000.0,1729000.0,0.036691991002079705,0.0,6591000.0,0.0,0.0,6591000.0,51984000.0,1481000.0,0.0,4091000.0,0.08681719791180341,-4862000.0,-0.10317898221637452,8195000.0,2251000.0,0.0477696192861084,-2659000.0,5572000.0,0.11824625440346336,0.06205257650661167,0.06205257650661167,89794821.0,89794821.0,https://www.sedar.com/ModifyCompanyDocumentSearchForm.do?lang=EN&company_search=Foraco International SA&document_selection=0&industry_group=A&FromDate=13&FromMonth=05&FromYear=2000&ToDate=13&ToMonth=11&ToYear=2020&Variable=Issuer,https://www.sedar.com/ModifyCompanyDocumentSearchForm.do?lang=EN&company_search=Foraco International SA&document_selection=0&industry_group=A&FromDate=13&FromMonth=05&FromYear=2000&ToDate=13&ToMonth=11&ToYear=2020&Variable=Issuer,1620591937,16:25:37,20210509
29,2013-09-30,FAR.TO,USD,2013-09-30,2013-09-30,Q3,66212000.0,56340000.0,9872000.0,0.14909684045188185,0.0,7428000.0,0.0,0.0,7428000.0,63768000.0,1212000.0,0.0,11944000.0,0.1803902615840029,2444000.0,0.03691173805352504,0.0,1232000.0,0.018606899051531445,345000.0,-949000.0,-0.014332749350570894,-0.0108,-0.0108,87818604.0,87818604.0,https://www.sedar.com/ModifyCompanyDocumentSearchForm.do?lang=EN&company_search=Foraco International SA&document_selection=0&industry_group=A&FromDate=13&FromMonth=05&FromYear=2000&ToDate=13&ToMonth=11&ToYear=2020&Variable=Issuer,https://www.sedar.com/ModifyCompanyDocumentSearchForm.do?lang=EN&company_search=Foraco International SA&document_selection=0&industry_group=A&FromDate=13&FromMonth=05&FromYear=2000&ToDate=13&ToMonth=11&ToYear=2020&Variable=Issuer,1620591937,16:25:37,20210509
30,2013-06-30,FAR.TO,USD,2013-06-30,2013-06-30,Q2,74628000.0,75483000.0,-855000.0,-0.011456825856246985,0.0,8261000.0,0.0,0.0,8261000.0,83744000.0,1023000.0,0.0,981000.0,0.013145200192957066,-9116000.0,-0.12215254328134212,9607000.0,-532000.0,-0.007128691643887013,607000.0,-2909000.0,-0.038980007503885944,-0.03321578667211821,-0.033029156263447546,87578838.0,88073700.0,https://www.sedar.com/ModifyCompanyDocumentSearchForm.do?lang=EN&company_search=Foraco International SA&document_selection=0&industry_group=A&FromDate=13&FromMonth=05&FromYear=2000&ToDate=13&ToMonth=11&ToYear=2020&Variable=Issuer,https://www.sedar.com/ModifyCompanyDocumentSearchForm.do?lang=EN&company_search=Foraco International SA&document_selection=0&industry_group=A&FromDate=13&FromMonth=05&FromYear=2000&ToDate=13&ToMonth=11&ToYear=2020&Variable=Issuer,1620591937,16:25:37,20210509
31,2013-03-31,FAR.TO,USD,2013-03-31,2013-03-31,Q1,59795000.0,68536000.0,-8741000.0,-0.14618279120327787,0.0,8960000.0,0.0,0.0,8960000.0,77496000.0,1237000.0,0.0,-7549000.0,-0.12624801404799732,-17701000.0,-0.29602809599464835,9218000.0,-9720000.0,-0.1625553976084957,-5550000.0,-3222000.0,-0.05388410402207543,-0.03661482509721935,-0.03630899318317247,87997143.0,88738346.0,https://www.sedar.com/ModifyCompanyDocumentSearchForm.do?lang=EN&company_search=Foraco International SA&document_selection=0&industry_group=A&FromDate=13&FromMonth=05&FromYear=2000&ToDate=13&ToMonth=11&ToYear=2020&Variable=Issuer,https://www.sedar.com/ModifyCompanyDocumentSearchForm.do?lang=EN&company_search=Foraco International SA&document_selection=0&industry_group=A&FromDate=13&FromMonth=05&FromYear=2000&ToDate=13&ToMonth=11&ToYear=2020&Variable=Issuer,1620591937,16:25:37,20210509
32,2012-12-31,FAR.TO,USD,2012-12-31,2012-12-31,Q4,69511000.0,69333000.0,178000.0,0.0025607457812432564,0.0,9905000.0,0.0,0.0,9905000.0,79238000.0,1383000.0,0.0,287000.0,0.004128842916948396,-9727000.0,-0.13993468659636604,13303000.0,2193000.0,0.031548963473407084,-2966000.0,5382000.0,0.07742659435197306,0.06,0.06,82951798.0,82951798.0,https://www.sedar.com/ModifyCompanyDocumentSearchForm.do?lang=EN&company_search=Foraco International SA&document_selection=0&industry_group=A&FromDate=13&FromMonth=05&FromYear=2000&ToDate=13&ToMonth=11&ToYear=2020&Variable=Issuer,https://www.sedar.com/ModifyCompanyDocumentSearchForm.do?lang=EN&company_search=Foraco International SA&document_selection=0&industry_group=A&FromDate=13&FromMonth=05&FromYear=2000&ToDate=13&ToMonth=11&ToYear=2020&Variable=Issuer,1620591937,16:25:37,20210509
33,2012-09-30,FAR.TO,USD,2012-09-30,2012-09-30,Q3,103240000.0,82602000.0,20638000.0,0.19990313831848122,0.0,9275000.0,0.0,0.0,9275000.0,91877000.0,1480000.0,0.0,20891000.0,0.20235373886090663,11363000.0,0.1100639287098024,0.0,9883000.0,0.09572839984502131,2891000.0,3061000.0,0.029649360712901977,0.0519,0.0515,82718063.0,83420170.0,https://www.sedar.com/ModifyCompanyDocumentSearchForm.do?lang=EN&company_search=Foraco International SA&document_selection=0&industry_group=A&FromDate=13&FromMonth=05&FromYear=2000&ToDate=13&ToMonth=11&ToYear=2020&Variable=Issuer,https://www.sedar.com/ModifyCompanyDocumentSearchForm.do?lang=EN&company_search=Foraco International SA&document_selection=0&industry_group=A&FromDate=13&FromMonth=05&FromYear=2000&ToDate=13&ToMonth=11&ToYear=2020&Variable=Issuer,1620591937,16:25:37,20210509
34,2012-06-30,FAR.TO,USD,2012-06-30,2012-06-30,Q2,106605000.0,79870000.0,26735000.0,0.2507856104310304,0.0,9526000.0,0.0,0.0,9526000.0,89396000.0,1202000.0,0.0,26095000.0,0.24478213967449933,17209000.0,0.16142770038928755,0.0,16007000.0,0.15015243187467756,4642000.0,9366000.0,0.0878570423526101,0.115,0.1134,81473427.0,82563776.0,https://www.sedar.com/ModifyCompanyDocumentSearchForm.do?lang=EN&company_search=Foraco International SA&document_selection=0&industry_group=A&FromDate=13&FromMonth=05&FromYear=2000&ToDate=13&ToMonth=11&ToYear=2020&Variable=Issuer,https://www.sedar.com/ModifyCompanyDocumentSearchForm.do?lang=EN&company_search=Foraco International SA&document_selection=0&industry_group=A&FromDate=13&FromMonth=05&FromYear=2000&ToDate=13&ToMonth=11&ToYear=2020&Variable=Issuer,1620591937,16:25:37,20210509
35,2012-03-31,FAR.TO,USD,2012-03-31,2012-03-31,Q1,88163000.0,67780000.0,20383000.0,0.2311967605458072,0.0,7541000.0,0.0,0.0,7541000.0,75321000.0,565000.0,0.0,20954000.0,0.23767340040606605,12842000.0,0.14566201240883364,0.0,12277000.0,0.13925342830892778,3175000.0,9322000.0,0.10573596633508388,0.1197,0.1183,77873452.0,78779189.0,https://www.sedar.com/ModifyCompanyDocumentSearchForm.do?lang=EN&company_search=Foraco International SA&document_selection=0&industry_group=A&FromDate=13&FromMonth=05&FromYear=2000&ToDate=13&ToMonth=11&ToYear=2020&Variable=Issuer,https://www.sedar.com/ModifyCompanyDocumentSearchForm.do?lang=EN&company_search=Foraco International SA&document_selection=0&industry_group=A&FromDate=13&FromMonth=05&FromYear=2000&ToDate=13&ToMonth=11&ToYear=2020&Variable=Issuer,1620591937,16:25:37,20210509
36,2011-12-31,FAR.TO,USD,2011-12-31,2011-12-31,Q4,75142000.0,58264000.0,16878000.0,0.22461472944558303,0.0,6798000.0,0.0,0.0,6798000.0,65062000.0,1047000.0,0.0,17587000.0,0.23405019829123527,10080000.0,0.1341460168747172,0.0,9033000.0,0.12021239786005164,1782000.0,6878000.0,0.09153336349844295,0.08,0.08,74678750.0,74678750.0,https://www.sedar.com/ModifyCompanyDocumentSearchForm.do?lang=EN&company_search=Foraco International SA&document_selection=0&industry_group=A&FromDate=13&FromMonth=05&FromYear=2000&ToDate=13&ToMonth=11&ToYear=2020&Variable=Issuer,https://www.sedar.com/ModifyCompanyDocumentSearchForm.do?lang=EN&company_search=Foraco International SA&document_selection=0&industry_group=A&FromDate=13&FromMonth=05&FromYear=2000&ToDate=13&ToMonth=11&ToYear=2020&Variable=Issuer,1620591937,16:25:37,20210509
37,2011-09-30,FAR.TO,USD,2011-09-30,2011-09-30,Q3,82408000.0,62703000.0,19705000.0,0.23911513445296573,0.0,6744000.0,0.0,0.0,6744000.0,69447000.0,1390000.0,0.0,20429000.0,0.24790068925347053,12961000.0,0.15727841957091546,-23000.0,11548000.0,0.14013202601689156,2896000.0,7363000.0,0.08934812154159791,0.0945,0.0938,77949593.0,78534083.0,https://www.sedar.com/ModifyCompanyDocumentSearchForm.do?lang=EN&company_search=Foraco International SA&document_selection=0&industry_group=A&FromDate=13&FromMonth=05&FromYear=2000&ToDate=13&ToMonth=11&ToYear=2020&Variable=Issuer,https://www.sedar.com/ModifyCompanyDocumentSearchForm.do?lang=EN&company_search=Foraco International SA&document_selection=0&industry_group=A&FromDate=13&FromMonth=05&FromYear=2000&ToDate=13&ToMonth=11&ToYear=2020&Variable=Issuer,1620591937,16:25:37,20210509
38,2011-06-30,FAR.TO,USD,2011-06-30,2011-06-30,Q2,78256000.0,59935000.0,18321000.0,0.23411623389899816,0.0,6525000.0,0.0,0.0,6525000.0,66460000.0,308000.0,0.0,19019000.0,0.24303567777550603,11796000.0,0.15073604579840524,0.0,11488000.0,0.14680024534859948,2921000.0,6842000.0,0.0874309957063995,0.0875,0.0863,78231607.0,79318681.0,https://www.sedar.com/ModifyCompanyDocumentSearchForm.do?lang=EN&company_search=Foraco International SA&document_selection=0&industry_group=A&FromDate=13&FromMonth=05&FromYear=2000&ToDate=13&ToMonth=11&ToYear=2020&Variable=Issuer,https://www.sedar.com/ModifyCompanyDocumentSearchForm.do?lang=EN&company_search=Foraco International SA&document_selection=0&industry_group=A&FromDate=13&FromMonth=05&FromYear=2000&ToDate=13&ToMonth=11&ToYear=2020&Variable=Issuer,1620591937,16:25:37,20210509
39,2011-03-31,FAR.TO,USD,2011-03-31,2011-03-31,Q1,65333000.0,50812000.0,14521000.0,0.22226133806805137,0.0,5916000.0,0.0,0.0,5916000.0,56728000.0,644000.0,0.0,15211000.0,0.23282261644192062,8605000.0,0.13170985566252888,0.0,7961000.0,0.12185266251358426,2017000.0,6089000.0,0.09319945509926071,0.0775,0.0765,78576753.0,79559488.0,https://www.sedar.com/ModifyCompanyDocumentSearchForm.do?lang=EN&company_search=Foraco International SA&document_selection=0&industry_group=A&FromDate=13&FromMonth=05&FromYear=2000&ToDate=13&ToMonth=11&ToYear=2020&Variable=Issuer,https://www.sedar.com/ModifyCompanyDocumentSearchForm.do?lang=EN&company_search=Foraco International SA&document_selection=0&industry_group=A&FromDate=13&FromMonth=05&FromYear=2000&ToDate=13&ToMonth=11&ToYear=2020&Variable=Issuer,1620591937,16:25:37,20210509
40,2010-12-31,FAR.TO,USD,2010-12-31,2010-12-31,Q4,51609000.0,41395000.0,10214000.0,0.19791121703578834,0.0,5301000.0,0.0,0.0,5000000.0,46395000.0,762000.0,0.0,11597000.0,0.2247088686081885,5214000.0,0.10102889030982969,0.0,4417000.0,0.08558584742971187,1051000.0,3060000.0,0.059291983956286695,0.034077689179869294,0.034077689179869294,89794821.0,89794821.0,https://www.sedar.com/ModifyCompanyDocumentSearchForm.do?lang=EN&company_search=Foraco International SA&document_selection=0&industry_group=A&FromDate=13&FromMonth=05&FromYear=2000&ToDate=13&ToMonth=11&ToYear=2020&Variable=Issuer,https://www.sedar.com/ModifyCompanyDocumentSearchForm.do?lang=EN&company_search=Foraco International SA&document_selection=0&industry_group=A&FromDate=13&FromMonth=05&FromYear=2000&ToDate=13&ToMonth=11&ToYear=2020&Variable=Issuer,1620591937,16:25:37,20210509
41,2010-09-30,FAR.TO,USD,2010-09-30,2010-09-30,Q3,51992000.0,40251000.0,11741000.0,0.22582320356977997,0.0,5247000.0,0.0,0.0,5247000.0,45498000.0,522000.0,0.0,12186000.0,0.23438221264809972,6494000.0,0.12490383135867056,21000.0,5993000.0,0.11526773349746115,1674000.0,2659000.0,0.05114248345899369,0.03393,0.033454,78366260.0,79482067.0,https://www.sedar.com/ModifyCompanyDocumentSearchForm.do?lang=EN&company_search=Foraco International SA&document_selection=0&industry_group=A&FromDate=13&FromMonth=05&FromYear=2000&ToDate=13&ToMonth=11&ToYear=2020&Variable=Issuer,https://www.sedar.com/ModifyCompanyDocumentSearchForm.do?lang=EN&company_search=Foraco International SA&document_selection=0&industry_group=A&FromDate=13&FromMonth=05&FromYear=2000&ToDate=13&ToMonth=11&ToYear=2020&Variable=Issuer,1620591937,16:25:37,20210509
42,2010-06-30,FAR.TO,USD,2010-06-30,2010-06-30,Q2,35914000.0,27164000.0,8750000.0,0.24363757866013253,0.0,5119000.0,0.0,0.0,4926000.0,32090000.0,225000.0,0.0,8801365.94665,0.24506782721640585,3824000.0,0.10647658294815392,0.0,3599000.0,0.10021161663975052,1009000.0,2298000.0,0.06398618922982681,0.03455158181291338,0.03401541493344214,66509256.0,67557606.0,https://www.sedar.com/ModifyCompanyDocumentSearchForm.do?lang=EN&company_search=Foraco International SA&document_selection=0&industry_group=A&FromDate=13&FromMonth=05&FromYear=2000&ToDate=13&ToMonth=11&ToYear=2020&Variable=Issuer,https://www.sedar.com/ModifyCompanyDocumentSearchForm.do?lang=EN&company_search=Foraco International SA&document_selection=0&industry_group=A&FromDate=13&FromMonth=05&FromYear=2000&ToDate=13&ToMonth=11&ToYear=2020&Variable=Issuer,1620591937,16:25:37,20210509
43,2010-03-31,FAR.TO,USD,2010-03-31,2010-03-31,Q1,23916282.941105,18647048.557505,5269234.3836,0.22031995509401456,0.0,3745519.472674,0.0,0.0,3745519.472674,22392568.030179,0.0,0.0,4423471.922029,0.18495649733372083,1523714.910926,0.06371035644118367,30877.042248,1429741.304085,0.05978108335671588,400059.069124,978667.991247,0.04092057255122032,0.016650528117293648,0.01641098528035548,58776994.0,59634932.0,https://www.sedar.com/ModifyCompanyDocumentSearchForm.do?lang=EN&company_search=Foraco International SA&document_selection=0&industry_group=A&FromDate=13&FromMonth=05&FromYear=2000&ToDate=13&ToMonth=11&ToYear=2020&Variable=Issuer,https://www.sedar.com/ModifyCompanyDocumentSearchForm.do?lang=EN&company_search=Foraco International SA&document_selection=0&industry_group=A&FromDate=13&FromMonth=05&FromYear=2000&ToDate=13&ToMonth=11&ToYear=2020&Variable=Issuer,1620591937,16:25:37,20210509
44,2009-12-31,FAR.TO,USD,2009-12-31,2009-12-31,Q4,24290879.427619,18293436.854543,5997442.573076,0.24690100623762687,0.0,3631652.098498,0.0,0.0,3550869.093043,21844305.947586,614851.157847,0.0,5807694.018074,0.23908949181438807,2446573.480033,0.10071983961400832,0.0,2217131.228141,0.09127422639215348,136639.572358,3081970.802746,0.12687769547123784,0.03432236701876158,0.03432236701876158,89794821.0,89794821.0,https://www.sedar.com/ModifyCompanyDocumentSearchForm.do?lang=EN&company_search=Foraco International SA&document_selection=0&industry_group=A&FromDate=13&FromMonth=05&FromYear=2000&ToDate=13&ToMonth=11&ToYear=2020&Variable=Issuer,https://www.sedar.com/ModifyCompanyDocumentSearchForm.do?lang=EN&company_search=Foraco International SA&document_selection=0&industry_group=A&FromDate=13&FromMonth=05&FromYear=2000&ToDate=13&ToMonth=11&ToYear=2020&Variable=Issuer,1620591937,16:25:37,20210509
45,2009-09-30,FAR.TO,USD,2009-09-30,2009-09-30,Q3,29537267.53551,20112754.429638,9424513.105872,0.31907193495612807,0.0,4340313.369454,0.0,0.0,4275882.266803,24388636.696442,339727.632157,0.0,8864688.578553,0.300118775980066,5148630.839069,0.17430965247138264,0.0,4808903.206912,0.16280799167122306,1279835.993557,3507102.064724,0.11873481731198483,0.0600248976221727,0.059949275956622944,58427456.0,58501158.0,https://www.sedar.com/ModifyCompanyDocumentSearchForm.do?lang=EN&company_search=Foraco International SA&document_selection=0&industry_group=A&FromDate=13&FromMonth=05&FromYear=2000&ToDate=13&ToMonth=11&ToYear=2020&Variable=Issuer,https://www.sedar.com/ModifyCompanyDocumentSearchForm.do?lang=EN&company_search=Foraco International SA&document_selection=0&industry_group=A&FromDate=13&FromMonth=05&FromYear=2000&ToDate=13&ToMonth=11&ToYear=2020&Variable=Issuer,1620591937,16:25:37,20210509
46,2009-06-30,FAR.TO,USD,2009-06-30,2009-06-30,Q2,35160502.834054,23838318.648633,11322184.18542,0.3220142851442422,0.0,3214265.671474,990515.741624,0.0,4204781.413098,28043100.061732,0.0,0.0,10513504.739989,0.29901462984216354,7117402.772322,0.20242608036391851,0.0,6964476.120994,0.19807669286938343,2455244.402043,4488186.766934,0.12764853756832673,0.07668584616283873,0.07665337972743207,58526925.0,58551714.0,https://www.sedar.com/ModifyCompanyDocumentSearchForm.do?lang=EN&company_search=Foraco International SA&document_selection=0&industry_group=A&FromDate=13&FromMonth=05&FromYear=2000&ToDate=13&ToMonth=11&ToYear=2020&Variable=Issuer,https://www.sedar.com/ModifyCompanyDocumentSearchForm.do?lang=EN&company_search=Foraco International SA&document_selection=0&industry_group=A&FromDate=13&FromMonth=05&FromYear=2000&ToDate=13&ToMonth=11&ToYear=2020&Variable=Issuer,1620591937,16:25:37,20210509
47,2009-03-31,FAR.TO,USD,2009-03-31,2009-03-31,Q1,29684908.789386,21074626.865672,8610281.923715,0.2900558659217997,0.0,2361525.704809,995024.875622,0.0,3356550.580431,24431177.446103,0.0,0.0,7548922.056385,0.25430167597766573,5253731.343284,0.17698324022348014,159203.9801,5452736.318408,0.18368715083799267,1850746.268657,3582089.552239,0.12067039106146067,0.066335,0.066335,59156247.0,59156247.0,https://www.sedar.com/ModifyCompanyDocumentSearchForm.do?lang=EN&company_search=Foraco International SA&document_selection=0&industry_group=A&FromDate=13&FromMonth=05&FromYear=2000&ToDate=13&ToMonth=11&ToYear=2020&Variable=Issuer,https://www.sedar.com/ModifyCompanyDocumentSearchForm.do?lang=EN&company_search=Foraco International SA&document_selection=0&industry_group=A&FromDate=13&FromMonth=05&FromYear=2000&ToDate=13&ToMonth=11&ToYear=2020&Variable=Issuer,1620591937,16:25:37,20210509
48,2008-12-31,FAR.TO,USD,2008-12-31,2008-12-31,Q4,24554602.453951,17504095.801917,7050506.652034,0.28713585020390037,0.0,3533383.044197,0.0,0.0,3574249.826077,21078345.627994,890992.110981,0.0,6787277.352158,0.2764156888667477,3476256.825957,0.1415725150702917,1303900.320049,3680398.739919,0.1498863093719849,1121047.25507,2622642.624089,0.10680859643349669,0.029207058880255463,0.029207058880255463,89794821.0,89794821.0,https://www.sedar.com/ModifyCompanyDocumentSearchForm.do?lang=EN&company_search=Foraco International SA&document_selection=0&industry_group=A&FromDate=13&FromMonth=05&FromYear=2000&ToDate=13&ToMonth=11&ToYear=2020&Variable=Issuer,https://www.sedar.com/ModifyCompanyDocumentSearchForm.do?lang=EN&company_search=Foraco International SA&document_selection=0&industry_group=A&FromDate=13&FromMonth=05&FromYear=2000&ToDate=13&ToMonth=11&ToYear=2020&Variable=Issuer,1620591937,16:25:37,20210509
49,2008-09-30,FAR.TO,USD,2008-09-30,2008-09-30,Q3,29002456.07406,20292839.599471,8709616.474589,0.30030616897921764,0.0,3328924.995277,0.0,0.0,3329869.639146,23622709.238617,159644.813905,1613652.203326,6993399.038769,0.2411312690522078,5379746.835443,0.18549280177187075,0.0,5220102.021538,0.17998827437952386,1815605.51672,3383714.339694,0.11666992378346941,0.05643,0.05643,59962837.0,59962837.0,https://www.sedar.com/ModifyCompanyDocumentSearchForm.do?lang=EN&company_search=Foraco International SA&document_selection=0&industry_group=A&FromDate=13&FromMonth=05&FromYear=2000&ToDate=13&ToMonth=11&ToYear=2020&Variable=Issuer,https://www.sedar.com/ModifyCompanyDocumentSearchForm.do?lang=EN&company_search=Foraco International SA&document_selection=0&industry_group=A&FromDate=13&FromMonth=05&FromYear=2000&ToDate=13&ToMonth=11&ToYear=2020&Variable=Issuer,1620591937,16:25:37,20210509
50,2008-06-30,FAR.TO,USD,2008-06-30,2008-06-30,Q2,38674592.257811,26155433.287483,12519158.970328,0.3237050021593838,0.0,4218903.51739,0.0,0.0,4218903.51739,30374336.804873,143446.649636,2236156.102709,10536411.555647,0.27243756017929294,8300255.452938,0.21461778827833977,0.0,8157791.3146,0.2109341259558436,2910198.467282,5247592.847318,0.13568579630618233,0.094231,0.094231,55688785.0,55688785.0,https://www.sedar.com/ModifyCompanyDocumentSearchForm.do?lang=EN&company_search=Foraco International SA&document_selection=0&industry_group=A&FromDate=13&FromMonth=05&FromYear=2000&ToDate=13&ToMonth=11&ToYear=2020&Variable=Issuer,https://www.sedar.com/ModifyCompanyDocumentSearchForm.do?lang=EN&company_search=Foraco International SA&document_selection=0&industry_group=A&FromDate=13&FromMonth=05&FromYear=2000&ToDate=13&ToMonth=11&ToYear=2020&Variable=Issuer,1620591937,16:25:37,20210509
51,2008-03-31,FAR.TO,USD,2008-03-31,2008-03-31,Q1,35825318.177402,25598950.743224,10226367.434179,0.28545084745764016,0.0,3776352.861168,0.0,0.0,3749149.907704,29348100.650928,0.0,2170407.072768,8647624.599242,0.24138305084745276,6477217.526474,0.18079999999999216,232196.638492,6681239.677451,0.18649491525424644,2427863.596619,4253376.080832,0.11872542372882419,0.063182,0.063182,67319668.0,67319668.0,https://www.sedar.com/ModifyCompanyDocumentSearchForm.do?lang=EN&company_search=Foraco International SA&document_selection=0&industry_group=A&FromDate=13&FromMonth=05&FromYear=2000&ToDate=13&ToMonth=11&ToYear=2020&Variable=Issuer,https://www.sedar.com/ModifyCompanyDocumentSearchForm.do?lang=EN&company_search=Foraco International SA&document_selection=0&industry_group=A&FromDate=13&FromMonth=05&FromYear=2000&ToDate=13&ToMonth=11&ToYear=2020&Variable=Issuer,1620591937,16:25:37,20210509
52,2007-12-31,FAR.TO,USD,2007-12-31,2007-12-31,Q4,98341091.809732,69911761.939321,28429329.870412,0.28908902013632704,0.0,11273894.447372,0.0,0.0,11609123.506067,81520885.445388,935558.39752,2104998.766032,18925205.130377,0.1924445293630971,16820206.364345,0.17103945110644422,-334219.263683,15884647.966825,0.16152604851650657,6237399.532109,9647248.434716,0.0980998711442137,0.10743657960759229,0.10743657960759229,89794821.0,89794821.0,https://www.sedar.com/ModifyCompanyDocumentSearchForm.do?lang=EN&company_search=Foraco International SA&document_selection=0&industry_group=A&FromDate=13&FromMonth=05&FromYear=2000&ToDate=13&ToMonth=11&ToYear=2020&Variable=Issuer,https://www.sedar.com/ModifyCompanyDocumentSearchForm.do?lang=EN&company_search=Foraco International SA&document_selection=0&industry_group=A&FromDate=13&FromMonth=05&FromYear=2000&ToDate=13&ToMonth=11&ToYear=2020&Variable=Issuer,1620591937,16:25:37,20210509
53,2007-09-30,FAR.TO,USD,2007-09-30,2007-09-30,Q3,29180096.696213,20796736.50282,8383360.193392,0.287297204004125,0.0,3264504.43191,0.0,0.0,3170829.975826,23967566.478646,522763.900081,3098621.299282,8311151.516848,0.28482261739477455,5212530.217566,0.17863306869173207,92667.203868,4689766.317486,0.160717984121507,1280217.566479,3409548.751007,0.11684501208145387,0.06341856560670732,0.06330154001481081,53762628.0,53862019.0,https://www.sedar.com/ModifyCompanyDocumentSearchForm.do?lang=EN&company_search=Foraco International SA&document_selection=0&industry_group=A&FromDate=13&FromMonth=05&FromYear=2000&ToDate=13&ToMonth=11&ToYear=2020&Variable=Issuer,https://www.sedar.com/ModifyCompanyDocumentSearchForm.do?lang=EN&company_search=Foraco International SA&document_selection=0&industry_group=A&FromDate=13&FromMonth=05&FromYear=2000&ToDate=13&ToMonth=11&ToYear=2020&Variable=Issuer,1620591937,16:25:37,20210509
54,2007-06-30,FAR.TO,USD,2007-06-30,2007-06-30,Q2,19082198.215124,13368717.707844,5713480.50728,0.299414168266613,0.0,2665100.986379,0.0,0.0,2623767.026773,15992484.734617,309065.288868,828635.53243,3918349.012937,0.20534054665837342,3089713.480507,0.16191601437502007,41333.959605,2780648.191639,0.14571948998177467,974166.275247,1805542.50822,0.09461920937331943,0.037576,0.037576,43596000.0,43596000.0,https://www.sedar.com/ModifyCompanyDocumentSearchForm.do?lang=EN&company_search=Foraco International SA&document_selection=0&industry_group=A&FromDate=13&FromMonth=05&FromYear=2000&ToDate=13&ToMonth=11&ToYear=2020&Variable=Issuer,https://www.sedar.com/ModifyCompanyDocumentSearchForm.do?lang=EN&company_search=Foraco International SA&document_selection=0&industry_group=A&FromDate=13&FromMonth=05&FromYear=2000&ToDate=13&ToMonth=11&ToYear=2020&Variable=Issuer,1620591937,16:25:37,20210509
55,2007-03-31,FAR.TO,USD,2007-03-31,2007-03-31,Q1,19032593.619972,14710471.567268,4322122.052705,0.2270905447258406,0.0,2185332.871012,0.0,0.0,2108183.079057,16818654.646325,0.0,1504854.368932,3718793.34258,0.19539078156314202,2213938.973648,0.11632355620333247,-271324.549237,1865464.632455,0.09801421023866448,514042.995839,1351421.636616,0.07100564765896515,31.102635,31.102635,43000000.0,43000000.0,https://www.sedar.com/ModifyCompanyDocumentSearchForm.do?lang=EN&company_search=Foraco International SA&document_selection=0&industry_group=A&FromDate=13&FromMonth=05&FromYear=2000&ToDate=13&ToMonth=11&ToYear=2020&Variable=Issuer,https://www.sedar.com/ModifyCompanyDocumentSearchForm.do?lang=EN&company_search=Foraco International SA&document_selection=0&industry_group=A&FromDate=13&FromMonth=05&FromYear=2000&ToDate=13&ToMonth=11&ToYear=2020&Variable=Issuer,1620591937,16:25:37,20210509
56,2006-12-31,FAR.TO,USD,2006-12-31,2006-12-31,Q4,3394232.184156,0.0,0.0,0.0,0.0,0.0,0.0,0.0,0.0,0.0,0.0,0.0,-38604738.303146,-11.373629206437254,-38604738.303146,-11.373629206437254,0.0,0.0,0.0,0.0,-9019408.978944,-2.6572751920289566,-0.10044464567665878,-0.10044464567665878,89794821.0,89794821.0,https://www.sedar.com/ModifyCompanyDocumentSearchForm.do?lang=EN&company_search=Foraco International SA&document_selection=0&industry_group=A&FromDate=13&FromMonth=05&FromYear=2000&ToDate=13&ToMonth=11&ToYear=2020&Variable=Issuer,https://www.sedar.com/ModifyCompanyDocumentSearchForm.do?lang=EN&company_search=Foraco International SA&document_selection=0&industry_group=A&FromDate=13&FromMonth=05&FromYear=2000&ToDate=13&ToMonth=11&ToYear=2020&Variable=Issuer,1620591937,16:25:37,20210509
57,2006-09-30,FAR.TO,USD,2006-09-30,2006-09-30,Q3,11148128.246462,0.0,0.0,0.0,0.0,0.0,0.0,0.0,0.0,0.0,0.0,0.0,11148128.246462,1.0,11148128.246462,1.0,0.0,0.0,0.0,0.0,687802.256851,0.06169665809767508,0.01612,0.01612,42666667.0,42666667.0,https://www.sedar.com/ModifyCompanyDocumentSearchForm.do?lang=EN&company_search=Foraco International SA&document_selection=0&industry_group=A&FromDate=13&FromMonth=05&FromYear=2000&ToDate=13&ToMonth=11&ToYear=2020&Variable=Issuer,https://www.sedar.com/ModifyCompanyDocumentSearchForm.do?lang=EN&company_search=Foraco International SA&document_selection=0&industry_group=A&FromDate=13&FromMonth=05&FromYear=2000&ToDate=13&ToMonth=11&ToYear=2020&Variable=Issuer,1620591937,16:25:37,20210509
58,2006-06-30,FAR.TO,USD,2006-06-30,2006-06-30,Q2,11246634.356489,0.0,0.0,0.0,0.0,0.0,0.0,0.0,0.0,0.0,0.0,0.0,11246634.356489,1.0,11246634.356489,1.0,0.0,0.0,0.0,0.0,3957099.264046,0.3518474184023651,0.092443,0.092443,42805825.0,42805825.0,https://www.sedar.com/ModifyCompanyDocumentSearchForm.do?lang=EN&company_search=Foraco International SA&document_selection=0&industry_group=A&FromDate=13&FromMonth=05&FromYear=2000&ToDate=13&ToMonth=11&ToYear=2020&Variable=Issuer,https://www.sedar.com/ModifyCompanyDocumentSearchForm.do?lang=EN&company_search=Foraco International SA&document_selection=0&industry_group=A&FromDate=13&FromMonth=05&FromYear=2000&ToDate=13&ToMonth=11&ToYear=2020&Variable=Issuer,1620591937,16:25:37,20210509
59,2006-03-31,FAR.TO,USD,2006-03-31,2006-03-31,Q1,42639389.260594,0.0,0.0,0.0,0.0,0.0,0.0,0.0,0.0,0.0,0.0,0.0,42639389.260594,1.0,42639389.260594,1.0,0.0,0.0,0.0,0.0,657059.529937,0.015409684363003624,0.01544,0.01544,42555556.0,42555556.0,https://www.sedar.com/ModifyCompanyDocumentSearchForm.do?lang=EN&company_search=Foraco International SA&document_selection=0&industry_group=A&FromDate=13&FromMonth=05&FromYear=2000&ToDate=13&ToMonth=11&ToYear=2020&Variable=Issuer,https://www.sedar.com/ModifyCompanyDocumentSearchForm.do?lang=EN&company_search=Foraco International SA&document_selection=0&industry_group=A&FromDate=13&FromMonth=05&FromYear=2000&ToDate=13&ToMonth=11&ToYear=2020&Variable=Issuer,1620591937,16:25:37,20210509
60,2005-12-31,FAR.TO,USD,2005-12-31,2005-12-31,Q4,44637390.315236,0.0,0.0,0.0,0.0,0.0,0.0,0.0,0.0,0.0,0.0,0.0,3207219.831337,0.07185052281701794,3207219.831337,0.07185052281701794,0.0,0.0,0.0,0.0,2100644.601568,0.047060201923385975,0.02339382804235447,0.02339382804235447,89794821.0,89794821.0,https://www.sedar.com/ModifyCompanyDocumentSearchForm.do?lang=EN&company_search=Foraco International SA&document_selection=0&industry_group=A&FromDate=13&FromMonth=05&FromYear=2000&ToDate=13&ToMonth=11&ToYear=2020&Variable=Issuer,https://www.sedar.com/ModifyCompanyDocumentSearchForm.do?lang=EN&company_search=Foraco International SA&document_selection=0&industry_group=A&FromDate=13&FromMonth=05&FromYear=2000&ToDate=13&ToMonth=11&ToYear=2020&Variable=Issuer,1620591937,16:25:37,20210509
61,2005-09-30,FAR.TO,USD,2005-09-30,2005-09-30,Q3,11318.109491,0.0,0.0,0.0,0.0,0.0,0.0,0.0,0.0,0.0,0.0,0.0,11318.109491,1.0,11318.109491,1.0,0.0,0.0,0.0,0.0,2132.197996,0.18838817540115632,0.049886,0.049886,42741.0,42741.0,https://www.sedar.com/ModifyCompanyDocumentSearchForm.do?lang=EN&company_search=Foraco International SA&document_selection=0&industry_group=A&FromDate=13&FromMonth=05&FromYear=2000&ToDate=13&ToMonth=11&ToYear=2020&Variable=Issuer,https://www.sedar.com/ModifyCompanyDocumentSearchForm.do?lang=EN&company_search=Foraco International SA&document_selection=0&industry_group=A&FromDate=13&FromMonth=05&FromYear=2000&ToDate=13&ToMonth=11&ToYear=2020&Variable=Issuer,1620591937,16:25:37,20210509
62,2005-06-30,FAR.TO,USD,2005-06-30,2005-06-30,Q2,11412.688565,0.0,0.0,0.0,0.0,0.0,0.0,0.0,0.0,0.0,0.0,0.0,11412.688565,1.0,11412.688565,1.0,0.0,0.0,0.0,0.0,537.125318,0.04706387236809699,0.012244,0.012244,43867.0,43867.0,https://www.sedar.com/ModifyCompanyDocumentSearchForm.do?lang=EN&company_search=Foraco International SA&document_selection=0&industry_group=A&FromDate=13&FromMonth=05&FromYear=2000&ToDate=13&ToMonth=11&ToYear=2020&Variable=Issuer,https://www.sedar.com/ModifyCompanyDocumentSearchForm.do?lang=EN&company_search=Foraco International SA&document_selection=0&industry_group=A&FromDate=13&FromMonth=05&FromYear=2000&ToDate=13&ToMonth=11&ToYear=2020&Variable=Issuer,1620591937,16:25:37,20210509
63,2005-03-31,FAR.TO,USD,2005-03-31,2005-03-31,Q1,12210.465405,0.0,0.0,0.0,0.0,0.0,0.0,0.0,0.0,0.0,0.0,0.0,12210.465405,1.0,12210.465405,1.0,0.0,0.0,0.0,0.0,575.34926,0.04711935548045557,0.013226,0.013226,43500.0,43500.0,https://www.sedar.com/ModifyCompanyDocumentSearchForm.do?lang=EN&company_search=Foraco International SA&document_selection=0&industry_group=A&FromDate=13&FromMonth=05&FromYear=2000&ToDate=13&ToMonth=11&ToYear=2020&Variable=Issuer,https://www.sedar.com/ModifyCompanyDocumentSearchForm.do?lang=EN&company_search=Foraco International SA&document_selection=0&industry_group=A&FromDate=13&FromMonth=05&FromYear=2000&ToDate=13&ToMonth=11&ToYear=2020&Variable=Issuer,1620591937,16:25:37,20210509
