,date,symbol,reportedCurrency,fillingDate,acceptedDate,period,revenue,costOfRevenue,grossProfit,grossProfitRatio,researchAndDevelopmentExpenses,generalAndAdministrativeExpenses,sellingAndMarketingExpenses,otherExpenses,operatingExpenses,costAndExpenses,interestExpense,depreciationAndAmortization,ebitda,ebitdaratio,operatingIncome,operatingIncomeRatio,totalOtherIncomeExpensesNet,incomeBeforeTax,incomeBeforeTaxRatio,incomeTaxExpense,netIncome,netIncomeRatio,eps,epsdiluted,weightedAverageShsOut,weightedAverageShsOutDil,link,finalLink,timestamp,est_time,est_date
0,2017-03-31,AABA,USD,2017-05-09 00:00:00,2017-05-09 16:07:27,Q1,1327270000.0,758691000.0,568579000.0,0.4283823185938053,252220000.0,-52529000.0,209366000.0,220643000.0,839066000.0,1386017000.0,18844000.0,132266000,73519000.0,0.05539114121467373,-58747000.0,-0.04426152930451227,18822000.0,4234305000.0,3.1902363498007187,-26177000.0,99434000.0,0.07491618133461918,0.10402580296884792,0.1032362960186634,955859000.0,963169000.0,https://www.sec.gov/Archives/edgar/data/1011006/000119312517164173/0001193125-17-164173-index.html,https://www.sec.gov/Archives/edgar/data/1011006/000119312517164173/d358906d10q.htm,1620585996,14:46:36,20210509
1,2016-12-31,AABA,USD,2017-03-01 00:00:00,2017-03-01 16:26:52,Q4,1469140000.0,779483000.0,689657000.0,0.4694290537321154,253754000.0,-46621000.0,206810000.0,247978000.0,868731000.0,1404989000.0,18545000.0,136139000,200290000.0,0.13633145922104087,64151000.0,0.04366568196359775,-53916000.0,48711000.0,0.033156132158950136,126228000.0,161998000.0,0.11026723116925548,0.17055,0.17055,949843000.0,949843000.0,https://www.sec.gov/Archives/edgar/data/1011006/000119312517065791/0001193125-17-065791-index.html,https://www.sec.gov/Archives/edgar/data/1011006/000119312517065791/d293630d10k.htm,1620585996,14:46:36,20210509
2,2016-09-30,AABA,USD,2016-11-09 00:00:00,2016-11-09 16:19:21,Q3,1305206000.0,712398000.0,592808000.0,0.454187308363584,243644000.0,-35941000.0,212654000.0,259938000.0,892949000.0,1357525000.0,18513000.0,132191000,79872000.0,0.061194937810583154,-52319000.0,-0.04008486016766702,32354000.0,6414774000.0,4.914759815691929,-19223000.0,162826000.0,0.12475118870124716,0.17166,0.17166,948524000.0,948524000.0,https://www.sec.gov/Archives/edgar/data/1011006/000119312516764376/0001193125-16-764376-index.html,https://www.sec.gov/Archives/edgar/data/1011006/000119312516764376/d244526d10q.htm,1620585996,14:46:36,20210509
3,2016-06-30,AABA,USD,2016-08-08,2016-08-08 17:24:28,Q2,1307637000.0,742879000.0,564758000.0,0.4318920311982607,280035000.0,-67669000.0,226024000.0,272387000.0,936801000.0,1797313000.0,18332000.0,149731000,-339945000.0,-0.25996893633324847,-489676000.0,-0.37447395569259667,-32354000.0,-474614000.0,-0.3629554685283454,15543000.0,-610177000.0,-0.46662567669773797,-0.64427,-0.64427,947076000.0,947076000.0,https://www.sec.gov/Archives/edgar/data/1011006/000119312516675348/0001193125-16-675348-index.htm,https://www.sec.gov/Archives/edgar/data/1011006/000119312516675348/d192816d10q.htm,1620585996,14:46:36,20210509
4,2016-03-31,AABA,USD,2016-05-10 00:00:00,2016-05-09 20:04:28,Q1,1087152000.0,518876000.0,568276000.0,0.5227199140506571,278029000.0,-80582000.0,236033000.0,227061000.0,896574000.0,1254366000.0,18393000.0,155955000,-11259000.0,-0.010356417501876462,-167214000.0,-0.15380921895006402,0.0,-214630000.0,-0.1974240952507101,-34766000.0,-98290000.0,-0.09041054056838418,-0.10393,-0.10393,945719000.0,945719000.0,https://www.sec.gov/Archives/edgar/data/1011006/000119312516584244/0001193125-16-584244-index.html,https://www.sec.gov/Archives/edgar/data/1011006/000119312516584244/d152715d10q.htm,1620585996,14:46:36,20210509
5,2015-12-31,AABA,USD,2016-02-29 00:00:00,2016-02-29 09:18:01,Q4,1273393000.0,636082000.0,637311000.0,0.5004825690105097,272463000.0,-74995000.0,256728000.0,222114000.0,933038000.0,5803427000.0,18325000.0,168060000,-4361974000.0,-3.425473518387489,-4530034000.0,-3.5574516272666803,-9023000.0,709351000.0,0.5570558342946758,13985000.0,-4432227000.0,-3.480643446288773,-4.71945,-4.71945,939141000.0,939141000.0,https://www.sec.gov/Archives/edgar/data/1011006/000119312516483790/0001193125-16-483790-index.html,https://www.sec.gov/Archives/edgar/data/1011006/000119312516483790/d12894d10k.htm,1620585996,14:46:36,20210509
6,2015-09-30,AABA,USD,2015-11-05 00:00:00,2015-11-05 16:43:58,Q3,1225673000.0,535823000.0,689850000.0,0.5628336432311065,272285000.0,-122366000.0,274329000.0,230726000.0,929303000.0,1311985000.0,18412000.0,168279000,81967000.0,0.06687509637562385,-86312000.0,-0.07042008757637641,-66759000.0,-110267000.0,-0.08996445218259683,93208000.0,76261000.0,0.0622196948125642,0.08132658926558553,0.0807712675817658,937713000.0,944160000.0,https://www.sec.gov/Archives/edgar/data/1011006/000119312515368412/0001193125-15-368412-index.html,https://www.sec.gov/Archives/edgar/data/1011006/000119312515368412/d27304d10q.htm,1620585996,14:46:36,20210509
7,2015-06-30,AABA,USD,2015-08-07 00:00:00,2015-08-07 16:32:14,Q2,1243265000.0,503362000.0,739903000.0,0.5951289548085082,306428000.0,-93709000.0,274304000.0,263042000.0,1024369000.0,1288059000.0,17558000.0,169339000,124545000.0,0.10017574692442882,-44794000.0,-0.03602932600853398,0.0,-56535000.0,-0.04547300857017611,58495000.0,-19189000.0,-0.015434360333476773,-0.0205,-0.0205,936159000.0,936159000.0,https://www.sec.gov/Archives/edgar/data/1011006/000119312515283145/0001193125-15-283145-index.html,https://www.sec.gov/Archives/edgar/data/1011006/000119312515283145/d932951d10q.htm,1620585996,14:46:36,20210509
8,2015-03-31,AABA,USD,2015-05-07 00:00:00,2015-05-07 16:11:59,Q1,1225970000.0,474411000.0,751559000.0,0.6130321296605953,326747000.0,-101844000.0,275357000.0,245456000.0,1021073000.0,1313324000.0,17570000.0,166996000,79642000.0,0.06496243790631093,-87354000.0,-0.07125296703834515,0.0,-118417000.0,-0.09659045490509556,40900000.0,21198000.0,0.01729079830664698,0.02267776983743212,0.022361325603179827,934748000.0,947976000.0,https://www.sec.gov/Archives/edgar/data/1011006/000119312515177109/0001193125-15-177109-index.html,https://www.sec.gov/Archives/edgar/data/1011006/000119312515177109/d890801d10q.htm,1620585996,14:46:36,20210509
9,2014-12-31,AABA,USD,2015-02-27,2015-02-26 21:22:01,Q4,1253072000.0,340057000.0,913015000.0,0.7286213401943384,316231000.0,-138990000.0,301987000.0,218958000.0,1000173000.0,1220918000.0,17390000.0,168285000,200439000.0,0.1599580870053756,32154000.0,0.025660137645721875,87550000.0,3496511000.0,2.7903512328102456,52340000.0,166344000.0,0.13274895616532809,0.16839522220163816,0.16566345452879572,987819000.0,1004108000.0,https://www.sec.gov/Archives/edgar/data/1011006/000119312515066560/0001193125-15-066560-index.htm,https://www.sec.gov/Archives/edgar/data/1011006/000119312515066560/d826131d10k.htm,1620585996,14:46:36,20210509
10,2014-09-30,AABA,USD,2014-11-07 00:00:00,2014-11-07 16:06:51,Q3,1148140000.0,324194000.0,823946000.0,0.717635479993729,305624000.0,-162384000.0,309618000.0,223720000.0,986196000.0,1105968000.0,17292000.0,164201000,206373000.0,0.17974550141968748,42172000.0,0.036730712282474265,10308931000.0,25332115000.0,22.06361158046928,3973402000.0,6774102000.0,5.900066194018151,6.766888496862345,6.6547490753338865,1001066000.0,1017935000.0,https://www.sec.gov/Archives/edgar/data/1011006/000119312514403314/0001193125-14-403314-index.html,https://www.sec.gov/Archives/edgar/data/1011006/000119312514403314/d777599d10q.htm,1620585996,14:46:36,20210509
11,2014-06-30,AABA,USD,2014-08-07 00:00:00,2014-08-07 16:06:37,Q2,1084191000.0,318183000.0,766008000.0,0.706524957318406,303659000.0,-164798000.0,292817000.0,216845000.0,941340000.0,1045754000.0,17088000.0,161720000,200157000.0,0.18461415008979046,38437000.0,0.03545224042627176,-13589000.0,332645000.0,0.30681402077678194,8143000.0,269707000.0,0.24876336365086962,0.268411111155342,0.26362877496442033,1004828000.0,1023056000.0,https://www.sec.gov/Archives/edgar/data/1011006/000119312514300660/0001193125-14-300660-index.html,https://www.sec.gov/Archives/edgar/data/1011006/000119312514300660/d731964d10q.htm,1620585996,14:46:36,20210509
12,2014-03-31,AABA,USD,2014-05-08 00:00:00,2014-05-08 16:33:15,Q1,1132730000.0,349440000.0,783290000.0,0.6915063607390993,281632000.0,-193353000.0,329846000.0,214015000.0,961986000.0,1102551000.0,17081000.0,172200000,202379000.0,0.17866481862403222,30179000.0,0.026642712738251834,-13453000.0,158761000.0,0.1401578487371218,4217000.0,311578000.0,0.2750681980701491,0.3085266712216182,0.302086443931667,1009890000.0,1031420000.0,https://www.sec.gov/Archives/edgar/data/1011006/000119312514190107/0001193125-14-190107-index.html,https://www.sec.gov/Archives/edgar/data/1011006/000119312514190107/d696051d10q.htm,1620585996,14:46:36,20210509
13,2013-12-31,AABA,USD,2014-02-28,2014-02-28 16:08:52,Q4,1265795000.0,345830000.0,919965000.0,0.7267883030032509,285215000.0,-161710000.0,311501000.0,177315000.0,923822000.0,1091577000.0,14319000.0,152838000,327056000.0,0.2583799114390561,174218000.0,0.137635241093542,-2691000.0,409256000.0,0.3233193368594441,41498000.0,348190000.0,0.27507613792122737,0.33075742966928057,0.32516475830001745,1052705000.0,1070811000.0,https://www.sec.gov/Archives/edgar/data/1011006/000119312514077321/0001193125-14-077321-index.htm,https://www.sec.gov/Archives/edgar/data/1011006/000119312514077321/d636872d10k.htm,1620585996,14:46:36,20210509
14,2013-09-30,AABA,USD,2013-11-12 00:00:00,2013-11-12 15:49:44,Q3,1138973000.0,332835000.0,806138000.0,0.7077762159419055,267444000.0,-131258000.0,282562000.0,408421000.0,1109731000.0,1737832000.0,0.0,158244000,251003000.0,0.22037660243043514,92759000.0,0.08144091211995368,5370000.0,240357000.0,0.21102958542476424,31891000.0,296656000.0,0.2604592031593374,0.27830224522936836,0.2743017767072432,1065949000.0,1081495000.0,https://www.sec.gov/Archives/edgar/data/1011006/000119312513438172/0001193125-13-438172-index.html,https://www.sec.gov/Archives/edgar/data/1011006/000119312513438172/d587930d10q.htm,1620585996,14:46:36,20210509
15,2013-06-30,AABA,USD,2013-08-08 00:00:00,2013-08-08 16:52:39,Q2,1135244000.0,338607000.0,796637000.0,0.7017319624679804,236248000.0,-144699000.0,279738000.0,583488000.0,651025000.0,651025000.0,0.0,160493000,297472000.0,0.2620335364027469,136979000.0,0.12066040428313209,23606000.0,271051000.0,0.23876012557652804,50267000.0,331150000.0,0.2916994055903401,0.3047074844954821,0.3006641577272459,1086780000.0,1101395000.0,https://www.sec.gov/Archives/edgar/data/1011006/000119312513327068/0001193125-13-327068-index.html,https://www.sec.gov/Archives/edgar/data/1011006/000119312513327068/d540713d10q.htm,1620585996,14:46:36,20210509
16,2013-03-31,AABA,USD,2013-05-07 00:00:00,2013-05-06 21:47:15,Q1,1140368000.0,347653000.0,792715000.0,0.6951396391340339,219580000.0,-123598000.0,257019000.0,563958000.0,610020000.0,610020000.0,0.0,162274000,348244000.0,0.30537861462264815,185970000.0,0.16307893592243908,17072000.0,203042000.0,0.17804954190226313,29736000.0,390285000.0,0.3422447841398566,0.3566950291088222,0.35221258105126363,1094170000.0,1108095000.0,https://www.sec.gov/Archives/edgar/data/1011006/000119312513202371/0001193125-13-202371-index.html,https://www.sec.gov/Archives/edgar/data/1011006/000119312513202371/d498788d10q.htm,1620585996,14:46:36,20210509
17,2012-12-31,AABA,USD,2013-03-01 00:00:00,2013-02-28 18:39:53,Q4,1345807000.0,414315000.0,931492000.0,0.6921438215137832,240417000.0,-129512000.0,274122000.0,-2041294000.0,659149000.0,659149000.0,0.0,169492000,359482000.0,0.26711259489659367,189990000.0,0.14117180249471134,17730000.0,207720000.0,0.1543460540775906,83007000.0,272267000.0,0.20230761171549858,0.22826350317536837,0.2263410441048594,1192775000.0,1202906000.0,https://www.sec.gov/Archives/edgar/data/1011006/000119312513085111/0001193125-13-085111-index.html,https://www.sec.gov/Archives/edgar/data/1011006/000119312513085111/d442073d10k.htm,1620585996,14:46:36,20210509
18,2012-09-30,AABA,USD,2012-11-08 00:00:00,2012-11-08 16:47:21,Q3,1201732000.0,397273000.0,804459000.0,0.6694163091271598,217301000.0,-134023000.0,269272000.0,645022000.0,621822000.0,621822000.0,0.0,170361000,322550000.0,0.2684042698372016,152189000.0,0.12664138094017635,4607656000.0,4759845000.0,3.960820715434057,1774094000.0,3160238000.0,2.629736080923201,2.6224953321438944,2.602239733866917,1205050000.0,1214430000.0,https://www.sec.gov/Archives/edgar/data/1011006/000119312512460641/0001193125-12-460641-index.html,https://www.sec.gov/Archives/edgar/data/1011006/000119312512460641/d402943d10q.htm,1620585996,14:46:36,20210509
19,2012-06-30,AABA,USD,2012-08-09 00:00:00,2012-08-09 16:18:19,Q2,1217794000.0,418092000.0,799702000.0,0.656680850784287,199628000.0,-136794000.0,272911000.0,753953000.0,598603000.0,598603000.0,0.0,160653000,215466000.0,0.1769314021911752,54813000.0,0.045010075595708306,20175000.0,74988000.0,0.061576916949828954,26523000.0,226631000.0,0.18609961947587195,0.1865965282643545,0.18514061736685342,1214551000.0,1224102000.0,https://www.sec.gov/Archives/edgar/data/1011006/000119312512347578/0001193125-12-347578-index.html,https://www.sec.gov/Archives/edgar/data/1011006/000119312512347578/d354721d10q.htm,1620585996,14:46:36,20210509
20,2012-03-31,AABA,USD,2012-05-09,2012-05-09 16:17:36,Q1,1221233000.0,400964000.0,820269000.0,0.6716728093656166,228478000.0,-160996000.0,285267000.0,642319000.0,648069000.0,648069000.0,0.0,154095000,323471000.0,0.2648724690538169,169376000.0,0.13869261639670727,2278000.0,171654000.0,0.14055794430710603,56419000.0,286343000.0,0.23447040818582532,0.23552147052557898,0.23346617898614416,1215783000.0,1226486000.0,https://www.sec.gov/Archives/edgar/data/1011006/000119312512222082/0001193125-12-222082-index.htm,https://www.sec.gov/Archives/edgar/data/1011006/000119312512222082/d312198d10q.htm,1620585996,14:46:36,20210509
21,2011-12-31,AABA,USD,2012-02-29 00:00:00,2012-02-29 06:09:47,Q4,1324153000.0,394757000.0,929396000.0,0.7018796166304045,260552000.0,-176997000.0,289270000.0,24854000.0,686949000.0,1081706000.0,0.0,155632000,398079000.0,0.30062915690256337,242447000.0,0.18309591112205312,9768000.0,252215000.0,0.19047270217263412,78287000.0,295572000.0,0.22321589725658592,0.23195944249121045,0.2305046783780791,1274240000.0,1282282000.0,https://www.sec.gov/Archives/edgar/data/1011006/000119312512086972/0001193125-12-086972-index.html,https://www.sec.gov/Archives/edgar/data/1011006/000119312512086972/d258337d10k.htm,1620585996,14:46:36,20210509
22,2011-09-30,AABA,USD,2011-11-07 00:00:00,2011-11-07 16:17:24,Q3,1216665000.0,359276000.0,857389000.0,0.7047042530195247,254958000.0,-161509000.0,290486000.0,5714000.0,680135000.0,1039411000.0,0.0,157713000,334967000.0,0.2753157196105748,177254000.0,0.14568841875125857,18046000.0,195300000.0,0.16052076783666827,55731000.0,293291000.0,0.24106142611154263,0.22782502376972266,0.22629779945063425,1287352000.0,1296040000.0,https://www.sec.gov/Archives/edgar/data/1011006/000119312511299810/0001193125-11-299810-index.html,https://www.sec.gov/Archives/edgar/data/1011006/000119312511299810/d223999d10q.htm,1620585996,14:46:36,20210509
23,2011-06-30,AABA,USD,2011-08-08 00:00:00,2011-08-08 16:33:23,Q2,1229024000.0,371155000.0,857869000.0,0.6980083383237431,246513000.0,-148982000.0,280312000.0,8819000.0,666974000.0,1038129000.0,0.0,166216000,357111000.0,0.2905647082563074,190895000.0,0.1553224347124222,-5666000.0,185229000.0,0.15071227250240843,55629000.0,236972000.0,0.19281315905954644,0.18165664370776655,0.18030666406953813,1304505000.0,1314272000.0,https://www.sec.gov/Archives/edgar/data/1011006/000119312511214306/0001193125-11-214306-index.html,https://www.sec.gov/Archives/edgar/data/1011006/000119312511214306/d10q.htm,1620585996,14:46:36,20210509
24,2011-03-31,AABA,USD,2011-05-10 00:00:00,2011-05-10 16:35:10,Q1,1214357000.0,377462000.0,836895000.0,0.689167188890911,243067000.0,-139010000.0,262234000.0,18625000.0,647150000.0,1024612000.0,0.0,168678000,358423000.0,0.2951545550443568,189745000.0,0.15625141535808662,5027000.0,194772000.0,0.1603910546898482,52120000.0,222992000.0,0.1836296904452315,0.17034461263925982,0.16890966038850616,1309064000.0,1320185000.0,https://www.sec.gov/Archives/edgar/data/1011006/000119312511134295/0001193125-11-134295-index.html,https://www.sec.gov/Archives/edgar/data/1011006/000119312511134295/d10q.htm,1620585996,14:46:36,20210509
25,2010-12-31,AABA,USD,2011-02-28,2011-02-28 16:31:35,Q4,1525109000.0,557687000.0,967422000.0,0.6343297429888618,277822000.0,-172753000.0,298508000.0,45361000.0,747446000.0,1305133000.0,0.0,197300000,417276000.0,0.2736040505957279,219976000.0,0.14423624803210786,7602000.0,227578000.0,0.14922080979130017,17142000.0,312020000.0,0.2045886556305156,0.23042305028069932,0.22865107444460403,1354118000.0,1364612000.0,https://www.sec.gov/Archives/edgar/data/1011006/000119312511050000/0001193125-11-050000-index.htm,https://www.sec.gov/Archives/edgar/data/1011006/000119312511050000/d10k.htm,1620585996,14:46:36,20210509
26,2010-09-30,AABA,USD,2010-11-08 00:00:00,2010-11-08 16:18:22,Q3,1601203000.0,680754000.0,920449000.0,0.5748484108510913,269725000.0,-194161000.0,320977000.0,13776000.0,731294000.0,1412048000.0,0.0,161993000,351148000.0,0.21930261184871624,189155000.0,0.11813305371024162,191351000.0,380506000.0,0.237637576247359,86413000.0,396131000.0,0.24739586423457863,0.2891161154476351,0.28658315578529286,1370145000.0,1382255000.0,https://www.sec.gov/Archives/edgar/data/1011006/000119312510252113/0001193125-10-252113-index.html,https://www.sec.gov/Archives/edgar/data/1011006/000119312510252113/d10q.htm,1620585996,14:46:36,20210509
27,2010-06-30,AABA,USD,2010-08-09 00:00:00,2010-08-09 15:06:19,Q2,1601379000.0,682722000.0,918657000.0,0.5736661964469373,268552000.0,-206135000.0,331468000.0,17932000.0,743285000.0,1426007000.0,0.0,157970000,333342000.0,0.20815934266653927,175372000.0,0.10951311338540096,12588000.0,187960000.0,0.11737383842300916,68524000.0,213321000.0,0.1332108139297443,0.15365173253545059,0.15217257938874448,1388341000.0,1401836000.0,https://www.sec.gov/Archives/edgar/data/1011006/000119312510183175/0001193125-10-183175-index.html,https://www.sec.gov/Archives/edgar/data/1011006/000119312510183175/d10q.htm,1620585996,14:46:36,20210509
28,2010-03-31,AABA,USD,2010-05-10 00:00:00,2010-05-10 16:57:19,Q1,1596960000.0,706382000.0,890578000.0,0.5576708245666767,266077000.0,-203110000.0,313538000.0,12514000.0,702557000.0,1408939000.0,0.0,165246000,353267000.0,0.22121217813846308,188021000.0,0.11773682496743813,86328000.0,274349000.0,0.17179453461576996,49444000.0,310191000.0,0.19423842801322513,0.22183310114795882,0.21945944339734774,1398308000.0,1413432000.0,https://www.sec.gov/Archives/edgar/data/1011006/000119312510114760/0001193125-10-114760-index.html,https://www.sec.gov/Archives/edgar/data/1011006/000119312510114760/d10q.htm,1620585996,14:46:36,20210509
29,2009-12-31,AABA,USD,2010-02-26 00:00:00,2010-02-26 17:19:25,Q4,1731977000.0,751487000.0,980490000.0,0.5661102889934451,0.0,-208188000.0,357470000.0,-1019363000.0,-512611000.0,238876000.0,0.0,142503000,261258000.0,0.15084380450779658,118755000.0,0.06856615301473402,5168000.0,123923000.0,0.07155002635716294,-36831000.0,155738000.0,0.08991920793405456,0.11142830976523484,0.11001103373837466,1397652000.0,1415658000.0,https://www.sec.gov/Archives/edgar/data/1011006/000119312510043149/0001193125-10-043149-index.html,https://www.sec.gov/Archives/edgar/data/1011006/000119312510043149/d10k.htm,1620585996,14:46:36,20210509
30,2009-09-30,AABA,USD,2009-11-06 00:00:00,2009-11-06 16:31:47,Q3,1575399000.0,711586000.0,863813000.0,0.5483137922519946,0.0,-130961000.0,286382000.0,333199000.0,775002000.0,1486588000.0,0.0,138541000,230040000.0,0.1460201510855345,91499000.0,0.058079889602570524,105390000.0,196889000.0,0.12497722799113113,-77727000.0,187816000.0,0.11921805206173167,0.13437965960053003,0.13267046136849436,1397652000.0,1415658000.0,https://www.sec.gov/Archives/edgar/data/1011006/000119312509227594/0001193125-09-227594-index.html,https://www.sec.gov/Archives/edgar/data/1011006/000119312509227594/d10q.htm,1620585996,14:46:36,20210509
31,2009-06-30,AABA,USD,2009-08-07 00:00:00,2009-08-07 16:20:14,Q2,1572897000.0,715116000.0,857781000.0,0.5453510306142106,0.0,-141734000.0,280386000.0,365653000.0,784691000.0,1499807000.0,0.0,138636000,214389000.0,0.1363019956170048,75753000.0,0.04816144985971745,72010000.0,147763000.0,0.0939432143363488,-68879000.0,143040000.0,0.09094047480540683,0.10234307252449107,0.10104135320819012,1397652000.0,1415658000.0,https://www.sec.gov/Archives/edgar/data/1011006/000119312509169110/0001193125-09-169110-index.html,https://www.sec.gov/Archives/edgar/data/1011006/000119312509169110/d10q.htm,1620585996,14:46:36,20210509
32,2009-03-31,AABA,USD,2009-05-08 00:00:00,2009-05-08 16:16:14,Q1,1580042000.0,704316000.0,875726000.0,0.5542422290040392,0.0,-184115000.0,321112000.0,320511000.0,778620000.0,1482936000.0,0.0,134866000,235551000.0,0.14907894853427947,100685000.0,0.06372298964204749,4960000.0,105645000.0,0.06686214670242943,-35884000.0,118695000.0,0.07512142082299078,0.08519,0.08519,1393347000.0,1393347000.0,https://www.sec.gov/Archives/edgar/data/1011006/000119312509105397/0001193125-09-105397-index.html,https://www.sec.gov/Archives/edgar/data/1011006/000119312509105397/d10q.htm,1620585996,14:46:36,20210509
33,2008-12-31,AABA,USD,2009-02-27 00:00:00,2009-02-27 17:08:49,Q4,100000.0,42000.0,58000.0,0.58,0.0,-12000.0,22000.0,26000.0,58000.0,100000.0,0.0,136345000,136346000.0,1363.46,1000.0,0.01,1000.0,1000.0,0.01,-3000.0,6000.0,0.06,4.400820899791841e-06,4.400820899791841e-06,1363382000.0,1363382000.0,https://www.sec.gov/Archives/edgar/data/1011006/000119312509041172/0001193125-09-041172-index.html,https://www.sec.gov/Archives/edgar/data/1011006/000119312509041172/d10k.htm,1620585996,14:46:36,20210509
34,2008-09-30,AABA,USD,2008-11-07 00:00:00,2008-11-07 16:16:22,Q3,1786426000.0,776560000.0,1009866000.0,0.5652996541698341,0.0,-197389000.0,396982000.0,347400000.0,943975000.0,1720535000.0,0.0,128997000,199171000.0,0.11149132401789942,70174000.0,0.03928178385222786,8881000.0,79055000.0,0.04425316245957012,-50577000.0,54348000.0,0.030422754706884023,0.03986,0.03986,1363382000.0,1363382000.0,https://www.sec.gov/Archives/edgar/data/1011006/000089161808000475/0000891618-08-000475-index.html,https://www.sec.gov/Archives/edgar/data/1011006/000089161808000475/f50322e10vq.htm,1620585996,14:46:36,20210509
35,2008-06-30,AABA,USD,2008-08-08 00:00:00,2008-08-08 16:31:28,Q2,1798085000.0,769460000.0,1028625000.0,0.5720669490040794,0.0,-216088000.0,404899000.0,337943000.0,931653000.0,1701113000.0,0.0,125913000,226434000.0,0.12593064287839562,100521000.0,0.05590447615101622,24674000.0,125195000.0,0.06962685301306668,-47693000.0,131215000.0,0.07297485936426809,0.09697,0.09697,1353180000.0,1353180000.0,https://www.sec.gov/Archives/edgar/data/1011006/000089161808000399/0000891618-08-000399-index.html,https://www.sec.gov/Archives/edgar/data/1011006/000089161808000399/f42710e10vq.htm,1620585996,14:46:36,20210509
36,2008-03-31,AABA,USD,2008-05-08 00:00:00,2008-05-08 16:46:25,Q1,1817602000.0,758363000.0,1059239000.0,0.5827672944902129,0.0,-253511000.0,424591000.0,346231000.0,941902000.0,1700265000.0,0.0,117557000,238174000.0,0.13103748785487693,120617000.0,0.06636051236739396,23662000.0,144279000.0,0.07937876388780382,-56973000.0,542163000.0,0.2982847730141142,0.4065,0.4065,1333730000.0,1333730000.0,https://www.sec.gov/Archives/edgar/data/1011006/000089161808000255/0000891618-08-000255-index.html,https://www.sec.gov/Archives/edgar/data/1011006/000089161808000255/f40396e10vq.htm,1620585996,14:46:36,20210509
37,2007-12-31,AABA,USD,2008-02-27,2008-02-27 15:58:57,Q4,100000.0,41000.0,59000.0,0.59,0.0,-14000.0,23000.0,17000.0,49000.0,90000.0,0.0,109433000,109443000.0,1094.43,10000.0,0.1,2000.0,12000.0,0.12,-5000.0,9000.0,0.09,1e-05,1e-05,1342387000.0,1342387000.0,https://www.sec.gov/Archives/edgar/data/1011006/000089161808000121/0000891618-08-000121-index.htm,https://www.sec.gov/Archives/edgar/data/1011006/000089161808000121/f37158e10vk.htm,1620585996,14:46:36,20210509
38,2007-09-30,AABA,USD,2007-11-09 00:00:00,2007-11-09 14:35:29,Q3,1767506000.0,742755000.0,1024751000.0,0.5797722893161324,0.0,-249425000.0,410936000.0,304667000.0,877114000.0,1619869000.0,0.0,102422000,252614000.0,0.14292115557174911,150192000.0,0.08497396897096814,43748000.0,491210000.0,0.2779113621113592,-78653000.0,151286000.0,0.08559292019376455,0.1127,0.1127,1342387000.0,1342387000.0,https://www.sec.gov/Archives/edgar/data/1011006/000095013407023502/0000950134-07-023502-index.html,https://www.sec.gov/Archives/edgar/data/1011006/000095013407023502/f35195e10vq.htm,1620585996,14:46:36,20210509
39,2007-06-30,AABA,USD,2007-08-08 00:00:00,2007-08-08 16:46:29,Q2,1697920000.0,687376000.0,1010544000.0,0.5951658499811534,0.0,-257172000.0,390430000.0,306263000.0,829951000.0,1517327000.0,0.0,103002000,287959000.0,0.16959515171503958,184957000.0,0.10893151620806633,30736000.0,-81577000.0,-0.0480452553712778,-87732000.0,160567000.0,0.09456688183188842,0.11929,0.11929,1346035000.0,1346035000.0,https://www.sec.gov/Archives/edgar/data/1011006/000089161807000474/0000891618-07-000474-index.html,https://www.sec.gov/Archives/edgar/data/1011006/000089161807000474/f32404e10vq.htm,1620585996,14:46:36,20210509
40,2007-03-31,AABA,USD,2007-05-10 00:00:00,2007-05-10 15:27:40,Q1,1671850000.0,713637000.0,958213000.0,0.5731453180608308,0.0,-212254000.0,367419000.0,266602000.0,789186000.0,1502823000.0,0.0,94509000,263536000.0,0.15763136645033946,169027000.0,0.10110177348446332,35451000.0,204478000.0,0.12230642701199271,-92358000.0,142424000.0,0.08518946077698358,0.10531,0.10531,1352476000.0,1352476000.0,https://www.sec.gov/Archives/edgar/data/1011006/000089161807000306/0000891618-07-000306-index.html,https://www.sec.gov/Archives/edgar/data/1011006/000089161807000306/f30054e10vq.htm,1620585996,14:46:36,20210509
41,2006-12-31,AABA,USD,2007-02-23,2007-02-23 17:21:29,Q4,100000.0,42000.0,58000.0,0.58,0.0,-12000.0,20000.0,15000.0,43000.0,85000.0,0.0,84431000,84446000.0,844.46,15000.0,0.15,2000.0,17000.0,0.17,-7000.0,12000.0,0.12,1e-05,1e-05,1399800000.0,1399800000.0,https://www.sec.gov/Archives/edgar/data/1011006/000089161807000108/0000891618-07-000108-index.htm,https://www.sec.gov/Archives/edgar/data/1011006/000089161807000108/f27089e10vk.htm,1620585996,14:46:36,20210509
42,2006-09-30,AABA,USD,2006-11-03,2006-11-03 16:17:42,Q3,1580322000.0,682809000.0,897513000.0,0.5679304597417488,0.0,-200041000.0,331025000.0,234853000.0,696862000.0,1379671000.0,0.0,78529000,280869000.0,0.17772896915944977,202340000.0,0.12803719748253836,50268000.0,252608000.0,0.1598459048219287,-124372000.0,158529000.0,0.10031436631268817,0.11325,0.11325,1399800000.0,1399800000.0,https://www.sec.gov/Archives/edgar/data/1011006/000110465906071213/0001104659-06-071213-index.htm,https://www.sec.gov/Archives/edgar/data/1011006/000110465906071213/a06-21898_110q.htm,1620585996,14:46:36,20210509
43,2006-06-30,AABA,USD,2006-08-04,2006-08-04 16:26:03,Q2,1575854000.0,647349000.0,928505000.0,0.5892075027255063,0.0,-193936000.0,325845000.0,242746000.0,700500000.0,1347849000.0,0.0,70587000,264738000.0,0.16799652759709974,194151000.0,0.1232036724214299,36090000.0,265677000.0,0.1685923949807533,-122698000.0,164330000.0,0.10427996502214038,0.1164,0.1164,1411758000.0,1411758000.0,https://www.sec.gov/Archives/edgar/data/1011006/000110465906051598/0001104659-06-051598-index.htm,https://www.sec.gov/Archives/edgar/data/1011006/000110465906051598/a06-15587_110q.htm,1620585996,14:46:36,20210509
44,2006-03-31,AABA,USD,2006-05-05,2006-05-05 16:40:31,Q1,1567055000.0,659628000.0,907427000.0,0.5790651891605592,0.0,-202855000.0,331160000.0,248435000.0,707900000.0,1367528000.0,0.0,68614000,305262000.0,0.1947997996241357,236648000.0,0.15101448258038166,35436000.0,236648000.0,0.15101448258038166,-102932000.0,159859000.0,0.10201237352868917,0.11274,0.11274,1417917000.0,1417917000.0,https://www.sec.gov/Archives/edgar/data/1011006/000110465906031614/0001104659-06-031614-index.htm,https://www.sec.gov/Archives/edgar/data/1011006/000110465906031614/a06-9731_110q.htm,1620585996,14:46:36,20210509
45,2005-12-31,AABA,USD,2006-03-03,2006-03-03 17:23:02,Q4,40000.0,40000.0,0.0,0.0,0.0,-14000.0,20000.0,13000.0,39000.0,79000.0,0.0,111233000,111254000.0,2781.35,21000.0,0.525,27000.0,48000.0,1.2,-14000.0,62000.0,1.55,4e-05,4e-05,1395188000.0,1395188000.0,https://www.sec.gov/Archives/edgar/data/1011006/000110465906014033/0001104659-06-014033-index.htm,https://www.sec.gov/Archives/edgar/data/1011006/000110465906014033/a06-3183_110k.htm,1620585996,14:46:36,20210509
46,2005-09-30,AABA,USD,2005-11-04,2005-11-04 16:03:56,Q3,1329929000.0,520238000.0,809691000.0,0.6088227266267597,0.0,-187981000.0,265714000.0,196187000.0,539634000.0,1059872000.0,0.0,101541000,371598000.0,0.2794119084552634,270057000.0,0.20306121604987937,65995000.0,336052000.0,0.25268416584644743,-113797000.0,253773000.0,0.1908169533862334,0.18189,0.18189,1395188000.0,1395188000.0,https://www.sec.gov/Archives/edgar/data/1011006/000110465905052705/0001104659-05-052705-index.htm,https://www.sec.gov/Archives/edgar/data/1011006/000110465905052705/a05-18523_110q.htm,1620585996,14:46:36,20210509
47,2005-06-30,AABA,USD,2005-08-05,2005-08-05 15:50:18,Q2,1668953000.0,657490000.0,1011463000.0,0.6060464255134806,0.0,-213211000.0,310630000.0,226851000.0,634900000.0,1292390000.0,0.0,118176000,494739000.0,0.29643674806899895,376563000.0,0.22562828312121433,1015352000.0,1391915000.0,0.8340049120616339,-571581000.0,858037000.0,0.5141169343894046,0.61717,0.61717,1390277000.0,1390277000.0,https://www.sec.gov/Archives/edgar/data/1011006/000110465905036846/0001104659-05-036846-index.htm,https://www.sec.gov/Archives/edgar/data/1011006/000110465905036846/a05-14285_110q.htm,1620585996,14:46:36,20210509
48,2005-03-31,AABA,USD,2005-05-06,2005-05-06 16:32:18,Q1,757786000.0,281705000.0,476081000.0,0.6282525673475097,0.0,-108739000.0,166295000.0,120073000.0,343924000.0,625629000.0,0.0,66192000,198349000.0,0.2617480396840269,132157000.0,0.17439884083369184,14378000.0,146535000.0,0.1933725352540163,-64709000.0,101212000.0,0.13356277365905414,0.07621,0.07621,1328154000.0,1328154000.0,https://www.sec.gov/Archives/edgar/data/1011006/000104746905013812/0001047469-05-013812-index.htm,https://www.sec.gov/Archives/edgar/data/1011006/000104746905013812/a2157565z10-q.htm,1620585996,14:46:36,20210509
49,2004-12-31,AABA,USD,2005-03-11 00:00:00,2005-03-11 17:14:59,Q4,100000.0,17000.0,83000.0,0.83,0.0,-34000.0,45000.0,18000.0,74000.0,91000.0,0.0,-115719000,-115710000.0,-1157.1,9000.0,0.09,7000.0,16000.0,0.16,-7000.0,4000.0,0.04,2.972689161501e-06,2.972689161501e-06,1345583000.0,1345583000.0,https://www.sec.gov/Archives/edgar/data/1011006/000104746905006235/0001047469-05-006235-index.html,https://www.sec.gov/Archives/edgar/data/1011006/000104746905006235/a2153243z10-k.htm,1620585996,14:46:36,20210509
50,2004-09-30,AABA,USD,2004-10-29 00:00:00,2004-10-29 17:18:08,Q3,906715000.0,332333000.0,574382000.0,0.6334757889744849,0.0,-123735000.0,192950000.0,140112000.0,402277000.0,734610000.0,0.0,81488000,253593000.0,0.2796832521795713,172105000.0,0.18981157254484596,123281000.0,320422000.0,0.35338777896031276,67117000.0,253305000.0,0.2793656220532361,0.18825,0.18825,1345583000.0,1345583000.0,https://www.sec.gov/Archives/edgar/data/1011006/000110465904032701/0001104659-04-032701-index.html,https://www.sec.gov/Archives/edgar/data/1011006/000110465904032701/a04-12263_110q.htm,1620585996,14:46:36,20210509
51,2004-06-30,AABA,USD,2004-08-09 00:00:00,2004-08-09 16:16:22,Q2,832299000.0,297383000.0,534916000.0,0.6426969154114086,0.0,-128716000.0,191875000.0,130388000.0,385422000.0,682805000.0,0.0,77428000,226922000.0,0.2726448067341184,149494000.0,0.17961573905531547,13179000.0,185029000.0,0.22231073208065852,72517000.0,112512000.0,0.13518218813190933,0.0841,0.0841,1337807000.0,1337807000.0,https://www.sec.gov/Archives/edgar/data/1011006/000110465904023381/0001104659-04-023381-index.html,https://www.sec.gov/Archives/edgar/data/1011006/000110465904023381/a04-8972_110q.htm,1620585996,14:46:36,20210509
52,2004-03-31,AABA,USD,2004-05-07 00:00:00,2004-05-07 17:14:40,Q1,757786000.0,281705000.0,476081000.0,0.6282525673475097,0.0,-108739000.0,166295000.0,120073000.0,343924000.0,625629000.0,0.0,66192000,198349000.0,0.2617480396840269,132157000.0,0.17439884083369184,14378000.0,165921000.0,0.21895495562071615,64709000.0,101212000.0,0.13356277365905414,0.07621,0.07621,1328154000.0,1328154000.0,https://www.sec.gov/Archives/edgar/data/1011006/000110465904013270/0001104659-04-013270-index.html,https://www.sec.gov/Archives/edgar/data/1011006/000110465904013270/a04-5547_110q.htm,1620585996,14:46:36,20210509
53,2003-12-31,AABA,USD,2004-02-27 00:00:00,2004-02-27 17:21:29,Q4,717422000.0,157001000.0,560421000.0,0.7811594849335538,0.0,-305894000.0,383854000.0,256877000.0,718691000.0,875692000.0,0.0,33986000,-124284000.0,-0.17323695119469434,-158270000.0,-0.22060934847272595,72782000.0,-81825000.0,-0.11405421077134517,10963000.0,-92788000.0,-0.12933531450108862,-0.16286,-0.16286,569724000.0,569724000.0,https://www.sec.gov/Archives/edgar/data/1011006/000104746904005976/0001047469-04-005976-index.html,https://www.sec.gov/Archives/edgar/data/1011006/000104746904005976/a2129700z10-k.htm,1620585996,14:46:36,20210509
54,2003-09-30,AABA,USD,2003-11-07 00:00:00,2003-11-07 17:02:23,Q3,356821000.0,47287000.0,309534000.0,0.8674769702455853,0.0,-89193000.0,128846000.0,155417000.0,323916000.0,273323000.0,0.0,33013000,177943000.0,0.49868981926512174,144930000.0,0.4061700404404449,23935000.0,105370000.0,0.2953021262762001,40041000.0,65329000.0,0.18308619728098963,0.1082,0.1082,603786000.0,603786000.0,https://www.sec.gov/Archives/edgar/data/1011006/000110465903025155/0001104659-03-025155-index.html,https://www.sec.gov/Archives/edgar/data/1011006/000110465903025155/a03-4904_110q.htm,1620585996,14:46:36,20210509
55,2003-06-30,AABA,USD,2003-08-01 00:00:00,2003-08-01 16:17:50,Q2,321406000.0,46842000.0,274564000.0,0.8542590990834023,0.0,-88093000.0,122218000.0,0.0,156343000.0,258634000.0,0.0,34503000,97275000.0,0.3026545864109569,62772000.0,0.1953043813743365,20335000.0,81981000.0,0.2550699115760129,31153000.0,50828000.0,0.15814266068461696,0.08467,0.08467,600330000.0,600330000.0,https://www.sec.gov/Archives/edgar/data/1011006/000110465903016442/0001104659-03-016442-index.html,https://www.sec.gov/Archives/edgar/data/1011006/000110465903016442/a03-1714_110q.htm,1620585996,14:46:36,20210509
56,2003-03-31,AABA,USD,2003-05-15 00:00:00,2003-05-14 18:08:06,Q1,282948000.0,43132000.0,239816000.0,0.847562096215559,0.0,-84968000.0,113688000.0,0.0,142408000.0,227971000.0,0.0,29073000,84050000.0,0.29705104824914824,54977000.0,0.1943007195668462,22259000.0,75328000.0,0.2662255962226275,28625000.0,46703000.0,0.16505859733944045,0.07828,0.07828,596642000.0,596642000.0,https://www.sec.gov/Archives/edgar/data/1011006/000110465903009928/0001104659-03-009928-index.html,https://www.sec.gov/Archives/edgar/data/1011006/000110465903009928/j0754_10q.htm,1620585996,14:46:36,20210509
57,2002-12-31,AABA,USD,2003-03-21 00:00:00,2003-03-21 17:07:52,Q4,704244000.0,121848000.0,582396000.0,0.8269804215584371,0.0,-242315000.0,322306000.0,-84299000.0,317998000.0,604500000.0,0.0,29207000,87918000.0,0.12484025423006799,58711000.0,0.08336741243091883,72053000.0,130129000.0,0.18477828707095836,52051000.0,13958000.0,0.019819835170764678,0.0235,0.0235,593838000.0,593838000.0,https://www.sec.gov/Archives/edgar/data/1011006/000104746903009670/0001047469-03-009670-index.html,https://www.sec.gov/Archives/edgar/data/1011006/000104746903009670/a2106077z10-k.htm,1620585996,14:46:36,20210509
58,2002-09-30,AABA,USD,2002-11-01 00:00:00,2002-11-01 16:45:08,Q3,23031000.0,675000.0,22356000.0,0.9706916764361079,0.0,1453000.0,-929000.0,1477000.0,1072000.0,397000.0,0.0,29751000,51710000.0,2.245234683687204,21959000.0,0.953454040206678,-9693000.0,11211000.0,0.48677868959228865,3748000.0,7463000.0,0.3240415092701142,0.01251,0.01251,596743000.0,596743000.0,https://www.sec.gov/Archives/edgar/data/1011006/000091205702040661/0000912057-02-040661-index.html,https://www.sec.gov/Archives/edgar/data/1011006/000091205702040661/a2092349z10-q.htm,1620585996,14:46:36,20210509
59,2002-06-30,AABA,USD,2002-07-30 00:00:00,2002-07-30 17:03:03,Q2,33127000.0,3887000.0,29240000.0,0.8826636882301446,0.0,-15102000.0,13869000.0,8798000.0,21434000.0,25321000.0,0.0,27476000,39169000.0,1.1823889878346967,11693000.0,0.35297491472213,6559000.0,18179000.0,0.5487668669061491,7260000.0,75039000.0,2.2651915356053975,0.12533,0.12533,598740000.0,598740000.0,https://www.sec.gov/Archives/edgar/data/1011006/000091205702029168/0000912057-02-029168-index.html,https://www.sec.gov/Archives/edgar/data/1011006/000091205702029168/a2085444z10-q.htm,1620585996,14:46:36,20210509
60,2002-03-31,AABA,USD,2002-05-10 00:00:00,2002-05-10 16:38:45,Q1,192665000.0,37821000.0,154844000.0,0.8036955336983884,0.0,-69476000.0,96146000.0,74024000.0,196840000.0,234661000.0,0.0,22955000,18780000.0,0.09747489165131186,-4175000.0,-0.021669737627488125,22669000.0,18706000.0,0.09709080528378274,8231000.0,-53645000.0,-0.2784366646770301,-91.40741,-91.40741,586878.0,586878.0,https://www.sec.gov/Archives/edgar/data/1011006/000091205702019608/0000912057-02-019608-index.html,https://www.sec.gov/Archives/edgar/data/1011006/000091205702019608/a2079455z10-q.htm,1620585996,14:46:36,20210509
61,2001-12-31,AABA,USD,2002-03-15 00:00:00,2002-03-15 00:00:00,Q4,188911000.0,34175000.0,154736000.0,0.8190947059726538,0.0,-71112000.0,90994000.0,-183230000.0,-72354000.0,214217000.0,0.0,36041000,10735000.0,0.056825700991472175,-25306000.0,-0.13395726029717697,21545000.0,-5226000.0,-0.02766382052924393,3433000.0,-8659000.0,-0.04583639915092292,-0.0152,-0.0152,569724000.0,569724000.0,https://www.sec.gov/Archives/edgar/data/1011006/000091205702010181/0000912057-02-010181-index.html,https://www.sec.gov/Archives/edgar/data/1011006/000091205702010181/a2073074z10-k.htm,1620585996,14:46:36,20210509
62,2001-09-30,AABA,USD,2001-11-09 00:00:00,2001-11-09 00:00:00,Q3,166131000.0,40698000.0,125433000.0,0.7550246492226015,0.0,-66658000.0,86731000.0,44991000.0,151795000.0,192493000.0,0.0,32081000,5719000.0,0.03442464079551679,-26362000.0,-0.1586820039607298,5827000.0,-20225000.0,-0.12174127646255063,3894000.0,-24119000.0,-0.14518061048208944,-0.04239,-0.04239,568989000.0,568989000.0,https://www.sec.gov/Archives/edgar/data/1011006/000110465901502667/0001104659-01-502667-index.html,https://www.sec.gov/Archives/edgar/data/1011006/000110465901502667/j2325_10q.htm,1620585996,14:46:36,20210509
63,2001-06-30,AABA,USD,2001-08-10 00:00:00,2001-08-10 00:00:00,Q2,182165000.0,41492000.0,140673000.0,0.7722284741854911,0.0,-81789000.0,101991000.0,92314000.0,214507000.0,255999000.0,0.0,32242000,-41592000.0,-0.22832047868690472,-73834000.0,-0.40531386380479234,26490000.0,-47111000.0,-0.2586171877144347,1413000.0,-48524000.0,-0.2663738918013889,-0.08549,-0.08549,567608000.0,567608000.0,https://www.sec.gov/Archives/edgar/data/1011006/000110465901501390/0001104659-01-501390-index.html,https://www.sec.gov/Archives/edgar/data/1011006/000110465901501390/j1310_10q.htm,1620585996,14:46:36,20210509
64,2001-03-31,AABA,USD,2001-05-04 00:00:00,2001-05-04 00:00:00,Q1,180215000.0,40636000.0,139579000.0,0.7745137752129401,0.0,-88034000.0,107228000.0,45925000.0,172347000.0,212983000.0,0.0,30211000,-2557000.0,-0.014188608051494049,-32768000.0,-0.18182726188164136,23276000.0,-9263000.0,-0.051399717004688844,2223000.0,-11486000.0,-0.06373498321449379,-0.02031,-0.02031,565447000.0,565447000.0,https://www.sec.gov/Archives/edgar/data/1011006/000110465901500356/0001104659-01-500356-index.html,https://www.sec.gov/Archives/edgar/data/1011006/000110465901500356/j0475_10q.htm,1620585996,14:46:36,20210509
65,2000-12-31,AABA,USD,2001-03-16 00:00:00,2001-03-16 17:04:00,Q4,814630000.0,117559000.0,697071000.0,0.8556903133938107,0.0,-255956000.0,310554000.0,101858000.0,467010000.0,584569000.0,0.0,19907000,249968000.0,0.3068485079115672,230061000.0,0.28241164700538895,0.0,163491000.0,0.2006935664043799,140380000.0,23111000.0,0.0283699348170335,0.04197,0.04197,550657000.0,550657000.0,https://www.sec.gov/Archives/edgar/data/1011006/000091205701007693/0000912057-01-007693-index.html,https://www.sec.gov/Archives/edgar/data/1011006/000091205701007693/a2041586z10-k.htm,1620585996,14:46:36,20210509
66,2000-09-30,AABA,USD,2000-11-09 00:00:00,2000-11-09 17:22:00,Q3,25432000.0,1531000.0,23901000.0,0.9398002516514627,0.0,-8822000.0,14498000.0,28859000.0,49033000.0,50564000.0,0.0,19394000,-5738000.0,-0.22562126454860018,-25132000.0,-0.9882038376848066,0.0,-13768000.0,-0.5413652091852784,4026000.0,-17794000.0,-0.6996697074551745,-0.03201,-0.03201,555807000.0,555807000.0,https://www.sec.gov/Archives/edgar/data/1011006/000091205700048272/0000912057-00-048272-index.html,https://www.sec.gov/Archives/edgar/data/1011006/000091205700048272/a2028252z10-q.htm,1620585996,14:46:36,20210509
