,date,symbol,reportedCurrency,fillingDate,acceptedDate,period,revenue,costOfRevenue,grossProfit,grossProfitRatio,researchAndDevelopmentExpenses,generalAndAdministrativeExpenses,sellingAndMarketingExpenses,otherExpenses,operatingExpenses,costAndExpenses,interestExpense,depreciationAndAmortization,ebitda,ebitdaratio,operatingIncome,operatingIncomeRatio,totalOtherIncomeExpensesNet,incomeBeforeTax,incomeBeforeTaxRatio,incomeTaxExpense,netIncome,netIncomeRatio,eps,epsdiluted,weightedAverageShsOut,weightedAverageShsOutDil,link,finalLink,timestamp,est_time,est_date
0,2021-03-31,BARC.SW,GBP,2021-03-31,2021-03-31,Q1,5900000000.0,0.0,0.0,0.0,0.0,0.0,0.0,132000000.0,3545000000.0,0.0,0.0,0.0,0.0,0.0,0.0,0.4066101694915254,0.0,2399000000.0,0.4066101694915254,496000000.0,1704000000.0,0.2888135593220339,0.09862252575529575,0.09862252575529575,17278000000,17278000000,https://www.six-group.com/en/products-services/the-swiss-stock-exchange.html,https://www.six-group.com/en/products-services/the-swiss-stock-exchange.html,1620589132,15:38:52,20210509
1,2020-12-31,BARC.SW,GBP,2020-12-31,2020-12-31,Q4,4790000000.0,0.0,0.0,0.0,0.0,0.0,0.0,0.0,0.0,0.0,0.0,0.0,0.0,0.0,0.0,0.1348643006263048,0.0,646000000.0,0.1348643006263048,163000000.0,220000000.0,0.04592901878914405,0.012732955203148513,0.012732955203148513,17278000000,17278000000,https://www.six-group.com/en/products-services/the-swiss-stock-exchange.html,https://www.six-group.com/en/products-services/the-swiss-stock-exchange.html,1620589132,15:38:52,20210509
2,2020-09-30,BARC.SW,GBP,2020-09-30,2020-09-30,Q3,5204000000.0,0.0,0.0,0.0,0.0,0.0,0.0,0.0,0.0,0.0,0.0,0.0,0.0,0.0,0.0,0.22040737893927748,0.0,1147000000.0,0.22040737893927748,328000000.0,611000000.0,0.11740968485780169,0.035362889223289735,0.035362889223289735,17278000000,17278000000,https://www.six-group.com/en/products-services/the-swiss-stock-exchange.html,https://www.six-group.com/en/products-services/the-swiss-stock-exchange.html,1620589132,15:38:52,20210509
3,2020-06-30,BARC.SW,GBP,2020-06-30,2020-06-30,Q2,5338000000.0,0.0,0.0,0.0,0.0,0.0,0.0,0.0,0.0,0.0,0.0,0.0,0.0,0.0,0.0,0.06725365305357812,0.0,359000000.0,0.06725365305357812,42000000.0,90000000.0,0.016860247283626825,0.005208936219469846,0.005208936219469846,17278000000,17278000000,https://www.six-group.com/en/products-services/the-swiss-stock-exchange.html,https://www.six-group.com/en/products-services/the-swiss-stock-exchange.html,1620589132,15:38:52,20210509
4,2020-03-31,BARC.SW,GBP,2020-03-31,2020-03-31,Q1,6283000000.0,0.0,0.0,0.0,0.0,0.0,0.0,-3245000000.0,0.0,0.0,0.0,0.0,0.0,0.0,0.0,0.145312748686933,0.0,913000000.0,0.145312748686933,71000000.0,605000000.0,0.09629158045519656,0.035,0.035,17278000000,17278000000,https://www.six-group.com/en/products-services/the-swiss-stock-exchange.html,https://www.six-group.com/en/products-services/the-swiss-stock-exchange.html,1620589132,15:38:52,20210509
5,2019-12-31,BARC.SW,GBP,2019-12-31,2019-12-31,Q4,5301000000.0,0.0,0.0,0.0,0.0,0.0,0.0,0.0,0.0,0.0,0.0,0.0,0.0,0.0,0.0,0.2069420863987927,0.0,1097000000.0,0.2069420863987927,189000000.0,681000000.0,0.1284663271080928,0.03941428406065517,0.03941428406065517,17278000000,17278000000,https://www.six-group.com/en/products-services/the-swiss-stock-exchange.html,https://www.six-group.com/en/products-services/the-swiss-stock-exchange.html,1620589132,15:38:52,20210509
6,2019-09-30,BARC.SW,GBP,2019-09-30,2019-09-30,Q3,7417000000.0,0.0,0.0,0.0,0.0,0.0,0.0,-11876000000.0,0.0,0.0,0.0,0.0,0.0,0.0,0.0,0.0331670486719698,0.0,246000000.0,0.0331670486719698,269000000.0,-292000000.0,-0.03936901712282594,-0.01690010417872439,-0.01690010417872439,17278000000,17278000000,https://www.six-group.com/en/products-services/the-swiss-stock-exchange.html,https://www.six-group.com/en/products-services/the-swiss-stock-exchange.html,1620589132,15:38:52,20210509
7,2019-06-30,BARC.SW,GBP,2019-06-30,2019-06-30,Q2,3662000000.0,0.0,0.0,0.0,0.0,0.0,0.0,5136000000.0,0.0,0.0,0.0,380000000.0,0.0,0.0,0.0,0.4180775532495904,0.0,1531000000.0,0.4180775532495904,297000000.0,1034000000.0,0.2823593664664118,0.05984488945479801,0.05984488945479801,17278000000,17278000000,https://www.six-group.com/en/products-services/the-swiss-stock-exchange.html,https://www.six-group.com/en/products-services/the-swiss-stock-exchange.html,1620589132,15:38:52,20210509
8,2019-03-31,BARC.SW,GBP,2019-03-31,2019-03-31,Q1,5252000000.0,0.0,0.0,0.0,0.0,0.0,0.0,-3260000000.0,0.0,0.0,0.0,380000000.0,0.0,0.0,0.0,0.2823686214775324,0.0,1483000000.0,0.2823686214775324,248000000.0,1038000000.0,0.19763899466869764,0.061,0.061,17111000000,17111000000,https://www.six-group.com/en/products-services/the-swiss-stock-exchange.html,https://www.six-group.com/en/products-services/the-swiss-stock-exchange.html,1620589132,15:38:52,20210509
9,2018-12-31,BARC.SW,GBP,2018-12-31,2018-12-31,Q4,5073000000.0,0.0,0.0,0.0,0.0,0.0,0.0,0.0,0.0,0.0,0.0,0.0,0.0,0.0,0.0,0.07372363493002168,0.0,374000000.0,0.07372363493002168,145000000.0,-76000000.0,-0.0149812734082397,-0.004398657251996759,-0.004398657251996759,17278000000,17278000000,https://www.six-group.com/en/products-services/the-swiss-stock-exchange.html,https://www.six-group.com/en/products-services/the-swiss-stock-exchange.html,1620589132,15:38:52,20210509
10,2018-09-30,BARC.SW,GBP,2018-09-30,2018-09-30,Q3,6916000000.0,0.0,0.0,0.0,0.0,0.0,0.0,-11758000000.0,0.0,0.0,0.0,0.0,0.0,0.0,0.0,0.2112492770387507,0.0,1461000000.0,0.2112492770387507,240000000.0,1002000000.0,0.14488143435511858,0.057992823243430955,0.057992823243430955,17278000000,17278000000,https://www.six-group.com/en/products-services/the-swiss-stock-exchange.html,https://www.six-group.com/en/products-services/the-swiss-stock-exchange.html,1620589132,15:38:52,20210509
11,2018-06-30,BARC.SW,GBP,2018-06-30,2018-06-30,Q2,3789000000.0,0.0,0.0,0.0,0.0,0.0,0.0,1768000000.0,0.0,0.0,0.0,315250000.0,0.0,0.0,0.0,0.5001319609395619,0.0,1895000000.0,0.5001319609395619,433000000.0,1232000000.0,0.32515175508049615,0.07130454913763166,0.07130454913763166,17278000000,17278000000,https://www.six-group.com/en/products-services/the-swiss-stock-exchange.html,https://www.six-group.com/en/products-services/the-swiss-stock-exchange.html,1620589132,15:38:52,20210509
12,2018-03-31,BARC.SW,GBP,2018-03-31,2018-03-31,Q1,5358000000.0,0.0,0.0,0.0,0.0,0.0,0.0,19000000.0,0.0,0.0,0.0,315250000.0,0.0,0.0,0.0,-0.04404628592758492,0.0,-236000000.0,-0.04404628592758492,304000000.0,-764000000.0,-0.1425905188503173,-0.042,-0.042,17037000000,17037000000,https://www.six-group.com/en/products-services/the-swiss-stock-exchange.html,https://www.six-group.com/en/products-services/the-swiss-stock-exchange.html,1620589132,15:38:52,20210509
13,2017-12-31,BARC.SW,GBP,2017-12-31,2017-12-31,Q4,5022000000.0,0.0,0.0,0.0,0.0,0.0,0.0,0.0,0.0,0.0,0.0,0.0,0.0,0.0,0.0,0.018518518518518517,0.0,93000000.0,0.018518518518518517,1138000000.0,-1294000000.0,-0.25766626841895657,-0.07489292742215534,-0.07489292742215534,17278000000,17278000000,https://www.six-group.com/en/products-services/the-swiss-stock-exchange.html,https://www.six-group.com/en/products-services/the-swiss-stock-exchange.html,1620589132,15:38:52,20210509
14,2017-09-30,BARC.SW,GBP,2017-09-30,2017-09-30,Q3,5173000000.0,0.0,0.0,0.0,0.0,0.0,0.0,-9319000000.0,0.0,0.0,0.0,0.0,0.0,0.0,0.0,0.2139957471486565,0.0,1107000000.0,0.2139957471486565,324000000.0,583000000.0,0.11270056060313165,0.03374233128834356,0.03374233128834356,17278000000,17278000000,https://www.six-group.com/en/products-services/the-swiss-stock-exchange.html,https://www.six-group.com/en/products-services/the-swiss-stock-exchange.html,1620589132,15:38:52,20210509
15,2017-06-30,BARC.SW,GBP,2017-06-30,2017-06-30,Q2,5058000000.0,0.0,0.0,0.0,0.0,0.0,0.0,2886000000.0,0.0,0.0,0.0,310250000.0,0.0,0.0,0.0,0.13028865164096481,0.0,659000000.0,0.13028865164096481,305000000.0,-1401000000.0,-0.27698695136417556,-0.08108577381641394,-0.08108577381641394,17278000000,17278000000,https://www.six-group.com/en/products-services/the-swiss-stock-exchange.html,https://www.six-group.com/en/products-services/the-swiss-stock-exchange.html,1620589132,15:38:52,20210509
16,2017-03-31,BARC.SW,GBP,2017-03-31,2017-03-31,Q1,5823000000.0,0.0,0.0,0.0,0.0,0.0,0.0,-3586000000.0,0.0,0.0,0.0,310250000.0,0.0,0.0,0.0,0.2888545423321312,0.0,1682000000.0,0.2888545423321312,473000000.0,190000000.0,0.03262922891980079,0.013,0.013,16924000000,16924000000,https://www.six-group.com/en/products-services/the-swiss-stock-exchange.html,https://www.six-group.com/en/products-services/the-swiss-stock-exchange.html,1620589132,15:38:52,20210509
17,2016-12-31,BARC.SW,GBP,2016-12-31,2016-12-31,Q4,4992000000.0,0.0,0.0,0.0,0.0,0.0,0.0,0.0,0.0,0.0,0.0,0.0,0.0,0.0,0.0,0.06610576923076923,0.0,330000000.0,0.06610576923076923,-50000000.0,99000000.0,0.019831730769230768,0.005729829841416831,0.005729829841416831,17278000000,17278000000,https://www.six-group.com/en/products-services/the-swiss-stock-exchange.html,https://www.six-group.com/en/products-services/the-swiss-stock-exchange.html,1620589132,15:38:52,20210509
18,2016-09-30,BARC.SW,GBP,2016-09-30,2016-09-30,Q3,5307000000.0,0.0,0.0,0.0,0.0,0.0,0.0,0.0,0.0,0.0,0.0,0.0,0.0,0.0,0.0,0.15771622385528547,0.0,837000000.0,0.15771622385528547,328000000.0,414000000.0,0.07801017524024872,0.023961106609561293,0.023961106609561293,17278000000,17278000000,https://www.six-group.com/en/products-services/the-swiss-stock-exchange.html,https://www.six-group.com/en/products-services/the-swiss-stock-exchange.html,1620589132,15:38:52,20210509
19,2016-06-30,BARC.SW,GBP,2016-06-30,2016-06-30,Q2,6111000000.0,0.0,0.0,0.0,0.0,0.0,0.0,0.0,0.0,0.0,0.0,315250000.0,0.0,0.0,0.0,0.20782196039928,0.0,1270000000.0,0.20782196039928,467000000.0,677000000.0,0.11078383243331696,0.039182775784234285,0.039182775784234285,17278000000,17278000000,https://www.six-group.com/en/products-services/the-swiss-stock-exchange.html,https://www.six-group.com/en/products-services/the-swiss-stock-exchange.html,1620589132,15:38:52,20210509
20,2016-03-31,BARC.SW,GBP,2016-03-31,2016-03-31,Q1,5041000000.0,0.0,0.0,0.0,0.0,0.0,0.0,-3727000000.0,0.0,0.0,0.0,315250000.0,0.0,0.0,0.0,0.1573100575282682,0.0,793000000.0,0.1573100575282682,248000000.0,433000000.0,0.08589565562388415,0.027,0.027,16037037037,16037037037,https://www.six-group.com/en/products-services/the-swiss-stock-exchange.html,https://www.six-group.com/en/products-services/the-swiss-stock-exchange.html,1620589132,15:38:52,20210509
21,2015-12-31,BARC.SW,GBP,2015-12-31,2015-12-31,Q4,5796000000.0,0.0,0.0,0.0,0.0,-4841000000.0,0.0,-3821000000.0,6674000000.0,0.0,0.0,0.0,0.0,0.0,0.0,-0.3281573498964803,0.0,-1902000000.0,-0.3281573498964803,236000000.0,-2422000000.0,-0.4178743961352657,-0.144,-0.144,16819444444,16819444444,https://www.six-group.com/en/products-services/the-swiss-stock-exchange.html,https://www.six-group.com/en/products-services/the-swiss-stock-exchange.html,1620589132,15:38:52,20210509
22,2015-09-30,BARC.SW,GBP,2015-09-30,2015-09-30,Q3,6055000000.0,0.0,0.0,0.0,0.0,6038000000.0,0.0,0.0,4643000000.0,0.0,0.0,331000000.0,0.0,0.0,0.0,0.14219653179190753,0.0,861000000.0,0.14219653179190753,208000000.0,417000000.0,0.06886870355078448,0.024134737816876955,0.024134737816876955,17278000000,17278000000,https://www.six-group.com/en/products-services/the-swiss-stock-exchange.html,https://www.six-group.com/en/products-services/the-swiss-stock-exchange.html,1620589132,15:38:52,20210509
23,2015-06-30,BARC.SW,GBP,2015-06-30,2015-06-30,Q2,7578000000.0,0.0,0.0,0.0,0.0,-1433000000.0,0.0,0.0,5143000000.0,0.0,0.0,331000000.0,0.0,0.0,0.0,0.23449458960147795,0.0,1777000000.0,0.23449458960147795,394000000.0,1146000000.0,0.15122723673792557,0.0663271211945827,0.0663271211945827,17278000000,17278000000,https://www.six-group.com/en/products-services/the-swiss-stock-exchange.html,https://www.six-group.com/en/products-services/the-swiss-stock-exchange.html,1620589132,15:38:52,20210509
24,2015-03-31,BARC.SW,GBP,2015-03-31,2015-03-31,Q1,6558000000.0,0.0,0.0,0.0,0.0,2432000000.0,0.0,0.0,4645000000.0,0.0,0.0,331000000.0,0.0,0.0,0.0,0.20387313205245503,0.0,1337000000.0,0.20387313205245503,612000000.0,465000000.0,0.07090576395242452,0.029,0.029,16034482759,16034482759,https://www.six-group.com/en/products-services/the-swiss-stock-exchange.html,https://www.six-group.com/en/products-services/the-swiss-stock-exchange.html,1620589132,15:38:52,20210509
25,2014-12-31,BARC.SW,GBP,2014-12-31,2014-12-31,Q4,5501000000.0,0.0,0.0,0.0,0.0,-3831000000.0,0.0,0.0,6313000000.0,0.0,0.0,0.0,0.0,0.0,0.0,-0.2664970005453554,0.0,-1466000000.0,-0.2664970005453554,-85000000.0,-1679000000.0,-0.30521723323032174,-0.09717559902766523,-0.09717559902766523,17278000000,17278000000,https://www.six-group.com/en/products-services/the-swiss-stock-exchange.html,https://www.six-group.com/en/products-services/the-swiss-stock-exchange.html,1620589132,15:38:52,20210509
26,2014-09-30,BARC.SW,GBP,2014-09-30,2014-09-30,Q3,6643000000.0,0.0,0.0,0.0,0.0,4997000000.0,0.0,0.0,4842000000.0,0.0,0.0,319750000.0,0.0,0.0,0.0,0.183802498870992,0.0,1221000000.0,0.183802498870992,601000000.0,379000000.0,0.0570525365045913,0.021935409190878573,0.021935409190878573,17278000000,17278000000,https://www.six-group.com/en/products-services/the-swiss-stock-exchange.html,https://www.six-group.com/en/products-services/the-swiss-stock-exchange.html,1620589132,15:38:52,20210509
27,2014-06-30,BARC.SW,GBP,2014-06-30,2014-06-30,Q2,6855000000.0,0.0,0.0,0.0,0.0,-270000000.0,0.0,0.0,5319000000.0,0.0,0.0,319750000.0,0.0,0.0,0.0,0.10051057622173595,0.0,689000000.0,0.10051057622173595,298000000.0,161000000.0,0.02348650619985412,0.009318208125940503,0.009318208125940503,17278000000,17278000000,https://www.six-group.com/en/products-services/the-swiss-stock-exchange.html,https://www.six-group.com/en/products-services/the-swiss-stock-exchange.html,1620589132,15:38:52,20210509
28,2014-03-31,BARC.SW,GBP,2014-03-31,2014-03-31,Q1,6769000000.0,0.0,0.0,0.0,0.0,1492000000.0,0.0,0.0,4435000000.0,0.0,0.0,319750000.0,0.0,0.0,0.0,0.26769094400945487,0.0,1812000000.0,0.26769094400945487,597000000.0,965000000.0,0.14256167823903088,0.059,0.059,16246000000,16246000000,https://www.six-group.com/en/products-services/the-swiss-stock-exchange.html,https://www.six-group.com/en/products-services/the-swiss-stock-exchange.html,1620589132,15:38:52,20210509
29,2013-09-30,BARC.SW,GBP,2013-09-30,2013-09-30,Q3,5966000000.0,0.0,0.0,0.0,0.0,0.0,0.0,0.0,0.0,0.0,0.0,318500000.0,0.0,0.0,0.0,0.19678176332551123,0.0,1174000000.0,0.19678176332551123,0.0,1140000000.0,0.1910828025477707,0.06597985877995138,0.06597985877995138,17278000000,17278000000,https://www.six-group.com/en/products-services/the-swiss-stock-exchange.html,https://www.six-group.com/en/products-services/the-swiss-stock-exchange.html,1620589132,15:38:52,20210509
30,2013-06-30,BARC.SW,GBP,2013-06-30,2013-06-30,Q2,7942000000.0,0.0,0.0,0.0,0.0,0.0,0.0,0.0,0.0,0.0,0.0,318500000.0,0.0,0.0,0.0,0.017879627297909845,0.0,142000000.0,0.017879627297909845,0.0,-168000000.0,-0.02115336187358348,-0.009723347609677045,-0.009723347609677045,17278000000,17278000000,https://www.six-group.com/en/products-services/the-swiss-stock-exchange.html,https://www.six-group.com/en/products-services/the-swiss-stock-exchange.html,1620589132,15:38:52,20210509
31,2013-03-31,BARC.SW,GBP,2013-03-31,2013-03-31,Q1,7483000000.0,0.0,0.0,0.0,0.0,0.0,0.0,-5242000000.0,0.0,0.0,0.0,318500000.0,0.0,0.0,0.0,0.20513163169851664,0.0,1535000000.0,0.20513163169851664,0.0,839000000.0,0.11212080716290258,0.061891,0.061891,13556111194,13556111194,https://www.six-group.com/en/products-services/the-swiss-stock-exchange.html,https://www.six-group.com/en/products-services/the-swiss-stock-exchange.html,1620589132,15:38:52,20210509
32,2012-09-30,BARC.SW,GBP,2012-09-30,2012-09-30,Q3,5435000000.0,0.0,0.0,0.0,0.0,0.0,0.0,0.0,0.0,0.0,0.0,279750000.0,0.0,0.0,0.0,-0.008647654093836247,0.0,-47000000.0,-0.008647654093836247,0.0,304000000.0,0.05593376264949402,0.017594629007987035,0.017594629007987035,17278000000,17278000000,https://www.six-group.com/en/products-services/the-swiss-stock-exchange.html,https://www.six-group.com/en/products-services/the-swiss-stock-exchange.html,1620589132,15:38:52,20210509
33,2012-06-30,BARC.SW,GBP,2012-06-30,2012-06-30,Q2,7602000000.0,0.0,0.0,0.0,0.0,0.0,0.0,0.0,5355000000.0,0.0,0.0,279750000.0,0.0,0.0,0.0,0.16232570376216784,0.0,1234000000.0,0.16232570376216784,417000000.0,407000000.0,0.05353854248881873,0.023555967125824747,0.023555967125824747,17278000000,17278000000,https://www.six-group.com/en/products-services/the-swiss-stock-exchange.html,https://www.six-group.com/en/products-services/the-swiss-stock-exchange.html,1620589132,15:38:52,20210509
34,2012-03-31,BARC.SW,GBP,2012-03-31,2012-03-31,Q1,5518000000.0,0.0,0.0,0.0,0.0,0.0,0.0,34000000.0,5249000000.0,0.0,0.0,279750000.0,0.0,0.0,0.0,-0.08608191373686118,0.0,-475000000.0,-0.08608191373686118,-138000000.0,-337000000.0,-0.061072852482783616,-0.041569,-0.041569,13239843097,13239843097,https://www.six-group.com/en/products-services/the-swiss-stock-exchange.html,https://www.six-group.com/en/products-services/the-swiss-stock-exchange.html,1620589132,15:38:52,20210509
35,2011-12-31,BARC.SW,GBP,2011-12-31,2011-12-31,Q4,9223000000.0,0.0,0.0,0.0,0.0,0.0,0.0,0.0,5077000000.0,0.0,0.0,0.0,0.0,0.0,0.0,0.0881491922367993,0.0,813000000.0,0.0881491922367993,1267000000.0,-913000000.0,-0.09899165130651631,-0.052841764093066325,-0.052841764093066325,17278000000,17278000000,https://www.six-group.com/en/products-services/the-swiss-stock-exchange.html,https://www.six-group.com/en/products-services/the-swiss-stock-exchange.html,1620589132,15:38:52,20210509
36,2011-09-30,BARC.SW,GBP,2011-09-30,2011-09-30,Q3,8083000000.0,0.0,0.0,0.0,0.0,0.0,0.0,0.0,4659000000.0,0.0,0.0,276000000.0,0.0,0.0,0.0,0.29964122231844614,0.0,2422000000.0,0.29964122231844614,0.0,2422000000.0,0.29964122231844614,0.089603,0.089603,13199899568,13199899568,https://www.six-group.com/en/products-services/the-swiss-stock-exchange.html,https://www.six-group.com/en/products-services/the-swiss-stock-exchange.html,1620589132,15:38:52,20210509
37,2011-06-30,BARC.SW,GBP,2011-06-30,2011-06-30,Q2,8328000000.0,0.0,0.0,0.0,0.0,0.0,0.0,0.0,6337000000.0,0.0,0.0,276000000.0,0.0,0.0,0.0,0.11875600384245917,0.0,989000000.0,0.11875600384245917,247000000.0,486000000.0,0.058357348703170026,0.02812825558513717,0.02812825558513717,17278000000,17278000000,https://www.six-group.com/en/products-services/the-swiss-stock-exchange.html,https://www.six-group.com/en/products-services/the-swiss-stock-exchange.html,1620589132,15:38:52,20210509
38,2011-03-31,BARC.SW,GBP,2011-03-31,2011-03-31,Q1,7399000000.0,0.0,0.0,0.0,0.0,0.0,0.0,0.0,4842000000.0,0.0,0.0,276000000.0,0.0,0.0,0.0,0.22367887552371943,0.0,1655000000.0,0.22367887552371943,414000000.0,1012000000.0,0.1367752398972834,0.078518,0.078518,12888712941,12888712941,https://www.six-group.com/en/products-services/the-swiss-stock-exchange.html,https://www.six-group.com/en/products-services/the-swiss-stock-exchange.html,1620589132,15:38:52,20210509
39,2010-12-31,BARC.SW,GBP,2010-12-31,2010-12-31,Q4,9332000000.0,0.0,0.0,0.0,0.0,0.0,0.0,0.0,6016000000.0,0.0,0.0,0.0,0.0,0.0,0.0,0.19192027432490355,0.0,1791000000.0,0.19192027432490355,448000000.0,1084000000.0,0.11615945135019289,0.06273874291005903,0.06273874291005903,17278000000,17278000000,https://www.six-group.com/en/products-services/the-swiss-stock-exchange.html,https://www.six-group.com/en/products-services/the-swiss-stock-exchange.html,1620589132,15:38:52,20210509
40,2010-09-30,BARC.SW,GBP,2010-09-30,2010-09-30,Q3,5876000000.0,0.0,0.0,0.0,0.0,0.0,0.0,0.0,4341000000.0,0.0,0.0,336500000.0,0.0,0.0,0.0,0.0556501021102791,0.0,327000000.0,0.0556501021102791,42000000.0,49000000.0,0.008339006126616746,0.0028359763861558053,0.0028359763861558053,17278000000,17278000000,https://www.six-group.com/en/products-services/the-swiss-stock-exchange.html,https://www.six-group.com/en/products-services/the-swiss-stock-exchange.html,1620589132,15:38:52,20210509
41,2010-06-30,BARC.SW,GBP,2010-06-30,2010-06-30,Q2,8931000000.0,0.0,0.0,0.0,0.0,0.0,0.0,-248000000.0,5283000000.0,0.0,0.0,336500000.0,0.0,0.0,0.0,0.2381592206919718,0.0,2127000000.0,0.2381592206919718,516000000.0,1121000000.0,0.12551785914231328,0.06488019446695219,0.06488019446695219,17278000000,17278000000,https://www.six-group.com/en/products-services/the-swiss-stock-exchange.html,https://www.six-group.com/en/products-services/the-swiss-stock-exchange.html,1620589132,15:38:52,20210509
42,2010-03-31,BARC.SW,GBP,2010-03-31,2010-03-31,Q1,8065000000.0,0.0,0.0,0.0,0.0,0.0,0.0,115000000.0,4852000000.0,0.0,0.0,336500000.0,0.0,0.0,0.0,0.22566646001239926,0.0,1820000000.0,0.22566646001239926,510000000.0,1310000000.0,0.1624302541847489,0.085908,0.080366,15248822581,16300465517,https://www.six-group.com/en/products-services/the-swiss-stock-exchange.html,https://www.six-group.com/en/products-services/the-swiss-stock-exchange.html,1620589132,15:38:52,20210509
43,2009-06-30,BARC.SW,GBP,2009-06-30,2009-06-30,Q2,0.0,0.0,0.0,0.0,0.0,0.0,0.0,0.0,0.0,0.0,0.0,299000000.0,0.0,0.0,0.0,0.0,0.0,0.0,0.0,0.0,0.0,0.0,0.0,0.0,17278000000,17278000000,https://www.six-group.com/en/products-services/the-swiss-stock-exchange.html,https://www.six-group.com/en/products-services/the-swiss-stock-exchange.html,1620589132,15:38:52,20210509
44,2008-12-31,BARC.SW,GBP,2008-12-31,2008-12-31,Q4,0.0,0.0,0.0,0.0,0.0,0.0,0.0,0.0,0.0,0.0,0.0,0.0,0.0,0.0,0.0,0.0,0.0,0.0,0.0,0.0,1317037020.0,0.0,0.07622624262067369,0.07622624262067369,17278000000,17278000000,https://www.six-group.com/en/products-services/the-swiss-stock-exchange.html,https://www.six-group.com/en/products-services/the-swiss-stock-exchange.html,1620589132,15:38:52,20210509
45,2008-09-30,BARC.SW,GBP,2008-09-30,2008-09-30,Q3,0.0,0.0,0.0,0.0,0.0,0.0,0.0,0.0,0.0,0.0,0.0,236273020.0,0.0,0.0,0.0,0.0,0.0,0.0,0.0,0.0,1327019040.0,0.0,0.192464,0.186862,6894907783,7101587954,https://www.six-group.com/en/products-services/the-swiss-stock-exchange.html,https://www.six-group.com/en/products-services/the-swiss-stock-exchange.html,1620589132,15:38:52,20210509
46,2008-06-30,BARC.SW,GBP,2008-06-30,2008-06-30,Q2,0.0,0.0,0.0,0.0,0.0,0.0,0.0,0.0,0.0,0.0,0.0,236273020.0,0.0,0.0,0.0,0.0,0.0,0.0,0.0,0.0,862143240.0,0.0,0.04989832388007871,0.04989832388007871,17278000000,17278000000,https://www.six-group.com/en/products-services/the-swiss-stock-exchange.html,https://www.six-group.com/en/products-services/the-swiss-stock-exchange.html,1620589132,15:38:52,20210509
47,2008-03-31,BARC.SW,GBP,2008-03-31,2008-03-31,Q1,0.0,0.0,0.0,0.0,0.0,0.0,0.0,0.0,0.0,0.0,0.0,236273020.0,0.0,0.0,0.0,0.0,0.0,0.0,0.0,0.0,858713760.0,0.0,0.120791,0.120791,7109076889,7109076889,https://www.six-group.com/en/products-services/the-swiss-stock-exchange.html,https://www.six-group.com/en/products-services/the-swiss-stock-exchange.html,1620589132,15:38:52,20210509
48,2007-12-31,BARC.SW,GBP,2007-12-31,2007-12-31,Q4,0.0,0.0,0.0,0.0,0.0,0.0,0.0,0.0,0.0,0.0,0.0,0.0,0.0,0.0,0.0,0.0,0.0,0.0,0.0,0.0,4865650.0,0.0,0.0002816095612918162,0.0002816095612918162,17278000000,17278000000,https://www.six-group.com/en/products-services/the-swiss-stock-exchange.html,https://www.six-group.com/en/products-services/the-swiss-stock-exchange.html,1620589132,15:38:52,20210509
49,2007-09-30,BARC.SW,GBP,2007-09-30,2007-09-30,Q3,0.0,0.0,0.0,0.0,0.0,0.0,0.0,0.0,0.0,0.0,0.0,167411000.0,0.0,0.0,0.0,0.0,0.0,0.0,0.0,0.0,1104221790.0,0.0,0.159121,0.154843,6939145500,7130756850,https://www.six-group.com/en/products-services/the-swiss-stock-exchange.html,https://www.six-group.com/en/products-services/the-swiss-stock-exchange.html,1620589132,15:38:52,20210509
50,2007-06-30,BARC.SW,GBP,2007-06-30,2007-06-30,Q2,0.0,0.0,0.0,0.0,0.0,0.0,0.0,0.0,0.0,0.0,0.0,167411000.0,0.0,0.0,0.0,0.0,0.0,0.0,0.0,0.0,1551789600.0,0.0,0.0898130339159625,0.0898130339159625,17278000000,17278000000,https://www.six-group.com/en/products-services/the-swiss-stock-exchange.html,https://www.six-group.com/en/products-services/the-swiss-stock-exchange.html,1620589132,15:38:52,20210509
51,2007-03-31,BARC.SW,GBP,2007-03-31,2007-03-31,Q1,0.0,0.0,0.0,0.0,0.0,0.0,0.0,0.0,0.0,0.0,0.0,167411000.0,0.0,0.0,0.0,0.0,0.0,0.0,0.0,0.0,1082210400.0,0.0,0.152865,0.152865,7079530584,7079530584,https://www.six-group.com/en/products-services/the-swiss-stock-exchange.html,https://www.six-group.com/en/products-services/the-swiss-stock-exchange.html,1620589132,15:38:52,20210509
52,2006-12-31,BARC.SW,GBP,2006-12-31,2006-12-31,Q4,0.0,0.0,0.0,0.0,0.0,0.0,0.0,0.0,0.0,0.0,0.0,0.0,0.0,0.0,0.0,0.0,0.0,0.0,0.0,0.0,1132207550.0,0.0,0.0655288546128024,0.0655288546128024,17278000000,17278000000,https://www.six-group.com/en/products-services/the-swiss-stock-exchange.html,https://www.six-group.com/en/products-services/the-swiss-stock-exchange.html,1620589132,15:38:52,20210509
53,2006-09-30,BARC.SW,GBP,2006-09-30,2006-09-30,Q3,0.0,0.0,0.0,0.0,0.0,0.0,0.0,0.0,0.0,0.0,0.0,152995397.5,0.0,0.0,0.0,0.0,0.0,0.0,0.0,0.0,1131583860.0,0.0,0.16453561722380092,0.1600757697125279,6877440150,7069051500,https://www.six-group.com/en/products-services/the-swiss-stock-exchange.html,https://www.six-group.com/en/products-services/the-swiss-stock-exchange.html,1620589132,15:38:52,20210509
54,2006-06-30,BARC.SW,GBP,2006-06-30,2006-06-30,Q2,5830132140.0,0.0,0.0,0.0,0.0,0.0,0.0,0.0,3464634360.0,0.0,3071196500.0,152995397.5,0.0,0.0,0.0,0.28989139515455303,0.0,1690105140.0,0.28989139515455303,536309380.0,1153795760.0,0.1979021628144435,0.167721,0.162172,6879274516,7114662762,https://www.six-group.com/en/products-services/the-swiss-stock-exchange.html,https://www.six-group.com/en/products-services/the-swiss-stock-exchange.html,1620589132,15:38:52,20210509
55,2006-03-31,BARC.SW,GBP,2006-03-31,2006-03-31,Q1,0.0,0.0,0.0,0.0,0.0,0.0,0.0,0.0,0.0,0.0,0.0,152995397.5,0.0,0.0,0.0,0.0,0.0,0.0,0.0,0.0,1152406020.0,0.0,0.16401,0.16401,7026450992,7026450992,https://www.six-group.com/en/products-services/the-swiss-stock-exchange.html,https://www.six-group.com/en/products-services/the-swiss-stock-exchange.html,1620589132,15:38:52,20210509
56,2005-12-31,BARC.SW,GBP,2005-12-31,2005-12-31,Q4,0.0,0.0,0.0,0.0,0.0,0.0,0.0,0.0,0.0,0.0,0.0,0.0,0.0,0.0,0.0,0.0,0.0,0.0,0.0,0.0,1157264880.0,0.0,0.06697909943280472,0.06697909943280472,17278000000,17278000000,https://www.six-group.com/en/products-services/the-swiss-stock-exchange.html,https://www.six-group.com/en/products-services/the-swiss-stock-exchange.html,1620589132,15:38:52,20210509
57,2005-09-30,BARC.SW,GBP,2005-09-30,2005-09-30,Q3,0.0,0.0,0.0,0.0,0.0,0.0,0.0,0.0,0.0,0.0,0.0,112454460.0,0.0,0.0,0.0,0.0,0.0,0.0,0.0,0.0,1061316720.0,0.0,0.126958,0.1212,8359580087,8756709782,https://www.six-group.com/en/products-services/the-swiss-stock-exchange.html,https://www.six-group.com/en/products-services/the-swiss-stock-exchange.html,1620589132,15:38:52,20210509
58,2005-06-30,BARC.SW,GBP,2005-06-30,2005-06-30,Q2,4272210720.0,0.0,0.0,0.0,0.0,0.0,0.0,0.0,2576835840.0,0.0,1971145440.0,112454460.0,0.0,0.0,0.0,0.29857572193910886,0.0,1275578400.0,0.29857572193910886,356715360.0,918863040.0,0.21507905396576507,0.134203,0.130981,6859036800,7014924000,https://www.six-group.com/en/products-services/the-swiss-stock-exchange.html,https://www.six-group.com/en/products-services/the-swiss-stock-exchange.html,1620589132,15:38:52,20210509
59,2005-03-31,BARC.SW,GBP,2005-03-31,2005-03-31,Q1,0.0,0.0,0.0,0.0,0.0,0.0,0.0,0.0,0.0,0.0,0.0,112454460.0,0.0,0.0,0.0,0.0,0.0,0.0,0.0,0.0,800105040.0,0.0,0.1164,0.11409,6873766299,7012920308,https://www.six-group.com/en/products-services/the-swiss-stock-exchange.html,https://www.six-group.com/en/products-services/the-swiss-stock-exchange.html,1620589132,15:38:52,20210509
60,2004-12-31,BARC.SW,GBP,2004-12-31,2004-12-31,Q4,0.0,0.0,0.0,0.0,0.0,0.0,0.0,0.0,0.0,0.0,0.0,0.0,0.0,0.0,0.0,0.0,0.0,0.0,0.0,0.0,770999660.0,0.0,0.04462320060192152,0.04462320060192152,17278000000,17278000000,https://www.six-group.com/en/products-services/the-swiss-stock-exchange.html,https://www.six-group.com/en/products-services/the-swiss-stock-exchange.html,1620589132,15:38:52,20210509
61,2004-09-30,BARC.SW,GBP,2004-09-30,2004-09-30,Q3,0.0,0.0,0.0,0.0,0.0,0.0,0.0,0.0,0.0,0.0,0.0,148457260.0,0.0,0.0,0.0,0.0,0.0,0.0,0.0,0.0,773819880.0,0.0,0.11283,0.11283,6858269770,6858269770,https://www.six-group.com/en/products-services/the-swiss-stock-exchange.html,https://www.six-group.com/en/products-services/the-swiss-stock-exchange.html,1620589132,15:38:52,20210509
62,2004-06-30,BARC.SW,GBP,2004-06-30,2004-06-30,Q2,0.0,0.0,0.0,0.0,0.0,0.0,0.0,0.0,0.0,0.0,0.0,148457260.0,0.0,0.0,0.0,0.0,0.0,0.0,0.0,0.0,941430010.0,0.0,0.054487209746498434,0.054487209746498434,17278000000,17278000000,https://www.six-group.com/en/products-services/the-swiss-stock-exchange.html,https://www.six-group.com/en/products-services/the-swiss-stock-exchange.html,1620589132,15:38:52,20210509
63,2004-03-31,BARC.SW,GBP,2004-03-31,2004-03-31,Q1,0.0,0.0,0.0,0.0,0.0,0.0,0.0,0.0,0.0,0.0,0.0,148457260.0,0.0,0.0,0.0,0.0,0.0,0.0,0.0,0.0,856569990.0,0.0,0.123142,0.122679,6955950213,6982199082,https://www.six-group.com/en/products-services/the-swiss-stock-exchange.html,https://www.six-group.com/en/products-services/the-swiss-stock-exchange.html,1620589132,15:38:52,20210509
64,2003-12-31,BARC.SW,GBP,2003-12-31,2003-12-31,Q4,0.0,0.0,0.0,0.0,0.0,0.0,0.0,0.0,0.0,0.0,0.0,0.0,0.0,0.0,0.0,0.0,0.0,0.0,0.0,0.0,675468320.0,0.0,0.039094126635027204,0.039094126635027204,17278000000,17278000000,https://www.six-group.com/en/products-services/the-swiss-stock-exchange.html,https://www.six-group.com/en/products-services/the-swiss-stock-exchange.html,1620589132,15:38:52,20210509
65,2003-09-30,BARC.SW,GBP,2003-09-30,2003-09-30,Q3,0.0,0.0,0.0,0.0,0.0,0.0,0.0,0.0,0.0,0.0,0.0,138320000.0,0.0,0.0,0.0,0.0,0.0,0.0,0.0,0.0,681169680.0,0.0,0.09704302773363016,0.0965664505563011,7019254200,7053895800,https://www.six-group.com/en/products-services/the-swiss-stock-exchange.html,https://www.six-group.com/en/products-services/the-swiss-stock-exchange.html,1620589132,15:38:52,20210509
66,2003-06-30,BARC.SW,GBP,2003-06-30,2003-06-30,Q2,0.0,0.0,0.0,0.0,0.0,0.0,0.0,0.0,0.0,0.0,0.0,138320000.0,0.0,0.0,0.0,0.0,0.0,0.0,0.0,0.0,692672130.0,0.0,0.04008983273527029,0.04008983273527029,17278000000,17278000000,https://www.six-group.com/en/products-services/the-swiss-stock-exchange.html,https://www.six-group.com/en/products-services/the-swiss-stock-exchange.html,1620589132,15:38:52,20210509
67,2003-03-31,BARC.SW,GBP,2003-03-31,2003-03-31,Q1,0.0,0.0,0.0,0.0,0.0,0.0,0.0,0.0,0.0,0.0,0.0,138320000.0,0.0,0.0,0.0,0.0,0.0,0.0,0.0,0.0,690327870.0,0.0,0.098206,0.098206,7029420169,7029420169,https://www.six-group.com/en/products-services/the-swiss-stock-exchange.html,https://www.six-group.com/en/products-services/the-swiss-stock-exchange.html,1620589132,15:38:52,20210509
68,2002-12-31,BARC.SW,GBP,2002-12-31,2002-12-31,Q4,0.0,0.0,0.0,0.0,0.0,0.0,0.0,0.0,0.0,0.0,0.0,0.0,0.0,0.0,0.0,0.0,0.0,0.0,0.0,0.0,442461870.0,0.0,0.025608396226415094,0.025608396226415094,17278000000,17278000000,https://www.six-group.com/en/products-services/the-swiss-stock-exchange.html,https://www.six-group.com/en/products-services/the-swiss-stock-exchange.html,1620589132,15:38:52,20210509
69,2002-09-30,BARC.SW,GBP,2002-09-30,2002-09-30,Q3,0.0,0.0,0.0,0.0,0.0,0.0,0.0,0.0,0.0,0.0,0.0,136276575.0,0.0,0.0,0.0,0.0,0.0,0.0,0.0,0.0,556991460.0,0.0,0.077737,0.077045,7165079137,7229407450,https://www.six-group.com/en/products-services/the-swiss-stock-exchange.html,https://www.six-group.com/en/products-services/the-swiss-stock-exchange.html,1620589132,15:38:52,20210509
70,2002-06-30,BARC.SW,GBP,2002-06-30,2002-06-30,Q2,0.0,0.0,0.0,0.0,0.0,0.0,0.0,0.0,0.0,0.0,0.0,136276575.0,0.0,0.0,0.0,0.0,0.0,0.0,0.0,0.0,620680360.0,0.0,0.035923160087973145,0.035923160087973145,17278000000,17278000000,https://www.six-group.com/en/products-services/the-swiss-stock-exchange.html,https://www.six-group.com/en/products-services/the-swiss-stock-exchange.html,1620589132,15:38:52,20210509
71,2002-03-31,BARC.SW,GBP,2002-03-31,2002-03-31,Q1,0.0,0.0,0.0,0.0,0.0,0.0,0.0,0.0,0.0,0.0,0.0,136276575.0,0.0,0.0,0.0,0.0,0.0,0.0,0.0,0.0,616319640.0,0.0,0.085398,0.085398,7217000000,7217000000,https://www.six-group.com/en/products-services/the-swiss-stock-exchange.html,https://www.six-group.com/en/products-services/the-swiss-stock-exchange.html,1620589132,15:38:52,20210509
72,2001-12-31,BARC.SW,GBP,2001-12-31,2001-12-31,Q4,0.0,0.0,0.0,0.0,0.0,0.0,0.0,0.0,0.0,0.0,0.0,0.0,0.0,0.0,0.0,0.0,0.0,0.0,0.0,0.0,610909920.0,0.0,0.03535767565690474,0.03535767565690474,17278000000,17278000000,https://www.six-group.com/en/products-services/the-swiss-stock-exchange.html,https://www.six-group.com/en/products-services/the-swiss-stock-exchange.html,1620589132,15:38:52,20210509
73,2001-09-30,BARC.SW,GBP,2001-09-30,2001-09-30,Q3,0.0,0.0,0.0,0.0,0.0,0.0,0.0,0.0,0.0,0.0,0.0,132312217.5,0.0,0.0,0.0,0.0,0.0,0.0,0.0,0.0,605006820.0,0.0,0.084003,0.082388,7202180698,7343373049,https://www.six-group.com/en/products-services/the-swiss-stock-exchange.html,https://www.six-group.com/en/products-services/the-swiss-stock-exchange.html,1620589132,15:38:52,20210509
74,2001-06-30,BARC.SW,GBP,2001-06-30,2001-06-30,Q2,0.0,0.0,0.0,0.0,0.0,0.0,0.0,0.0,0.0,0.0,0.0,132312217.5,0.0,0.0,0.0,0.0,0.0,0.0,0.0,0.0,651843910.0,0.0,0.03772681502488714,0.03772681502488714,17278000000,17278000000,https://www.six-group.com/en/products-services/the-swiss-stock-exchange.html,https://www.six-group.com/en/products-services/the-swiss-stock-exchange.html,1620589132,15:38:52,20210509
75,2001-03-31,BARC.SW,GBP,2001-03-31,2001-03-31,Q1,0.0,0.0,0.0,0.0,0.0,0.0,0.0,0.0,0.0,0.0,0.0,132312217.5,0.0,0.0,0.0,0.0,0.0,0.0,0.0,0.0,654156090.0,0.0,0.09078,0.09078,7205961741,7205961741,https://www.six-group.com/en/products-services/the-swiss-stock-exchange.html,https://www.six-group.com/en/products-services/the-swiss-stock-exchange.html,1620589132,15:38:52,20210509
76,2000-12-31,BARC.SW,GBP,2000-12-31,2000-12-31,Q4,0.0,0.0,0.0,0.0,0.0,0.0,0.0,0.0,0.0,0.0,0.0,0.0,0.0,0.0,0.0,0.0,0.0,0.0,0.0,0.0,562342560.0,0.0,0.032546739205926614,0.032546739205926614,17278000000,17278000000,https://www.six-group.com/en/products-services/the-swiss-stock-exchange.html,https://www.six-group.com/en/products-services/the-swiss-stock-exchange.html,1620589132,15:38:52,20210509
77,2000-09-30,BARC.SW,GBP,2000-09-30,2000-09-30,Q3,0.0,0.0,0.0,0.0,0.0,0.0,0.0,0.0,0.0,0.0,0.0,75655760.0,0.0,0.0,0.0,0.0,0.0,0.0,0.0,0.0,556987200.0,0.0,0.082936,0.081371,6715895094,6845046923,https://www.six-group.com/en/products-services/the-swiss-stock-exchange.html,https://www.six-group.com/en/products-services/the-swiss-stock-exchange.html,1620589132,15:38:52,20210509
78,2000-06-30,BARC.SW,GBP,2000-06-30,2000-06-30,Q2,0.0,0.0,0.0,0.0,0.0,0.0,0.0,0.0,0.0,0.0,0.0,75655760.0,0.0,0.0,0.0,0.0,0.0,0.0,0.0,0.0,659712200.0,0.0,0.03818220858895705,0.03818220858895705,17278000000,17278000000,https://www.six-group.com/en/products-services/the-swiss-stock-exchange.html,https://www.six-group.com/en/products-services/the-swiss-stock-exchange.html,1620589132,15:38:52,20210509
79,2000-03-31,BARC.SW,GBP,2000-03-31,2000-03-31,Q1,0.0,0.0,0.0,0.0,0.0,0.0,0.0,0.0,0.0,0.0,0.0,75655760.0,0.0,0.0,0.0,0.0,0.0,0.0,0.0,0.0,660287800.0,0.0,0.102912,0.102912,6416014648,6416014648,https://www.six-group.com/en/products-services/the-swiss-stock-exchange.html,https://www.six-group.com/en/products-services/the-swiss-stock-exchange.html,1620589132,15:38:52,20210509
80,1999-12-31,BARC.SW,GBP,1999-12-31,1999-12-31,Q4,0.0,0.0,0.0,0.0,0.0,0.0,0.0,0.0,0.0,0.0,0.0,0.0,0.0,0.0,0.0,0.0,0.0,0.0,0.0,0.0,560442952.0,0.0,0.03243679546243778,0.03243679546243778,17278000000,17278000000,https://www.six-group.com/en/products-services/the-swiss-stock-exchange.html,https://www.six-group.com/en/products-services/the-swiss-stock-exchange.html,1620589132,15:38:52,20210509
81,1999-09-30,BARC.SW,GBP,1999-09-30,1999-09-30,Q3,0.0,0.0,0.0,0.0,0.0,0.0,0.0,0.0,0.0,0.0,0.0,68924840.0,0.0,0.0,0.0,0.0,0.0,0.0,0.0,0.0,529330806.0,0.0,0.082027,0.082027,6453108308,6453108308,https://www.six-group.com/en/products-services/the-swiss-stock-exchange.html,https://www.six-group.com/en/products-services/the-swiss-stock-exchange.html,1620589132,15:38:52,20210509
82,1999-06-30,BARC.SW,GBP,1999-06-30,1999-06-30,Q2,2076096400.0,0.0,0.0,0.0,0.0,0.0,0.0,0.0,1371025000.0,0.0,1110387600.0,68924840.0,0.0,0.0,0.0,0.228485921944665,0.0,474358800.0,0.228485921944665,126102600.0,348256200.0,0.16774567886154035,0.053441,0.053441,6516654411,6516654411,https://www.six-group.com/en/products-services/the-swiss-stock-exchange.html,https://www.six-group.com/en/products-services/the-swiss-stock-exchange.html,1620589132,15:38:52,20210509
83,1999-03-31,BARC.SW,GBP,1999-03-31,1999-03-31,Q1,0.0,0.0,0.0,0.0,0.0,0.0,0.0,0.0,0.0,0.0,0.0,68924840.0,0.0,0.0,0.0,0.0,0.0,0.0,0.0,0.0,341032905.0,0.0,0.052333,0.052333,6516654411,6516654411,https://www.six-group.com/en/products-services/the-swiss-stock-exchange.html,https://www.six-group.com/en/products-services/the-swiss-stock-exchange.html,1620589132,15:38:52,20210509
84,1998-12-31,BARC.SW,GBP,1998-12-31,1998-12-31,Q4,0.0,0.0,0.0,0.0,0.0,0.0,0.0,0.0,0.0,0.0,0.0,0.0,0.0,0.0,0.0,0.0,0.0,0.0,0.0,0.0,220669015.0,0.0,0.012771675830535942,0.012771675830535942,17278000000,17278000000,https://www.six-group.com/en/products-services/the-swiss-stock-exchange.html,https://www.six-group.com/en/products-services/the-swiss-stock-exchange.html,1620589132,15:38:52,20210509
85,1998-09-30,BARC.SW,GBP,1998-09-30,1998-09-30,Q3,0.0,0.0,0.0,0.0,0.0,0.0,0.0,0.0,0.0,0.0,0.0,67489461.25,0.0,0.0,0.0,0.0,0.0,0.0,0.0,0.0,223842278.0,0.0,0.034634,0.034634,6463035765,6463035765,https://www.six-group.com/en/products-services/the-swiss-stock-exchange.html,https://www.six-group.com/en/products-services/the-swiss-stock-exchange.html,1620589132,15:38:52,20210509
86,1998-06-30,BARC.SW,GBP,1998-06-30,1998-06-30,Q2,1902255332.0,0.0,0.0,0.0,0.0,0.0,0.0,0.0,1191503458.0,0.0,1436437274.0,67489461.25,0.0,0.0,0.0,0.33387981587741977,0.0,635124660.0,0.33387981587741977,189937658.0,447226118.0,0.23510309603379784,0.06752,0.06752,6623651569,6623651569,https://www.six-group.com/en/products-services/the-swiss-stock-exchange.html,https://www.six-group.com/en/products-services/the-swiss-stock-exchange.html,1620589132,15:38:52,20210509
87,1998-03-31,BARC.SW,GBP,1998-03-31,1998-03-31,Q1,0.0,0.0,0.0,0.0,0.0,0.0,0.0,0.0,0.0,0.0,0.0,67489461.25,0.0,0.0,0.0,0.0,0.0,0.0,0.0,0.0,644188234.0,0.0,0.067659,0.067659,6620875800,6620875800,https://www.six-group.com/en/products-services/the-swiss-stock-exchange.html,https://www.six-group.com/en/products-services/the-swiss-stock-exchange.html,1620589132,15:38:52,20210509
88,1997-12-31,BARC.SW,GBP,1997-12-31,1997-12-31,Q4,0.0,0.0,0.0,0.0,0.0,0.0,0.0,0.0,0.0,0.0,0.0,0.0,0.0,0.0,0.0,0.0,0.0,0.0,0.0,0.0,87013162.0,0.0,0.005036066790137747,0.005036066790137747,17278000000,17278000000,https://www.six-group.com/en/products-services/the-swiss-stock-exchange.html,https://www.six-group.com/en/products-services/the-swiss-stock-exchange.html,1620589132,15:38:52,20210509
89,1997-09-30,BARC.SW,GBP,1997-09-30,1997-09-30,Q3,0.0,0.0,0.0,0.0,0.0,0.0,0.0,0.0,0.0,0.0,0.0,66405093.0,0.0,0.0,0.0,0.0,0.0,0.0,0.0,0.0,113362630.0,0.0,0.018547,0.018547,6112243846,6112243846,https://www.six-group.com/en/products-services/the-swiss-stock-exchange.html,https://www.six-group.com/en/products-services/the-swiss-stock-exchange.html,1620589132,15:38:52,20210509
90,1997-06-30,BARC.SW,GBP,1997-06-30,1997-06-30,Q2,0.0,0.0,0.0,0.0,0.0,0.0,0.0,0.0,0.0,0.0,0.0,66405093.0,0.0,0.0,0.0,0.0,0.0,0.0,0.0,0.0,451658988.0,0.0,0.068347,0.068347,6608280853,6608280853,https://www.six-group.com/en/products-services/the-swiss-stock-exchange.html,https://www.six-group.com/en/products-services/the-swiss-stock-exchange.html,1620589132,15:38:52,20210509
91,1997-03-31,BARC.SW,GBP,1997-03-31,1997-03-31,Q1,0.0,0.0,0.0,0.0,0.0,0.0,0.0,0.0,0.0,0.0,0.0,66405093.0,0.0,0.0,0.0,0.0,0.0,0.0,0.0,0.0,458911928.0,0.0,0.069445,0.069445,6608280853,6608280853,https://www.six-group.com/en/products-services/the-swiss-stock-exchange.html,https://www.six-group.com/en/products-services/the-swiss-stock-exchange.html,1620589132,15:38:52,20210509
92,1996-12-31,BARC.SW,GBP,1996-12-31,1996-12-31,Q4,0.0,0.0,0.0,0.0,0.0,0.0,0.0,0.0,0.0,0.0,0.0,0.0,0.0,0.0,0.0,0.0,0.0,0.0,0.0,0.0,544868166.0,0.0,0.03153537249681676,0.03153537249681676,17278000000,17278000000,https://www.six-group.com/en/products-services/the-swiss-stock-exchange.html,https://www.six-group.com/en/products-services/the-swiss-stock-exchange.html,1620589132,15:38:52,20210509
93,1996-09-30,BARC.SW,GBP,1996-09-30,1996-09-30,Q3,0.0,0.0,0.0,0.0,0.0,0.0,0.0,0.0,0.0,0.0,0.0,73751622.0,0.0,0.0,0.0,0.0,0.0,0.0,0.0,0.0,547099266.0,0.0,0.016972,0.016972,22047767163,22047767163,https://www.six-group.com/en/products-services/the-swiss-stock-exchange.html,https://www.six-group.com/en/products-services/the-swiss-stock-exchange.html,1620589132,15:38:52,20210509
94,1996-06-30,BARC.SW,GBP,1996-06-30,1996-06-30,Q2,0.0,0.0,0.0,0.0,0.0,0.0,0.0,0.0,0.0,0.0,0.0,73751622.0,0.0,0.0,0.0,0.0,0.0,0.0,0.0,0.0,352461200.0,0.0,0.015988,0.015988,22045753116,22045753116,https://www.six-group.com/en/products-services/the-swiss-stock-exchange.html,https://www.six-group.com/en/products-services/the-swiss-stock-exchange.html,1620589132,15:38:52,20210509
95,1996-03-31,BARC.SW,GBP,1996-03-31,1996-03-31,Q1,0.0,0.0,0.0,0.0,0.0,0.0,0.0,0.0,0.0,0.0,0.0,73751622.0,0.0,0.0,0.0,0.0,0.0,0.0,0.0,0.0,352896983.0,0.0,0.015885,0.015885,7023584400,7023584400,https://www.six-group.com/en/products-services/the-swiss-stock-exchange.html,https://www.six-group.com/en/products-services/the-swiss-stock-exchange.html,1620589132,15:38:52,20210509
96,1995-12-31,BARC.SW,GBP,1995-12-31,1995-12-31,Q4,0.0,0.0,0.0,0.0,0.0,0.0,0.0,0.0,0.0,0.0,0.0,0.0,0.0,0.0,0.0,0.0,0.0,0.0,0.0,0.0,349214445.0,0.0,0.020211508565806228,0.020211508565806228,17278000000,17278000000,https://www.six-group.com/en/products-services/the-swiss-stock-exchange.html,https://www.six-group.com/en/products-services/the-swiss-stock-exchange.html,1620589132,15:38:52,20210509
97,1995-09-30,BARC.SW,GBP,1995-09-30,1995-09-30,Q3,0.0,0.0,0.0,0.0,0.0,0.0,0.0,0.0,0.0,0.0,0.0,82415826.0,0.0,0.0,0.0,0.0,0.0,0.0,0.0,0.0,316549881.0,0.0,0.04486,0.04486,7056465756,7056465756,https://www.six-group.com/en/products-services/the-swiss-stock-exchange.html,https://www.six-group.com/en/products-services/the-swiss-stock-exchange.html,1620589132,15:38:52,20210509
98,1995-06-30,BARC.SW,GBP,1995-06-30,1995-06-30,Q2,0.0,0.0,0.0,0.0,0.0,0.0,0.0,0.0,0.0,0.0,0.0,82415826.0,0.0,0.0,0.0,0.0,0.0,0.0,0.0,0.0,350453314.0,0.0,0.049305,0.040241,7107895941,8708773405,https://www.six-group.com/en/products-services/the-swiss-stock-exchange.html,https://www.six-group.com/en/products-services/the-swiss-stock-exchange.html,1620589132,15:38:52,20210509
99,1995-03-31,BARC.SW,GBP,1995-03-31,1995-03-31,Q1,0.0,0.0,0.0,0.0,0.0,0.0,0.0,0.0,0.0,0.0,0.0,82415826.0,0.0,0.0,0.0,0.0,0.0,0.0,0.0,0.0,351436212.0,0.0,0.049705,0.040408,7070375482,8697187540,https://www.six-group.com/en/products-services/the-swiss-stock-exchange.html,https://www.six-group.com/en/products-services/the-swiss-stock-exchange.html,1620589132,15:38:52,20210509
100,1994-12-31,BARC.SW,GBP,1994-12-31,1994-12-31,Q4,0.0,0.0,0.0,0.0,0.0,0.0,0.0,0.0,0.0,0.0,0.0,0.0,0.0,0.0,0.0,0.0,0.0,0.0,0.0,0.0,273631104.0,0.0,0.01583696631554578,0.01583696631554578,17278000000,17278000000,https://www.six-group.com/en/products-services/the-swiss-stock-exchange.html,https://www.six-group.com/en/products-services/the-swiss-stock-exchange.html,1620589132,15:38:52,20210509
101,1994-09-30,BARC.SW,GBP,1994-09-30,1994-09-30,Q3,0.0,0.0,0.0,0.0,0.0,0.0,0.0,0.0,0.0,0.0,0.0,58062413.25,0.0,0.0,0.0,0.0,0.0,0.0,0.0,0.0,261601052.0,0.0,0.037283,0.037283,7016622118,7016622118,https://www.six-group.com/en/products-services/the-swiss-stock-exchange.html,https://www.six-group.com/en/products-services/the-swiss-stock-exchange.html,1620589132,15:38:52,20210509
102,1994-06-30,BARC.SW,GBP,1994-06-30,1994-06-30,Q2,0.0,0.0,0.0,0.0,0.0,0.0,0.0,0.0,0.0,0.0,0.0,58062413.25,0.0,0.0,0.0,0.0,0.0,0.0,0.0,0.0,331853724.0,0.0,0.047014,0.047014,7058572416,7058572416,https://www.six-group.com/en/products-services/the-swiss-stock-exchange.html,https://www.six-group.com/en/products-services/the-swiss-stock-exchange.html,1620589132,15:38:52,20210509
103,1994-03-31,BARC.SW,GBP,1994-03-31,1994-03-31,Q1,0.0,0.0,0.0,0.0,0.0,0.0,0.0,0.0,0.0,0.0,0.0,58062413.25,0.0,0.0,0.0,0.0,0.0,0.0,0.0,0.0,342062100.0,0.0,0.048461,0.048461,7058572416,7058572416,https://www.six-group.com/en/products-services/the-swiss-stock-exchange.html,https://www.six-group.com/en/products-services/the-swiss-stock-exchange.html,1620589132,15:38:52,20210509
104,1993-12-31,BARC.SW,GBP,1993-12-31,1993-12-31,Q4,0.0,0.0,0.0,0.0,0.0,0.0,0.0,0.0,0.0,0.0,0.0,0.0,0.0,0.0,0.0,0.0,0.0,0.0,0.0,0.0,67032766.0,0.0,0.003879660030096076,0.003879660030096076,17278000000,17278000000,https://www.six-group.com/en/products-services/the-swiss-stock-exchange.html,https://www.six-group.com/en/products-services/the-swiss-stock-exchange.html,1620589132,15:38:52,20210509
105,1993-09-30,BARC.SW,GBP,1993-09-30,1993-09-30,Q3,0.0,0.0,0.0,0.0,0.0,0.0,0.0,0.0,0.0,0.0,0.0,76257312.0,0.0,0.0,0.0,0.0,0.0,0.0,0.0,0.0,60748499.0,0.0,0.008797,0.008797,6905727652,6905727652,https://www.six-group.com/en/products-services/the-swiss-stock-exchange.html,https://www.six-group.com/en/products-services/the-swiss-stock-exchange.html,1620589132,15:38:52,20210509
106,1993-06-30,BARC.SW,GBP,1993-06-30,1993-06-30,Q2,0.0,0.0,0.0,0.0,0.0,0.0,0.0,0.0,0.0,0.0,0.0,76257312.0,0.0,0.0,0.0,0.0,0.0,0.0,0.0,0.0,93466015.0,0.0,0.013404,0.013404,6972859200,6972859200,https://www.six-group.com/en/products-services/the-swiss-stock-exchange.html,https://www.six-group.com/en/products-services/the-swiss-stock-exchange.html,1620589132,15:38:52,20210509
107,1993-03-31,BARC.SW,GBP,1993-03-31,1993-03-31,Q1,0.0,0.0,0.0,0.0,0.0,0.0,0.0,0.0,0.0,0.0,0.0,76257312.0,0.0,0.0,0.0,0.0,0.0,0.0,0.0,0.0,94291689.0,0.0,0.013523,0.013523,6972859200,6972859200,https://www.six-group.com/en/products-services/the-swiss-stock-exchange.html,https://www.six-group.com/en/products-services/the-swiss-stock-exchange.html,1620589132,15:38:52,20210509
108,1992-12-31,BARC.SW,GBP,1992-12-31,1992-12-31,Q4,0.0,0.0,0.0,0.0,0.0,0.0,0.0,0.0,0.0,0.0,0.0,0.0,0.0,0.0,0.0,0.0,0.0,0.0,0.0,0.0,-141680032.0,0.0,-0.008200025002893853,-0.008200025002893853,17278000000,17278000000,https://www.six-group.com/en/products-services/the-swiss-stock-exchange.html,https://www.six-group.com/en/products-services/the-swiss-stock-exchange.html,1620589132,15:38:52,20210509
109,1992-09-30,BARC.SW,GBP,1992-09-30,1992-09-30,Q3,0.0,0.0,0.0,0.0,0.0,0.0,0.0,0.0,0.0,0.0,0.0,59422116.25,0.0,0.0,0.0,0.0,0.0,0.0,0.0,0.0,-141876564.0,0.0,-0.020445,-0.020445,6939317333,6939317333,https://www.six-group.com/en/products-services/the-swiss-stock-exchange.html,https://www.six-group.com/en/products-services/the-swiss-stock-exchange.html,1620589132,15:38:52,20210509
110,1992-06-30,BARC.SW,GBP,1992-06-30,1992-06-30,Q2,0.0,0.0,0.0,0.0,0.0,0.0,0.0,0.0,0.0,0.0,0.0,59422116.25,0.0,0.0,0.0,0.0,0.0,0.0,0.0,0.0,-29600540.0,0.0,-0.004257,-0.004257,6953064000,6953064000,https://www.six-group.com/en/products-services/the-swiss-stock-exchange.html,https://www.six-group.com/en/products-services/the-swiss-stock-exchange.html,1620589132,15:38:52,20210509
111,1992-03-31,BARC.SW,GBP,1992-03-31,1992-03-31,Q1,0.0,0.0,0.0,0.0,0.0,0.0,0.0,0.0,0.0,0.0,0.0,59422116.25,0.0,0.0,0.0,0.0,0.0,0.0,0.0,0.0,-32289710.0,0.0,-0.004644,-0.004644,6953064000,6953064000,https://www.six-group.com/en/products-services/the-swiss-stock-exchange.html,https://www.six-group.com/en/products-services/the-swiss-stock-exchange.html,1620589132,15:38:52,20210509
112,1991-12-31,BARC.SW,GBP,1991-12-31,1991-12-31,Q4,0.0,0.0,0.0,0.0,0.0,0.0,0.0,0.0,0.0,0.0,0.0,0.0,0.0,0.0,0.0,0.0,0.0,0.0,0.0,0.0,48255246.0,0.0,0.002792872207431416,0.002792872207431416,17278000000,17278000000,https://www.six-group.com/en/products-services/the-swiss-stock-exchange.html,https://www.six-group.com/en/products-services/the-swiss-stock-exchange.html,1620589132,15:38:52,20210509
113,1991-09-30,BARC.SW,GBP,1991-09-30,1991-09-30,Q3,0.0,0.0,0.0,0.0,0.0,0.0,0.0,0.0,0.0,0.0,0.0,55953774.0,0.0,0.0,0.0,0.0,0.0,0.0,0.0,0.0,64505454.0,0.0,0.009549,0.009549,6755112000,6755112000,https://www.six-group.com/en/products-services/the-swiss-stock-exchange.html,https://www.six-group.com/en/products-services/the-swiss-stock-exchange.html,1620589132,15:38:52,20210509
114,1991-06-30,BARC.SW,GBP,1991-06-30,1991-06-30,Q2,0.0,0.0,0.0,0.0,0.0,0.0,0.0,0.0,0.0,0.0,0.0,55953774.0,0.0,0.0,0.0,0.0,0.0,0.0,0.0,0.0,69905979.0,0.0,0.010349,0.010349,6755112000,6755112000,https://www.six-group.com/en/products-services/the-swiss-stock-exchange.html,https://www.six-group.com/en/products-services/the-swiss-stock-exchange.html,1620589132,15:38:52,20210509
115,1991-03-31,BARC.SW,GBP,1991-03-31,1991-03-31,Q1,0.0,0.0,0.0,0.0,0.0,0.0,0.0,0.0,0.0,0.0,0.0,55953774.0,0.0,0.0,0.0,0.0,0.0,0.0,0.0,0.0,65056251.0,0.0,0.009631,0.009631,6755112000,6755112000,https://www.six-group.com/en/products-services/the-swiss-stock-exchange.html,https://www.six-group.com/en/products-services/the-swiss-stock-exchange.html,1620589132,15:38:52,20210509
116,1990-03-31,BARC.SW,GBP,1990-03-31,1990-03-31,Q1,0.0,0.0,0.0,0.0,0.0,0.0,0.0,0.0,0.0,0.0,0.0,0.0,0.0,0.0,0.0,0.0,0.0,0.0,0.0,0.0,0.0,0.0,0.016871,0.016871,6921166509,6921166509,https://www.six-group.com/en/products-services/the-swiss-stock-exchange.html,https://www.six-group.com/en/products-services/the-swiss-stock-exchange.html,1620589132,15:38:52,20210509
117,1989-12-31,BARC.SW,GBP,1989-12-31,1989-12-31,Q4,0.0,0.0,0.0,0.0,0.0,0.0,0.0,0.0,0.0,0.0,0.0,0.0,0.0,0.0,0.0,0.0,0.0,0.0,0.0,0.0,349486478.0,0.0,0.02022725303854613,0.02022725303854613,17278000000,17278000000,https://www.six-group.com/en/products-services/the-swiss-stock-exchange.html,https://www.six-group.com/en/products-services/the-swiss-stock-exchange.html,1620589132,15:38:52,20210509
118,1989-09-30,BARC.SW,GBP,1989-09-30,1989-09-30,Q3,0.0,0.0,0.0,0.0,0.0,0.0,0.0,0.0,0.0,0.0,0.0,0.0,0.0,0.0,0.0,0.0,0.0,0.0,0.0,0.0,114171174.0,0.0,0.01671,0.01671,6832502809,6832502809,https://www.six-group.com/en/products-services/the-swiss-stock-exchange.html,https://www.six-group.com/en/products-services/the-swiss-stock-exchange.html,1620589132,15:38:52,20210509
119,1989-06-30,BARC.SW,GBP,1989-06-30,1989-06-30,Q2,0.0,0.0,0.0,0.0,0.0,0.0,0.0,0.0,0.0,0.0,0.0,0.0,0.0,0.0,0.0,0.0,0.0,0.0,0.0,0.0,119468052.0,0.0,0.017485,0.017485,6832502809,6832502809,https://www.six-group.com/en/products-services/the-swiss-stock-exchange.html,https://www.six-group.com/en/products-services/the-swiss-stock-exchange.html,1620589132,15:38:52,20210509
120,1989-03-31,BARC.SW,GBP,1989-03-31,1989-03-31,Q1,0.0,0.0,0.0,0.0,0.0,0.0,0.0,0.0,0.0,0.0,0.0,0.0,0.0,0.0,0.0,0.0,0.0,0.0,0.0,0.0,0.0,0.0,0.016064,0.016064,6921166509,6921166509,https://www.six-group.com/en/products-services/the-swiss-stock-exchange.html,https://www.six-group.com/en/products-services/the-swiss-stock-exchange.html,1620589132,15:38:52,20210509
121,1988-03-31,BARC.SW,GBP,1988-03-31,1988-03-31,Q1,0.0,0.0,0.0,0.0,0.0,0.0,0.0,0.0,0.0,0.0,0.0,0.0,0.0,0.0,0.0,0.0,0.0,0.0,0.0,0.0,0.0,0.0,0.008688,0.008688,6921166509,6921166509,https://www.six-group.com/en/products-services/the-swiss-stock-exchange.html,https://www.six-group.com/en/products-services/the-swiss-stock-exchange.html,1620589132,15:38:52,20210509
122,1987-03-31,BARC.SW,GBP,1987-03-31,1987-03-31,Q1,0.0,0.0,0.0,0.0,0.0,0.0,0.0,0.0,0.0,0.0,0.0,0.0,0.0,0.0,0.0,0.0,0.0,0.0,0.0,0.0,0.0,0.0,0.012587,0.012587,6921166509,6921166509,https://www.six-group.com/en/products-services/the-swiss-stock-exchange.html,https://www.six-group.com/en/products-services/the-swiss-stock-exchange.html,1620589132,15:38:52,20210509
123,1986-03-31,BARC.SW,GBP,1986-03-31,1986-03-31,Q1,0.0,0.0,0.0,0.0,0.0,0.0,0.0,0.0,0.0,0.0,0.0,0.0,0.0,0.0,0.0,0.0,0.0,0.0,0.0,0.0,0.0,0.0,0.037081,0.037081,6921166509,6921166509,https://www.six-group.com/en/products-services/the-swiss-stock-exchange.html,https://www.six-group.com/en/products-services/the-swiss-stock-exchange.html,1620589132,15:38:52,20210509
