,date,symbol,reportedCurrency,fillingDate,acceptedDate,period,revenue,costOfRevenue,grossProfit,grossProfitRatio,researchAndDevelopmentExpenses,generalAndAdministrativeExpenses,sellingAndMarketingExpenses,otherExpenses,operatingExpenses,costAndExpenses,interestExpense,depreciationAndAmortization,ebitda,ebitdaratio,operatingIncome,operatingIncomeRatio,totalOtherIncomeExpensesNet,incomeBeforeTax,incomeBeforeTaxRatio,incomeTaxExpense,netIncome,netIncomeRatio,eps,epsdiluted,weightedAverageShsOut,weightedAverageShsOutDil,link,finalLink,timestamp,est_time,est_date
0,2018-09-30,EEP,USD,2018-11-02 00:00:00,2018-11-01 17:58:27,Q3,560000000,198000000,362000000,0.6464285714285715,0.0,64000000,0.0,0.0,110000000.0,308000000,0.0,111000000,363000000,0.6482142857142857,252000000.0,0.45,58000000.0,208000000.0,0.37142857142857144,1000000.0,104000000.0,0.18571428571428572,0.21,0.21,431000000,431000000,https://www.sec.gov/Archives/edgar/data/880285/000088028518000028/0000880285-18-000028-index.html,https://www.sec.gov/Archives/edgar/data/880285/000088028518000028/eep930201810-qxdocument.htm,1620591485,16:18:05,20210509
1,2018-06-30,EEP,USD,2018-08-03 00:00:00,2018-08-03 07:30:50,Q2,537000000,86000000,451000000,0.839851024208566,0.0,68000000,0.0,-1000000.0,194000000.0,280000000,0.0,109000000,366000000,0.6815642458100558,257000000.0,0.478584729981378,31000000.0,187000000.0,0.34823091247672255,0.0,95000000.0,0.17690875232774675,0.19,0.19,428000000,428000000,https://www.sec.gov/Archives/edgar/data/880285/000088028518000019/0000880285-18-000019-index.html,https://www.sec.gov/Archives/edgar/data/880285/000088028518000019/eep630201810-qxdocument.htm,1620591485,16:18:05,20210509
2,2018-03-31,EEP,USD,2018-05-10 00:00:00,2018-05-09 18:28:55,Q1,592000000,110000000,482000000,0.8141891891891891,0.0,133000000,0.0,0.0,194000000.0,304000000,104000000.0,110000000,398000000,0.6722972972972973,288000000.0,0.4864864864864865,-12000000.0,172000000.0,0.2905405405405405,0.0,74000000.0,0.125,0.15,0.15,425000000,425000000,https://www.sec.gov/Archives/edgar/data/880285/000088028518000010/0000880285-18-000010-index.html,https://www.sec.gov/Archives/edgar/data/880285/000088028518000010/eep0331201810-qxdocument.htm,1620591485,16:18:05,20210509
3,2017-12-31,EEP,USD,2018-02-16 00:00:00,2018-02-15 18:29:48,Q4,610400000,54000000,556400000,0.9115334207077327,0.0,413700000,0.0,0.0,288100000.0,342100000,0.0,113100000,381400000,0.6248361730013107,268300000.0,0.4395478374836173,44000000.0,93100000.0,0.15252293577981652,-7600000.0,-6700000.0,-0.010976408912188729,-0.01576470588235294,-0.01576470588235294,425000000,425000000,https://www.sec.gov/Archives/edgar/data/880285/000088028518000006/0000880285-18-000006-index.html,https://www.sec.gov/Archives/edgar/data/880285/000088028518000006/eep1231201710k-document.htm,1620591485,16:18:05,20210509
4,2017-09-30,EEP,USD,2017-11-02 00:00:00,2017-11-01 19:21:21,Q3,616400000,81300000,535100000,0.868105126541207,0.0,85600000,0.0,0.0,274400000.0,355700000,0.0,111800000,372500000,0.604315379623621,260700000.0,0.42293964957819596,39500000.0,196100000.0,0.3181375730045425,100000.0,93100000.0,0.1510382868267359,0.19,0.19,421000000,421000000,https://www.sec.gov/Archives/edgar/data/880285/000088028517000006/0000880285-17-000006-index.html,https://www.sec.gov/Archives/edgar/data/880285/000088028517000006/eep0930201710-qxdocument.htm,1620591485,16:18:05,20210509
5,2017-06-30,EEP,USD,2017-08-03 00:00:00,2017-08-02 20:51:53,Q2,596500000,154200000,442300000,0.7414920368818105,0.0,74000000,0.0,0.0,182300000.0,336500000,0.0,70900000,330900000,0.5547359597652975,260000000.0,0.4358759430008382,73600000.0,230800000.0,0.38692372170997485,-1600000.0,106400000.0,0.17837384744341994,0.21,0.21,400100000,400100000,https://www.sec.gov/Archives/edgar/data/880285/000114420417040068/0001144204-17-040068-index.html,https://www.sec.gov/Archives/edgar/data/880285/000114420417040068/v470885_eep-10q.htm,1620591485,16:18:05,20210509
6,2017-03-31,EEP,USD,2017-05-10 00:00:00,2017-05-10 16:17:09,Q1,1178700000,572600000,606100000,0.5142105709680156,0.0,212600000,0.0,0.0,358800000.0,931400000,106800000.0,146200000,393500000,0.3338423687112921,247300000.0,0.20980741494867228,18400000.0,158900000.0,0.13480953592941375,1500000.0,89100000.0,0.07559175362687706,0.15,0.15,353000000,353000000,https://www.sec.gov/Archives/edgar/data/880285/000114420417026047/0001144204-17-026047-index.html,https://www.sec.gov/Archives/edgar/data/880285/000114420417026047/v464814_eep-10q.htm,1620591485,16:18:05,20210509
7,2016-12-31,EEP,USD,2017-02-17 00:00:00,2017-02-16 19:10:12,Q4,1250800000,612500000,638300000,0.5103133994243684,0.0,214500000,0.0,0.0,361000000.0,973500000,118800000.0,146500000,423800000,0.33882315318196354,277300000.0,0.22169811320754718,18400000.0,176900000.0,0.1414294851295171,-6300000.0,104000000.0,0.08314678605692356,0.08,0.08,351000000,351000000,https://www.sec.gov/Archives/edgar/data/880285/000114420417009660/0001144204-17-009660-index.html,https://www.sec.gov/Archives/edgar/data/880285/000114420417009660/v456966_10k.htm,1620591485,16:18:05,20210509
8,2016-09-30,EEP,USD,2016-10-31 00:00:00,2016-10-31 06:45:31,Q3,1120600000,469600000,651000000,0.5809387827949313,0.0,224600000,0.0,0.0,373200000.0,842800000,112300000.0,148600000,426400000,0.3805104408352668,277800000.0,0.2479029091558094,-737900000.0,-572400000.0,-0.5107977868998751,2200000.0,-382700000.0,-0.3415134749241478,-1.31,-1.31,349100000,349100000,https://www.sec.gov/Archives/edgar/data/880285/000114420416130398/0001144204-16-130398-index.html,https://www.sec.gov/Archives/edgar/data/880285/000114420416130398/v450659_10q.htm,1620591485,16:18:05,20210509
9,2016-06-30,EEP,USD,2016-07-29,2016-07-28 18:08:38,Q2,1048900000,418900000,630000000,0.600629230622557,0.0,212800000,0.0,0.0,357700000.0,776600000,101500000.0,144900000,417200000,0.39775002383449326,272300000.0,0.25960530079130517,9400000.0,180200000.0,0.17179902755267423,2500000.0,107400000.0,0.10239298312517876,0.08,0.08,347100000,347100000,https://www.sec.gov/Archives/edgar/data/880285/000114420416115109/0001144204-16-115109-index.htm,https://www.sec.gov/Archives/edgar/data/880285/000114420416115109/v443748_10q.htm,1620591485,16:18:05,20210509
10,2016-03-31,EEP,USD,2016-05-02 00:00:00,2016-05-02 06:28:58,Q1,1061600000,437700000,623900000,0.5876978146194424,0.0,215000000,0.0,0.0,355900000.0,793600000,112900000.0,140900000,408900000,0.3851733232856066,268000000.0,0.25244913338357194,19800000.0,174900000.0,0.16475131876412963,2500000.0,103600000.0,0.09758854559155991,0.07,0.07,344700000,344700000,https://www.sec.gov/Archives/edgar/data/880285/000114420416098098/0001144204-16-098098-index.html,https://www.sec.gov/Archives/edgar/data/880285/000114420416098098/v436410_10q.htm,1620591485,16:18:05,20210509
11,2015-12-31,EEP,USD,2016-02-17 00:00:00,2016-02-17 15:02:23,Q4,1136700000,469600000,667100000,0.5868742852115774,0.0,266400000,0.0,0.0,407800000.0,877400000,107500000.0,141400000,400700000,0.3525116565496613,259300000.0,0.2281164775226533,-37600000.0,114200000.0,0.100466261986452,1700000.0,30500000.0,0.026832057710917567,0.08848273861328691,0.08848273861328691,344700000,344700000,https://www.sec.gov/Archives/edgar/data/880285/000114420416083008/0001144204-16-083008-index.html,https://www.sec.gov/Archives/edgar/data/880285/000114420416083008/v429123_10k.htm,1620591485,16:18:05,20210509
12,2015-09-30,EEP,USD,2015-10-30 00:00:00,2015-10-30 17:00:33,Q3,1267700000,595400000,672300000,0.5303305198390786,0.0,280600000,0.0,0.0,417500000.0,1012900000,88200000.0,136900000,391700000,0.3089847755778181,254800000.0,0.20099392600773053,22500000.0,189100000.0,0.14916778417606688,4600000.0,106700000.0,0.08416817859114932,0.07,0.07,341100000,341100000,https://www.sec.gov/Archives/edgar/data/880285/000114420415061981/0001144204-15-061981-index.html,https://www.sec.gov/Archives/edgar/data/880285/000114420415061981/v422064_10q.htm,1620591485,16:18:05,20210509
13,2015-06-30,EEP,USD,2015-07-31 00:00:00,2015-07-30 21:21:37,Q2,1313100000,727000000,586100000,0.4463483359987815,0.0,207200000,0.0,0.0,336700000.0,1063700000,78000000.0,129500000,378900000,0.28855380397532554,249400000.0,0.1899322214606656,-235700000.0,-64300000.0,-0.04896809077754931,-3800000.0,-70500000.0,-0.05368974183230523,-0.44,-0.44,339900000,339900000,https://www.sec.gov/Archives/edgar/data/880285/000114420415045326/0001144204-15-045326-index.html,https://www.sec.gov/Archives/edgar/data/880285/000114420415045326/v415546_10q.htm,1620591485,16:18:05,20210509
14,2015-03-31,EEP,USD,2015-05-01 00:00:00,2015-05-01 14:11:15,Q1,1428600000,843500000,585100000,0.4095618087638247,0.0,217100000,0.0,0.0,345500000.0,1189000000,0.0,128400000,368000000,0.25759484810303795,239600000.0,0.16771664566708666,28900000.0,220200000.0,0.15413691726165477,2400000.0,166500000.0,0.11654766904661906,0.26,0.26,332600000,332600000,https://www.sec.gov/Archives/edgar/data/880285/000119312515165751/0001193125-15-165751-index.html,https://www.sec.gov/Archives/edgar/data/880285/000119312515165751/d916419d10q.htm,1620591485,16:18:05,20210509
15,2014-12-31,EEP,USD,2015-02-18,2015-02-17 21:43:50,Q4,2071700000,1225700000,846000000,0.4083602838248781,0.0,273100000,0.0,0.0,395300000.0,1621000000,0.0,122200000,572900000,0.2765361780180528,450700000.0,0.21755080368779264,16100000.0,357800000.0,0.17270840372640828,3500000.0,240400000.0,0.11603996717671478,0.7227901383042694,0.7227901383042694,332600000,332600000,https://www.sec.gov/Archives/edgar/data/880285/000119312515051127/0001193125-15-051127-index.htm,https://www.sec.gov/Archives/edgar/data/880285/000119312515051127/d871102d10k.htm,1620591485,16:18:05,20210509
16,2014-09-30,EEP,USD,2014-11-03 00:00:00,2014-10-31 18:18:05,Q3,1942300000,1347800000,594500000,0.3060804201204757,0.0,235300000,0.0,0.0,354100000.0,1701900000,0.0,118800000,359200000,0.18493538588271638,240400000.0,0.12377078721103846,16300000.0,119600000.0,0.06157648149101581,2100000.0,46800000.0,0.024095144931267055,-0.04,-0.04,328800000,328800000,https://www.sec.gov/Archives/edgar/data/880285/000119312514392310/0001193125-14-392310-index.html,https://www.sec.gov/Archives/edgar/data/880285/000119312514392310/d811068d10q.htm,1620591485,16:18:05,20210509
17,2014-06-30,EEP,USD,2014-08-01 00:00:00,2014-07-31 19:22:59,Q2,1871100000,1352200000,518900000,0.2773234995457218,0.0,224600000,0.0,0.0,338000000.0,1690200000,80200000.0,113400000,294300000,0.15728715728715728,180900000.0,0.09668109668109669,13800000.0,114500000.0,0.06119395008283897,2000000.0,70100000.0,0.037464593020148575,0.02,0.02,327600000,327600000,https://www.sec.gov/Archives/edgar/data/880285/000119312514290178/0001193125-14-290178-index.html,https://www.sec.gov/Archives/edgar/data/880285/000119312514290178/d765165d10q.htm,1620591485,16:18:05,20210509
18,2014-03-31,EEP,USD,2014-05-02 00:00:00,2014-05-01 19:57:59,Q1,2079600000,1544100000,535500000,0.25750144258511254,0.0,217000000,0.0,0.0,320800000.0,1864900000,76900000.0,103800000,318500000,0.15315445277938064,214700000.0,0.10324100788613196,19900000.0,157700000.0,0.07583189074822082,2000000.0,119400000.0,0.05741488747836122,0.18,0.18,326400000,326400000,https://www.sec.gov/Archives/edgar/data/880285/000119312514177936/0001193125-14-177936-index.html,https://www.sec.gov/Archives/edgar/data/880285/000119312514177936/d720029d10q.htm,1620591485,16:18:05,20210509
19,2013-12-31,EEP,USD,2014-02-18,2014-02-18 10:40:45,Q4,1962000000,1489100000,472900000,0.2410295616717635,0.0,267100000,0.0,0.0,367500000.0,1856600000,94000000.0,100400000,205800000,0.10489296636085627,105400000.0,0.05372069317023445,-85300000.0,44300000.0,0.02257900101936799,1200000.0,9100000.0,0.004638124362895005,0.027879901960784315,0.027879901960784315,326400000,326400000,https://www.sec.gov/Archives/edgar/data/880285/000119312514056516/0001193125-14-056516-index.htm,https://www.sec.gov/Archives/edgar/data/880285/000119312514056516/d665022d10k.htm,1620591485,16:18:05,20210509
20,2013-09-30,EEP,USD,2013-10-31 00:00:00,2013-10-31 17:08:21,Q3,1789400000,1301100000,488300000,0.2728847658432994,0.0,265100000,0.0,0.0,364700000.0,1665800000,70500000.0,99600000,223200000,0.12473454789314854,123600000.0,0.06907343243545322,9700000.0,62800000.0,0.03509556275846652,1500000.0,41000000.0,0.022912708170336426,-0.05,-0.05,317400000,317400000,https://www.sec.gov/Archives/edgar/data/880285/000119312513421131/0001193125-13-421131-index.html,https://www.sec.gov/Archives/edgar/data/880285/000119312513421131/d620925d10q.htm,1620591485,16:18:05,20210509
21,2013-06-30,EEP,USD,2013-07-31 00:00:00,2013-07-30 20:11:51,Q2,1672700000,1149900000,522800000,0.31254857416153525,0.0,218000000,0.0,0.0,313800000.0,1463700000,79500000.0,95800000,304800000,0.18222036228851557,209000000.0,0.12494768936450051,-8400000.0,137900000.0,0.08244156154719914,14200000.0,105300000.0,0.06295211334967418,0.0018,0.0018,314800000,314800000,https://www.sec.gov/Archives/edgar/data/880285/000119312513310928/0001193125-13-310928-index.html,https://www.sec.gov/Archives/edgar/data/880285/000119312513310928/d574490d10q.htm,1620591485,16:18:05,20210509
22,2013-03-31,EEP,USD,2013-05-01 00:00:00,2013-05-01 13:42:26,Q1,1693000000,1403500000,289500000,0.17099822799763734,0.0,194900000,0.0,0.0,287100000.0,1690600000,76400000.0,92200000,94600000,0.05587714116952156,2400000.0,0.0014176018901358536,8100000.0,-65900000.0,-0.03892498523331364,1800000.0,-83300000.0,-0.04920259893679858,-0.0036,-0.0036,307200000,307200000,https://www.sec.gov/Archives/edgar/data/880285/000119312513191589/0001193125-13-191589-index.html,https://www.sec.gov/Archives/edgar/data/880285/000119312513191589/d527581d10q.htm,1620591485,16:18:05,20210509
23,2012-12-31,EEP,USD,2013-02-15 00:00:00,2013-02-14 19:14:15,Q4,1771200000,1296900000,474300000,0.26778455284552843,0.0,224500000,0.0,0.0,312800000.0,1609700000,96200000.0,88300000,249800000,0.14103432700993676,161500000.0,0.09118112014453478,5600000.0,70900000.0,0.0400293586269196,1700000.0,54300000.0,0.03065718157181572,0.1767578125,0.1767578125,307200000,307200000,https://www.sec.gov/Archives/edgar/data/880285/000119312513061014/0001193125-13-061014-index.html,https://www.sec.gov/Archives/edgar/data/880285/000119312513061014/d464561d10k.htm,1620591485,16:18:05,20210509
24,2012-09-30,EEP,USD,2012-11-01 00:00:00,2012-10-31 21:16:07,Q3,1564300000,949700000,614600000,0.3928913891197341,0.0,217300000,0.0,0.0,304100000.0,1253800000,83400000.0,86800000,397300000,0.2539794157130985,310500000.0,0.1984913379786486,4700000.0,231800000.0,0.14818129514798953,2600000.0,215200000.0,0.13756951991306016,0.006,0.006,289300000,289300000,https://www.sec.gov/Archives/edgar/data/880285/000119312512444633/0001193125-12-444633-index.html,https://www.sec.gov/Archives/edgar/data/880285/000119312512444633/d428517d10q.htm,1620591485,16:18:05,20210509
25,2012-06-30,EEP,USD,2012-07-31 00:00:00,2012-07-31 16:31:18,Q2,1551100000,1012600000,538500000,0.34717297401843855,0.0,209000000,0.0,0.0,295100000.0,1307700000,81800000.0,86100000,329500000,0.21242988846624974,243400000.0,0.15692089484881697,-20200000.0,141400000.0,0.09116111146927987,1700000.0,124600000.0,0.08033008832441493,0.0033,0.0033,285400000,285400000,https://www.sec.gov/Archives/edgar/data/880285/000119312512325954/0001193125-12-325954-index.html,https://www.sec.gov/Archives/edgar/data/880285/000119312512325954/d385746d10q.htm,1620591485,16:18:05,20210509
26,2012-03-31,EEP,USD,2012-05-01 00:00:00,2012-05-01 17:25:26,Q1,1819500000,1337000000,482500000,0.26518274251167906,0.0,201200000,0.0,0.0,284800000.0,1621800000,83600000.0,83600000,281300000,0.15460291288815609,197700000.0,0.10865622423742786,0.0,114100000.0,0.06270953558669964,2100000.0,99000000.0,0.05441055234954658,0.0025,0.0025,284700000,284700000,https://www.sec.gov/Archives/edgar/data/880285/000119312512201391/0001193125-12-201391-index.html,https://www.sec.gov/Archives/edgar/data/880285/000119312512201391/d343837d10q.htm,1620591485,16:18:05,20210509
27,2011-12-31,EEP,USD,2012-03-13 00:00:00,2012-03-13 16:56:01,Q4,2076700000,1338600000,738100000,0.355419656185294,0.0,189000000,0.0,0.0,414800000.0,1753400000,84000000.0,82900000,406200000,0.19559878653633167,323300000.0,0.15567968411421967,500000.0,239800000.0,0.11547166177107912,200000.0,227400000.0,0.10950065006982232,0.7987355110642782,0.7987355110642782,284700000,284700000,https://www.sec.gov/Archives/edgar/data/880285/000119312512112218/0001193125-12-112218-index.html,https://www.sec.gov/Archives/edgar/data/880285/000119312512112218/d282650d10k.htm,1620591485,16:18:05,20210509
28,2011-09-30,EEP,USD,2011-10-31 00:00:00,2011-10-31 17:28:26,Q3,2372200000,1899200000,473000000,0.19939296855239863,0.0,181300000,0.0,0.0,257400000.0,2156600000,78700000.0,78900000,294500000,0.12414636202681055,215600000.0,0.09088609729365146,0.0,136900000.0,0.05771014248377034,2100000.0,122600000.0,0.051681982969395496,0.0036,0.0036,264600000,264600000,https://www.sec.gov/Archives/edgar/data/880285/000119312511288972/0001193125-11-288972-index.html,https://www.sec.gov/Archives/edgar/data/880285/000119312511288972/d230129d10q.htm,1620591485,16:18:05,20210509
29,2011-06-30,EEP,USD,2011-07-29 00:00:00,2011-07-29 16:19:30,Q2,2372000000,1918500000,453500000,0.19118887015177066,0.0,167600000,0.0,0.0,203100000.0,2121600000,78500000.0,89600000,340000000,0.1433389544688027,250400000.0,0.10556492411467117,0.0,171900000.0,0.07247048903878583,900000.0,156900000.0,0.06614671163575042,0.0051,0.0051,255200000,255200000,https://www.sec.gov/Archives/edgar/data/880285/000119312511202877/0001193125-11-202877-index.html,https://www.sec.gov/Archives/edgar/data/880285/000119312511202877/d10q.htm,1620591485,16:18:05,20210509
30,2011-03-31,EEP,USD,2011-04-29 00:00:00,2011-04-29 10:03:28,Q1,2288900000,1830500000,458400000,0.20027087247149286,0.0,162500000,0.0,0.0,250900000.0,2081400000,79400000.0,88400000,295900000,0.1292760714753812,207500000.0,0.09065489973349644,6000000.0,134100000.0,0.058587094237406614,2300000.0,117100000.0,0.051159945825505704,0.38,0.38,252800000,252800000,https://www.sec.gov/Archives/edgar/data/880285/000119312511117265/0001193125-11-117265-index.html,https://www.sec.gov/Archives/edgar/data/880285/000119312511117265/d10q.htm,1620591485,16:18:05,20210509
31,2010-12-31,EEP,USD,2011-02-18,2011-02-18,Q4,2168200000,1867400000,300800000,0.13873258924453463,0.0,172200000,0.0,0.0,258200000.0,2125600000,75800000.0,86000000,128600000,0.059311871598561015,42600000.0,0.01964763398210497,1400000.0,-31800000.0,-0.014666543676782585,400000.0,-47500000.0,-0.021907573102112353,-0.18789556962025317,-0.18789556962025317,252800000,252800000,https://www.sec.gov/Archives/edgar/data/880285/000119312511040475/0001193125-11-040475-index.htm,https://www.sec.gov/Archives/edgar/data/880285/000119312511040475/d10k.htm,1620591485,16:18:05,20210509
32,2010-09-30,EEP,USD,2010-10-29 00:00:00,2010-10-29 15:00:57,Q3,1889300000,1969900000,-80600000,-0.042661303128142695,0.0,142100000,0.0,0.0,221800000.0,2191700000,70100000.0,79700000,-222700000,-0.11787434499550098,-302400000.0,-0.16005928121526491,-10900000.0,-383400000.0,-0.20293230296935372,2900000.0,-406400000.0,-0.2151061239612555,-1.745,-1.745,238000000,238000000,https://www.sec.gov/Archives/edgar/data/880285/000119312510241112/0001193125-10-241112-index.html,https://www.sec.gov/Archives/edgar/data/880285/000119312510241112/d10q.htm,1620591485,16:18:05,20210509
33,2010-06-30,EEP,USD,2010-07-27 00:00:00,2010-07-27 14:40:46,Q2,1747400000,1306900000,440500000,0.2520888176719698,0.0,136300000,0.0,0.0,213900000.0,1520800000,69600000.0,77600000,304200000,0.17408721529128993,226600000.0,0.12967837930639808,-100000.0,156900000.0,0.08979054595398879,2400000.0,140000000.0,0.08011903399336157,0.51,0.51,236400000,236400000,https://www.sec.gov/Archives/edgar/data/880285/000119312510167231/0001193125-10-167231-index.html,https://www.sec.gov/Archives/edgar/data/880285/000119312510167231/d10q.htm,1620591485,16:18:05,20210509
34,2010-03-31,EEP,USD,2010-04-29 00:00:00,2010-04-29 15:29:52,Q1,1931200000,1556500000,374700000,0.1940244407622204,0.0,136000000,0.0,0.0,203900000.0,1760400000,59300000.0,67900000,238700000,0.12360190555095278,170800000.0,0.08844241922120961,16800000.0,128300000.0,0.06643537696768849,2200000.0,115400000.0,0.059755592377796186,0.42,0.42,235800000,235800000,https://www.sec.gov/Archives/edgar/data/880285/000119312510099157/0001193125-10-099157-index.html,https://www.sec.gov/Archives/edgar/data/880285/000119312510099157/d10q.htm,1620591485,16:18:05,20210509
35,2009-12-31,EEP,USD,2010-02-19 00:00:00,2010-02-19 06:31:21,Q4,1627600000,1282700000,344900000,0.21190710248218236,0.0,149600000,0.0,0.0,215600000.0,1498300000,58700000.0,66000000,195300000,0.11999262718112558,129300000.0,0.07944212337183583,10900000.0,81500000.0,0.050073728188744164,1700000.0,73300000.0,0.045035635291226346,0.31085665818490243,0.31085665818490243,235800000,235800000,https://www.sec.gov/Archives/edgar/data/880285/000119312510034642/0001193125-10-034642-index.html,https://www.sec.gov/Archives/edgar/data/880285/000119312510034642/d10k.htm,1620591485,16:18:05,20210509
36,2009-09-30,EEP,USD,2009-11-04 00:00:00,2009-11-04 16:48:46,Q3,1363700000,976900000,386800000,0.28364009679548285,0.0,133600000,0.0,0.0,198800000.0,1175700000,60700000.0,69100000,257100000,0.18853120187724573,188000000.0,0.13786023318911783,2800000.0,130100000.0,0.09540221456332038,2700000.0,57200000.0,0.04194470924690181,0.185,0.185,234000000,234000000,https://www.sec.gov/Archives/edgar/data/880285/000119312509223886/0001193125-09-223886-index.html,https://www.sec.gov/Archives/edgar/data/880285/000119312509223886/d10q.htm,1620591485,16:18:05,20210509
37,2009-06-30,EEP,USD,2009-07-27 00:00:00,2009-07-27 16:17:28,Q2,1310200000,924800000,385400000,0.29415356434132195,0.0,138100000,0.0,0.0,208200000.0,1133000000,57900000.0,70100000,247300000,0.18874980918943673,177200000.0,0.13524652724774844,300000.0,119600000.0,0.09128377346969928,2100000.0,117500000.0,0.08968096473820791,0.44,0.44,232200000,232200000,https://www.sec.gov/Archives/edgar/data/880285/000119312509155821/0001193125-09-155821-index.html,https://www.sec.gov/Archives/edgar/data/880285/000119312509155821/d10q.htm,1620591485,16:18:05,20210509
38,2009-03-31,EEP,USD,2009-05-05 00:00:00,2009-05-05 17:14:51,Q1,1459700000,1135500000,324200000,0.22210043159553333,0.0,137700000,0.0,0.0,201800000.0,1337300000,51300000.0,64100000,186500000,0.1277659793108173,122400000.0,0.08385284647530314,-500000.0,70600000.0,0.04836610262382681,2000000.0,68600000.0,0.04699595807357676,0.235,0.235,230000000,230000000,https://www.sec.gov/Archives/edgar/data/880285/000119312509100105/0001193125-09-100105-index.html,https://www.sec.gov/Archives/edgar/data/880285/000119312509100105/d10q.htm,1620591485,16:18:05,20210509
39,2008-12-31,EEP,USD,2009-02-19 00:00:00,2009-02-19 16:24:20,Q4,1879800000,1593000000,286800000,0.15256942227896586,0.0,52100000,0.0,0.0,112400000.0,1705400000,50900000.0,60300000,234700000,0.12485370784125971,174400000.0,0.09277582721566124,400000.0,123900000.0,0.06591126715608044,2000000.0,121900000.0,0.06484732418342377,0.53,0.53,230000000,230000000,https://www.sec.gov/Archives/edgar/data/880285/000119312509033100/0001193125-09-033100-index.html,https://www.sec.gov/Archives/edgar/data/880285/000119312509033100/d10k.htm,1620591485,16:18:05,20210509
40,2008-09-30,EEP,USD,2008-10-31 00:00:00,2008-10-31 13:54:36,Q3,2812700000,2407500000,405200000,0.14406086678280655,0.0,174900000,0.0,0.0,233500000.0,2641000000,50700000.0,58600000,230300000,0.0818786219646603,171700000.0,0.061044547943257366,300000.0,121300000.0,0.043125822163757245,1900000.0,119400000.0,0.04245031464429196,0.545,0.545,193800000,193800000,https://www.sec.gov/Archives/edgar/data/880285/000104746908011462/0001047469-08-011462-index.html,https://www.sec.gov/Archives/edgar/data/880285/000104746908011462/a2188723z10-q.htm,1620591485,16:18:05,20210509
41,2008-06-30,EEP,USD,2008-07-29 00:00:00,2008-07-29 16:58:42,Q2,2932200000,2645600000,286600000,0.09774230952868154,0.0,121800000,0.0,0.0,177100000.0,2822700000,51400000.0,55300000,164800000,0.05620353318327535,109500000.0,0.0373439738080622,2500000.0,60600000.0,0.0206670759156947,1800000.0,58800000.0,0.02005320237364436,0.25,0.25,192600000,192600000,https://www.sec.gov/Archives/edgar/data/880285/000104746908008494/0001047469-08-008494-index.html,https://www.sec.gov/Archives/edgar/data/880285/000104746908008494/a2186991z10-q.htm,1620591485,16:18:05,20210509
42,2008-03-31,EEP,USD,2008-04-29 00:00:00,2008-04-29 15:21:48,Q1,2435300000,2098800000,336500000,0.13817599474397405,0.0,155000000,0.0,0.0,204200000.0,2303000000,27600000.0,49200000,181500000,0.07452880548597708,132300000.0,0.05432595573440644,-300000.0,104400000.0,0.042869461667966985,1300000.0,103100000.0,0.04233564653225475,0.495,0.495,185200000,185200000,https://www.sec.gov/Archives/edgar/data/880285/000104746908005487/0001047469-08-005487-index.html,https://www.sec.gov/Archives/edgar/data/880285/000104746908005487/a2185003z10-q.htm,1620591485,16:18:05,20210509
43,2007-12-31,EEP,USD,2008-02-21,2008-02-21 16:17:25,Q4,2120300000,1886100000,234200000,0.1104560675376126,0.0,127700000,0.0,0.0,172000000.0,2058100000,29600000.0,44300000,106500000,0.05022874121586568,62200000.0,0.02933547139555723,700000.0,33300000.0,0.015705324718200256,1400000.0,64500000.0,0.030420223553270762,0.3482721382289417,0.3482721382289417,185200000,185200000,https://www.sec.gov/Archives/edgar/data/880285/000104746908001544/0001047469-08-001544-index.htm,https://www.sec.gov/Archives/edgar/data/880285/000104746908001544/a2182852z10-k.htm,1620591485,16:18:05,20210509
44,2007-09-30,EEP,USD,2007-10-30 00:00:00,2007-10-30 14:58:55,Q3,1710900000,1460500000,250400000,0.14635571921211057,0.0,103800000,0.0,0.0,148800000.0,1609300000,23400000.0,45000000,146600000,0.08568589631188263,101600000.0,0.05938394996785318,400000.0,78600000.0,0.04594073294757146,1300000.0,77300000.0,0.04518089894207727,0.375,0.375,180000000,180000000,https://www.sec.gov/Archives/edgar/data/880285/000104746907008137/0001047469-07-008137-index.html,https://www.sec.gov/Archives/edgar/data/880285/000104746907008137/a2180360z10-q.htm,1620591485,16:18:05,20210509
45,2007-06-30,EEP,USD,2007-07-31 00:00:00,2007-07-30 19:00:58,Q2,1738700000,1502900000,235800000,0.13561856559498475,0.0,105100000,0.0,0.0,144900000.0,1647800000,21500000.0,39800000,130700000,0.07517110484845,90900000.0,0.05228043940875367,500000.0,69900000.0,0.04020245010640133,1300000.0,68600000.0,0.03945476505435095,0.345,0.345,173000000,173000000,https://www.sec.gov/Archives/edgar/data/880285/000110465907057256/0001104659-07-057256-index.html,https://www.sec.gov/Archives/edgar/data/880285/000110465907057256/a07-20368_110q.htm,1620591485,16:18:05,20210509
46,2007-03-31,EEP,USD,2007-04-30 00:00:00,2007-04-30 16:33:44,Q1,1712700000,1484300000,228400000,0.13335668826998306,0.0,127800000,0.0,0.0,164300000.0,1648600000,25300000.0,36500000,100600000,0.05873766567408186,64100000.0,0.03742628598119928,1400000.0,40200000.0,0.02347171133298301,1100000.0,39100000.0,0.022829450575115314,0.2,0.2,155600000,155600000,https://www.sec.gov/Archives/edgar/data/880285/000110465907033364/0001104659-07-033364-index.html,https://www.sec.gov/Archives/edgar/data/880285/000110465907033364/a07-12438_110q.htm,1620591485,16:18:05,20210509
47,2006-12-31,EEP,USD,2007-02-22,2007-02-22 16:47:18,Q4,1663400000,1444700000,218700000,0.13147769628471806,0.0,108500000,0.0,0.0,142100000.0,1586800000,26500000.0,33600000,110200000,0.06624984970542262,76600000.0,0.04605025850667308,1100000.0,0.0,0.0,0.0,51200000.0,0.0307803294457136,0.32904884318766064,0.32904884318766064,155600000,155600000,https://www.sec.gov/Archives/edgar/data/880285/000110465907013171/0001104659-07-013171-index.htm,https://www.sec.gov/Archives/edgar/data/880285/000110465907013171/a07-4958_110k.htm,1620591485,16:18:05,20210509
48,2006-09-30,EEP,USD,2006-10-31,2006-10-31 13:52:25,Q3,1532300000,1293700000,238600000,0.15571363310056777,0.0,95100000,0.0,0.0,129900000.0,1423600000,28500000.0,34800000,143500000,0.09365006852444038,108700000.0,0.07093911114011617,2000000.0,0.0,0.0,0.0,82200000.0,0.05364484761469686,0.515,0.515,143400000,143400000,https://www.sec.gov/Archives/edgar/data/880285/000110465906069871/0001104659-06-069871-index.htm,https://www.sec.gov/Archives/edgar/data/880285/000110465906069871/a06-22683_110q.htm,1620591485,16:18:05,20210509
49,2006-06-30,EEP,USD,2006-07-31,2006-07-31 16:51:00,Q2,1424700000,1209800000,214900000,0.15083877307503335,0.0,87300000,0.0,0.0,121300000.0,1331100000,27600000.0,34000000,127600000,0.08956271495753491,93600000.0,0.065698041692988,4400000.0,0.0,0.0,0.0,70400000.0,0.04941391170070892,0.48,0.48,131800000,131800000,https://www.sec.gov/Archives/edgar/data/880285/000110465906049941/0001104659-06-049941-index.htm,https://www.sec.gov/Archives/edgar/data/880285/000110465906049941/a06-16785_110q.htm,1620591485,16:18:05,20210509
50,2006-03-31,EEP,USD,2006-04-28,2006-04-28 13:56:46,Q1,1888600000,1647700000,240900000,0.12755480249920575,0.0,100200000,0.0,0.0,132900000.0,1780600000,27900000.0,32700000,140700000,0.07449962935507784,108000000.0,0.057185216562533094,1000000.0,0.0,0.0,0.0,81100000.0,0.042941861696494756,0.56,0.56,131400000,131400000,https://www.sec.gov/Archives/edgar/data/880285/000110465906028876/0001104659-06-028876-index.htm,https://www.sec.gov/Archives/edgar/data/880285/000110465906028876/a06-10231_110q.htm,1620591485,16:18:05,20210509
51,2005-12-31,EEP,USD,2006-02-23,2006-02-23 13:30:42,Q4,2084500000,1955700000,128800000,0.06178939793715519,0.0,36400000,0.0,0.0,52600000.0,2008300000,28100000.0,34300000,110500000,0.053010314224034544,76200000.0,0.03655552890381386,19700000.0,0.0,0.0,0.0,49700000.0,0.02384264811705445,0.378234398782344,0.378234398782344,131400000,131400000,https://www.sec.gov/Archives/edgar/data/880285/000110465906011548/0001104659-06-011548-index.htm,https://www.sec.gov/Archives/edgar/data/880285/000110465906011548/a06-2517_110k.htm,1620591485,16:18:05,20210509
52,2005-09-30,EEP,USD,2005-10-28,2005-10-28 12:55:46,Q3,1809600000,1659800000,149800000,0.08278072502210433,0.0,101400000,0.0,0.0,137900000.0,1797700000,28400000.0,36500000,48400000,0.02674624226348364,11900000.0,0.006576038903625111,2100000.0,0.0,0.0,0.0,-14400000.0,-0.007957559681697613,-0.16,-0.16,124200000,124200000,https://www.sec.gov/Archives/edgar/data/880285/000110465905050852/0001104659-05-050852-index.htm,https://www.sec.gov/Archives/edgar/data/880285/000110465905050852/a05-18987_110q.htm,1620591485,16:18:05,20210509
53,2005-06-30,EEP,USD,2005-08-05,2005-08-05 14:37:53,Q2,1332700000,1150400000,182300000,0.13678997523823816,0.0,97600000,0.0,0.0,131700000.0,1282100000,25600000.0,34100000,84700000,0.06355518871463946,50600000.0,0.037968034816537856,700000.0,0.0,0.0,0.0,25700000.0,0.019284159975988594,0.16,0.16,123800000,123800000,https://www.sec.gov/Archives/edgar/data/880285/000110465905036810/0001104659-05-036810-index.htm,https://www.sec.gov/Archives/edgar/data/880285/000110465905036810/a05-13916_110q.htm,1620591485,16:18:05,20210509
54,2005-03-31,EEP,USD,2005-05-05,2005-05-05 17:12:28,Q1,1250100000,1082200000,167900000,0.13430925525957924,0.0,74400000,0.0,0.0,114700000.0,1196900000,25600000.0,33300000,86500000,0.06919446444284458,53200000.0,0.042556595472362214,-6400000.0,0.0,0.0,0.0,28200000.0,0.02255819534437245,0.185,0.185,121200000,121200000,https://www.sec.gov/Archives/edgar/data/880285/000104746905013566/0001047469-05-013566-index.htm,https://www.sec.gov/Archives/edgar/data/880285/000104746905013566/a2156029z10-q.htm,1620591485,16:18:05,20210509
55,2004-12-31,EEP,USD,2005-02-25,2005-02-25 17:10:24,Q4,1334700000,1162100000,172600000,0.1293174496141455,0.0,76300000,0.0,0.0,107600000.0,1269700000,22600000.0,31300000,96300000,0.07215104517869184,65000000.0,0.048700082415524086,-800000.0,0.0,0.0,0.0,41600000.0,0.031168052745935416,0.3432343234323432,0.3432343234323432,121200000,121200000,https://www.sec.gov/Archives/edgar/data/880285/000104746905004849/0001047469-05-004849-index.htm,https://www.sec.gov/Archives/edgar/data/880285/000104746905004849/a2152397z10-k.htm,1620591485,16:18:05,20210509
56,2004-09-30,EEP,USD,2004-11-05,2004-11-05 13:06:32,Q3,1004800000,844200000,160600000,0.1598328025477707,0.0,67300000,0.0,0.0,99000000.0,943200000,22200000.0,31700000,93300000,0.09285429936305732,61600000.0,0.06130573248407643,-11800000.0,0.0,0.0,0.0,27600000.0,0.02746815286624204,0.195,0.195,111400000,111400000,https://www.sec.gov/Archives/edgar/data/880285/000104746904033208/0001047469-04-033208-index.htm,https://www.sec.gov/Archives/edgar/data/880285/000104746904033208/a2145827z10-q.htm,1620591485,16:18:05,20210509
57,2004-06-30,EEP,USD,2004-08-09,2004-08-09 10:04:20,Q2,969700000,797500000,172200000,0.17758069506032795,0.0,85300000,0.0,0.0,114200000.0,911700000,22000000.0,28900000,86900000,0.08961534495204702,58000000.0,0.0598123130865216,-100000.0,0.0,0.0,0.0,35900000.0,0.03702175930700217,0.28,0.28,109800000,109800000,https://www.sec.gov/Archives/edgar/data/880285/000104746904025721/0001047469-04-025721-index.htm,https://www.sec.gov/Archives/edgar/data/880285/000104746904025721/a2141148z10-q.htm,1620591485,16:18:05,20210509
58,2004-03-31,EEP,USD,2004-05-04,2004-05-04 15:51:08,Q1,982500000,839000000,143500000,0.1460559796437659,0.0,62300000,0.0,0.0,90900000.0,929900000,21600000.0,28600000,81200000,0.08264631043256998,52600000.0,0.053536895674300256,2100000.0,0.0,0.0,0.0,33100000.0,0.03368956743002544,0.25,0.25,109400000,109400000,https://www.sec.gov/Archives/edgar/data/880285/000110465904012436/0001104659-04-012436-index.htm,https://www.sec.gov/Archives/edgar/data/880285/000110465904012436/a04-5200_110q.htm,1620591485,16:18:05,20210509
59,2003-12-31,EEP,USD,2004-03-12,2004-03-12 17:20:18,Q4,760400000,626700000,133700000,0.17582851130983693,0.0,54300000,0.0,0.0,81400000.0,708100000,20700000.0,27100000,79400000,0.10441872698579695,52300000.0,0.06877958968963703,700000.0,0.0,0.0,0.0,32300000.0,0.04247764334560757,0.2952468007312614,0.2952468007312614,109400000,109400000,https://www.sec.gov/Archives/edgar/data/880285/000104746904007747/0001047469-04-007747-index.htm,https://www.sec.gov/Archives/edgar/data/880285/000104746904007747/a2129969z10-k.htm,1620591485,16:18:05,20210509
60,2003-09-30,EEP,USD,2003-11-13,2003-11-13 13:42:43,Q3,760500000,639500000,121000000,0.15910585141354372,0.0,52600000,0.0,0.0,76000000.0,715500000,21400000.0,23400000,68400000,0.08994082840236686,45000000.0,0.05917159763313609,-100000.0,0.0,0.0,0.0,23500000.0,0.030900723208415515,0.19,0.19,97800000,97800000,https://www.sec.gov/Archives/edgar/data/880285/000110465903026138/0001104659-03-026138-index.htm,https://www.sec.gov/Archives/edgar/data/880285/000110465903026138/a03-4944_110q.htm,1620591485,16:18:05,20210509
61,2003-06-30,EEP,USD,2003-08-14 00:00:00,2003-08-14 15:23:20,Q2,755300000,636400000,118900000,0.1574208923606514,0.0,52300000,0.0,0.0,75800000.0,712200000,21600000.0,23500000,66600000,0.08817688335760625,43100000.0,0.057063418509201644,0.0,0.0,0.0,0.0,23300000.0,0.03084866940288627,0.195,0.195,93600000,93600000,https://www.sec.gov/Archives/edgar/data/880285/000110465903018638/0001104659-03-018638-index.html,https://www.sec.gov/Archives/edgar/data/880285/000110465903018638/a03-2105_110q.htm,1620591485,16:18:05,20210509
62,2003-03-31,EEP,USD,2003-05-05,2003-05-02 18:26:16,Q1,896100000,766200000,129900000,0.14496149983260798,0.0,52600000,0.0,0.0,76000000.0,842200000,21300000.0,23400000,77300000,0.08626269389577056,53900000.0,0.06014953688204441,0.0,0.0,0.0,0.0,32600000.0,0.036379868318268054,0.31,0.31,89200000,89200000,https://www.sec.gov/Archives/edgar/data/880285/000110465903008046/0001104659-03-008046-index.htm,https://www.sec.gov/Archives/edgar/data/880285/000110465903008046/j0199_10q.htm,1620591485,16:18:05,20210509
63,2002-12-31,EEP,USD,2003-03-28,2003-03-28 17:18:24,Q4,544600000,422000000,122600000,0.22511935365405802,0.0,53100000,0.0,0.0,77600000.0,499600000,17700000.0,24500000,69500000,0.12761659933896438,45000000.0,0.0826294528094014,0.0,0.0,0.0,0.0,39800000.0,0.07308116048475946,0.4461883408071749,0.4461883408071749,89200000,89200000,https://www.sec.gov/Archives/edgar/data/880285/000104746903010953/0001047469-03-010953-index.htm,https://www.sec.gov/Archives/edgar/data/880285/000104746903010953/a2104933z10-k.htm,1620591485,16:18:05,20210509
64,2002-09-30,EEP,USD,2002-11-14,2002-11-14 17:55:04,Q3,237000000,155000000,82000000,0.3459915611814346,0.0,32400000,0.0,0.0,-123900000.0,31100000,13500000.0,18500000,224400000,0.9468354430379747,205900000.0,0.8687763713080169,0.0,0.0,0.0,0.0,21900000.0,0.09240506329113925,0.21,0.21,70400000,70400000,https://www.sec.gov/Archives/edgar/data/880285/000104746902003150/0001047469-02-003150-index.htm,https://www.sec.gov/Archives/edgar/data/880285/000104746902003150/a2093630z10-q.htm,1620591485,16:18:05,20210509
65,2002-06-30,EEP,USD,2002-08-14 00:00:00,2002-08-14 15:37:34,Q2,222600000,12400000,210200000,0.9442946990116802,0.0,161700000,0.0,0.0,180300000.0,192700000,13500000.0,18600000,48500000,0.2178796046720575,29900000.0,0.13432165318957773,0.0,0.0,0.0,0.0,16800000.0,0.07547169811320754,0.195,0.195,70400000,70400000,https://www.sec.gov/Archives/edgar/data/880285/000091205702032088/0000912057-02-032088-index.html,https://www.sec.gov/Archives/edgar/data/880285/000091205702032088/a2086956z10-q.htm,1620591485,16:18:05,20210509
66,2002-03-31,EEP,USD,2002-05-15,2002-05-15 16:12:09,Q1,181300000,103200000,78100000,0.4307777164920022,0.0,27800000,0.0,0.0,46100000.0,149300000,14700000.0,18300000,50300000,0.2774407060121346,32000000.0,0.1765030336458908,0.0,0.0,0.0,0.0,17700000.0,0.09762824048538334,0.215,0.215,67400000,67400000,https://www.sec.gov/Archives/edgar/data/880285/000091205702020779/0000912057-02-020779-index.htm,https://www.sec.gov/Archives/edgar/data/880285/000091205702020779/a2079166z10-q.htm,1620591485,16:18:05,20210509
67,2001-12-31,EEP,USD,2002-02-26,2002-02-26 00:00:00,Q4,111500000,39600000,71900000,0.6448430493273543,0.0,30200000,0.0,0.0,47100000.0,86700000,14700000.0,16900000,41700000,0.3739910313901345,24800000.0,0.22242152466367712,0.0,0.0,0.0,0.0,10600000.0,0.09506726457399103,0.1572700296735905,0.1572700296735905,67400000,67400000,https://www.sec.gov/Archives/edgar/data/880285/000091205702007560/0000912057-02-007560-index.htm,https://www.sec.gov/Archives/edgar/data/880285/000091205702007560/a2071749z10-k405.htm,1620591485,16:18:05,20210509
68,2001-09-30,EEP,USD,2001-11-14 00:00:00,2001-11-14 00:00:00,Q3,75900000,12100000,63800000,0.8405797101449275,0.0,27500000,0.0,0.0,8400000.0,20500000,14400000.0,15800000,71200000,0.9380764163372859,55400000.0,0.7299077733860343,0.0,0.0,0.0,0.0,6600000.0,0.08695652173913043,0.065,0.065,74814815,74814815,https://www.sec.gov/Archives/edgar/data/880285/000110465901503421/0001104659-01-503421-index.html,https://www.sec.gov/Archives/edgar/data/880285/000110465901503421/j1967_10q.htm,1620591485,16:18:05,20210509
69,2001-06-30,EEP,USD,2001-08-14 00:00:00,2001-08-14 00:00:00,Q2,81100000,12800000,68300000,0.842170160295931,0.0,21700000,0.0,0.0,42400000.0,55200000,15000000.0,15700000,41600000,0.5129469790382244,25900000.0,0.3193588162762022,-5000000.0,0.0,0.0,0.0,11600000.0,0.14303329223181258,0.16,0.16,74814815,74814815,https://www.sec.gov/Archives/edgar/data/880285/000110465901501858/0001104659-01-501858-index.html,https://www.sec.gov/Archives/edgar/data/880285/000110465901501858/j1394_10q.htm,1620591485,16:18:05,20210509
70,2001-03-31,EEP,USD,2001-05-15,2001-05-15 00:00:00,Q1,71900000,11700000,60200000,0.8372739916550765,0.0,20100000,0.0,0.0,35500000.0,47200000,15200000.0,15400000,40100000,0.5577190542420027,24700000.0,0.3435326842837274,0.0,0.0,0.0,0.0,10100000.0,0.1404728789986092,0.135,0.135,74814815,74814815,https://www.sec.gov/Archives/edgar/data/880285/000110465901500744/0001104659-01-500744-index.htm,https://www.sec.gov/Archives/edgar/data/880285/000110465901500744/j0707_10q.htm,1620591485,16:18:05,20210509
71,2000-12-31,EEP,USD,2001-03-20,2001-03-20 00:00:00,Q4,73600000,11800000,61800000,0.8396739130434783,0.0,23500000,0.0,0.0,38800000.0,50600000,15500000.0,15300000,38300000,0.5203804347826086,23000000.0,0.3125,0.0,0.0,0.0,0.0,9400000.0,0.12771739130434784,0.12564356404543672,0.12564356404543672,74814815,74814815,https://www.sec.gov/Archives/edgar/data/880285/000091205701007844/0000912057-01-007844-index.htm,https://www.sec.gov/Archives/edgar/data/880285/000091205701007844/a2042070z10-k405.htm,1620591485,16:18:05,20210509
72,2000-09-30,EEP,USD,2000-11-07 00:00:00,2000-11-07 00:00:00,Q3,74900000,10800000,64100000,0.855807743658211,0.0,19800000,0.0,0.0,35100000.0,45900000,15100000.0,15300000,44300000,0.5914552736982643,29000000.0,0.3871829105473965,0.0,0.0,0.0,0.0,14200000.0,0.18958611481975968,0.21,0.21,64838710,64838710,https://www.sec.gov/Archives/edgar/data/880285/000091205700047640/0000912057-00-047640-index.html,https://www.sec.gov/Archives/edgar/data/880285/000091205700047640/a2029342z10-q.htm,1620591485,16:18:05,20210509
