,date,symbol,reportedCurrency,fillingDate,acceptedDate,period,revenue,costOfRevenue,grossProfit,grossProfitRatio,researchAndDevelopmentExpenses,generalAndAdministrativeExpenses,sellingAndMarketingExpenses,otherExpenses,operatingExpenses,costAndExpenses,interestExpense,depreciationAndAmortization,ebitda,ebitdaratio,operatingIncome,operatingIncomeRatio,totalOtherIncomeExpensesNet,incomeBeforeTax,incomeBeforeTaxRatio,incomeTaxExpense,netIncome,netIncomeRatio,eps,epsdiluted,weightedAverageShsOut,weightedAverageShsOutDil,link,finalLink,timestamp,est_time,est_date
0,2020-03-31,IOTS,USD,2020-06-22 00:00:00,2020-06-22 08:16:52,Q1,20021000,11384000.0,8637000.0,0.43139703311522903,7664000.0,8823000.0,0.0,1936000.0,18275000.0,29659000,1515000.0,2785000.0,-6853000.0,-0.3422905948753808,-9638000.0,-0.48139453573747565,35000.0,-11118000.0,-0.5553169172369012,-103000.0,-11015000.0,-0.5501723190649818,-0.36,-0.36,30561076,30561076,https://www.sec.gov/Archives/edgar/data/1395848/000155837020007683/0001558370-20-007683-index.html,https://www.sec.gov/Archives/edgar/data/1395848/000155837020007683/iots-20200331x10q.htm,1620593696,16:54:56,20210509
1,2019-12-31,IOTS,USD,2020-03-16 00:00:00,2020-03-16 17:11:39,Q4,27869000,15077000.0,12792000.0,0.459004628799024,8589000.0,7753000.0,0.0,-449000.0,18130000.0,33207000,2183000.0,2784000.0,-2554000.0,-0.09164304424270694,-5338000.0,-0.19153898597007427,-449000.0,-7970000.0,-0.2859808389249704,-52000.0,-7918000.0,-0.28411496645017764,-0.25908773630876086,-0.25908773630876086,30561076,30561076,https://www.sec.gov/Archives/edgar/data/1395848/000155837020002795/0001558370-20-002795-index.html,https://www.sec.gov/Archives/edgar/data/1395848/000155837020002795/iots-20191231x10k.htm,1620593696,16:54:56,20210509
2,2019-09-30,IOTS,USD,2019-11-08 00:00:00,2019-11-08 17:11:04,Q3,32028000,15781000.0,16247000.0,0.5072748844760834,7384000.0,8461000.0,0.0,190000.0,17634000.0,33415000,6034000.0,2654000.0,1267000.0,0.039559135756213316,-1387000.0,-0.04330585737479705,190000.0,-7231000.0,-0.22577120019982516,337000.0,-7568000.0,-0.2362932434120145,-0.25,-0.25,30016585,30016585,https://www.sec.gov/Archives/edgar/data/1395848/000155837019010624/0001558370-19-010624-index.html,https://www.sec.gov/Archives/edgar/data/1395848/000155837019010624/iots-20190930x10q.htm,1620593696,16:54:56,20210509
3,2019-06-30,IOTS,USD,2019-08-09 00:00:00,2019-08-09 16:18:44,Q2,30155000,15709000.0,14446000.0,0.47905819930359805,7447000.0,8158000.0,0.0,-51000.0,17393000.0,33102000,1377000.0,2503000.0,-444000.0,-0.014723926380368098,-2947000.0,-0.09772840324987564,-56000.0,-4380000.0,-0.14524954402255016,-70000.0,-4310000.0,-0.14292820427789754,-0.14,-0.14,29735959,29735959,https://www.sec.gov/Archives/edgar/data/1395848/000155837019007905/0001558370-19-007905-index.html,https://www.sec.gov/Archives/edgar/data/1395848/000155837019007905/iots-20190630x10q.htm,1620593696,16:54:56,20210509
4,2019-03-31,IOTS,USD,2019-05-10 00:00:00,2019-05-10 16:22:21,Q1,28113000,14893000.0,13220000.0,0.4702450823462455,7522000.0,7935000.0,0.0,220000.0,17245000.0,32138000,1370000.0,2434000.0,-1591000.0,-0.05659303525059581,-4025000.0,-0.14317219791555508,-1696000.0,-7091000.0,-0.2522320634581866,-31000.0,-7060000.0,-0.2511293707537438,-0.24,-0.24,29592247,29592247,https://www.sec.gov/Archives/edgar/data/1395848/000155837019004861/0001558370-19-004861-index.html,https://www.sec.gov/Archives/edgar/data/1395848/000155837019004861/iots-20190331x10q.htm,1620593696,16:54:56,20210509
5,2018-12-31,IOTS,USD,2019-03-18 00:00:00,2019-03-18 16:40:10,Q4,28078000,16544000.0,11534000.0,0.4107842438920151,6567000.0,-515000.0,0.0,2639000.0,9923000.0,26467000,1423000.0,2444000.0,4055000.0,0.14441911817080988,1611000.0,0.05737588147303939,-7070000.0,-6882000.0,-0.24510292755894295,1000.0,-6883000.0,-0.24513854263124155,-0.23,-0.23,29437545,29437545,https://www.sec.gov/Archives/edgar/data/1395848/000155837019002243/0001558370-19-002243-index.html,https://www.sec.gov/Archives/edgar/data/1395848/000155837019002243/iots-20181231x10k.htm,1620593696,16:54:56,20210509
6,2018-09-30,IOTS,USD,2018-11-09 00:00:00,2018-11-09 16:21:25,Q3,21927000,12344000.0,9583000.0,0.437041090892507,5620000.0,7130000.0,4256000.0,8000.0,17006000.0,29350000,1046000.0,1763000.0,-5660000.0,-0.25812924704701967,-7423000.0,-0.338532402973503,8000.0,-8461000.0,-0.38587130022346877,-64000.0,-8397000.0,-0.38295252428512794,-0.29,-0.29,28171952,28171952,https://www.sec.gov/Archives/edgar/data/1395848/000155837018009171/0001558370-18-009171-index.html,https://www.sec.gov/Archives/edgar/data/1395848/000155837018009171/iots-20180930x10q.htm,1620593696,16:54:56,20210509
7,2018-06-30,IOTS,USD,2018-08-09 00:00:00,2018-08-09 17:19:26,Q2,18183000,10419000.0,7764000.0,0.42699224550404224,4421000.0,3641000.0,3615000.0,-1000.0,11677000.0,22096000,1181000.0,1261000.0,-2652000.0,-0.14585051971621846,-3913000.0,-0.21520101193422428,-1000.0,-5095000.0,-0.28020678655887366,-37000.0,-5058000.0,-0.27817191882527637,-0.24,-0.24,21475913,21475913,https://www.sec.gov/Archives/edgar/data/1395848/000155837018006914/0001558370-18-006914-index.html,https://www.sec.gov/Archives/edgar/data/1395848/000155837018006914/iots-20180630x10q.htm,1620593696,16:54:56,20210509
8,2018-03-31,IOTS,USD,2018-05-10 00:00:00,2018-05-10 15:32:43,Q1,15302000,8122000.0,7180000.0,0.46921970984185074,3665000.0,1713000.0,2752000.0,10000.0,8130000.0,16252000,141000.0,782000.0,-168000.0,-0.010978956999085087,-950000.0,-0.06208338779244543,10000.0,-1081000.0,-0.07064436021435107,21000.0,-1102000.0,-0.0720167298392367,-0.05,-0.05,21370927,21370927,https://www.sec.gov/Archives/edgar/data/1395848/000155837018004615/0001558370-18-004615-index.html,https://www.sec.gov/Archives/edgar/data/1395848/000155837018004615/iots-20180331x10q.htm,1620593696,16:54:56,20210509
9,2017-12-31,IOTS,USD,2018-03-13 00:00:00,2018-03-13 15:37:51,Q4,16154000,8422000.0,7732000.0,0.47864306054228056,3441000.0,1579000.0,2656000.0,-5000.0,7676000.0,16098000,172000.0,675000.0,731000.0,0.04525194998142875,56000.0,0.0034666336511080848,-5000.0,-121000.0,-0.007490404853287112,44000.0,-165000.0,-0.010214188436300606,-0.01,-0.01,21232518,21232518,https://www.sec.gov/Archives/edgar/data/1395848/000155837018001978/0001558370-18-001978-index.html,https://www.sec.gov/Archives/edgar/data/1395848/000155837018001978/iots-20171231x10k.htm,1620593696,16:54:56,20210509
10,2017-09-30,IOTS,USD,2017-11-13 00:00:00,2017-11-13 12:33:26,Q3,15239000,7773000.0,7466000.0,0.48992716057484087,3606000.0,1761000.0,2897000.0,-12000.0,8264000.0,16037000,170000.0,669000.0,-129000.0,-0.008465122383358488,-798000.0,-0.05236564079007809,-12000.0,-980000.0,-0.06430868167202572,17000.0,-997000.0,-0.06542424043572413,-0.05,-0.05,21058635,21058635,https://www.sec.gov/Archives/edgar/data/1395848/000156459017023472/0001564590-17-023472-index.html,https://www.sec.gov/Archives/edgar/data/1395848/000156459017023472/iots-10q_20170930.htm,1620593696,16:54:56,20210509
11,2017-06-30,IOTS,USD,2017-08-14 00:00:00,2017-08-14 15:11:14,Q2,13412000,6689000.0,6723000.0,0.5012675216224277,3675000.0,1673000.0,2911000.0,-4000.0,8259000.0,14948000,198000.0,649000.0,-887000.0,-0.06613480465254995,-1536000.0,-0.11452430659111244,-4000.0,-1738000.0,-0.1295854458693707,13000.0,-1751000.0,-0.1305547271100507,-0.11,-0.11,16343248,16343248,https://www.sec.gov/Archives/edgar/data/1395848/000156459017017606/0001564590-17-017606-index.html,https://www.sec.gov/Archives/edgar/data/1395848/000156459017017606/iots-10q_20170630.htm,1620593696,16:54:56,20210509
12,2017-03-31,IOTS,USD,2017-05-15 00:00:00,2017-05-15 14:20:21,Q1,11307000,5753000.0,5554000.0,0.4912001415052622,3372000.0,2135000.0,2600000.0,18000.0,8107000.0,13860000,213000.0,613000.0,-1940000.0,-0.17157513045016362,-2553000.0,-0.22578933404085966,18000.0,-2748000.0,-0.24303528787476783,27000.0,-2775000.0,-0.24542318917484743,-0.18,-0.18,15642286,15642286,https://www.sec.gov/Archives/edgar/data/1395848/000156459017010978/0001564590-17-010978-index.html,https://www.sec.gov/Archives/edgar/data/1395848/000156459017010978/iots-10q_20170331.htm,1620593696,16:54:56,20210509
13,2016-12-31,IOTS,USD,2017-03-24 00:00:00,2017-03-23 17:37:50,Q4,12330000,6087000.0,6243000.0,0.5063260340632604,3369000.0,1709000.0,2711000.0,-21000.0,7789000.0,13876000,217000.0,611000.0,-935000.0,-0.07583130575831305,-1546000.0,-0.1253852392538524,-21000.0,-1784000.0,-0.14468775344687754,-62000.0,-1722000.0,-0.13965936739659368,-0.11,-0.11,15349715,15349715,https://www.sec.gov/Archives/edgar/data/1395848/000156459017005169/0001564590-17-005169-index.html,https://www.sec.gov/Archives/edgar/data/1395848/000156459017005169/iots-10k_20161231.htm,1620593696,16:54:56,20210509
14,2016-09-30,IOTS,USD,2016-11-14 00:00:00,2016-11-14 13:26:19,Q3,11180000,5803000.0,5377000.0,0.4809481216457961,4390000.0,1586000.0,2870000.0,-18000.0,8846000.0,14649000,576000.0,564000.0,-2905000.0,-0.25983899821109124,-3469000.0,-0.31028622540250445,-18000.0,-4063000.0,-0.36341681574239715,15000.0,-4078000.0,-0.36475849731663684,-0.27,-0.27,15034475,15034475,https://www.sec.gov/Archives/edgar/data/1395848/000156459016029185/0001564590-16-029185-index.html,https://www.sec.gov/Archives/edgar/data/1395848/000156459016029185/iots-10q_20160930.htm,1620593696,16:54:56,20210509
15,2016-06-30,IOTS,USD,2016-08-15 00:00:00,2016-08-15 15:10:30,Q2,10282000,5548000.0,4734000.0,0.4604162614277378,4200000.0,1690000.0,2842000.0,-33000.0,8732000.0,14280000,224000.0,508000.0,-3490000.0,-0.3394281268235752,-3998000.0,-0.3888348570317059,-33000.0,-4255000.0,-0.4138299941645594,17000.0,-4272000.0,-0.41548336899435906,-0.29,-0.29,14983132,14983132,https://www.sec.gov/Archives/edgar/data/1395848/000156459016024310/0001564590-16-024310-index.html,https://www.sec.gov/Archives/edgar/data/1395848/000156459016024310/iots-10q_20160630.htm,1620593696,16:54:56,20210509
16,2016-03-31,IOTS,USD,2016-05-16 00:00:00,2016-05-16 16:06:39,Q1,10176000,5180000.0,4996000.0,0.49095911949685533,3937000.0,1708000.0,2603000.0,22000.0,8248000.0,13428000,258000.0,539000.0,-2713000.0,-0.26660770440251574,-3252000.0,-0.31957547169811323,1984000.0,-1526000.0,-0.14996069182389937,14000.0,-1540000.0,-0.1513364779874214,-0.1,-0.1,14974718,14974718,https://www.sec.gov/Archives/edgar/data/1395848/000156459016019529/0001564590-16-019529-index.html,https://www.sec.gov/Archives/edgar/data/1395848/000156459016019529/iots-10q_20160331.htm,1620593696,16:54:56,20210509
17,2015-12-31,IOTS,USD,2016-03-30 00:00:00,2016-03-30 16:20:27,Q4,11826000,6429000.0,5397000.0,0.45636732623033993,3482000.0,1389000.0,2156000.0,-1478000.0,7027000.0,13456000,293000.0,589000.0,-1041000.0,-0.08802638254693049,-1630000.0,-0.1378318958227634,-1478000.0,-3401000.0,-0.2875866734314223,-137000.0,-3264000.0,-0.27600202942668695,-0.32,-0.32,10265617,10265617,https://www.sec.gov/Archives/edgar/data/1395848/000119312516523800/0001193125-16-523800-index.html,https://www.sec.gov/Archives/edgar/data/1395848/000119312516523800/d153286d10k.htm,1620593696,16:54:56,20210509
