,date,symbol,reportedCurrency,fillingDate,acceptedDate,period,revenue,costOfRevenue,grossProfit,grossProfitRatio,researchAndDevelopmentExpenses,generalAndAdministrativeExpenses,sellingAndMarketingExpenses,otherExpenses,operatingExpenses,costAndExpenses,interestExpense,depreciationAndAmortization,ebitda,ebitdaratio,operatingIncome,operatingIncomeRatio,totalOtherIncomeExpensesNet,incomeBeforeTax,incomeBeforeTaxRatio,incomeTaxExpense,netIncome,netIncomeRatio,eps,epsdiluted,weightedAverageShsOut,weightedAverageShsOutDil,link,finalLink,timestamp,est_time,est_date
0,2021-03-31,CUB,USD,2021-05-05,2021-05-05,Q2,0.0,0.0,0.0,0.0,14368000.0,83141000.0,0.0,14543.0,97509000.0,97509000.0,6734000.0,25055000.0,5815000.0,0.0,-19240000.0,0.0,14543.0,-15800.0,0.0,3440000.0,-19240.0,0.0,-0.6095938153475698,-0.6095938153475698,31562000,31562000,https://www.sec.gov/Archives/edgar/data/26076/000155837021005917/0001558370-21-005917-index.htm,https://www.sec.gov/Archives/edgar/data/26076/000155837021005917/cub-20210331x10q.htm,1620590827,16:07:07,20210509
1,2020-12-31,CUB,USD,2021-02-08,2021-02-08 11:56:20,Q1,318794000.0,221449000.0,97345000.0,0.3053539276146979,12146000.0,63660000.0,0.0,1296000.0,91913000.0,313362000.0,8171000.0,24661000.0,30093000.0,0.09439638136225902,5432000.0,0.017039216547362873,-2839000.0,-3789000.0,-0.01188541816972716,3489000.0,-12995000.0,-0.0407630005583543,-0.41,-0.41,31562000,31562000,https://www.sec.gov/Archives/edgar/data/26076/000155837021000797/0001558370-21-000797-index.htm,https://www.sec.gov/Archives/edgar/data/26076/000155837021000797/cub-20201231x10q.htm,1620590827,16:07:07,20210509
2,2020-09-30,CUB,USD,2020-11-18,2020-11-18 16:20:36,Q4,475475000.0,297238000.0,178237000.0,0.3748609285451391,12538000.0,68220000.0,0.0,-2203000.0,97127000.0,394365000.0,6737000.0,24724000.0,105834000.0,0.22258583521741415,81110000.0,0.1705873074294127,-10027000.0,65960000.0,0.13872443346127555,2556000.0,57632000.0,0.12120931699879069,1.841336783922809,1.841336783922809,31299000,31299000,https://www.sec.gov/Archives/edgar/data/26076/000155837020013974/0001558370-20-013974-index.htm,https://www.sec.gov/Archives/edgar/data/26076/000155837020013974/cub-20200930x10k.htm,1620590827,16:07:07,20210509
3,2020-06-30,CUB,USD,2020-08-05,2020-08-05 16:07:46,Q3,350439000.0,231496000.0,118943000.0,0.33941142395680846,12254000.0,62272000.0,0.0,-6773000.0,90884000.0,322380000.0,7366000.0,23394000.0,51453000.0,0.14682441166650972,28059000.0,0.08006814310051108,-10126000.0,12564000.0,0.03585217398748427,4602000.0,-1155000.0,-0.003295866042306935,-0.04,-0.04,31299000,31299000,https://www.sec.gov/Archives/edgar/data/26076/000155837020009386/0001558370-20-009386-index.htm,https://www.sec.gov/Archives/edgar/data/26076/000155837020009386/cub-20200630x10q.htm,1620590827,16:07:07,20210509
4,2020-03-31,CUB,USD,2020-05-06 00:00:00,2020-05-06 16:09:31,Q2,321482000.0,241422000.0,80060000.0,0.2490341605439807,11360000.0,78294000.0,0.0,-19664000.0,106147000.0,347569000.0,8219000.0,23414000.0,-2673000.0,-0.008314617925731457,-26087000.0,-0.08114606727592835,-39601000.0,-72214000.0,-0.22462843953938322,-19784000.0,-39123000.0,-0.12169577145843313,-1.25,-1.25,31296000,31296000,https://www.sec.gov/Archives/edgar/data/26076/000155837020005400/0001558370-20-005400-index.html,https://www.sec.gov/Archives/edgar/data/26076/000155837020005400/cub-20200506x10q.htm,1620590827,16:07:07,20210509
5,2019-12-31,CUB,USD,2020-02-05 00:00:00,2020-02-05 16:08:23,Q1,328839000.0,249491000.0,79348000.0,0.24129741301974522,8422000.0,65915000.0,0.0,-127000.0,84426000.0,333917000.0,5363000.0,16950000.0,11872000.0,0.036102773697766995,-5078000.0,-0.015442207280766576,-1532000.0,-9755000.0,-0.02966497282864867,6246000.0,-20575000.0,-0.06256861260373618,-0.66,-0.66,31273000,31273000,https://www.sec.gov/Archives/edgar/data/26076/000155837020000527/0001558370-20-000527-index.html,https://www.sec.gov/Archives/edgar/data/26076/000155837020000527/cub-20191231x10q16dad3.htm,1620590827,16:07:07,20210509
6,2019-09-30,CUB,USD,2019-11-20 00:00:00,2019-11-20 16:37:17,Q4,471198000.0,329353000.0,141845000.0,0.30103056464586014,11896000.0,58716000.0,0.0,-2888000.0,80041000.0,409394000.0,5758000.0,15793000.0,77597000.0,0.16468024057827071,61804000.0,0.13116354483677775,-6073000.0,52149000.0,0.1106732201749583,11345000.0,41763000.0,0.08863153069410312,1.3354331212227801,1.3354331212227801,31273000,31273000,https://www.sec.gov/Archives/edgar/data/26076/000155837019011159/0001558370-19-011159-index.html,https://www.sec.gov/Archives/edgar/data/26076/000155837019011159/cub-20190930x10k3d2c7d.htm,1620590827,16:07:07,20210509
7,2019-06-30,CUB,USD,2019-08-06 00:00:00,2019-08-06 16:18:11,Q3,382679000.0,267658000.0,115021000.0,0.30056783884143107,12470000.0,82167000.0,0.0,-8714000.0,104354000.0,372012000.0,6132000.0,15351000.0,26018000.0,0.06798909791234951,10667000.0,0.02787453714470875,15344000.0,21575000.0,0.05637884493269816,1029000.0,23910000.0,0.062480564650790875,0.7673299101412067,0.7651444846235079,31160000,31249000,https://www.sec.gov/Archives/edgar/data/26076/000155837019007240/0001558370-19-007240-index.html,https://www.sec.gov/Archives/edgar/data/26076/000155837019007240/cub-20190630x10q.htm,1620590827,16:07:07,20210509
8,2019-03-31,CUB,USD,2019-05-02 00:00:00,2019-05-02 16:04:02,Q2,337339000.0,249779000.0,87560000.0,0.2595608571792766,13754000.0,66195000.0,0.0,-3602000.0,92344000.0,342123000.0,4531000.0,17587000.0,12803000.0,0.037952919763205556,-4784000.0,-0.01418157995369643,-5359000.0,-13261000.0,-0.03931060446613051,-3831000.0,-9392000.0,-0.02784142954120336,-0.3,-0.3,31150000,31150000,https://www.sec.gov/Archives/edgar/data/26076/000155837019003847/0001558370-19-003847-index.html,https://www.sec.gov/Archives/edgar/data/26076/000155837019003847/cub-20190331x10q.htm,1620590827,16:07:07,20210509
9,2018-12-31,CUB,USD,2019-02-06 00:00:00,2019-02-06 16:08:54,Q1,305259000.0,218270000.0,86989000.0,0.28496784697584676,12012000.0,62986000.0,0.0,-4753000.0,85563000.0,303833000.0,4032000.0,16011000.0,17437000.0,0.05712198493738104,1426000.0,0.004671442938619336,-6745000.0,-8117000.0,-0.02659053459521259,2497000.0,-6587000.0,-0.02157839736092957,-0.23,-0.23,28492000,28492000,https://www.sec.gov/Archives/edgar/data/26076/000155837019000412/0001558370-19-000412-index.html,https://www.sec.gov/Archives/edgar/data/26076/000155837019000412/cub-20181231x10q.htm,1620590827,16:07:07,20210509
10,2018-09-30,CUB,USD,2018-11-15 00:00:00,2018-11-15 08:02:41,Q4,379709000.0,256115000.0,123594000.0,0.32549663031426695,12285000.0,74924000.0,0.0,1194000.0,94285000.0,350400000.0,2272000.0,12467000.0,41776000.0,0.11002109510177531,29309000.0,0.07718805717009605,-442000.0,26338000.0,0.06936364426442354,2794000.0,17816000.0,0.04692014147676247,0.653702208850077,0.6494368096817701,27254000,27433000,https://www.sec.gov/Archives/edgar/data/26076/000155837018009372/0001558370-18-009372-index.html,https://www.sec.gov/Archives/edgar/data/26076/000155837018009372/cub-20180930x10k.htm,1620590827,16:07:07,20210509
11,2018-06-30,CUB,USD,2018-08-08 00:00:00,2018-08-08 08:36:09,Q3,296212000.0,205937000.0,90275000.0,0.3047648305943041,13934000.0,58267000.0,0.0,-3831000.0,78354000.0,284291000.0,2567000.0,10642000.0,22563000.0,0.0761717958759267,11921000.0,0.04024482465261367,-5462000.0,4657000.0,0.015721847865717797,5627000.0,6291000.0,0.02123816725858507,0.231014982373678,0.2298166143055454,27232000,27374000,https://www.sec.gov/Archives/edgar/data/26076/000155837018006695/0001558370-18-006695-index.html,https://www.sec.gov/Archives/edgar/data/26076/000155837018006695/cub-20180630x10q.htm,1620590827,16:07:07,20210509
12,2018-03-31,CUB,USD,2018-05-02 00:00:00,2018-05-02 16:02:24,Q2,278586000.0,195550000.0,83036000.0,0.2980623577638503,14202000.0,63773000.0,0.0,2028000.0,84459000.0,280009000.0,2911000.0,11058000.0,9635000.0,0.03458537040626593,-1423000.0,-0.005107937943758839,1772000.0,-1937000.0,-0.0069529696395368035,1409000.0,-2011000.0,-0.007218596770835577,-0.07,-0.07,27223000,27223000,https://www.sec.gov/Archives/edgar/data/26076/000155837018003755/0001558370-18-003755-index.html,https://www.sec.gov/Archives/edgar/data/26076/000155837018003755/cub-20180331x10q.htm,1620590827,16:07:07,20210509
13,2017-12-31,CUB,USD,2018-02-06 00:00:00,2018-02-06 16:06:15,Q1,340684000.0,260910000.0,79774000.0,0.2341583402801423,11977000.0,65347000.0,0.0,-76000.0,85283000.0,346193000.0,2674000.0,13109000.0,7600000.0,0.022308062603468317,-5509000.0,-0.016170410116119336,-1571000.0,-9269000.0,-0.027207030562045768,517000.0,-9786000.0,-0.02872456587336065,-0.36,-0.36,27207000,27207000,https://www.sec.gov/Archives/edgar/data/26076/000155837018000421/0001558370-18-000421-index.html,https://www.sec.gov/Archives/edgar/data/26076/000155837018000421/cub-20171231x10q.htm,1620590827,16:07:07,20210509
14,2017-09-30,CUB,USD,2017-11-20 00:00:00,2017-11-20 16:18:16,Q4,445606000.0,323047000.0,122559000.0,0.2750389357414397,13873000.0,74880000.0,0.0,-353000.0,96657000.0,419704000.0,2825000.0,12945000.0,38847000.0,0.08717791053082768,25902000.0,0.05812758356036499,-871000.0,22481000.0,0.05045039788512722,9326000.0,13155000.0,0.029521595310655603,0.48351527180505016,0.48351527180505016,27207000,27207000,https://www.sec.gov/Archives/edgar/data/26076/000155837017009028/0001558370-17-009028-index.html,https://www.sec.gov/Archives/edgar/data/26076/000155837017009028/cub-20170930x10k.htm,1620590827,16:07:07,20210509
15,2017-06-30,CUB,USD,2017-08-03 00:00:00,2017-08-03 16:02:39,Q3,361869000.0,278356000.0,83513000.0,0.23078241020921936,16901000.0,60094000.0,0.0,1667000.0,84860000.0,363216000.0,4357000.0,12418000.0,11071000.0,0.030593944217382534,-1347000.0,-0.0037223415103255597,1317000.0,-4138000.0,-0.011435077334615565,17819000.0,-21957000.0,-0.06067665370617544,-0.81,-0.81,27110000,27110000,https://www.sec.gov/Archives/edgar/data/26076/000155837017005831/0001558370-17-005831-index.html,https://www.sec.gov/Archives/edgar/data/26076/000155837017005831/cub-20170630x10q.htm,1620590827,16:07:07,20210509
16,2017-03-31,CUB,USD,2017-05-08 00:00:00,2017-05-08 16:03:57,Q2,343709000.0,264985000.0,78724000.0,0.22904259126179413,12858000.0,59356000.0,0.0,-398000.0,80087000.0,345072000.0,4305000.0,12292000.0,10929000.0,0.03179724708983472,-1363000.0,-0.003965563892711567,-1107000.0,-6552000.0,-0.019062637289102118,-7013000.0,461000.0,0.0013412508837417699,0.017009187174851493,0.01697411539452852,27103000,27159000,https://www.sec.gov/Archives/edgar/data/26076/000155837017003778/0001558370-17-003778-index.html,https://www.sec.gov/Archives/edgar/data/26076/000155837017003778/cub-20170331x10q.htm,1620590827,16:07:07,20210509
17,2016-12-31,CUB,USD,2017-02-09 00:00:00,2017-02-09 16:15:15,Q1,334677000.0,255754000.0,78923000.0,0.2358184159652441,9020000.0,63758000.0,0.0,-547000.0,82133000.0,337887000.0,3540000.0,13444000.0,10234000.0,0.03057873711070674,-3210000.0,-0.009591337319266039,-1438000.0,-7941000.0,-0.023727355031866546,-5073000.0,-2868000.0,-0.008569456520764797,-0.11,-0.11,27086000,27086000,https://www.sec.gov/Archives/edgar/data/26076/000155837017000466/0001558370-17-000466-index.html,https://www.sec.gov/Archives/edgar/data/26076/000155837017000466/cub-20161231x10q.htm,1620590827,16:07:07,20210509
18,2016-09-30,CUB,USD,2016-11-22 00:00:00,2016-11-22 14:54:37,Q4,406588000.0,309837000.0,96751000.0,0.2379583263647722,13830000.0,62696000.0,0.0,-3440000.0,86026000.0,395863000.0,3796000.0,13535000.0,24260000.0,0.059667279900046236,10725000.0,0.02637805345952168,-3677000.0,3576000.0,0.008795143978671285,11069000.0,-7493000.0,-0.018428974785286333,-0.2766373772428561,-0.2766373772428561,27086000,27086000,https://www.sec.gov/Archives/edgar/data/26076/000155837016010242/0001558370-16-010242-index.html,https://www.sec.gov/Archives/edgar/data/26076/000155837016010242/cub-20160930x10k.htm,1620590827,16:07:07,20210509
19,2016-06-30,CUB,USD,2016-08-03 00:00:00,2016-08-03 12:01:25,Q3,375240000.0,272838000.0,102402000.0,0.2728973456987528,8521000.0,68632000.0,0.0,-1930000.0,86819000.0,359657000.0,3486000.0,12966000.0,28549000.0,0.07608197420317664,15583000.0,0.04152808868990513,-3620000.0,8892000.0,0.023696834026223218,4394000.0,4498000.0,0.011986994989873148,0.16673462579234163,0.1662354941237342,26977000,27058000,https://www.sec.gov/Archives/edgar/data/26076/000155837016007202/0001558370-16-007202-index.html,https://www.sec.gov/Archives/edgar/data/26076/000155837016007202/cub-20160630x10q.htm,1620590827,16:07:07,20210509
20,2016-03-31,CUB,USD,2016-05-02 00:00:00,2016-05-02 12:32:29,Q2,366024000.0,280383000.0,85641000.0,0.23397646055996327,6143000.0,79774000.0,0.0,223000.0,94416000.0,374799000.0,2579000.0,10029000.0,1254000.0,0.0034260048521408434,-8775000.0,-0.023973837781129107,-88000.0,-11103000.0,-0.030334076454003017,-21247000.0,10144000.0,0.027714029681113805,0.3760797834871909,0.37577329135025006,26973000,26995000,https://www.sec.gov/Archives/edgar/data/26076/000155837016005094/0001558370-16-005094-index.html,https://www.sec.gov/Archives/edgar/data/26076/000155837016005094/cub-20160331x10q.htm,1620590827,16:07:07,20210509
21,2015-12-31,CUB,USD,2016-02-04 00:00:00,2016-02-04 08:31:49,Q1,313813000.0,253848000.0,59965000.0,0.19108513668968463,3482000.0,58491000.0,0.0,175000.0,68428000.0,322276000.0,1338000.0,8948000.0,485000.0,0.001545506400308464,-8463000.0,-0.026968290032599034,561000.0,-8842000.0,-0.028176015652633894,-3428000.0,-5414000.0,-0.017252312683030978,-0.2,-0.2,26964000,26964000,https://www.sec.gov/Archives/edgar/data/26076/000110465916093796/0001104659-16-093796-index.html,https://www.sec.gov/Archives/edgar/data/26076/000110465916093796/a15-25195_110q.htm,1620590827,16:07:07,20210509
22,2015-09-30,CUB,USD,2015-11-23 00:00:00,2015-11-23 16:02:49,Q4,425917000.0,321729000.0,104188000.0,0.24462043074120074,5162000.0,56915000.0,0.0,272000.0,68592000.0,390321000.0,1342000.0,8945000.0,44541000.0,0.10457671330329618,35596000.0,0.08357496883195552,-615000.0,34111000.0,0.08008837402592524,14134000.0,19977000.0,0.04690350467344576,0.7408767245215844,0.7408767245215844,26964000,26964000,https://www.sec.gov/Archives/edgar/data/26076/000110465915080772/0001104659-15-080772-index.html,https://www.sec.gov/Archives/edgar/data/26076/000110465915080772/a15-13982_110k.htm,1620590827,16:07:07,20210509
23,2015-06-30,CUB,USD,2015-08-06 00:00:00,2015-08-06 16:01:49,Q3,347806000.0,269715000.0,78091000.0,0.2245245912951473,5938000.0,55127000.0,0.0,-257000.0,67671000.0,337386000.0,1125000.0,8653000.0,19073000.0,0.05483804189691955,10420000.0,0.029959230145540906,-384000.0,9345000.0,0.026868426651639132,559000.0,8780000.0,0.025243957838565177,0.32660045381839825,0.32566765578635015,26883000,26960000,https://www.sec.gov/Archives/edgar/data/26076/000110465915057148/0001104659-15-057148-index.html,https://www.sec.gov/Archives/edgar/data/26076/000110465915057148/a15-13948_110q.htm,1620590827,16:07:07,20210509
24,2015-03-31,CUB,USD,2015-05-18 00:00:00,2015-05-18 16:06:19,Q2,338834000.0,246166000.0,92668000.0,0.27349085392847233,2640000.0,52922000.0,0.0,16000.0,64056000.0,310222000.0,1062000.0,11117000.0,39729000.0,0.11725210575089867,28612000.0,0.08444252938016845,-5390000.0,22598000.0,0.06669342509901603,33609000.0,-11024000.0,-0.03253510568597012,-0.41,-0.41,26862000,26862000,https://www.sec.gov/Archives/edgar/data/26076/000110465915039038/0001104659-15-039038-index.html,https://www.sec.gov/Archives/edgar/data/26076/000110465915039038/a15-10496_110q.htm,1620590827,16:07:07,20210509
25,2014-12-31,CUB,USD,2015-05-18,2015-05-18 16:02:30,Q1,318488000.0,253716000.0,64772000.0,0.20337343950164527,4252000.0,47554000.0,0.0,-916000.0,57741000.0,311457000.0,871000.0,8947000.0,15978000.0,0.05016829519479541,7031000.0,0.02207618497400216,-768000.0,5857000.0,0.01839001783426691,695000.0,5152000.0,0.016176433648991486,0.19180938198064035,0.1916310210154361,26860000,26885000,https://www.sec.gov/Archives/edgar/data/26076/000110465914083644/a14-19290_110k.htm,https://www.sec.gov/Archives/edgar/data/26076/000110465914083644/a14-19290_110k.htm,1620590827,16:07:07,20210509
26,2014-09-30,CUB,USD,2014-11-26 00:00:00,2014-11-26 15:31:44,Q4,396366000.0,296384000.0,99982000.0,0.2522466609144074,4137000.0,50164000.0,0.0,667000.0,59847000.0,356231000.0,967000.0,7700000.0,47835000.0,0.12068391335281028,40135000.0,0.10125742369426237,-200000.0,39406000.0,0.09941821447853752,6591000.0,32805000.0,0.08276441470761872,1.2213328369322412,1.2213328369322412,26860000,26860000,https://www.sec.gov/Archives/edgar/data/26076/000110465914083644/0001104659-14-083644-index.html,https://www.sec.gov/Archives/edgar/data/26076/000110465914083644/a14-19290_110k.htm,1620590827,16:07:07,20210509
27,2014-06-30,CUB,USD,2014-08-04 00:00:00,2014-08-04 16:02:32,Q3,340357000.0,265027000.0,75330000.0,0.22132643077709582,3949000.0,46489000.0,0.0,-1098000.0,56091000.0,321118000.0,1504000.0,7511000.0,26750000.0,0.07859394694394416,19239000.0,0.05652594187867445,-1122000.0,17208000.0,0.05055867809388377,4992000.0,12206000.0,0.03586234453823486,0.46,0.45,26789000,26921000,https://www.sec.gov/Archives/edgar/data/26076/000110465914056383/0001104659-14-056383-index.html,https://www.sec.gov/Archives/edgar/data/26076/000110465914056383/a14-15756_110q.htm,1620590827,16:07:07,20210509
28,2014-03-31,CUB,USD,2014-05-12 00:00:00,2014-05-12 16:10:23,Q2,354492000.0,272878000.0,81614000.0,0.23022804463852498,4959000.0,48265000.0,0.0,386000.0,59234000.0,332112000.0,752000.0,7852000.0,30232000.0,0.0852826015819821,22380000.0,0.06313259537591821,183000.0,21929000.0,0.06186035227875382,5809000.0,16092000.0,0.04539453640702752,0.6007615918763534,0.5981933757109401,26786000,26901000,https://www.sec.gov/Archives/edgar/data/26076/000110465914037613/0001104659-14-037613-index.html,https://www.sec.gov/Archives/edgar/data/26076/000110465914037613/a14-11797_110q.htm,1620590827,16:07:07,20210509
29,2013-12-31,CUB,USD,2014-05-12,2014-05-12 16:06:52,Q1,307137000.0,248246000.0,58891000.0,0.19174179600634245,4914000.0,36754000.0,0.0,-346000.0,47061000.0,295307000.0,861000.0,7377000.0,19207000.0,0.06253561114421252,11830000.0,0.038517013580258976,-346000.0,10868000.0,0.03538486082757857,2439000.0,8388000.0,0.027310288242706024,0.3131720430107527,0.3120187479075996,26784000,26883000,https://www.sec.gov/Archives/edgar/data/26076/000110465913088612/a13-19153_110k.htm,https://www.sec.gov/Archives/edgar/data/26076/000110465913088612/a13-19153_110k.htm,1620590827,16:07:07,20210509
30,2013-09-30,CUB,USD,2013-12-05 00:00:00,2013-12-05 16:01:31,Q4,342602000.0,285287000.0,57315000.0,0.16729324405578486,5099000.0,38429000.0,0.0,397000.0,48016000.0,333303000.0,977000.0,7345000.0,16644000.0,0.04858115247429962,9299000.0,0.027142281714642648,-52409000.0,-43790000.0,-0.12781594970257032,-5654000.0,-38170000.0,-0.11141207581975587,-1.4251045400238949,-1.4251045400238949,26784000,26784000,https://www.sec.gov/Archives/edgar/data/26076/000110465913088612/0001104659-13-088612-index.html,https://www.sec.gov/Archives/edgar/data/26076/000110465913088612/a13-19153_110k.htm,1620590827,16:07:07,20210509
31,2013-06-30,CUB,USD,2013-08-01 00:00:00,2013-08-01 16:02:08,Q3,340445000.0,258404000.0,82041000.0,0.24098165636152682,6426000.0,44130000.0,0.0,-813000.0,54918000.0,313322000.0,922000.0,6417000.0,33540000.0,0.09851811599524152,27123000.0,0.0796692564143988,-927000.0,25804000.0,0.07579491547827108,7416000.0,18364000.0,0.05394116523961286,0.6868641532016756,0.6861968462745685,26736000,26762000,https://www.sec.gov/Archives/edgar/data/26076/000110465913058936/0001104659-13-058936-index.html,https://www.sec.gov/Archives/edgar/data/26076/000110465913058936/a13-13050_110q.htm,1620590827,16:07:07,20210509
32,2013-03-31,CUB,USD,2013-05-02 00:00:00,2013-05-02 16:02:28,Q2,364305000.0,270889000.0,93416000.0,0.25642250312238374,7098000.0,41320000.0,0.0,-53000.0,52684000.0,323573000.0,654000.0,6879000.0,47611000.0,0.13068994386571692,40732000.0,0.11180741411729182,-6137000.0,34253000.0,0.09402286545614252,7043000.0,27158000.0,0.07454742592058852,1.02,1.02,26736000,26736000,https://www.sec.gov/Archives/edgar/data/26076/000110465913036585/0001104659-13-036585-index.html,https://www.sec.gov/Archives/edgar/data/26076/000110465913036585/a13-6793_110q.htm,1620590827,16:07:07,20210509
33,2012-12-31,CUB,USD,2013-02-11 00:00:00,2013-02-11 16:02:41,Q1,313371000.0,244746000.0,68625000.0,0.21898963209741806,5822000.0,40997000.0,0.0,102000.0,50383000.0,295129000.0,862000.0,4718000.0,22960000.0,0.07326778802122723,18242000.0,0.05821215109247505,102000.0,17919000.0,0.05718142393520779,5400000.0,12446000.0,0.03971650216516525,0.47,0.47,26736000,26736000,https://www.sec.gov/Archives/edgar/data/26076/000110465913009293/0001104659-13-009293-index.html,https://www.sec.gov/Archives/edgar/data/26076/000110465913009293/a12-29791_110q.htm,1620590827,16:07:07,20210509
34,2012-09-30,CUB,USD,2012-12-14 00:00:00,2012-12-14 16:04:24,Q4,359687000.0,277069000.0,82618000.0,0.22969415074773344,7327000.0,42678000.0,0.0,0.0,53476000.0,330545000.0,651000.0,5717000.0,34859000.0,0.09691481760530683,29142000.0,0.08102044277385616,726000.0,29788000.0,0.08281644874571502,8645000.0,21088000.0,0.05862875222068076,0.7887492519449432,0.7887492519449432,26736000,26736000,https://www.sec.gov/Archives/edgar/data/26076/000110465912084291/0001104659-12-084291-index.html,https://www.sec.gov/Archives/edgar/data/26076/000110465912084291/a12-22005_110k.htm,1620590827,16:07:07,20210509
35,2012-06-30,CUB,USD,2012-12-14,2012-12-14 16:02:03,Q3,365397000.0,271983000.0,93414000.0,0.2556507032077439,8427000.0,42751000.0,0.0,0.0,54828000.0,326811000.0,221000.0,5843000.0,44429000.0,0.12159103659854897,38586000.0,0.10560021018234961,-950000.0,38112000.0,0.10430299099335791,11338000.0,26721000.0,0.07312867921739916,1.0,1.0,26736000,26736000,https://www.sec.gov/Archives/edgar/data/26076/000110465912084288/a12-12805_110q.htm,https://www.sec.gov/Archives/edgar/data/26076/000110465912084288/a12-12805_110q.htm,1620590827,16:07:07,20210509
36,2012-03-31,CUB,USD,2012-05-03,2012-05-03 16:31:27,Q2,340994000.0,252466000.0,88528000.0,0.2596174712751544,8072000.0,43029000.0,0.0,0.0,54769000.0,307235000.0,331000.0,5465000.0,39224000.0,0.11502841692229189,33759000.0,0.0990017419661343,12000.0,34404000.0,0.10089327084934045,10100000.0,24253000.0,0.07112441861147117,0.91,0.91,26736000,26736000,https://www.sec.gov/Archives/edgar/data/26076/000110465912032646/a12-7880_110q.htm,https://www.sec.gov/Archives/edgar/data/26076/000110465912032646/a12-7880_110q.htm,1620590827,16:07:07,20210509
37,2011-12-31,CUB,USD,2012-02-02 00:00:00,2012-02-02 17:16:18,Q1,318747000.0,246994000.0,71753000.0,0.22510956965869483,4896000.0,34637000.0,0.0,0.0,43572000.0,290566000.0,347000.0,5832000.0,34013000.0,0.10670845529526553,28181000.0,0.08841181250333337,1691000.0,30287000.0,0.0950189335115311,8800000.0,21442000.0,0.06726965273398651,0.8,0.8,26736000,26736000,https://www.sec.gov/Archives/edgar/data/26076/000110465912006258/0001104659-12-006258-index.html,https://www.sec.gov/Archives/edgar/data/26076/000110465912006258/a11-31373_110q.htm,1620590827,16:07:07,20210509
38,2011-09-30,CUB,USD,2011-11-22 00:00:00,2011-11-21 20:36:32,Q4,346910000.0,261355000.0,85555000.0,0.24662016084863508,7453000.0,43724000.0,0.0,0.0,55251000.0,316606000.0,306000.0,6095000.0,36399000.0,0.10492346718168978,30304000.0,0.08735406877864575,3681000.0,34518000.0,0.09950131157937217,10369000.0,24100000.0,0.06947046784468594,0.9014063435068821,0.9014063435068821,26736000,26736000,https://www.sec.gov/Archives/edgar/data/26076/000110465911065583/0001104659-11-065583-index.html,https://www.sec.gov/Archives/edgar/data/26076/000110465911065583/a11-27382_110k.htm,1620590827,16:07:07,20210509
39,2011-06-30,CUB,USD,2011-08-05 00:00:00,2011-08-04 21:03:31,Q3,319905000.0,245749000.0,74156000.0,0.23180631750050795,6281000.0,36831000.0,0.0,0.0,47369000.0,293118000.0,374000.0,6160000.0,32947000.0,0.10298995014144824,26787000.0,0.08373423360060017,767000.0,27670000.0,0.0864944280333224,6800000.0,20814000.0,0.06506306559759929,0.78,0.78,26736000,26736000,https://www.sec.gov/Archives/edgar/data/26076/000110465911043857/0001104659-11-043857-index.html,https://www.sec.gov/Archives/edgar/data/26076/000110465911043857/a11-13086_110q.htm,1620590827,16:07:07,20210509
40,2011-03-31,CUB,USD,2011-05-05 00:00:00,2011-05-04 19:49:28,Q2,333968000.0,258963000.0,75005000.0,0.22458738561778374,5271000.0,37377000.0,0.0,0.0,46960000.0,305923000.0,374000.0,6218000.0,34263000.0,0.10259366166818377,28045000.0,0.08397511138791741,-16000.0,28030000.0,0.08393019690509271,8000000.0,19946000.0,0.05972428496143343,0.75,0.75,26736000,26736000,https://www.sec.gov/Archives/edgar/data/26076/000110465911025882/0001104659-11-025882-index.html,https://www.sec.gov/Archives/edgar/data/26076/000110465911025882/a11-11471_110q.htm,1620590827,16:07:07,20210509
41,2010-12-31,CUB,USD,2011-02-03,2011-02-02 20:27:18,Q1,284420000.0,211898000.0,72522000.0,0.25498206877153506,6255000.0,37030000.0,0.0,0.0,45323000.0,257221000.0,407000.0,3868000.0,31067000.0,0.1092293087687223,27199000.0,0.09562970255256312,-227000.0,27429000.0,0.09643836579706068,7400000.0,19908000.0,0.06999507770199001,0.74,0.74,26736000,26736000,https://www.sec.gov/Archives/edgar/data/26076/000110465910061801/a10-21706_110k.htm,https://www.sec.gov/Archives/edgar/data/26076/000110465910061801/a10-21706_110k.htm,1620590827,16:07:07,20210509
42,2010-09-30,CUB,USD,2010-12-09 00:00:00,2010-12-08 20:31:27,Q4,347706000.0,278323000.0,69383000.0,0.199545017917436,8633000.0,32612000.0,0.0,0.0,43000000.0,321323000.0,473000.0,3229000.0,29612000.0,0.08516390283745463,26383000.0,0.07587732164529803,569000.0,26715000.0,0.0768321513002364,9835000.0,16880000.0,0.04854676076915555,0.6313584679832436,0.6313584679832436,26736000,26736000,https://www.sec.gov/Archives/edgar/data/26076/000110465910061801/0001104659-10-061801-index.html,https://www.sec.gov/Archives/edgar/data/26076/000110465910061801/a10-21706_110k.htm,1620590827,16:07:07,20210509
43,2010-06-30,CUB,USD,2010-08-05 00:00:00,2010-08-05 06:00:55,Q3,331240000.0,259601000.0,71639000.0,0.21627520830817534,4995000.0,30615000.0,0.0,0.0,39003000.0,298604000.0,414000.0,3946000.0,36582000.0,0.11043956043956044,32636000.0,0.09852674797729742,-727000.0,31952000.0,0.0964617799782635,9250000.0,22702000.0,0.06853640864629876,0.85,0.85,26736000,26736000,https://www.sec.gov/Archives/edgar/data/26076/000110465910042029/0001104659-10-042029-index.html,https://www.sec.gov/Archives/edgar/data/26076/000110465910042029/a10-13037_110q.htm,1620590827,16:07:07,20210509
44,2010-03-31,CUB,USD,2010-05-06 00:00:00,2010-05-05 18:00:42,Q2,264559000.0,205878000.0,58681000.0,0.22180685593761695,3611000.0,27228000.0,0.0,0.0,32549000.0,238427000.0,418000.0,3732000.0,29864000.0,0.11288219262999935,26132000.0,0.09877569842643796,126000.0,26391000.0,0.09975468610026497,9000000.0,17391000.0,0.0657358094035735,0.65,0.65,26736000,26736000,https://www.sec.gov/Archives/edgar/data/26076/000110465910025861/0001104659-10-025861-index.html,https://www.sec.gov/Archives/edgar/data/26076/000110465910025861/a10-9316_110q.htm,1620590827,16:07:07,20210509
45,2009-12-31,CUB,USD,2010-02-08 00:00:00,2010-02-08 15:01:07,Q1,250684000.0,198192000.0,52492000.0,0.2093950950200252,1737000.0,28683000.0,0.0,0.0,32118000.0,230310000.0,450000.0,3562000.0,23936000.0,0.0954827591709084,20374000.0,0.08127363533372692,593000.0,20863000.0,0.08322429831979704,7200000.0,13663000.0,0.0545028801199917,0.51,0.51,26732000,26732000,https://www.sec.gov/Archives/edgar/data/26076/000110465910005392/0001104659-10-005392-index.html,https://www.sec.gov/Archives/edgar/data/26076/000110465910005392/a10-3019_110q.htm,1620590827,16:07:07,20210509
46,2009-09-30,CUB,USD,2009-12-09 00:00:00,2009-12-09 14:56:07,Q4,280756000.0,226018000.0,54738000.0,0.1949664477339754,2316000.0,25870000.0,0.0,0.0,34618000.0,260636000.0,409000.0,4867000.0,24987000.0,0.08899898844548292,20120000.0,0.07166365099944436,-637000.0,19482000.0,0.06939121514767271,7104000.0,12378000.0,0.04408810497371383,0.46304055065090527,0.46304055065090527,26732000,26732000,https://www.sec.gov/Archives/edgar/data/26076/000110465909069146/0001104659-09-069146-index.html,https://www.sec.gov/Archives/edgar/data/26076/000110465909069146/a09-35078_110k.htm,1620590827,16:07:07,20210509
47,2009-06-30,CUB,USD,2009-08-05 00:00:00,2009-08-05 16:30:39,Q3,248177000.0,194290000.0,53887000.0,0.21713132159708595,2343000.0,29895000.0,0.0,0.0,32238000.0,226528000.0,595000.0,3871000.0,25520000.0,0.10282983515797194,21649000.0,0.08723209644729367,1006000.0,22458000.0,0.09049186669191746,7550000.0,14908000.0,0.060070030663598964,0.56,0.56,26732000,26732000,https://www.sec.gov/Archives/edgar/data/26076/000110465909047386/0001104659-09-047386-index.html,https://www.sec.gov/Archives/edgar/data/26076/000110465909047386/a09-18914_110q.htm,1620590827,16:07:07,20210509
48,2009-03-31,CUB,USD,2009-05-07 00:00:00,2009-05-07 06:00:38,Q2,242873000.0,189993000.0,52880000.0,0.21772696018083526,1654000.0,29417000.0,0.0,0.0,31071000.0,221064000.0,495000.0,3388000.0,25197000.0,0.10374557896513815,21809000.0,0.08979590156172156,615000.0,22217000.0,0.09147579187476583,8000000.0,14217000.0,0.05853676612879982,0.53,0.53,26732000,26732000,https://www.sec.gov/Archives/edgar/data/26076/000110465909030135/0001104659-09-030135-index.html,https://www.sec.gov/Archives/edgar/data/26076/000110465909030135/a09-12719_110q.htm,1620590827,16:07:07,20210509
49,2008-12-31,CUB,USD,2009-02-05 00:00:00,2009-02-05 06:01:53,Q1,244851000.0,195215000.0,49636000.0,0.2027192047408424,1860000.0,26646000.0,0.0,0.0,28506000.0,223721000.0,0.0,3460000.0,24590000.0,0.10042842381693357,21130000.0,0.0862973808561125,-85000.0,21083000.0,0.08610542738236723,6900000.0,14183000.0,0.057925023789978394,0.53,0.53,26727000,26727000,https://www.sec.gov/Archives/edgar/data/26076/000110465909006511/0001104659-09-006511-index.html,https://www.sec.gov/Archives/edgar/data/26076/000110465909006511/a09-4720_110q.htm,1620590827,16:07:07,20210509
50,2008-09-30,CUB,USD,2008-12-04 00:00:00,2008-12-04 06:05:32,Q4,235241000.0,188528000.0,46713000.0,0.19857507832393162,5479000.0,24216000.0,0.0,0.0,29695000.0,218223000.0,0.0,3549000.0,20567000.0,0.08742948720673692,17018000.0,0.07234283139418723,-5952000.0,11739000.0,0.04990201537997203,3685000.0,8054000.0,0.03423722905445904,0.3013432109851461,0.3013432109851461,26727000,26727000,https://www.sec.gov/Archives/edgar/data/26076/000110465908074505/0001104659-08-074505-index.html,https://www.sec.gov/Archives/edgar/data/26076/000110465908074505/a08-29650_110k.htm,1620590827,16:07:07,20210509
51,2008-06-30,CUB,USD,2008-08-07 00:00:00,2008-08-07 13:32:56,Q3,232892000.0,191583000.0,41309000.0,0.1773740617968844,2969000.0,26865000.0,0.0,0.0,29834000.0,221417000.0,0.0,2035000.0,13510000.0,0.058009721244181855,11475000.0,0.049271765453514936,6000.0,12678000.0,0.05443724988406643,4200000.0,8478000.0,0.036403139652714564,0.32,0.32,26728000,26728000,https://www.sec.gov/Archives/edgar/data/26076/000110465908050736/0001104659-08-050736-index.html,https://www.sec.gov/Archives/edgar/data/26076/000110465908050736/a08-19110_110q.htm,1620590827,16:07:07,20210509
52,2008-03-31,CUB,USD,2008-05-07 00:00:00,2008-05-07 17:15:10,Q2,210280000.0,170289000.0,39991000.0,0.1901797603195739,2009000.0,24096000.0,0.0,0.0,26105000.0,196394000.0,0.0,1998000.0,15884000.0,0.07553737873311775,13886000.0,0.06603576184135439,634000.0,15246000.0,0.07250332889480693,5600000.0,9646000.0,0.04587217043941411,0.36,0.36,26724000,26724000,https://www.sec.gov/Archives/edgar/data/26076/000110465908030808/0001104659-08-030808-index.html,https://www.sec.gov/Archives/edgar/data/26076/000110465908030808/a08-12206_110q.htm,1620590827,16:07:07,20210509
53,2007-12-31,CUB,USD,2008-02-07,2008-02-07 08:30:17,Q1,202722000.0,159081000.0,43641000.0,0.2152751058099269,1774000.0,24779000.0,0.0,0.0,26553000.0,185634000.0,0.0,2106000.0,19194000.0,0.0946813863320212,17088000.0,0.0842927753277888,-306000.0,17576000.0,0.08670001282544569,6900000.0,10676000.0,0.05266325312496917,0.4,0.4,26722000,26722000,https://www.sec.gov/Archives/edgar/data/26076/000110465907087201/a07-30699_110k.htm,https://www.sec.gov/Archives/edgar/data/26076/000110465907087201/a07-30699_110k.htm,1620590827,16:07:07,20210509
54,2007-09-30,CUB,USD,2007-12-06 00:00:00,2007-12-05 18:01:29,Q4,223145000.0,181635000.0,41510000.0,0.1860225413968496,2577000.0,22885000.0,0.0,0.0,25462000.0,207097000.0,0.0,2072000.0,18120000.0,0.08120280535078088,16048000.0,0.07191736314952162,1156000.0,17835000.0,0.07992560890900535,6962000.0,10873000.0,0.0487261646014923,0.40689319661701967,0.40689319661701967,26722000,26722000,https://www.sec.gov/Archives/edgar/data/26076/000110465907087201/0001104659-07-087201-index.html,https://www.sec.gov/Archives/edgar/data/26076/000110465907087201/a07-30699_110k.htm,1620590827,16:07:07,20210509
55,2007-06-30,CUB,USD,2007-08-01 00:00:00,2007-08-01 17:27:56,Q3,233749000.0,190687000.0,43062000.0,0.18422324801389525,1250000.0,25252000.0,0.0,0.0,26502000.0,217189000.0,0.0,2262000.0,18822000.0,0.08052226961398766,16560000.0,0.07084522286726361,665000.0,17577000.0,0.07519604361943795,6400000.0,11177000.0,0.04781624734223462,0.42,0.42,26720000,26720000,https://www.sec.gov/Archives/edgar/data/26076/000110465907057979/0001104659-07-057979-index.html,https://www.sec.gov/Archives/edgar/data/26076/000110465907057979/a07-19288_110q.htm,1620590827,16:07:07,20210509
56,2007-03-31,CUB,USD,2007-05-03 00:00:00,2007-05-03 14:59:12,Q2,230041000.0,187965000.0,42076000.0,0.18290652535852306,570000.0,23707000.0,0.0,0.0,24277000.0,212242000.0,0.0,2179000.0,19978000.0,0.086845388430758,17799000.0,0.07737316391425876,48000.0,17711000.0,0.07699062341060942,6500000.0,11211000.0,0.04873479075469155,0.42,0.42,26720000,26720000,https://www.sec.gov/Archives/edgar/data/26076/000110465907035336/0001104659-07-035336-index.html,https://www.sec.gov/Archives/edgar/data/26076/000110465907035336/a07-13111_110q.htm,1620590827,16:07:07,20210509
57,2006-12-31,CUB,USD,2007-02-08,2007-02-08 14:01:21,Q1,202935000.0,167253000.0,35682000.0,0.17582969916475719,781000.0,23210000.0,0.0,0.0,23991000.0,191244000.0,0.0,2341000.0,14032000.0,0.06914529282775272,11691000.0,0.05760957942198241,482000.0,12125000.0,0.05974819523492744,3800000.0,8325000.0,0.04102298765614606,0.31,0.31,26720000,26720000,https://www.sec.gov/Archives/edgar/data/26076/000110465906080067/a06-25105_110k.htm,https://www.sec.gov/Archives/edgar/data/26076/000110465906080067/a06-25105_110k.htm,1620590827,16:07:07,20210509
58,2006-09-30,CUB,USD,2006-12-07,2006-12-07 13:49:54,Q4,204752000.0,166546000.0,38206000.0,0.18659646792216925,975000.0,26746000.0,0.0,0.0,27721000.0,194267000.0,0.0,1671000.0,12156000.0,0.059369383449245916,10485000.0,0.05120829100570446,261000.0,9915000.0,0.048424435414550285,2996000.0,6919000.0,0.03379209971086974,0.2589446107784431,0.2589446107784431,26720000,26720000,https://www.sec.gov/Archives/edgar/data/26076/000110465906080067/a06-25105_110k.htm,https://www.sec.gov/Archives/edgar/data/26076/000110465906080067/a06-25105_110k.htm,1620590827,16:07:07,20210509
59,2006-06-30,CUB,USD,2006-08-03,2006-08-03 14:51:19,Q3,214954000.0,180186000.0,34768000.0,0.16174623407798877,991000.0,23458000.0,0.0,0.0,24449000.0,204635000.0,0.0,2219000.0,12538000.0,0.05832875871116611,10319000.0,0.04800561980702848,-447000.0,9376000.0,0.0436186346846302,3400000.0,5976000.0,0.027801297021688362,0.22,0.22,26720000,26720000,https://www.sec.gov/Archives/edgar/data/26076/000110465906051113/a06-15758_110q.htm,https://www.sec.gov/Archives/edgar/data/26076/000110465906051113/a06-15758_110q.htm,1620590827,16:07:07,20210509
60,2006-03-31,CUB,USD,2006-05-09,2006-05-09 16:02:05,Q2,206639000.0,178321000.0,28318000.0,0.13704092644660495,2202000.0,24591000.0,0.0,0.0,26793000.0,205114000.0,0.0,2282000.0,3807000.0,0.018423434104888236,1525000.0,0.007380020228514463,-41000.0,929000.0,0.004495763142485204,200000.0,729000.0,0.003527891637106258,0.03,0.03,26720000,26720000,https://www.sec.gov/Archives/edgar/data/26076/000110465906032635/a06-10777_110q.htm,https://www.sec.gov/Archives/edgar/data/26076/000110465906032635/a06-10777_110q.htm,1620590827,16:07:07,20210509
61,2005-12-31,CUB,USD,2006-02-08,2006-02-07 20:10:27,Q1,195041000.0,162160000.0,32881000.0,0.16858506672955942,1944000.0,22371000.0,0.0,0.0,24315000.0,186475000.0,0.0,2318000.0,10884000.0,0.05580365153993263,8566000.0,0.043918970883045104,8143000.0,16109000.0,0.08259289072553976,5600000.0,10509000.0,0.05388097887110915,0.39,0.39,26720000,26720000,https://www.sec.gov/Archives/edgar/data/26076/000110465905060610/a05-21693_110k.htm,https://www.sec.gov/Archives/edgar/data/26076/000110465905060610/a05-21693_110k.htm,1620590827,16:07:07,20210509
62,2005-09-30,CUB,USD,2005-12-14,2005-12-13 20:22:08,Q4,218589000.0,185549000.0,33040000.0,0.15115124731802607,3469000.0,27180000.0,0.0,0.0,30649000.0,216198000.0,0.0,2273000.0,4664000.0,0.021336846776370266,2391000.0,0.010938336329824465,206000.0,2552000.0,0.011674878424806372,-2447000.0,4999000.0,0.022869403309407153,0.18708832335329342,0.18708832335329342,26720000,26720000,https://www.sec.gov/Archives/edgar/data/26076/000110465905060610/a05-21693_110k.htm,https://www.sec.gov/Archives/edgar/data/26076/000110465905060610/a05-21693_110k.htm,1620590827,16:07:07,20210509
63,2005-06-30,CUB,USD,2005-08-09,2005-08-09 16:18:06,Q3,213790000.0,185981000.0,27809000.0,0.13007624304223772,1236000.0,24955000.0,0.0,0.0,26191000.0,212172000.0,0.0,1941000.0,3559000.0,0.016647177136442304,1618000.0,0.007568174376724824,350000.0,822000.0,0.0038448945226624257,0.0,822000.0,0.0038448945226624257,0.03,0.03,26720000,26720000,https://www.sec.gov/Archives/edgar/data/26076/000110465905037902/a05-13092_110q.htm,https://www.sec.gov/Archives/edgar/data/26076/000110465905037902/a05-13092_110q.htm,1620590827,16:07:07,20210509
64,2005-03-31,CUB,USD,2005-05-10,2005-05-10 15:03:58,Q2,182053000.0,148506000.0,33547000.0,0.1842705146303549,1731000.0,30294000.0,0.0,0.0,32025000.0,180531000.0,0.0,2332000.0,3854000.0,0.021169659384904397,1522000.0,0.008360202798086271,603000.0,954000.0,0.00524023224006196,400000.0,554000.0,0.0030430698752561065,0.02,0.02,26720000,26720000,https://www.sec.gov/Archives/edgar/data/26076/000110465905022106/a05-8868_110q.htm,https://www.sec.gov/Archives/edgar/data/26076/000110465905022106/a05-8868_110q.htm,1620590827,16:07:07,20210509
65,2004-12-31,CUB,USD,2005-02-08,2005-02-07 21:36:23,Q1,189940000.0,152505000.0,37435000.0,0.19708855428029903,1647000.0,28215000.0,0.0,0.0,29862000.0,182367000.0,0.0,2085000.0,9658000.0,0.05084763609560914,7573000.0,0.0398704854164473,1509000.0,7753000.0,0.040818153100979256,2500000.0,5253000.0,0.027656101926924293,0.2,0.2,26720000,26720000,https://www.sec.gov/Archives/edgar/data/26076/000110465904038948/a04-14552_110k.htm,https://www.sec.gov/Archives/edgar/data/26076/000110465904038948/a04-14552_110k.htm,1620590827,16:07:07,20210509
66,2004-09-30,CUB,USD,2004-12-09,2004-12-09 13:55:19,Q4,184967000.0,131555000.0,53412000.0,0.28876502295003975,2280000.0,36707000.0,0.0,0.0,38987000.0,170542000.0,0.0,1275000.0,15700000.0,0.08488000562262457,14425000.0,0.07798688414690189,456000.0,14001000.0,0.07569458335811252,4594000.0,9407000.0,0.0508577205663713,0.35205838323353295,0.35205838323353295,26720000,26720000,https://www.sec.gov/Archives/edgar/data/26076/000110465904038948/a04-14552_110k.htm,https://www.sec.gov/Archives/edgar/data/26076/000110465904038948/a04-14552_110k.htm,1620590827,16:07:07,20210509
67,2004-06-30,CUB,USD,2004-08-04,2004-08-04 17:22:24,Q3,190829000.0,147703000.0,43126000.0,0.22599290464237615,1306000.0,26821000.0,0.0,0.0,28127000.0,175830000.0,0.0,2073000.0,17072000.0,0.08946229346692589,14999000.0,0.07859916469718962,4534000.0,18418000.0,0.09651572874143867,6700000.0,11718000.0,0.06140576117885646,0.44,0.44,26720000,26720000,https://www.sec.gov/Archives/edgar/data/26076/000110465904022327/a04-8771_110q.htm,https://www.sec.gov/Archives/edgar/data/26076/000110465904022327/a04-8771_110q.htm,1620590827,16:07:07,20210509
68,2004-03-31,CUB,USD,2004-05-06,2004-05-05 18:23:12,Q2,175184000.0,134865000.0,40319000.0,0.23015229701342588,1048000.0,26080000.0,0.0,0.0,27128000.0,161993000.0,0.0,2216000.0,15407000.0,0.08794752945474472,13191000.0,0.07529797241757238,508000.0,12520000.0,0.07146771394647913,4200000.0,8320000.0,0.04749292172801169,0.31,0.31,26720000,26720000,https://www.sec.gov/Archives/edgar/data/26076/000110465904012713/a04-5418_110q.htm,https://www.sec.gov/Archives/edgar/data/26076/000110465904012713/a04-5418_110q.htm,1620590827,16:07:07,20210509
69,2003-12-31,CUB,USD,2004-02-03,2004-02-03 17:03:23,Q1,171032000.0,135047000.0,35985000.0,0.21039922353711585,860000.0,23531000.0,0.0,0.0,24391000.0,159438000.0,0.0,1902000.0,13496000.0,0.07890920997240282,11594000.0,0.06778848402638103,825000.0,11366000.0,0.06645540015903456,3900000.0,7466000.0,0.0436526497965293,0.28,0.28,26720000,26720000,https://www.sec.gov/Archives/edgar/data/26076/000110465903028303/a03-6193_110k.htm,https://www.sec.gov/Archives/edgar/data/26076/000110465903028303/a03-6193_110k.htm,1620590827,16:07:07,20210509
70,2003-09-30,CUB,USD,2003-12-11,2003-12-11 16:56:22,Q4,160598000.0,121330000.0,39268000.0,0.24451113961568638,967000.0,24639000.0,0.0,0.0,25606000.0,146936000.0,0.0,1458000.0,15120000.0,0.0941481213962814,13662000.0,0.08506955254735427,-751000.0,13188000.0,0.0821180836623121,4714000.0,8474000.0,0.052765289729635484,0.31714071856287424,0.31714071856287424,26720000,26720000,https://www.sec.gov/Archives/edgar/data/26076/000110465903028303/a03-6193_110k.htm,https://www.sec.gov/Archives/edgar/data/26076/000110465903028303/a03-6193_110k.htm,1620590827,16:07:07,20210509
71,2003-06-30,CUB,USD,2003-08-05,2003-08-05 13:22:48,Q3,157950000.0,121973000.0,35977000.0,0.22777461221905668,818000.0,21869000.0,0.0,0.0,22687000.0,144660000.0,0.0,1779000.0,15069000.0,0.09540360873694206,13290000.0,0.08414055080721747,2645000.0,15029000.0,0.09515036403925292,4900000.0,10129000.0,0.06412788857233302,0.38,0.38,26720000,26720000,https://www.sec.gov/Archives/edgar/data/26076/000110465903016670/a03-1873_110q.htm,https://www.sec.gov/Archives/edgar/data/26076/000110465903016670/a03-1873_110q.htm,1620590827,16:07:07,20210509
72,2003-03-31,CUB,USD,2003-05-06,2003-05-06 08:01:08,Q2,167157000.0,133703000.0,33454000.0,0.20013520223502457,1623000.0,20971000.0,0.0,0.0,22594000.0,156297000.0,0.0,1632000.0,12492000.0,0.07473213804985732,10860000.0,0.06496886160914589,6984000.0,16846000.0,0.10077950669131415,5600000.0,11246000.0,0.0672780679241671,0.42,0.42,26720000,26720000,https://www.sec.gov/Archives/edgar/data/26076/000110465903008173/j0198_10q.htm,https://www.sec.gov/Archives/edgar/data/26076/000110465903008173/j0198_10q.htm,1620590827,16:07:07,20210509
73,2002-12-31,CUB,USD,2003-02-03,2003-02-03 12:21:57,Q1,148356000.0,116371000.0,31985000.0,0.21559626843538515,1411000.0,20409000.0,0.0,0.0,21820000.0,138191000.0,0.0,1614000.0,11779000.0,0.07939685621073633,10165000.0,0.06851761977944944,676000.0,9970000.0,0.06720321389091105,3300000.0,6670000.0,0.044959421931030766,0.25,0.25,26720000,26720000,https://www.sec.gov/Archives/edgar/data/26076/000104746902006732/a2096016z10-k.htm,https://www.sec.gov/Archives/edgar/data/26076/000104746902006732/a2096016z10-k.htm,1620590827,16:07:07,20210509
74,2002-09-30,CUB,USD,2002-12-12,2002-12-12 15:27:13,Q4,153733000.0,111129000.0,42604000.0,0.27712982898922156,1694000.0,23950000.0,0.0,0.0,25644000.0,136773000.0,0.0,1735000.0,18695000.0,0.12160694190577169,16960000.0,0.11032114119935213,-1484000.0,12161000.0,0.07910468149323828,1984000.0,10177000.0,0.06619918950388011,0.380875748502994,0.380875748502994,26720000,26720000,https://www.sec.gov/Archives/edgar/data/26076/000104746902006732/a2096016z10-k.htm,https://www.sec.gov/Archives/edgar/data/26076/000104746902006732/a2096016z10-k.htm,1620590827,16:07:07,20210509
75,2002-06-30,CUB,USD,2002-07-30 00:00:00,2002-07-30 15:20:47,Q3,148208000.0,114439000.0,33769000.0,0.22784869912555328,1797000.0,21683000.0,0.0,0.0,23480000.0,137919000.0,0.0,1428000.0,11717000.0,0.07905781064449963,10289000.0,0.06942270322789593,1333000.0,10728000.0,0.07238475655835043,3600000.0,7128000.0,0.048094569793803305,0.27,0.27,26720000,26720000,https://www.sec.gov/Archives/edgar/data/26076/000091205702029072/0000912057-02-029072-index.html,https://www.sec.gov/Archives/edgar/data/26076/000091205702029072/a2085563z10-q.htm,1620590827,16:07:07,20210509
76,2002-03-31,CUB,USD,2002-05-02 00:00:00,2002-05-02 17:22:17,Q2,138493000.0,107143000.0,31350000.0,0.22636523145574144,2285000.0,19759000.0,0.0,0.0,22044000.0,129187000.0,0.0,1506000.0,10812000.0,0.07806892767143465,9306000.0,0.0671947318637043,1314000.0,9741000.0,0.07033568483605669,3300000.0,6441000.0,0.04650776573545233,0.24,0.24,26720000,26720000,https://www.sec.gov/Archives/edgar/data/26076/000091205702018189/0000912057-02-018189-index.html,https://www.sec.gov/Archives/edgar/data/26076/000091205702018189/a2078723z10-q.htm,1620590827,16:07:07,20210509
77,2001-12-31,CUB,USD,2002-02-07 00:00:00,2002-02-07 00:00:00,Q1,123877000.0,93301000.0,30576000.0,0.24682548011333824,2605000.0,20067000.0,0.0,0.0,22672000.0,115973000.0,0.0,1873000.0,9777000.0,0.07892506276387061,7904000.0,0.0638052261517473,1278000.0,8291000.0,0.06692929276621165,2600000.0,5691000.0,0.04594073153208424,0.213333,0.213333,26721000,26721000,https://www.sec.gov/Archives/edgar/data/26076/000091205702004286/0000912057-02-004286-index.html,https://www.sec.gov/Archives/edgar/data/26076/000091205702004286/a2069676z10-q.htm,1620590827,16:07:07,20210509
78,2001-09-30,CUB,USD,2001-12-19,2001-12-19 00:00:00,Q4,138274000.0,98375000.0,39899000.0,0.288550269754256,3033000.0,20754000.0,0.0,0.0,24448000.0,122823000.0,0.0,3864000.0,19315000.0,0.13968641971737275,15451000.0,0.11174190375630993,-2956000.0,8450000.0,0.061110548620854244,2566000.0,5884000.0,0.0425531914893617,0.2202013397702182,0.2202013397702182,26721000,26721000,https://www.sec.gov/Archives/edgar/data/26076/000091205701543978/a2066125z10-k405.htm,https://www.sec.gov/Archives/edgar/data/26076/000091205701543978/a2066125z10-k405.htm,1620590827,16:07:07,20210509
79,2001-06-30,CUB,USD,2001-08-09 00:00:00,2001-08-09 00:00:00,Q3,127289000.0,99160000.0,28129000.0,0.2209853168773421,2542000.0,17070000.0,0.0,0.0,20266000.0,119426000.0,0.0,4232000.0,12095000.0,0.09501999387221205,7863000.0,0.061772816189930004,1190000.0,8124000.0,0.06382326831069456,2800000.0,5324000.0,0.04182608080823952,0.2,0.2,26721000,26721000,https://www.sec.gov/Archives/edgar/data/26076/000091205701527345/0000912057-01-527345-index.html,https://www.sec.gov/Archives/edgar/data/26076/000091205701527345/a2056370z10-q.htm,1620590827,16:07:07,20210509
80,2001-03-31,CUB,USD,2001-05-15 00:00:00,2001-05-15 00:00:00,Q2,124346000.0,93541000.0,30805000.0,0.2477361555659209,2175000.0,19631000.0,0.0,0.0,22468000.0,116009000.0,0.0,2219000.0,10556000.0,0.08489215575893072,8337000.0,0.06704678879899635,1520000.0,7465000.0,0.060034098402843676,2500000.0,4965000.0,0.039928908046901385,0.186667,0.186667,26721000,26721000,https://www.sec.gov/Archives/edgar/data/26076/000091205701515515/0000912057-01-515515-index.html,https://www.sec.gov/Archives/edgar/data/26076/000091205701515515/a2049264z10-q.htm,1620590827,16:07:07,20210509
81,2000-12-31,CUB,USD,2001-02-14 00:00:00,2001-02-14 00:00:00,Q1,120334000.0,92674000.0,27660000.0,0.22986022238103945,2005000.0,18597000.0,0.0,0.0,23082000.0,115756000.0,0.0,2480000.0,7058000.0,0.05865341466252264,4578000.0,0.03804411055894427,3375000.0,7069000.0,0.058744826898465934,2400000.0,4669000.0,0.03880033905629332,0.173333,0.173333,26721000,26721000,https://www.sec.gov/Archives/edgar/data/26076/000091205701005246/0000912057-01-005246-index.html,https://www.sec.gov/Archives/edgar/data/26076/000091205701005246/a2037832z10-q.txt,1620590827,16:07:07,20210509
82,2000-09-30,CUB,USD,2000-09-30,2000-09-30,Q4,138121000.0,138469000.0,-348000.0,-0.0025195299773387103,2482000.0,14847000.0,0.0,0.0,20771000.0,159240000.0,0.0,3442000.0,-17677000.0,-0.12798198680866776,-21119000.0,-0.15290216549257535,-1976000.0,-20256000.0,-0.14665402074992218,-7533000.0,-12723000.0,-0.09211488477494371,-0.47614235994161896,-0.47614235994161896,26721000,26721000,,,1620590827,16:07:07,20210509
83,2000-06-30,CUB,USD,2000-08-14 00:00:00,2000-08-14 00:00:00,Q3,133064000.0,103541000.0,29523000.0,0.22187067877111766,1478000.0,19690000.0,0.0,0.0,23982000.0,127523000.0,0.0,2814000.0,8355000.0,0.06278933445560031,5541000.0,0.04164161606445019,2587000.0,7214000.0,0.05421451331690014,2500000.0,4714000.0,0.03542656165454217,0.176667,0.176667,26721000,26721000,https://www.sec.gov/Archives/edgar/data/26076/000091205700037117/0000912057-00-037117-index.html,https://www.sec.gov/Archives/edgar/data/26076/000091205700037117/a10-q.txt,1620590827,16:07:07,20210509
84,2000-03-31,CUB,USD,2000-05-15 00:00:00,2000-05-15 00:00:00,Q2,144933000.0,114619000.0,30314000.0,0.2091587147164552,1711000.0,20083000.0,0.0,0.0,24416000.0,139035000.0,0.0,2622000.0,8520000.0,0.058785783775951644,5898000.0,0.04069466581109892,1775000.0,6755000.0,0.04660774288809312,2200000.0,4555000.0,0.03142831515251875,0.17,0.17,26721000,26721000,https://www.sec.gov/Archives/edgar/data/26076/000091205700024187/0000912057-00-024187-index.html,https://www.sec.gov/Archives/edgar/data/26076/0000912057-00-024187.txt,1620590827,16:07:07,20210509
85,1999-12-31,CUB,USD,1999-12-31,1999-12-31,Q1,115400000.0,86200000.0,29200000.0,0.2530329289428076,1300000.0,19400000.0,0.0,0.0,23200000.0,109400000.0,0.0,2500000.0,8500000.0,0.07365684575389948,6000000.0,0.05199306759098787,1500000.0,6500000.0,0.05632582322357019,2400000.0,4100000.0,0.03552859618717504,0.153333,0.153333,26721000,26721000,,,1620590827,16:07:07,20210509
86,1999-09-30,CUB,USD,1999-09-30,1999-09-30,Q4,143100000.0,109900000.0,33200000.0,0.23200559049615654,1700000.0,21800000.0,0.0,0.0,26200000.0,136100000.0,0.0,2700000.0,9700000.0,0.06778476589797344,7000000.0,0.04891684136967156,-400000.0,6900000.0,0.04821802935010482,2500000.0,4400000.0,0.030747728860936407,0.1646644960892182,0.1646644960892182,26721000,26721000,,,1620590827,16:07:07,20210509
87,1999-06-30,CUB,USD,1999-08-16 00:00:00,1999-08-16 00:00:00,Q3,129300000.0,101800000.0,27500000.0,0.21268368136117555,2100000.0,18200000.0,0.0,0.0,22800000.0,124600000.0,0.0,2500000.0,7200000.0,0.05568445475638051,4700000.0,0.03634957463263728,2000000.0,5600000.0,0.04331013147718484,1900000.0,3700000.0,0.028615622583139984,0.13986,0.13986,26455026,26455026,https://www.sec.gov/Archives/edgar/data/26076/000104746999032305/0001047469-99-032305-index.html,https://www.sec.gov/Archives/edgar/data/26076/0001047469-99-032305.txt,1620590827,16:07:07,20210509
88,1999-03-31,CUB,USD,1999-05-17 00:00:00,1999-05-17 00:00:00,Q2,139600000.0,109700000.0,29900000.0,0.2141833810888252,2300000.0,19700000.0,0.0,0.0,24500000.0,134200000.0,0.0,2500000.0,7900000.0,0.05659025787965616,5400000.0,0.03868194842406877,800000.0,5000000.0,0.03581661891117478,1800000.0,3200000.0,0.022922636103151862,0.11988,0.11988,26693360,26693360,https://www.sec.gov/Archives/edgar/data/26076/000104746999020939/0001047469-99-020939-index.html,https://www.sec.gov/Archives/edgar/data/26076/0001047469-99-020939.txt,1620590827,16:07:07,20210509
89,1998-12-31,CUB,USD,1999-02-12 00:00:00,1999-02-12 00:00:00,Q1,98800000.0,74600000.0,24200000.0,0.24493927125506074,1600000.0,16000000.0,0.0,0.0,20100000.0,94700000.0,0.0,2500000.0,6600000.0,0.06680161943319839,4100000.0,0.04149797570850203,800000.0,4100000.0,0.04149797570850203,1400000.0,2700000.0,0.027327935222672066,0.0999,0.0999,27027027,27027027,https://www.sec.gov/Archives/edgar/data/26076/000104746999005461/0001047469-99-005461-index.html,https://www.sec.gov/Archives/edgar/data/26076/0001047469-99-005461.txt,1620590827,16:07:07,20210509
90,1998-09-30,CUB,USD,1998-12-29,1998-12-29,Q4,133000000.0,98900000.0,34100000.0,0.256390977443609,3900000.0,24100000.0,0.0,0.0,31700000.0,130600000.0,0.0,3700000.0,6100000.0,0.04586466165413534,2400000.0,0.01804511278195489,900000.0,2700000.0,0.02030075187969925,600000.0,2100000.0,0.015789473684210527,0.0777000000777,0.0777000000777,27027027,27027027,https://www.sec.gov/Archives/edgar/data/26076/0001047469-98-045314-index.html,https://www.sec.gov/Archives/edgar/data/26076/,1620590827,16:07:07,20210509
91,1998-06-30,CUB,USD,1998-08-14 00:00:00,1998-08-14 00:00:00,Q3,99500000.0,74300000.0,25200000.0,0.25326633165829143,2600000.0,18400000.0,0.0,0.0,23500000.0,97800000.0,0.0,2500000.0,4200000.0,0.04221105527638191,1700000.0,0.017085427135678392,1300000.0,2700000.0,0.027135678391959798,900000.0,1800000.0,0.018090452261306532,0.0666,0.0666,27027027,27027027,https://www.sec.gov/Archives/edgar/data/26076/000104746998031679/0001047469-98-031679-index.html,https://www.sec.gov/Archives/edgar/data/26076/0001047469-98-031679.txt,1620590827,16:07:07,20210509
92,1998-03-31,CUB,USD,1998-05-15 00:00:00,1998-05-15 00:00:00,Q2,89800000.0,74500000.0,15300000.0,0.17037861915367483,2600000.0,19400000.0,0.0,0.0,24400000.0,98900000.0,0.0,2400000.0,-6700000.0,-0.07461024498886415,-9100000.0,-0.10133630289532294,1100000.0,-8500000.0,-0.09465478841870824,-2800000.0,-5700000.0,-0.06347438752783964,-0.21312,-0.21312,26745495,26745495,https://www.sec.gov/Archives/edgar/data/26076/000104746998020627/0001047469-98-020627-index.html,https://www.sec.gov/Archives/edgar/data/26076/0001047469-98-020627.txt,1620590827,16:07:07,20210509
93,1997-12-31,CUB,USD,1998-02-13 00:00:00,1998-02-13 00:00:00,Q1,91800000.0,66300000.0,25500000.0,0.2777777777777778,1700000.0,18000000.0,0.0,0.0,22200000.0,88500000.0,0.0,2500000.0,5800000.0,0.06318082788671024,3300000.0,0.03594771241830065,1400000.0,4100000.0,0.044662309368191724,1500000.0,2600000.0,0.02832244008714597,0.0999,0.0999,26026026,26026026,https://www.sec.gov/Archives/edgar/data/26076/000104746998005931/0001047469-98-005931-index.html,https://www.sec.gov/Archives/edgar/data/26076/0001047469-98-005931.txt,1620590827,16:07:07,20210509
94,1997-09-30,CUB,USD,1997-09-30,1997-09-30,Q4,98100000.0,65700000.0,32400000.0,0.3302752293577982,0.0,30100000.0,0.0,0.0,28000000.0,93700000.0,0.0,2700000.0,7100000.0,0.07237512742099898,4400000.0,0.04485219164118247,1400000.0,5200000.0,0.053007135575942915,1800000.0,3400000.0,0.034658511722731905,0.1306384616691,0.1306384616691,26026026,26026026,,,1620590827,16:07:07,20210509
95,1997-06-30,CUB,USD,1997-08-13 00:00:00,1997-08-13 00:00:00,Q3,109800000.0,85800000.0,24000000.0,0.2185792349726776,1800000.0,16600000.0,0.0,0.0,20700000.0,106500000.0,0.0,2300000.0,5600000.0,0.051001821493624776,3300000.0,0.030054644808743168,1900000.0,4900000.0,0.044626593806921674,1600000.0,3300000.0,0.030054644808743168,0.11988,0.11988,27527528,27527528,https://www.sec.gov/Archives/edgar/data/26076/000091205797027674/0000912057-97-027674-index.html,https://www.sec.gov/Archives/edgar/data/26076/0000912057-97-027674.txt,1620590827,16:07:07,20210509
96,1997-03-31,CUB,USD,1997-05-14 00:00:00,1997-05-14 00:00:00,Q2,96200000.0,73600000.0,22600000.0,0.23492723492723494,1800000.0,16000000.0,0.0,0.0,19800000.0,93400000.0,0.0,2000000.0,4800000.0,0.0498960498960499,2800000.0,0.029106029106029108,1800000.0,4200000.0,0.04365904365904366,1500000.0,2700000.0,0.028066528066528068,0.0999,0.0999,27027027,27027027,https://www.sec.gov/Archives/edgar/data/26076/000091205797017485/0000912057-97-017485-index.html,https://www.sec.gov/Archives/edgar/data/26076/0000912057-97-017485.txt,1620590827,16:07:07,20210509
97,1996-12-31,CUB,USD,1997-02-13 00:00:00,1997-02-13 00:00:00,Q1,84100000.0,62900000.0,21200000.0,0.2520808561236623,1300000.0,14100000.0,0.0,0.0,17400000.0,80300000.0,0.0,2000000.0,5800000.0,0.06896551724137931,3800000.0,0.04518430439952437,1200000.0,4600000.0,0.054696789536266346,1700000.0,2900000.0,0.034482758620689655,0.10656,0.10656,27214715,27214715,https://www.sec.gov/Archives/edgar/data/26076/000091205797004937/0000912057-97-004937-index.html,https://www.sec.gov/Archives/edgar/data/26076/0000912057-97-004937.txt,1620590827,16:07:07,20210509
98,1996-09-30,CUB,USD,1996-09-30,1996-09-30,Q4,104100000.0,76000000.0,28100000.0,0.26993275696445723,0.0,22400000.0,0.0,0.0,24900000.0,100900000.0,0.0,2500000.0,5700000.0,0.05475504322766571,3200000.0,0.03073967339097022,2600000.0,5100000.0,0.04899135446685879,1800000.0,3300000.0,0.03170028818443804,0.12125792976336515,0.12125792976336515,27214715,27214715,,,1620590827,16:07:07,20210509
99,1996-06-30,CUB,USD,1996-08-13 00:00:00,1996-08-13 00:00:00,Q3,98700000.0,70200000.0,28500000.0,0.2887537993920973,0.0,19100000.0,0.0,0.0,24100000.0,94300000.0,0.0,2200000.0,6600000.0,0.0668693009118541,4400000.0,0.044579533941236066,1500000.0,5100000.0,0.05167173252279635,2000000.0,3100000.0,0.031408308004052685,0.11655,0.11655,26598027,26598027,https://www.sec.gov/Archives/edgar/data/26076/000091205796017414/0000912057-96-017414-index.html,https://www.sec.gov/Archives/edgar/data/26076/0000912057-96-017414.txt,1620590827,16:07:07,20210509
100,1996-03-31,CUB,USD,1996-05-06 00:00:00,1996-05-06 00:00:00,Q2,110900000.0,85000000.0,25900000.0,0.23354373309287646,0.0,19000000.0,0.0,0.0,22000000.0,107000000.0,0.0,3000000.0,6900000.0,0.062218214607754736,3900000.0,0.0351668169522092,1300000.0,4100000.0,0.0369702434625789,1600000.0,2500000.0,0.02254283137962128,0.09324,0.09324,26812527,26812527,https://www.sec.gov/Archives/edgar/data/26076/000091205796008209/0000912057-96-008209-index.html,https://www.sec.gov/Archives/edgar/data/26076/0000912057-96-008209.txt,1620590827,16:07:07,20210509
101,1995-12-31,CUB,USD,1996-02-14 00:00:00,1996-02-14 00:00:00,Q1,94000000.0,71900000.0,22100000.0,0.2351063829787234,0.0,15900000.0,0.0,0.0,18700000.0,90600000.0,0.0,2800000.0,6200000.0,0.06595744680851064,3400000.0,0.036170212765957444,1200000.0,3500000.0,0.03723404255319149,1300000.0,2200000.0,0.023404255319148935,0.07992,0.07992,27527528,27527528,https://www.sec.gov/Archives/edgar/data/26076/000091205796002491/0000912057-96-002491-index.html,https://www.sec.gov/Archives/edgar/data/26076/0000912057-96-002491.txt,1620590827,16:07:07,20210509
102,1995-09-30,CUB,USD,1995-09-30,1995-09-30,Q4,114100000.0,88200000.0,25900000.0,0.22699386503067484,0.0,18300000.0,0.0,0.0,22500000.0,110700000.0,0.0,4200000.0,7600000.0,0.06660823838737949,3400000.0,0.029798422436459245,600000.0,2600000.0,0.022787028921998246,600000.0,2000000.0,0.017528483786152498,0.07265454420752927,0.07265454420752927,27527528,27527528,,,1620590827,16:07:07,20210509
103,1995-06-30,CUB,USD,1995-08-14 00:00:00,1995-08-14 00:00:00,Q3,94400000.0,70900000.0,23500000.0,0.2489406779661017,0.0,18400000.0,0.0,0.0,21300000.0,92200000.0,0.0,2900000.0,5100000.0,0.05402542372881356,2200000.0,0.023305084745762712,1300000.0,2200000.0,0.023305084745762712,1000000.0,1200000.0,0.012711864406779662,0.04329,0.04329,27720028,27720028,https://www.sec.gov/Archives/edgar/data/26076/000089843095001573/0000898430-95-001573-index.html,https://www.sec.gov/Archives/edgar/data/26076/0000898430-95-001573.txt,1620590827,16:07:07,20210509
104,1995-03-31,CUB,USD,1995-05-15 00:00:00,1995-05-15 00:00:00,Q2,92000000.0,70100000.0,21900000.0,0.23804347826086958,0.0,18400000.0,0.0,0.0,21100000.0,91200000.0,0.0,2900000.0,3700000.0,0.04021739130434782,800000.0,0.008695652173913044,1500000.0,800000.0,0.008695652173913044,400000.0,400000.0,0.004347826086956522,0.01332,0.01332,30030030,30030030,https://www.sec.gov/Archives/edgar/data/26076/000089843095000872/0000898430-95-000872-index.html,https://www.sec.gov/Archives/edgar/data/26076/0000898430-95-000872.txt,1620590827,16:07:07,20210509
105,1994-12-31,CUB,USD,1995-02-14 00:00:00,1995-02-14 00:00:00,Q1,69600000.0,49000000.0,20600000.0,0.2959770114942529,0.0,14700000.0,0.0,0.0,17200000.0,66200000.0,0.0,2500000.0,5900000.0,0.08477011494252873,3400000.0,0.04885057471264368,900000.0,3300000.0,0.04741379310344827,1400000.0,1900000.0,0.027298850574712645,0.06993,0.06993,27170027,27170027,https://www.sec.gov/Archives/edgar/data/26076/000089843095000189/0000898430-95-000189-index.html,https://www.sec.gov/Archives/edgar/data/26076/0000898430-95-000189.txt,1620590827,16:07:07,20210509
106,1994-09-30,CUB,USD,1994-09-30,1994-09-30,Q4,96700000.0,71500000.0,25200000.0,0.26059979317476734,0.0,18000000.0,0.0,0.0,20900000.0,92400000.0,0.0,2900000.0,7200000.0,0.07445708376421924,4300000.0,0.04446742502585315,300000.0,2300000.0,0.023784901758014478,1100000.0,1200000.0,0.012409513960703205,0.04416631606586184,0.04416631606586184,27170027,27170027,,,1620590827,16:07:07,20210509
107,1994-06-30,CUB,USD,1994-08-15 00:00:00,1994-08-15 00:00:00,Q3,65600000.0,49000000.0,16600000.0,0.2530487804878049,0.0,15100000.0,0.0,0.0,17400000.0,66400000.0,0.0,2600000.0,1800000.0,0.027439024390243903,-800000.0,-0.012195121951219513,2000000.0,600000.0,0.009146341463414634,-300000.0,900000.0,0.013719512195121951,0.03663,0.03663,24570025,24570025,https://www.sec.gov/Archives/edgar/data/26076/000089843094000600/0000898430-94-000600-index.html,https://www.sec.gov/Archives/edgar/data/26076/0000898430-94-000600.txt,1620590827,16:07:07,20210509
108,1994-03-31,CUB,USD,1994-05-13 00:00:00,1994-05-13 00:00:00,Q2,49900000.0,36300000.0,13600000.0,0.2725450901803607,0.0,13000000.0,0.0,0.0,15200000.0,51500000.0,0.0,2400000.0,800000.0,0.01603206412825651,-1600000.0,-0.03206412825651302,2300000.0,300000.0,0.006012024048096192,100000.0,200000.0,0.004008016032064128,0.00666,0.00666,30030030,30030030,https://www.sec.gov/Archives/edgar/data/26076/000089843094000366/0000898430-94-000366-index.html,https://www.sec.gov/Archives/edgar/data/26076/0000898430-94-000366.txt,1620590827,16:07:07,20210509
109,1993-12-31,CUB,USD,1994-02-11,1994-02-11,Q1,48400000.0,35900000.0,12500000.0,0.25826446280991733,0.0,11800000.0,0.0,0.0,13800000.0,49700000.0,0.0,2000000.0,700000.0,0.014462809917355372,-1300000.0,-0.026859504132231406,2200000.0,300000.0,0.006198347107438017,100000.0,1400000.0,0.028925619834710745,0.04995,0.04995,28028028,28028028,https://www.sec.gov/Archives/edgar/data/26076/0000898430-94-000108-index.html,https://www.sec.gov/Archives/edgar/data/26076/,1620590827,16:07:07,20210509
110,1993-09-30,CUB,USD,1993-09-30,1993-09-30,Q4,54900000.0,41700000.0,13200000.0,0.24043715846994534,0.0,0.0,0.0,0.0,11500000.0,53200000.0,0.0,2600000.0,4300000.0,0.07832422586520947,1700000.0,0.030965391621129327,2300000.0,3300000.0,0.060109289617486336,1000000.0,1400000.0,0.025500910746812388,0.04972800027052032,0.04972800027052032,28153153,28153153,,,1620590827,16:07:07,20210509
111,1993-06-30,CUB,USD,1993-06-30,1993-06-30,Q3,60500000.0,45400000.0,15100000.0,0.24958677685950414,0.0,12100000.0,0.0,0.0,14500000.0,59900000.0,0.0,2400000.0,3000000.0,0.049586776859504134,600000.0,0.009917355371900827,2000000.0,2100000.0,0.03471074380165289,600000.0,1500000.0,0.024793388429752067,0.05328,0.05328,28153153,28153153,,,1620590827,16:07:07,20210509
112,1993-03-31,CUB,USD,1993-03-31,1993-03-31,Q2,52300000.0,42700000.0,9600000.0,0.1835564053537285,0.0,12800000.0,0.0,0.0,15200000.0,57900000.0,0.0,2400000.0,-3200000.0,-0.06118546845124283,-5600000.0,-0.10707456978967496,1600000.0,-4700000.0,-0.08986615678776291,-2400000.0,18300000.0,0.34990439770554493,0.666,0.666,27477477,27477477,,,1620590827,16:07:07,20210509
113,1992-12-31,CUB,USD,1992-12-31,1992-12-31,Q1,53700000.0,39300000.0,14400000.0,0.2681564245810056,0.0,12100000.0,0.0,0.0,14100000.0,53400000.0,0.0,2000000.0,2300000.0,0.04283054003724395,300000.0,0.00558659217877095,1200000.0,1100000.0,0.020484171322160148,300000.0,1200000.0,0.0223463687150838,0.04662,0.04662,25740026,25740026,,,1620590827,16:07:07,20210509
114,1992-09-30,CUB,USD,1992-09-30,1992-09-30,Q4,86000000.0,62200000.0,23800000.0,0.27674418604651163,0.0,0.0,0.0,0.0,23600000.0,85800000.0,0.0,2800000.0,3000000.0,0.03488372093023256,200000.0,0.002325581395348837,1600000.0,900000.0,0.010465116279069767,0.0,900000.0,0.010465116279069767,0.02997000002997,0.02997000002997,30030030,30030030,,,1620590827,16:07:07,20210509
115,1992-06-30,CUB,USD,1992-06-30,1992-06-30,Q3,84800000.0,61400000.0,23400000.0,0.2759433962264151,0.0,21500000.0,0.0,0.0,23800000.0,85200000.0,0.0,2300000.0,1900000.0,0.02240566037735849,-400000.0,-0.0047169811320754715,1500000.0,200000.0,0.0023584905660377358,100000.0,100000.0,0.0011792452830188679,0.00333,0.00333,30030030,30030030,,,1620590827,16:07:07,20210509
116,1992-03-31,CUB,USD,1992-03-31,1992-03-31,Q2,87900000.0,63500000.0,24400000.0,0.2775881683731513,0.0,17300000.0,0.0,0.0,19800000.0,83300000.0,0.0,2500000.0,7100000.0,0.080773606370876,4600000.0,0.05233219567690557,1500000.0,5100000.0,0.05802047781569966,1700000.0,3400000.0,0.038680318543799774,0.11988,0.11988,28361695,28361695,,,1620590827,16:07:07,20210509
117,1991-12-31,CUB,USD,1991-12-31,1991-12-31,Q1,85400000.0,63400000.0,22000000.0,0.2576112412177986,0.0,16000000.0,0.0,0.0,18300000.0,81700000.0,0.0,2300000.0,6000000.0,0.0702576112412178,3700000.0,0.04332552693208431,1400000.0,3900000.0,0.04566744730679157,1300000.0,2600000.0,0.03044496487119438,0.08991,0.08991,28917807,28917807,,,1620590827,16:07:07,20210509
118,1991-09-30,CUB,USD,1991-09-30,1991-09-30,Q4,79600000.0,61500000.0,18100000.0,0.22738693467336685,0.0,0.0,0.0,0.0,17400000.0,78900000.0,0.0,2500000.0,3200000.0,0.04020100502512563,700000.0,0.008793969849246231,2100000.0,1400000.0,0.017587939698492462,500000.0,900000.0,0.011306532663316583,0.03100344830686552,0.03100344830686552,29029029,29029029,,,1620590827,16:07:07,20210509
119,1991-06-30,CUB,USD,1991-06-30,1991-06-30,Q3,73600000.0,52700000.0,20900000.0,0.28396739130434784,0.0,14400000.0,0.0,0.0,16800000.0,69500000.0,0.0,2400000.0,6500000.0,0.08831521739130435,4100000.0,0.05570652173913043,1800000.0,4600000.0,0.0625,1700000.0,2900000.0,0.03940217391304348,0.0999,0.0999,29029029,29029029,,,1620590827,16:07:07,20210509
120,1991-03-31,CUB,USD,1991-03-31,1991-03-31,Q2,78600000.0,55400000.0,23200000.0,0.2951653944020356,0.0,13900000.0,0.0,0.0,16300000.0,71700000.0,0.0,2400000.0,9300000.0,0.1183206106870229,6900000.0,0.08778625954198473,1900000.0,7400000.0,0.09414758269720101,2800000.0,4600000.0,0.058524173027989825,0.15651,0.15651,29391093,29391093,,,1620590827,16:07:07,20210509
121,1990-12-31,CUB,USD,1990-12-31,1990-12-31,Q1,76000000.0,51400000.0,24600000.0,0.3236842105263158,0.0,15300000.0,0.0,0.0,17700000.0,69100000.0,0.0,2400000.0,9300000.0,0.12236842105263158,6900000.0,0.09078947368421053,3400000.0,9000000.0,0.11842105263157894,3400000.0,5600000.0,0.07368421052631578,0.18981,0.18981,29503187,29503187,,,1620590827,16:07:07,20210509
122,1990-09-30,CUB,USD,1990-09-30,1990-09-30,Q4,85900000.0,58600000.0,27300000.0,0.3178114086146682,0.0,0.0,0.0,0.0,21700000.0,80300000.0,0.0,2700000.0,8300000.0,0.09662398137369034,5600000.0,0.06519208381839348,2400000.0,6400000.0,0.07450523864959255,2500000.0,3900000.0,0.04540162980209546,0.12599328339498012,0.12599328339498012,30954031,30954031,,,1620590827,16:07:07,20210509
123,1990-06-30,CUB,USD,1990-06-30,1990-06-30,Q3,85600000.0,55100000.0,30500000.0,0.35630841121495327,0.0,16900000.0,0.0,0.0,19400000.0,74500000.0,0.0,2500000.0,13600000.0,0.1588785046728972,11100000.0,0.12967289719626168,1300000.0,11200000.0,0.1308411214953271,4500000.0,6700000.0,0.07827102803738317,0.21645,0.21645,30954031,30954031,,,1620590827,16:07:07,20210509
124,1990-03-31,CUB,USD,1990-03-31,1990-03-31,Q2,96300000.0,69500000.0,26800000.0,0.2782969885773624,0.0,15300000.0,0.0,0.0,17700000.0,87200000.0,0.0,2400000.0,11500000.0,0.11941848390446522,9100000.0,0.09449636552440291,1900000.0,10000000.0,0.10384215991692627,4000000.0,6000000.0,0.06230529595015576,0.18981,0.18981,31610558,31610558,,,1620590827,16:07:07,20210509
125,1989-12-31,CUB,USD,1989-12-31,1989-12-31,Q1,85000000.0,58600000.0,26400000.0,0.31058823529411766,0.0,13700000.0,0.0,0.0,16100000.0,74700000.0,0.0,2400000.0,12700000.0,0.14941176470588236,10300000.0,0.12117647058823529,2000000.0,10700000.0,0.12588235294117647,4300000.0,6400000.0,0.07529411764705882,0.20313,0.20313,31506917,31506917,,,1620590827,16:07:07,20210509
126,1989-09-30,CUB,USD,1989-09-30,1989-09-30,Q4,100600000.0,0.0,0.0,0.0,0.0,0.0,0.0,0.0,0.0,0.0,0.0,0.0,-222300000.0,-2.209741550695825,-222300000.0,-2.209741550695825,0.0,0.0,0.0,0.0,0.0,0.0,0.0,0.0,32777778,32777778,,,1620590827,16:07:07,20210509
127,1989-06-30,CUB,USD,1989-06-30,1989-06-30,Q3,84500000.0,0.0,0.0,0.0,0.0,0.0,0.0,0.0,0.0,0.0,0.0,0.0,84500000.0,1.0,84500000.0,1.0,0.0,0.0,0.0,0.0,0.0,0.0,0.27639,0.27639,32777778,32777778,,,1620590827,16:07:07,20210509
128,1989-03-31,CUB,USD,1989-03-31,1989-03-31,Q2,86400000.0,0.0,0.0,0.0,0.0,0.0,0.0,0.0,0.0,0.0,0.0,0.0,86400000.0,1.0,86400000.0,1.0,0.0,0.0,0.0,0.0,0.0,0.0,0.1665,0.1665,33012012,33012012,,,1620590827,16:07:07,20210509
129,1988-12-31,CUB,USD,1988-12-31,1988-12-31,Q1,86300000.0,0.0,0.0,0.0,0.0,0.0,0.0,0.0,0.0,0.0,0.0,0.0,86300000.0,1.0,86300000.0,1.0,0.0,0.0,0.0,0.0,0.0,0.0,0.10989,0.10989,34438438,34438438,,,1620590827,16:07:07,20210509
130,1988-09-30,CUB,USD,1988-09-30,1988-09-30,Q4,95700000.0,0.0,0.0,0.0,0.0,0.0,0.0,0.0,0.0,0.0,0.0,0.0,-253700000.0,-2.650992685475444,-253700000.0,-2.650992685475444,0.0,0.0,0.0,0.0,0.0,0.0,0.0,0.0,33951952,33951952,,,1620590827,16:07:07,20210509
131,1988-06-30,CUB,USD,1988-06-30,1988-06-30,Q3,88900000.0,0.0,0.0,0.0,0.0,0.0,0.0,0.0,0.0,0.0,0.0,0.0,88900000.0,1.0,88900000.0,1.0,0.0,0.0,0.0,0.0,0.0,0.0,0.10989,0.10989,33951952,33951952,,,1620590827,16:07:07,20210509
132,1988-03-31,CUB,USD,1988-03-31,1988-03-31,Q2,92900000.0,0.0,0.0,0.0,0.0,0.0,0.0,0.0,0.0,0.0,0.0,0.0,92900000.0,1.0,92900000.0,1.0,0.0,0.0,0.0,0.0,0.0,0.0,0.0666,0.0666,34438438,34438438,,,1620590827,16:07:07,20210509
133,1987-12-31,CUB,USD,1987-12-31,1987-12-31,Q1,87400000.0,0.0,0.0,0.0,0.0,0.0,0.0,0.0,0.0,0.0,0.0,0.0,87400000.0,1.0,87400000.0,1.0,0.0,0.0,0.0,0.0,0.0,0.0,0.04995,0.04995,34438438,34438438,,,1620590827,16:07:07,20210509
134,1987-09-30,CUB,USD,1987-09-30,1987-09-30,Q4,90600000.0,0.0,0.0,0.0,0.0,0.0,0.0,0.0,0.0,0.0,0.0,0.0,-253200000.0,-2.794701986754967,-253200000.0,-2.794701986754967,0.0,0.0,0.0,0.0,0.0,0.0,0.0,0.0,35027027,35027027,,,1620590827,16:07:07,20210509
135,1987-06-30,CUB,USD,1987-06-30,1987-06-30,Q3,90200000.0,0.0,0.0,0.0,0.0,0.0,0.0,0.0,0.0,0.0,0.0,0.0,90200000.0,1.0,90200000.0,1.0,0.0,0.0,0.0,0.0,0.0,0.0,0.07326,0.07326,35027027,35027027,,,1620590827,16:07:07,20210509
136,1987-03-31,CUB,USD,1987-03-31,1987-03-31,Q2,88700000.0,0.0,0.0,0.0,0.0,0.0,0.0,0.0,0.0,0.0,0.0,0.0,88700000.0,1.0,88700000.0,1.0,0.0,0.0,0.0,0.0,0.0,0.0,0.05994,0.05994,35027027,35027027,,,1620590827,16:07:07,20210509
137,1986-12-31,CUB,USD,1986-12-31,1986-12-31,Q1,88100000.0,0.0,0.0,0.0,0.0,0.0,0.0,0.0,0.0,0.0,0.0,0.0,88100000.0,1.0,88100000.0,1.0,0.0,0.0,0.0,0.0,0.0,0.0,0.07326,0.07326,35027027,35027027,,,1620590827,16:07:07,20210509
138,1986-09-30,CUB,USD,1986-09-30,1986-09-30,Q4,96600000.0,0.0,0.0,0.0,0.0,0.0,0.0,0.0,0.0,0.0,0.0,0.0,-241500000.0,-2.5,-241500000.0,-2.5,0.0,0.0,0.0,0.0,0.0,0.0,0.0,0.0,35045045,35045045,,,1620590827,16:07:07,20210509
139,1986-06-30,CUB,USD,1986-06-30,1986-06-30,Q3,74800000.0,0.0,0.0,0.0,0.0,0.0,0.0,0.0,0.0,0.0,0.0,0.0,74800000.0,1.0,74800000.0,1.0,0.0,0.0,0.0,0.0,0.0,0.0,-0.08325,-0.08325,35045045,35045045,,,1620590827,16:07:07,20210509
140,1986-03-31,CUB,USD,1986-03-31,1986-03-31,Q2,85300000.0,0.0,0.0,0.0,0.0,0.0,0.0,0.0,0.0,0.0,0.0,0.0,85300000.0,1.0,85300000.0,1.0,0.0,0.0,0.0,0.0,0.0,0.0,0.00999,0.00999,35045045,35045045,,,1620590827,16:07:07,20210509
141,1985-12-31,CUB,USD,1985-12-31,1985-12-31,Q1,81000000.0,0.0,0.0,0.0,0.0,0.0,0.0,0.0,0.0,0.0,0.0,0.0,81000000.0,1.0,81000000.0,1.0,0.0,0.0,0.0,0.0,0.0,0.0,0.0333,0.0333,35018018,35018018,,,1620590827,16:07:07,20210509
142,1985-09-30,CUB,USD,1985-09-30,1985-09-30,Q4,90600000.0,0.0,0.0,0.0,0.0,0.0,0.0,0.0,0.0,0.0,0.0,0.0,-220200000.0,-2.4304635761589406,-220200000.0,-2.4304635761589406,0.0,0.0,0.0,0.0,0.0,0.0,0.0,0.0,35018018,35018018,,,1620590827,16:07:07,20210509
