,date,symbol,reportedCurrency,fillingDate,acceptedDate,period,revenue,costOfRevenue,grossProfit,grossProfitRatio,researchAndDevelopmentExpenses,generalAndAdministrativeExpenses,sellingAndMarketingExpenses,otherExpenses,operatingExpenses,costAndExpenses,interestExpense,depreciationAndAmortization,ebitda,ebitdaratio,operatingIncome,operatingIncomeRatio,totalOtherIncomeExpensesNet,incomeBeforeTax,incomeBeforeTaxRatio,incomeTaxExpense,netIncome,netIncomeRatio,eps,epsdiluted,weightedAverageShsOut,weightedAverageShsOutDil,link,finalLink,timestamp,est_time,est_date
0,2020-12-31,TIRUMALCHM.NS,INR,2020-12-31,2020-12-31,Q4,3177800000,1812300000,1365500000,0.4296997923091447,0.0,0.0,0.0,16800000.0,757100000,2569400000,52900000.0,125200000,733600000,0.23085153250676568,608400000,0.1914532066209327,0.0,672300000.0,0.21156145761218453,206400000.0,365900000.0,0.11514255145068916,3.57,3.57,102492997,102492997,https://www.nseindia.com/companies-listing/corporate-filings-annual-reports,https://www.nseindia.com/companies-listing/corporate-filings-annual-reports,1620598829,18:20:29,20210509
1,2020-09-30,TIRUMALCHM.NS,INR,2020-09-30,2020-09-30,Q3,2677100000,1712900000,964200000,0.36016585110754173,0.0,0.0,0.0,7200000.0,662200000,2375100000,45500000.0,124500000,426500000,0.15931418325800306,302000000,0.11280863621082515,0.0,263700000.0,0.09850211049269732,98400000.0,165300000.0,0.061745919091554295,1.61,1.61,102670807,102670807,https://www.nseindia.com/companies-listing/corporate-filings-annual-reports,https://www.nseindia.com/companies-listing/corporate-filings-annual-reports,1620598829,18:20:29,20210509
2,2020-06-30,TIRUMALCHM.NS,INR,2020-06-30,2020-06-30,Q2,1134900000,898100000,236800000,0.20865274473521897,0.0,0.0,0.0,37200000.0,494000000,1392100000,49800000.0,123700000,-133500000,-0.1176315093840867,-257200000,-0.22662789673098951,0.0,-269800000.0,-0.23773019649308308,-68800000.0,-201000000.0,-0.17710811525244516,-1.96,-1.96,102551020,102551020,https://www.nseindia.com/companies-listing/corporate-filings-annual-reports,https://www.nseindia.com/companies-listing/corporate-filings-annual-reports,1620598829,18:20:29,20210509
3,2020-03-31,TIRUMALCHM.NS,INR,2020-03-31,2020-03-31,Q1,2790000000,2364800000,425200000,0.15240143369175627,0.0,0.0,0.0,-96300000.0,374700000,2739500000,27400000.0,120900000,171400000,0.061433691756272404,50500000,0.01810035842293907,0.0,35100000.0,0.012580645161290323,10800000.0,24300000.0,0.008709677419354838,0.23667876692544162,0.23667876692544162,102670807,102670807,https://www.nseindia.com/companies-listing/corporate-filings-annual-reports,https://www.nseindia.com/companies-listing/corporate-filings-annual-reports,1620598829,18:20:29,20210509
4,2019-12-31,TIRUMALCHM.NS,INR,2019-12-31,2019-12-31,Q4,2447600000,1772300000,675300000,0.27590292531459387,0.0,0.0,0.0,18800000.0,646600000,2418900000,45600000.0,116000000,144700000,0.059119137113907504,28700000,0.01172577218499755,0.0,1900000.0,0.0007762706324562837,14800000.0,-12900000.0,-0.0052704690308874,-0.13,-0.13,99230769,99230769,https://www.nseindia.com/companies-listing/corporate-filings-annual-reports,https://www.nseindia.com/companies-listing/corporate-filings-annual-reports,1620598829,18:20:29,20210509
5,2019-09-30,TIRUMALCHM.NS,INR,2019-09-30,2019-09-30,Q3,2686000000,1865900000,820100000,0.3053239017125838,0.0,0.0,0.0,71700000.0,701500000,2567400000,37300000.0,110000000,228600000,0.08510796723752792,118600000,0.04415487714072971,0.0,153000000.0,0.056962025316455694,53600000.0,99400000.0,0.03700670141474311,0.97,0.97,102474227,102474227,https://www.nseindia.com/companies-listing/corporate-filings-annual-reports,https://www.nseindia.com/companies-listing/corporate-filings-annual-reports,1620598829,18:20:29,20210509
6,2019-06-30,TIRUMALCHM.NS,INR,2019-06-30,2019-06-30,Q2,2900600000,2004500000,896100000,0.30893608218989177,0.0,0.0,0.0,23000000.0,696500000,2701000000,31000000.0,93800000,293400000,0.10115148589946908,199600000,0.06881334896228367,0.0,191600000.0,0.0660552989036751,70700000.0,120900000.0,0.041681031510721916,-1.3,-1.3,102388120,102388120,https://www.nseindia.com/companies-listing/corporate-filings-annual-reports,https://www.nseindia.com/companies-listing/corporate-filings-annual-reports,1620598829,18:20:29,20210509
7,2019-03-31,TIRUMALCHM.NS,INR,2019-03-31,2019-03-31,Q1,3122100000,2562100000,560000000,0.17936645206751867,0.0,0.0,0.0,-96400000.0,265000000,2827100000,-13600000.0,90600000,385600000,0.12350661413792,295000000,0.09448768457128215,0.0,241500000.0,0.07735178245411742,64200000.0,177300000.0,0.056788699913519744,1.726878410530074,1.726878410530074,102670807,102670807,https://www.nseindia.com/companies-listing/corporate-filings-annual-reports,https://www.nseindia.com/companies-listing/corporate-filings-annual-reports,1620598829,18:20:29,20210509
8,2018-12-31,TIRUMALCHM.NS,INR,2018-12-31,2018-12-31,Q4,3235500000,2370700000,864800000,0.2672848091485087,0.0,0.0,0.0,24700000.0,684500000,3055200000,40500000.0,82900000,263200000,0.0813475506104157,180300000,0.05572554473806212,0.0,164500000.0,0.05084221913150981,50100000.0,114400000.0,0.03535774996136609,1.12,1.12,102142857,102142857,https://www.nseindia.com/companies-listing/corporate-filings-annual-reports,https://www.nseindia.com/companies-listing/corporate-filings-annual-reports,1620598829,18:20:29,20210509
9,2018-09-30,TIRUMALCHM.NS,INR,2018-09-30,2018-09-30,Q3,3633600000,2169400000,1464200000,0.4029612505504183,0.0,0.0,0.0,41700000.0,677700000,2847100000,24000000.0,93000000,879500000,0.24204645530603258,786500000,0.21645200352267724,0.0,804200000.0,0.22132320563628358,273200000.0,531000000.0,0.14613606340819021,5.19,5.19,102312139,102312139,https://www.nseindia.com/companies-listing/corporate-filings-annual-reports,https://www.nseindia.com/companies-listing/corporate-filings-annual-reports,1620598829,18:20:29,20210509
10,2018-06-30,TIRUMALCHM.NS,INR,2018-06-30,2018-06-30,Q2,2584200000,1420400000,1163800000,0.4503521399272502,0.0,0.0,0.0,48500000.0,718400000,2138800000,15500000.0,94600000,540000000,0.20896215463199444,445400000,0.1723550808760932,0.0,478400000.0,0.18512499032582616,165400000.0,313000000.0,0.12112065629595233,3.057,3.057,102387962,102387962,https://www.nseindia.com/companies-listing/corporate-filings-annual-reports,https://www.nseindia.com/companies-listing/corporate-filings-annual-reports,1620598829,18:20:29,20210509
11,2018-03-31,TIRUMALCHM.NS,INR,2018-03-31,2018-03-31,Q1,3307100000,1971800000,1335300000,0.40376765141664905,0.0,0.0,0.0,0.0,712300000,2684100000,13100000.0,90600000,713600000,0.21577817423119955,623000000,0.18838257083245138,0.0,609900000.0,0.18442139638958605,212900000.0,397000000.0,0.12004475219981252,3.877,3.877,102398762,102398762,https://www.nseindia.com/companies-listing/corporate-filings-annual-reports,https://www.nseindia.com/companies-listing/corporate-filings-annual-reports,1620598829,18:20:29,20210509
12,2017-12-31,TIRUMALCHM.NS,INR,2017-12-31,2017-12-31,Q4,3456200000,2029400000,1426800000,0.41282333198310284,0.0,0.0,0.0,0.0,680900000,2710300000,37300000.0,70100000,816000000,0.23609744806434813,745900000,0.21581505699901626,0.0,708600000.0,0.20502285747352583,194000000.0,514600000.0,0.14889184653665877,5.026,5.026,102387585,102387585,https://www.nseindia.com/companies-listing/corporate-filings-annual-reports,https://www.nseindia.com/companies-listing/corporate-filings-annual-reports,1620598829,18:20:29,20210509
13,2017-09-30,TIRUMALCHM.NS,INR,2017-09-30,2017-09-30,Q3,3123600000,1777300000,1346300000,0.43100909207324883,0.0,0.0,0.0,0.0,614700000,2392000000,31100000.0,73000000,804600000,0.2575873991548214,731600000,0.23421692918427456,0.0,700500000.0,0.2242604686899731,237400000.0,463100000.0,0.1482584197720579,4.523,4.523,102387796,102387796,https://www.nseindia.com/companies-listing/corporate-filings-annual-reports,https://www.nseindia.com/companies-listing/corporate-filings-annual-reports,1620598829,18:20:29,20210509
14,2017-06-30,TIRUMALCHM.NS,INR,2017-06-30,2017-06-30,Q2,3232700000,2045100000,1187600000,0.36737092832616697,0.0,0.0,0.0,0.0,627400000,2672500000,46800000.0,71800000,632000000,0.19550221177344015,560200000,0.1732916756890525,0.0,513400000.0,0.15881461317165219,181300000.0,332100000.0,0.10273146286385994,3.243,3.243,102405180,102405180,https://www.nseindia.com/companies-listing/corporate-filings-annual-reports,https://www.nseindia.com/companies-listing/corporate-filings-annual-reports,1620598829,18:20:29,20210509
15,2017-03-31,TIRUMALCHM.NS,INR,2017-03-31,2017-03-31,Q1,3105300000,2076300000,1029000000,0.33136894985991694,0.0,0.0,0.0,0.0,703700000,2780000000,47200000.0,141000000,466300000,0.15016262518919268,325300000,0.10475638424628861,0.0,278100000.0,0.08955656458313206,94600000.0,183500000.0,0.05909251924129714,1.792,1.792,102399554,102399554,https://www.nseindia.com/companies-listing/corporate-filings-annual-reports,https://www.nseindia.com/companies-listing/corporate-filings-annual-reports,1620598829,18:20:29,20210509
16,2016-12-31,TIRUMALCHM.NS,INR,2016-12-31,2016-12-31,Q4,2485100000,1605100000,880000000,0.3541104985714861,0.0,0.0,0.0,0.0,571600000,2176700000,38400000.0,92400000,400800000,0.16128123616755866,308400000,0.12409963381755261,0.0,270000000.0,0.10864753933443322,114100000.0,155900000.0,0.06273389400828941,1.522,1.522,102431012,102431012,https://www.nseindia.com/companies-listing/corporate-filings-annual-reports,https://www.nseindia.com/companies-listing/corporate-filings-annual-reports,1620598829,18:20:29,20210509
17,2016-09-30,TIRUMALCHM.NS,INR,2016-09-30,2016-09-30,Q3,2545800000,1707300000,838500000,0.32936601461230264,0.0,0.0,0.0,0.0,557000000,2264300000,30300000.0,49500000,331000000,0.1300180689763532,281500000,0.11057427920496504,0.0,251200000.0,0.09867232304187289,87300000.0,163900000.0,0.06438054835415194,1.601,1.601,102373517,102373517,https://www.nseindia.com/companies-listing/corporate-filings-annual-reports,https://www.nseindia.com/companies-listing/corporate-filings-annual-reports,1620598829,18:20:29,20210509
18,2016-06-30,TIRUMALCHM.NS,INR,2016-06-30,2016-06-30,Q2,2191400000,1387900000,803500000,0.3666605822761705,0.0,0.0,0.0,0.0,459200000,1847100000,51300000.0,48100000,392400000,0.1790636123026376,344300000,0.15711417358766086,0.0,293000000.0,0.13370448115360045,90600000.0,202400000.0,0.09236104773204344,1.977,1.977,102377339,102377339,https://www.nseindia.com/companies-listing/corporate-filings-annual-reports,https://www.nseindia.com/companies-listing/corporate-filings-annual-reports,1620598829,18:20:29,20210509
19,2016-03-31,TIRUMALCHM.NS,INR,2016-03-31,2016-03-31,Q1,2429400000,1635900000,793500000,0.3266238577426525,0.0,0.0,0.0,0.0,405900000,2041800000,61900000.0,63000000,450600000,0.18547789577673499,387600000,0.1595455668066189,0.0,325700000.0,0.13406602453280644,90300000.0,235400000.0,0.09689635300897341,2.299,2.299,102392344,102392344,https://www.nseindia.com/companies-listing/corporate-filings-annual-reports,https://www.nseindia.com/companies-listing/corporate-filings-annual-reports,1620598829,18:20:29,20210509
20,2015-12-31,TIRUMALCHM.NS,INR,2015-12-31,2015-12-31,Q4,2047700000,1499200000,548500000,0.26786150314987545,0.0,0.0,0.0,0.0,454500000,1953700000,42400000.0,47600000,141600000,0.06915075450505445,94000000,0.045905161888948574,0.0,51600000.0,0.025199003760316453,6900000.0,44700000.0,0.021829369536553206,0.437,0.437,102288330,102288330,https://www.nseindia.com/companies-listing/corporate-filings-annual-reports,https://www.nseindia.com/companies-listing/corporate-filings-annual-reports,1620598829,18:20:29,20210509
21,2015-09-30,TIRUMALCHM.NS,INR,2015-09-30,2015-09-30,Q3,2661400000,1780100000,881300000,0.3311415044713309,0.0,0.0,0.0,0.0,521100000,2301200000,61400000.0,50000000,410200000,0.15412940557601262,360200000,0.13534230104456302,0.0,298800000.0,0.11227173667994289,108000000.0,190200000.0,0.07146614563763433,1.864,1.864,102038627,102038627,https://www.nseindia.com/companies-listing/corporate-filings-annual-reports,https://www.nseindia.com/companies-listing/corporate-filings-annual-reports,1620598829,18:20:29,20210509
22,2015-06-30,TIRUMALCHM.NS,INR,2015-06-30,2015-06-30,Q2,2661400000,1780100000,881300000,0.3311415044713309,0.0,0.0,0.0,0.0,521100000,2301200000,61400000.0,50000000,410200000,0.15412940557601262,360200000,0.13534230104456302,0.0,298800000.0,0.11227173667994289,108000000.0,190800000.0,0.07169159089201173,1.864,1.864,102360515,102360515,https://www.nseindia.com/companies-listing/corporate-filings-annual-reports,https://www.nseindia.com/companies-listing/corporate-filings-annual-reports,1620598829,18:20:29,20210509
23,2015-03-31,TIRUMALCHM.NS,INR,2015-03-31,2015-03-31,Q1,2241386057,1599043003,642343054,0.2865829614643668,0.0,0.0,0.0,0.0,584651299,2183694302,0.0,42361102,100052857,0.044638832604284376,57691755,0.025739320908071482,0.0,41371129.0,0.018457832764148405,68018354.0,-26647225.0,-0.011888726137462538,-0.25954042613106176,-0.25954042613106176,102670807,102670807,https://www.nseindia.com/companies-listing/corporate-filings-annual-reports,https://www.nseindia.com/companies-listing/corporate-filings-annual-reports,1620598829,18:20:29,20210509
24,2014-12-31,TIRUMALCHM.NS,INR,2014-12-31,2014-12-31,Q4,2589900000,2199300000,390600000,0.15081663384686667,0.0,0.0,0.0,0.0,482700000,2682000000,0.0,45400000,-46700000,-0.018031584231051393,-92100000,-0.03556121857986795,0.0,-173900000.0,-0.06714544963125989,-27600000.0,-146300000.0,-0.05648866751612031,-1.429,-1.429,102379286,102379286,https://www.nseindia.com/companies-listing/corporate-filings-annual-reports,https://www.nseindia.com/companies-listing/corporate-filings-annual-reports,1620598829,18:20:29,20210509
25,2014-09-30,TIRUMALCHM.NS,INR,2014-09-30,2014-09-30,Q3,2820100000,2174000000,646100000,0.2291053508740825,0.0,0.0,0.0,0.0,471800000,2645800000,0.0,45900000,220200000,0.07808233750576221,174300000,0.06180631892486082,0.0,85300000.0,0.030247154356228503,44000000.0,41300000.0,0.01464487074926421,0.403,0.403,102481390,102481390,https://www.nseindia.com/companies-listing/corporate-filings-annual-reports,https://www.nseindia.com/companies-listing/corporate-filings-annual-reports,1620598829,18:20:29,20210509
26,2014-06-30,TIRUMALCHM.NS,INR,2014-06-30,2014-06-30,Q2,3071100000,2538100000,533000000,0.17355344990394322,0.0,0.0,0.0,0.0,442100000,2980200000,0.0,44500000,135400000,0.044088437367718405,90900000,0.02959851518999707,0.0,-22400000.0,-0.007293803523167595,-15300000.0,-7200000.0,-0.002344436846732441,-0.07,-0.07,102857143,102857143,https://www.nseindia.com/companies-listing/corporate-filings-annual-reports,https://www.nseindia.com/companies-listing/corporate-filings-annual-reports,1620598829,18:20:29,20210509
27,2014-03-31,TIRUMALCHM.NS,INR,2014-03-31,2014-03-31,Q1,2980983365,2490949200,490034165,0.16438674926990074,0.0,0.0,0.0,0.0,520986372,3011935572,0.0,55544190,24591983,0.008249621010548646,-30952207,-0.010383220303545706,0.0,-128779407.0,-0.04320031051229969,-53447795.0,-75331612.0,-0.02527072538695633,-0.7337198781343951,-0.7337198781343951,102670807,102670807,https://www.nseindia.com/companies-listing/corporate-filings-annual-reports,https://www.nseindia.com/companies-listing/corporate-filings-annual-reports,1620598829,18:20:29,20210509
28,2013-12-31,TIRUMALCHM.NS,INR,2013-12-31,2013-12-31,Q4,2882400000,2277200000,605200000,0.2099639189564252,0.0,0.0,0.0,0.0,417000000,2694200000,0.0,58300000,246500000,0.08551901193449903,188200000,0.06529281154593394,0.0,78900000.0,0.02737302248126561,22500000.0,56400000.0,0.019567027477102414,0.551,0.551,102388120,102388120,https://www.nseindia.com/companies-listing/corporate-filings-annual-reports,https://www.nseindia.com/companies-listing/corporate-filings-annual-reports,1620598829,18:20:29,20210509
29,2013-09-30,TIRUMALCHM.NS,INR,2013-09-30,2013-09-30,Q3,3777000000,2935800000,841200000,0.2227164416203336,0.0,0.0,0.0,0.0,489300000,3425100000,0.0,58600000,410500000,0.10868414085252846,351900000,0.0931691818903892,0.0,243800000.0,0.06454858353190362,86500000.0,157300000.0,0.041646809637278265,1.536,1.536,102388120,102388120,https://www.nseindia.com/companies-listing/corporate-filings-annual-reports,https://www.nseindia.com/companies-listing/corporate-filings-annual-reports,1620598829,18:20:29,20210509
30,2013-06-30,TIRUMALCHM.NS,INR,2013-06-30,2013-06-30,Q2,3122000000,2543000000,579000000,0.1854580397181294,0.0,0.0,0.0,0.0,491500000,3034500000,0.0,57500000,145000000,0.046444586803331196,87500000,0.028026905829596414,0.0,-45300000.0,-0.014509929532351057,-25500000.0,-19800000.0,-0.006342088404868674,-0.193,-0.193,102388120,102388120,https://www.nseindia.com/companies-listing/corporate-filings-annual-reports,https://www.nseindia.com/companies-listing/corporate-filings-annual-reports,1620598829,18:20:29,20210509
31,2013-03-31,TIRUMALCHM.NS,INR,2013-03-31,2013-03-31,Q1,3476995234,2754645103,722350131,0.20775125715918655,0.0,0.0,0.0,0.0,547016748,3301661851,0.0,60095428,235428811,0.0677104209686127,175333383,0.05042669638585993,0.0,96635003.0,0.02779267628987495,46239032.0,25691413.0,0.007388969863626796,0.2502309444202577,0.2502309444202577,102670807,102670807,https://www.nseindia.com/companies-listing/corporate-filings-annual-reports,https://www.nseindia.com/companies-listing/corporate-filings-annual-reports,1620598829,18:20:29,20210509
32,2012-12-31,TIRUMALCHM.NS,INR,2012-12-31,2012-12-31,Q4,3262900000,2498000000,764900000,0.23442336571761316,0.0,0.0,0.0,0.0,502800000,3000800000,0.0,56500000,318600000,0.09764320083361427,262100000,0.08032731619111833,0.0,127800000.0,0.03916761163382267,27100000.0,100700000.0,0.03086211652211223,0.983,0.983,102387520,102387520,https://www.nseindia.com/companies-listing/corporate-filings-annual-reports,https://www.nseindia.com/companies-listing/corporate-filings-annual-reports,1620598829,18:20:29,20210509
33,2012-09-30,TIRUMALCHM.NS,INR,2012-09-30,2012-09-30,Q3,3440000000,2688900000,751100000,0.21834302325581395,0.0,0.0,0.0,0.0,484800000,3173700000,0.0,56800000,323100000,0.09392441860465116,266300000,0.07741279069767441,0.0,124000000.0,0.03604651162790698,28600000.0,95400000.0,0.027732558139534885,0.931,0.931,102388120,102388120,https://www.nseindia.com/companies-listing/corporate-filings-annual-reports,https://www.nseindia.com/companies-listing/corporate-filings-annual-reports,1620598829,18:20:29,20210509
34,2012-06-30,TIRUMALCHM.NS,INR,2012-06-30,2012-06-30,Q2,3535200000,2623300000,911900000,0.257948630911971,0.0,0.0,0.0,0.0,480200000,3103500000,0.0,55200000,486900000,0.13772912423625255,431700000,0.12211473183978276,0.0,296200000.0,0.08378592441728898,79900000.0,216300000.0,0.0611846571622539,2.112,2.112,102388120,102388120,https://www.nseindia.com/companies-listing/corporate-filings-annual-reports,https://www.nseindia.com/companies-listing/corporate-filings-annual-reports,1620598829,18:20:29,20210509
