,date,symbol,reportedCurrency,fillingDate,acceptedDate,period,revenue,costOfRevenue,grossProfit,grossProfitRatio,researchAndDevelopmentExpenses,generalAndAdministrativeExpenses,sellingAndMarketingExpenses,otherExpenses,operatingExpenses,costAndExpenses,interestExpense,depreciationAndAmortization,ebitda,ebitdaratio,operatingIncome,operatingIncomeRatio,totalOtherIncomeExpensesNet,incomeBeforeTax,incomeBeforeTaxRatio,incomeTaxExpense,netIncome,netIncomeRatio,eps,epsdiluted,weightedAverageShsOut,weightedAverageShsOutDil,link,finalLink,timestamp,est_time,est_date
0,2020-12-31,AGI,USD,2020-12-31,2020-12-31,Q4,226600000.0,135800000.0,90800000.0,0.4007060900264784,0.0,6900000.0,0.0,1800000.0,9500000.0,145300000.0,1300000.0,46500000.0,127800000.0,0.5639894086496028,81300000.0,0.3587819947043248,5800000.0,85800000.0,0.3786407766990291,8900000.0,76900000.0,0.3393645189761695,0.19639742257114617,0.19639742257114617,391553000.0,391553000.0,,,1620586308,14:51:48,20210509
1,2020-09-30,AGI,USD,2020-09-30,2020-09-30,Q3,218400000.0,122600000.0,95800000.0,0.43864468864468864,0.0,6300000.0,0.0,-1900000.0,7800000.0,130400000.0,1000000.0,43600000.0,131600000.0,0.6025641025641025,88000000.0,0.40293040293040294,-1100000.0,85900000.0,0.3933150183150183,18000000.0,67900000.0,0.3108974358974359,0.17341202851210435,0.17162023147247127,391553000.0,395641000.0,,,1620586308,14:51:48,20210509
2,2020-06-30,AGI,USD,2020-07-08 00:00:00,2020-07-08 15:33:47,Q2,126200000.0,69600000.0,56600000.0,0.44849445324881143,1100000.0,9700000.0,0.0,0.0,10800000.0,114100000.0,-3400000.0,27200000.000000004,39300000.0,0.3114104595879556,12100000.0,0.09587955625990491,-2700000.0,6000000.0,0.04754358161648178,-5700000.0,11700000.0,0.09270998415213946,0.02963,0.02963,394897000.0,394897000.0,https://www.sec.gov/Archives/edgar/data/1178819/000117881920000051/0001178819-20-000051-index.htm,https://www.sec.gov/Archives/edgar/data/1178819/000117881920000051/a6kq22020resultsandconfere.htm,1620586308,14:51:48,20210509
3,2020-03-31,AGI,USD,2020-04-01 00:00:00,2020-04-01 13:29:52,Q1,176900000.0,84900000.0,92000000.0,0.5200678349349915,2000000.0,8400000.0,0.0,0.0,10400000.0,130699999.99999999,-6000000.0,35400000.0,81600000.0,0.4612775579423403,46200000.0,0.26116449971735445,300000.0,40500000.0,0.22894290559638214,52800000.0,-12300000.0,-0.06953080836630865,-0.03143,-0.03143,391341000.0,391341000.0,https://www.sec.gov/Archives/edgar/data/1178819/000117881920000028/0001178819-20-000028-index.html,https://www.sec.gov/Archives/edgar/data/1178819/000117881920000028/a6kalamos2020recorddateand.htm,1620586308,14:51:48,20210509
4,2019-12-31,AGI,USD,2020-01-16 00:00:00,2020-01-16 11:34:35,Q4,186000000.0,91800000.0,94200000.0,0.5064516129032258,1700000.0,6700000.0,0.0,0.0,8400000.0,144400000.0,2700000.0,44200000.0,85800000.0,0.4612903225806452,41600000.0,0.22365591397849463,-500000.0,43800000.0,0.23548387096774193,5800000.0,38000000.0,0.20430107526881722,0.09641,0.09641,394159000.0,394159000.0,https://www.sec.gov/Archives/edgar/data/1178819/000117881920000004/0001178819-20-000004-index.html,https://www.sec.gov/Archives/edgar/data/1178819/000117881920000004/a6kislandgoldexplorationup.htm,1620586308,14:51:48,20210509
5,2019-09-30,AGI,USD,2019-10-07 00:00:00,2019-10-07 09:16:21,Q3,172900000.0,87200000.0,85700000.0,0.4956622325043378,1900000.0,6200000.0,0.0,0.0,8100000.0,135400000.0,-1200000.0,40099999.99999999,77600000.0,0.44881434355118566,37500000.0,0.21688837478311163,1100000.0,37400000.0,0.21631000578369,19700000.0,17700000.0,0.10237131289762869,0.04488,0.04488,394355000.0,394355000.0,https://www.sec.gov/Archives/edgar/data/1178819/000117881919000059/0001178819-19-000059-index.html,https://www.sec.gov/Archives/edgar/data/1178819/000117881919000059/a6kq32019resultsandconfere.htm,1620586308,14:51:48,20210509
6,2019-06-30,AGI,USD,2019-07-05 00:00:00,2019-07-05 09:49:24,Q2,168100000.0,89800000.0,78300000.0,0.46579417013682334,1500000.0,7300000.0,0.0,0.0,8800000.0,139900000.0,-5000000.0,41300000.00000001,69500000.0,0.4134443783462225,28200000.0,0.16775728732897086,-3400000.0,27100000.0,0.16121356335514575,3500000.0,23600000.0,0.1403926234384295,0.06005,0.06005,392974000.0,392974000.0,https://www.sec.gov/Archives/edgar/data/1178819/000117881919000049/0001178819-19-000049-index.html,https://www.sec.gov/Archives/edgar/data/1178819/000117881919000049/a6kq22019resultsandconfere.htm,1620586308,14:51:48,20210509
7,2019-03-31,AGI,USD,2019-04-01 00:00:00,2019-04-01 10:19:47,Q1,156100000.0,87600000.0,68500000.0,0.438821268417681,1600000.0,8800000.0,0.0,0.0,10400000.0,137400000.0,700000.0,39400000.0,58100000.0,0.3721973094170404,18700000.0,0.11979500320307496,1200000.0,20600000.0,0.13196668802049968,3800000.0,16800000.0,0.10762331838565023,0.04262,0.04262,394196000.0,394196000.0,https://www.sec.gov/Archives/edgar/data/1178819/000117881919000026/0001178819-19-000026-index.html,https://www.sec.gov/Archives/edgar/data/1178819/000117881919000026/a6kpressreleaseresaleofpor.htm,1620586308,14:51:48,20210509
8,2018-12-31,AGI,USD,2019-01-11 00:00:00,2019-01-11 09:31:14,Q4,163100000.0,101000000.0,62100000.0,0.3807480073574494,2500000.0,4800000.0,0.0,0.0,7300000.0,214400000.0,-4700000.0,42099999.99999999,-9200000.000000007,-0.056407112201103664,-51300000.0,-0.31453096259963215,-2900000.0,-63300000.0,-0.38810545677498465,8200000.0,-71500000.0,-0.43838136112814224,-0.18308,-0.18308,390548000.0,390548000.0,https://www.sec.gov/Archives/edgar/data/1178819/000117881919000002/0001178819-19-000002-index.html,https://www.sec.gov/Archives/edgar/data/1178819/000117881919000002/a6kislandgoldoperationupda.htm,1620586308,14:51:48,20210509
9,2018-09-30,AGI,USD,2018-10-01 00:00:00,2018-10-01 11:14:35,Q3,146700000.0,97600000.0,49100000.0,0.3346966598500341,2400000.0,6100000.0,0.0,0.0,8500000.0,146100000.0,200000.0,40000000.0,40600000.0,0.2767552828902522,600000.0,0.00408997955010225,-100000.0,700000.0,0.004771642808452625,-6500000.0,7200000.0,0.049079754601226995,0.01825,0.01825,394546000.0,394546000.0,https://www.sec.gov/Archives/edgar/data/1178819/000117881918000053/0001178819-18-000053-index.html,https://www.sec.gov/Archives/edgar/data/1178819/000117881918000053/a6ksemi-annualdividend.htm,1620586308,14:51:48,20210509
10,2018-06-30,AGI,USD,2018-07-05 00:00:00,2018-07-05 11:34:14,Q2,168900000.0,107600000.0,61300000.0,0.3629366489046773,2200000.0,7100000.0,0.0,0.0,9300000.0,159300000.00000003,-1200000.0,42400000.0,52000000.0,0.30787448194197753,9600000.0,0.056838365896980464,400000.0,8600000.0,0.05091770278271166,17500000.0,-8900000.0,-0.0526939017169923,-0.02284,-0.02284,389600000.0,389600000.0,https://www.sec.gov/Archives/edgar/data/1178819/000117881918000042/0001178819-18-000042-index.html,https://www.sec.gov/Archives/edgar/data/1178819/000117881918000042/a6ksecondquarter2018result.htm,1620586308,14:51:48,20210509
11,2018-03-31,AGI,USD,2018-04-05 00:00:00,2018-04-05 12:40:35,Q1,173100000.0,102600000.0,70500000.0,0.4072790294627383,3900000.0,6000000.0,0.0,0.0,9900000.0,154600000.0,-1800000.0,42100000.0,60600000.0,0.35008665511265163,18500000.0,0.10687463893703061,400000.0,15600000.0,0.09012131715771231,15000000.0,600000.0,0.0034662045060658577,0.00153,0.00153,392400000.0,392400000.0,https://www.sec.gov/Archives/edgar/data/1178819/000117881918000030/0001178819-18-000030-index.html,https://www.sec.gov/Archives/edgar/data/1178819/000117881918000030/a6kmanagementproxycircular.htm,1620586308,14:51:48,20210509
12,2017-12-31,AGI,USD,2018-01-12 00:00:00,2018-01-11 21:18:46,Q4,161700000.0,95500000.0,66200000.0,0.40940012368583795,2300000.0,5700000.0,0.0,0.0,9300000.0,148400000.0,-6600000.0,41099999.99999999,54399999.99999999,0.3364254792826221,13300000.0,0.08225108225108226,-200000.0,5600000.0,0.03463203463203463,10300000.0,-4700000.0,-0.02906617192331478,-0.01393,-0.01393,337500000.0,337500000.0,https://www.sec.gov/Archives/edgar/data/1178819/000117881918000002/0001178819-18-000002-index.html,https://www.sec.gov/Archives/edgar/data/1178819/000117881918000002/a6kq42017productionandoutl.htm,1620586308,14:51:48,20210509
13,2017-09-30,AGI,USD,2017-10-04 00:00:00,2017-10-04 10:27:35,Q3,128800000.0,72400000.0,56400000.0,0.43788819875776397,2600000.0,4700000.0,0.0,0.0,7300000.0,107900000.0,-300000.0,28200000.000000004,49100000.0,0.3812111801242236,20900000.0,0.1622670807453416,2200000.0,22100000.0,0.17158385093167702,-6700000.0,28800000.0,0.2236024844720497,0.09477,0.09477,303900000.0,303900000.0,https://www.sec.gov/Archives/edgar/data/1178819/000117881917000065/0001178819-17-000065-index.html,https://www.sec.gov/Archives/edgar/data/1178819/000117881917000065/a6kq32017resultsandconfere.htm,1620586308,14:51:48,20210509
14,2017-06-30,AGI,USD,2017-08-04 00:00:00,2017-08-04 09:31:11,Q2,131300000.0,81600000.0,49700000.0,0.37852246763137853,2200000.0,3800000.0,0.0,0.0,6000000.0,115500000.0,-24000000.0,27900000.0,43700000.0,0.33282559025133285,15800000.0,0.12033511043412033,1100000.0,-7400000.0,-0.05635948210205636,-9800000.0,2400000.0,0.01827875095201828,0.00793,0.00793,302800000.0,302800000.0,https://www.sec.gov/Archives/edgar/data/1178819/000117881917000053/0001178819-17-000053-index.html,https://www.sec.gov/Archives/edgar/data/1178819/000117881917000053/a6k06302017.htm,1620586308,14:51:48,20210509
15,2017-03-31,AGI,USD,2017-04-03 00:00:00,2017-04-03 17:01:38,Q1,121000000.0,81700000.0,39300000.0,0.3247933884297521,1200000.0,7500000.0,0.0,0.0,8700000.0,118800000.0,-100000.0,28400000.0,30600000.0,0.2528925619834711,2200000.0,0.01818181818181818,-200000.0,1900000.0,0.015702479338842976,1800000.0,100000.0,0.0008264462809917355,0.00035,0.00035,289500000.0,289500000.0,https://www.sec.gov/Archives/edgar/data/1178819/000117881917000031/0001178819-17-000031-index.html,https://www.sec.gov/Archives/edgar/data/1178819/000117881917000031/a6ktechnicalreportforkiraz.htm,1620586308,14:51:48,20210509
16,2016-12-31,AGI,USD,2017-01-05 00:00:00,2017-01-05 14:47:23,Q4,132200000.0,90500000.0,41700000.0,0.3154311649016641,1600000.0,5500000.0,0.0,0.0,7100000.0,128699999.99999999,-14200000.0,31099999.999999993,34599999.99999999,0.26172465960665653,3500000.0,0.0264750378214826,2500000.0,-8200000.0,-0.06202723146747353,12400000.0,-20600000.0,-0.15582450832072617,-0.07712,-0.07712,267100000.0,267100000.0,https://www.sec.gov/Archives/edgar/data/1178819/000117881917000003/0001178819-17-000003-index.html,https://www.sec.gov/Archives/edgar/data/1178819/000117881917000003/a6kkirazlisforestrypermits.htm,1620586308,14:51:48,20210509
17,2016-09-30,AGI,USD,2016-10-12 00:00:00,2016-10-12 09:55:52,Q3,125600000.0,74400000.0,51200000.0,0.40764331210191085,1600000.0,4600000.0,0.0,0.0,6200000.0,108400000.0,-7700000.0,27800000.000000004,45000000.0,0.35828025477707004,17200000.0,0.13694267515923567,8200000.0,17700000.0,0.1409235668789809,12900000.0,4800000.0,0.03821656050955414,0.01769,0.01769,271400000.0,271400000.0,https://www.sec.gov/Archives/edgar/data/1178819/000117881916000107/0001178819-16-000107-index.html,https://www.sec.gov/Archives/edgar/data/1178819/000117881916000107/a6knoticeofq32016conference.htm,1620586308,14:51:48,20210509
18,2016-06-30,AGI,USD,2016-08-10 00:00:00,2016-08-10 16:14:00,Q2,120100000.0,74300000.0,45800000.0,0.3813488759367194,1200000.0,10000000.0,0.0,0.0,11200000.0,117200000.0,-9600000.0,31700000.000000004,34600000.0,0.2880932556203164,2900000.0,0.02414654454621149,-1900000.0,-8600000.0,-0.07160699417152373,3200000.0,-11800000.0,-0.09825145711906745,-0.04461,-0.04461,264500000.0,264500000.0,https://www.sec.gov/Archives/edgar/data/1178819/000117881916000096/0001178819-16-000096-index.html,https://www.sec.gov/Archives/edgar/data/1178819/000117881916000096/a6k06302016.htm,1620586308,14:51:48,20210509
19,2016-03-31,AGI,USD,2016-04-06 00:00:00,2016-04-06 10:44:46,Q1,104300000.0,71100000.0,33200000.0,0.31831255992329816,700000.0,6400000.0,0.0,0.0,7100000.0,106600000.0,-5000000.0,28400000.0,26100000.0,0.25023969319271333,-2300000.0,-0.02205177372962608,-1200000.0,-8500000.0,-0.08149568552253116,-18200000.0,9700000.0,0.09300095877277086,0.03687,0.03687,263100000.0,263100000.0,https://www.sec.gov/Archives/edgar/data/1178819/000117881916000078/0001178819-16-000078-index.html,https://www.sec.gov/Archives/edgar/data/1178819/000117881916000078/a6kq1conferencecallandresu.htm,1620586308,14:51:48,20210509
20,2015-12-31,AGI,USD,2016-01-07 00:00:00,2016-01-07 17:13:50,Q4,115700000.0,102400000.0,13300000.0,0.11495246326707001,6000000.0,7700000.0,0.0,0.0,14000000.0,191199999.99999997,-17700000.0,37500000.0,-38000000.0,-0.32843560933448573,-75500000.0,-0.6525496974935178,22100000.0,-77700000.0,-0.6715643906655142,-17200000.0,-60500000.0,-0.5229040622299049,-0.23587,-0.23587,256500000.0,256500000.0,https://www.sec.gov/Archives/edgar/data/1178819/000117881916000052/0001178819-16-000052-index.html,https://www.sec.gov/Archives/edgar/data/1178819/000117881916000052/a6kalamosannouncesclosingo.htm,1620586308,14:51:48,20210509
21,2015-09-30,AGI,USD,2015-10-06 00:00:00,2015-10-06 16:49:55,Q3,103600000.0,78300000.0,25300000.0,0.24420849420849422,2700000.0,7300000.0,0.0,0.0,10000000.0,122500000.0,-10100000.0,31799999.999999996,12899999.999999996,0.12451737451737448,-18900000.0,-0.18243243243243243,-9100000.0,-38100000.0,-0.36776061776061775,-4700000.0,-33400000.0,-0.3223938223938224,-0.13196,-0.13196,253100000.0,253100000.0,https://www.sec.gov/Archives/edgar/data/1178819/000117881915000035/0001178819-15-000035-index.html,https://www.sec.gov/Archives/edgar/data/1178819/000117881915000035/a6k.htm,1620586308,14:51:48,20210509
22,2015-06-30,AGI,USD,2015-07-02 00:00:00,2015-07-02 13:58:21,Q2,72100000.0,77700000.0,-5600000.0,-0.07766990291262135,300000.0,5000000.0,0.0,0.0,5645000.0,505400000.0,-4700000.0,26600000.0,-406700000.0,-5.640776699029126,-433300000.0,-6.009708737864078,1700000.0,-436300000.0,-6.051317614424411,-56700000.0,-379500000.0,-5.263522884882108,-1.43262,-1.43262,264900000.0,264900000.0,https://www.sec.gov/Archives/edgar/data/1178819/000117881915000019/0001178819-15-000019-index.html,https://www.sec.gov/Archives/edgar/data/1178819/000117881915000019/a6k.htm,1620586308,14:51:48,20210509
23,2015-03-31,AGI,USD,2015-04-01 00:00:00,2015-04-01 09:56:00,Q1,65400000.0,59500000.0,5800000.0,0.08868501529051988,400000.0,4800000.0,0.0,0.0,6289000.0,67900000.0,-9400000.0,21600000.0,19100000.0,0.29204892966360857,-2500000.0,-0.0382262996941896,5400000.0,-6500000.0,-0.09938837920489296,28700000.0,-35300000.0,-0.5397553516819572,-0.14075,-0.14075,250800000.0,250800000.0,https://www.sec.gov/Archives/edgar/data/1178819/000119312515115321/0001193125-15-115321-index.html,https://www.sec.gov/Archives/edgar/data/1178819/000119312515115321/d902811d6k.htm,1620586308,14:51:48,20210509
24,2014-12-31,AGI,USD,2015-04-01 00:00:00,2015-04-01 09:56:00,Q4,70500000.0,56800000.0,13700000.0,0.19432624113475178,200000.0,5300000.0,0.0,0.0,4329000.0,183400000.0,-8100000.0,30099999.999999993,-82800000.0,-1.174468085106383,-112900000.0,-1.601418439716312,-4600000.0,-125600000.0,-1.7815602836879432,-17400000.0,-108200000.0,-1.5347517730496454,-0.85805,-0.85805,126100000.0,126100000.0,https://www.sec.gov/Archives/edgar/data/1178819/000119312515115321/0001193125-15-115321-index.html,https://www.sec.gov/Archives/edgar/data/1178819/000119312515115321/d902811d6k.htm,1620586308,14:51:48,20210509
25,2014-09-30,AGI,USD,2014-10-07 00:00:00,2014-10-07 12:13:53,Q3,72900000.0,45000000.0,27900000.0,0.38271604938271603,300000.0,5600000.0,0.0,0.0,5872000.0,79500000.0,-8700000.0,28000000.000000007,21400000.000000007,0.2935528120713307,-6600000.0,-0.09053497942386832,-100000.0,-15400000.0,-0.2112482853223594,300000.0,-15700000.0,-0.21536351165980797,-0.1251,-0.1251,125500000.0,125500000.0,https://www.sec.gov/Archives/edgar/data/1178819/000119312514365352/0001193125-14-365352-index.html,https://www.sec.gov/Archives/edgar/data/1178819/000119312514365352/d801286d6k.htm,1620586308,14:51:48,20210509
26,2014-06-30,AGI,USD,2014-07-23 00:00:00,2014-07-23 16:44:59,Q2,73900000.0,17600000.0,56300000.0,0.7618403247631935,300000.0,5700000.0,0.0,0.0,7599000.0,87100000.0,6800000.0,34800000.0,21700000.0,0.2936400541271989,-13100000.0,-0.17726657645466848,-18800000.0,-25100000.0,-0.33964817320703655,-8300000.0,-16800000.0,-0.2273342354533153,-4.0,-4.0,4200000.0,4200000.0,https://www.sec.gov/Archives/edgar/data/1178819/000119312514277194/0001193125-14-277194-index.html,https://www.sec.gov/Archives/edgar/data/1178819/000119312514277194/d763214d6k.htm,1620586308,14:51:48,20210509
27,2014-03-31,AGI,USD,2014-04-01 00:00:00,2014-03-31 20:50:03,Q1,71000000.0,77600000.0,-6600000.0,-0.09295774647887324,200000.0,9300000.0,0.0,0.0,4735000.0,87000000.0,-16500000.0,28600000.0,12500000.0,0.176056338028169,-16100000.0,-0.2267605633802817,100000.0,-32500000.0,-0.45774647887323944,-3600000.0,-28900000.0,-0.4070422535211268,-0.11644,-0.11644,248200000.0,248200000.0,https://www.sec.gov/Archives/edgar/data/1178819/000119312514124575/0001193125-14-124575-index.html,https://www.sec.gov/Archives/edgar/data/1178819/000119312514124575/d705035d6k.htm,1620586308,14:51:48,20210509
28,2013-12-31,AGI,USD,2014-04-01 00:00:00,2014-03-31 20:50:03,Q4,50800000.0,87900000.0,-37100000.0,-0.7303149606299213,300000.0,6900000.0,0.0,0.0,7192000.0,154900000.0,-11400000.0,27600000.0,-76600000.0,-1.5078740157480315,-104200000.0,-2.0511811023622046,-1700000.0,-117300000.0,-2.309055118110236,-10900000.0,-106400000.0,-2.094488188976378,-0.42921,-0.42921,247900000.0,247900000.0,https://www.sec.gov/Archives/edgar/data/1178819/000119312514124575/0001193125-14-124575-index.html,https://www.sec.gov/Archives/edgar/data/1178819/000119312514124575/d705035d6k.htm,1620586308,14:51:48,20210509
29,2013-09-30,AGI,USD,2013-10-04 00:00:00,2013-10-04 15:02:33,Q3,54300000.0,35200000.0,19100000.0,0.35174953959484345,200000.0,6600000.0,0.0,0.0,9700000.0,42100000.0,1000000.0,12000000.0,24200000.0,0.44567219152854515,12200000.0,0.22467771639042358,-900000.0,12300000.0,0.2265193370165746,-2500000.0,14900000.0,0.27440147329650094,0.05676,0.05676,262500000.0,262500000.0,https://www.sec.gov/Archives/edgar/data/1178819/000119312513391471/0001193125-13-391471-index.html,https://www.sec.gov/Archives/edgar/data/1178819/000119312513391471/d608013d6k.htm,1620586308,14:51:48,20210509
30,2013-06-30,AGI,USD,2013-07-05 00:00:00,2013-07-05 09:53:39,Q2,57700000.0,54600000.0,3000000.0,0.05199306759098787,300000.0,7700000.0,0.0,0.0,7634000.0,161300000.00000003,8800000.0,14399999.999999998,-89300000.0,-1.5476603119584056,-103700000.0,-1.7972270363951472,-700000.0,-95500000.0,-1.6551126516464472,8000000.0,-103500000.0,-1.7937608318890814,-0.41903,-0.41903,247000000.0,247000000.0,https://www.sec.gov/Archives/edgar/data/1178819/000119312513283430/0001193125-13-283430-index.html,https://www.sec.gov/Archives/edgar/data/1178819/000119312513283430/d564505d6k.htm,1620586308,14:51:48,20210509
31,2013-03-31,AGI,USD,2013-04-01 00:00:00,2013-04-01 17:03:03,Q1,64900000.0,40700000.0,24200000.0,0.3728813559322034,300000.0,6400000.0,0.0,0.0,7839000.0,47399999.99999999,5800000.0,11500000.0,29000000.0,0.44684129429892144,17500000.0,0.2696456086286595,-500000.0,22800000.0,0.35130970724191063,4600000.0,18300000.0,0.28197226502311246,0.06652,0.06652,275100000.0,275100000.0,https://www.sec.gov/Archives/edgar/data/1178819/000119312513136837/0001193125-13-136837-index.html,https://www.sec.gov/Archives/edgar/data/1178819/000119312513136837/d514622d6k.htm,1620586308,14:51:48,20210509
32,2012-12-31,AGI,USD,2013-01-22 00:00:00,2013-01-22 17:07:30,Q4,63100000.0,37900000.0,25200000.0,0.3993660855784469,500000.0,11600000.0,0.0,0.0,7082000.0,178600000.0,-23200000.0,9600000.0,-105800000.0,-1.676703645007924,-115400000.0,-1.8288431061806656,4800000.0,-133900000.0,-2.12202852614897,1300000.0,-26200000.0,-0.4152139461172742,-0.09274,-0.09274,282500000.0,282500000.0,https://www.sec.gov/Archives/edgar/data/1178819/000119312513019375/0001193125-13-019375-index.html,https://www.sec.gov/Archives/edgar/data/1178819/000119312513019375/d467581d6k.htm,1620586308,14:51:48,20210509
33,2012-09-30,AGI,USD,2012-09-30,2012-09-30,Q3,39800000.0,26900000.0,12800000.0,0.32160804020100503,300000.0,8800000.0,0.0,0.0,6855000.0,40400000.0,32900000.0,3800000.0,3200000.0,0.08040201005025126,-600000.0,-0.01507537688442211,-200000.0,32100000.0,0.8065326633165829,-10200000.0,34500000.0,0.8668341708542714,0.11597,0.11597,297500000.0,297500000.0,,,1620586308,14:51:48,20210509
34,2012-06-30,AGI,USD,2012-06-30,2012-06-30,Q2,27500000.0,14600000.0,12800000.0,0.46545454545454545,300000.0,6700000.0,0.0,0.0,7383000.0,25500000.0,13300000.0,2800000.0,4700000.0,0.1709090909090909,1900000.0,0.06909090909090909,-200000.0,15100000.0,0.5490909090909091,8500000.0,21700000.0,0.7890909090909091,0.07292,0.07292,297600000.0,297600000.0,,,1620586308,14:51:48,20210509
35,2012-03-31,AGI,USD,2012-03-31,2012-03-31,Q1,33300000.0,15400000.0,17900000.0,0.5375375375375375,300000.0,8600000.0,0.0,0.0,6981000.0,24200000.0,-23100000.0,2500000.0,11500000.0,0.34534534534534533,9000000.0,0.2702702702702703,-300000.0,-14400000.0,-0.43243243243243246,-800000.0,1200000.0,0.036036036036036036,0.00426,0.00426,281900000.0,281900000.0,,,1620586308,14:51:48,20210509
36,2011-12-31,AGI,USD,2011-12-31,2011-12-31,Q4,29700000.0,14000000.0,15700000.0,0.5286195286195287,8200000.0,9100000.0,0.0,0.0,8638000.0,33500000.0,27500000.0,2700000.0,-1100000.0,-0.037037037037037035,-3800000.0,-0.12794612794612795,-300000.0,24200000.0,0.8148148148148148,1200000.0,77900000.0,2.622895622895623,0.32676,0.32676,238400000.0,238400000.0,,,1620586308,14:51:48,20210509
37,2011-09-30,AGI,USD,2011-09-30,2011-09-30,Q3,29100000.0,13000000.0,16100000.0,0.5532646048109966,2600000.0,5000000.0,0.0,0.0,24326000.0,20700000.0,19300000.0,-19900000.0,-11400000.0,-0.3917525773195876,8500000.0,0.2920962199312715,-800000.0,26900000.0,0.9243986254295533,6300000.0,62600000.0,2.1512027491408934,0.35771,0.35771,175000000.0,175000000.0,,,1620586308,14:51:48,20210509
38,2011-06-30,AGI,USD,2011-06-30,2011-06-30,Q2,-45200000.0,-15000000.0,-30200000.0,0.668141592920354,9200000.0,3700000.0,0.0,0.0,9352000.0,-2200000.0,1000000.0,13100000.0,-29900000.0,0.661504424778761,-43000000.0,0.9513274336283186,-800000.0,-42800000.0,0.9469026548672567,-8800000.0,24500000.0,-0.5420353982300885,0.15695,0.15695,156100000.0,156100000.0,,,1620586308,14:51:48,20210509
39,2011-03-31,AGI,USD,2011-03-31,2011-03-31,Q1,70300000.0,30300000.0,40000000.0,0.5689900426742532,900000.0,7600000.0,0.0,0.0,7147000.0,38799999.99999999,-300000.0,11100000.0,42600000.0,0.6059743954480796,31500000.0,0.4480796586059744,-200000.0,31000000.0,0.44096728307254623,11400000.0,11800000.0,0.1678520625889047,0.08471,0.08471,139300000.0,139300000.0,,,1620586308,14:51:48,20210509
40,2010-12-31,AGI,USD,2010-12-31,2010-12-31,Q4,71000000.0,34900000.0,36100000.0,0.5084507042253521,1100000.0,9600000.0,0.0,0.0,13751000.0,47900000.0,300000.0,12600000.000000002,35700000.0,0.5028169014084507,23100000.0,0.32535211267605635,-300000.0,25200000.0,0.35492957746478876,-4000000.0,29300000.0,0.4126760563380282,0.21079,0.21079,139000000.0,139000000.0,,,1620586308,14:51:48,20210509
41,2010-09-30,AGI,USD,2010-09-30,2010-09-30,Q3,55500000.0,35000000.0,20600000.0,0.37117117117117115,700000.0,7400000.0,0.0,0.0,11208000.0,43100000.0,-300000.0,11400000.000000002,23800000.0,0.42882882882882883,12400000.0,0.22342342342342342,-1200000.0,9900000.0,0.1783783783783784,700000.0,9200000.0,0.16576576576576577,0.06633,0.06633,138700000.0,138700000.0,,,1620586308,14:51:48,20210509
42,2010-06-30,AGI,USD,2010-06-30,2010-06-30,Q2,57000000.0,39400000.0,17700000.0,0.3105263157894737,100000.0,5700000.0,0.0,0.0,14888000.0,268500000.0,3600000.0,10299999.999999998,-201200000.0,-3.5298245614035086,-211500000.0,-3.710526315789474,-400000.0,-209300000.0,-3.6719298245614036,-35000000.0,-174300000.0,-3.057894736842105,-1.25939,-1.25939,138400000.0,138400000.0,,,1620586308,14:51:48,20210509
43,2010-03-31,AGI,USD,2010-03-31,2010-03-31,Q1,54700000.0,36400000.0,18300000.0,0.33455210237659966,100000.0,6000000.0,0.0,0.0,11447000.0,42500000.0,-4400000.0,10400000.0,22600000.0,0.41316270566727603,12200000.0,0.2230347349177331,-500000.0,7300000.0,0.13345521023765997,6200000.0,1200000.0,0.021937842778793418,0.00865,0.00865,138800000.0,138800000.0,,,1620586308,14:51:48,20210509
44,2009-12-31,AGI,USD,2009-12-31,2009-12-31,Q4,68200000.0,27800000.0,40400000.0,0.592375366568915,0.0,7200000.0,0.0,0.0,11293000.0,49000000.0,0.0,11600000.000000002,30800000.0,0.45161290322580644,19200000.0,0.28152492668621704,0.0,19200000.0,0.28152492668621704,5600000.0,13700000.0,0.20087976539589442,0.09892,0.09892,138500000.0,138500000.0,,,1620586308,14:51:48,20210509
45,2009-09-30,AGI,USD,2009-09-30,2009-09-30,Q3,47900000.0,24600000.0,23300000.0,0.48643006263048016,0.0,13900000.0,0.0,0.0,9717000.0,49100000.0,0.0,11500000.0,10300000.0,0.2150313152400835,-1200000.0,-0.025052192066805846,0.0,-1200000.0,-0.025052192066805846,0.0,-1200000.0,-0.025052192066805846,-0.00973,-0.00973,123300000.0,123300000.0,,,1620586308,14:51:48,20210509
46,2009-06-30,AGI,USD,2009-06-30,2009-06-30,Q2,43300000.0,23200000.0,20100000.0,0.46420323325635104,0.0,6500000.0,0.0,0.0,10135000.0,46900000.0,0.0,10200000.0,6600000.0,0.15242494226327943,-3600000.0,-0.08314087759815242,0.0,-3600000.0,-0.08314087759815242,3200000.0,-6800000.0,-0.15704387990762125,-0.05537,-0.05537,122800000.0,122800000.0,,,1620586308,14:51:48,20210509
47,2009-03-31,AGI,USD,2009-03-31,2009-03-31,Q1,47300000.0,23700000.0,23700000.0,0.5010570824524313,0.0,9500000.0,0.0,0.0,9639000.0,41900000.0,0.0,9700000.0,15100000.0,0.3192389006342495,5400000.0,0.11416490486257928,0.0,5400000.0,0.11416490486257928,2900000.0,2500000.0,0.052854122621564484,0.02036,0.02036,122800000.0,122800000.0,,,1620586308,14:51:48,20210509
48,2008-12-31,AGI,USD,2008-12-31,2008-12-31,Q4,48300000.0,25000000.0,23200000.0,0.4803312629399586,0.0,9200000.0,0.0,0.0,10117591.0,28400000.0,0.0,9000000.0,28900000.0,0.598343685300207,19900000.0,0.41200828157349895,0.0,19900000.0,0.41200828157349895,-10300000.0,30200000.0,0.6252587991718427,0.24774,0.24774,121900000.0,121900000.0,,,1620586308,14:51:48,20210509
49,2008-09-30,AGI,USD,2008-09-30,2008-09-30,Q3,48300000.0,42800000.0,5500000.0,0.11387163561076605,0.0,8200000.0,0.0,0.0,9004227.0,57500000.0,0.0,11599999.999999998,2399999.999999998,0.04968944099378878,-9200000.0,-0.19047619047619047,0.0,-9200000.0,-0.19047619047619047,-5700000.0,-3500000.0,-0.07246376811594203,-0.02922,-0.02922,119800000.0,119800000.0,,,1620586308,14:51:48,20210509
50,2008-06-30,AGI,USD,2008-06-30,2008-06-30,Q2,64600000.0,36400000.0,28100000.0,0.43498452012383904,0.0,7600000.0,0.0,0.0,7766532.0,57100000.0,0.0,9900000.0,17400000.0,0.2693498452012384,7500000.0,0.11609907120743033,0.0,7500000.0,0.11609907120743033,2600000.0,4800000.0,0.07430340557275542,0.03977,0.03977,120700000.0,120700000.0,,,1620586308,14:51:48,20210509
51,2008-03-31,AGI,USD,2008-03-31,2008-03-31,Q1,51400000.0,25100000.0,26300000.0,0.5116731517509727,0.0,5000000.0,0.0,0.0,21607855.0,40600000.0,0.0,9900000.0,20700000.0,0.4027237354085603,10800000.0,0.21011673151750973,0.0,10800000.0,0.21011673151750973,3700000.0,7000000.0,0.13618677042801555,0.05795,0.05795,120800000.0,120800000.0,,,1620586308,14:51:48,20210509
52,2007-12-31,AGI,USD,2007-12-31,2007-12-31,Q4,39700000.0,33800000.0,5900000.0,0.1486146095717884,0.0,5200000.0,0.0,0.0,5899906.0,46400000.0,0.0,6600000.000000001,-99999.99999999907,-0.0025188916876574072,-6700000.0,-0.16876574307304787,0.0,-6700000.0,-0.16876574307304787,14000000.0,-20700000.0,-0.5214105793450882,-0.17023,-0.17023,121600000.0,121600000.0,,,1620586308,14:51:48,20210509
53,2007-09-30,AGI,USD,2007-09-30,2007-09-30,Q3,30400000.0,34300000.0,-3900000.0,-0.12828947368421054,0.0,5600000.0,0.0,0.0,4338901.0,54800000.0,0.0,10299999.999999996,-14100000.000000004,-0.46381578947368435,-24400000.0,-0.8026315789473685,0.0,-24400000.0,-0.8026315789473685,20500000.0,-44800000.0,-1.4736842105263157,-0.3816,-0.3816,117400000.0,117400000.0,,,1620586308,14:51:48,20210509
54,2007-06-30,AGI,USD,2007-06-30,2007-06-30,Q2,38400000.0,35800000.0,2600000.0,0.06770833333333333,0.0,9700000.0,0.0,0.0,5737813.0,66300000.0,0.0,13900000.0,-14000000.0,-0.3645833333333333,-27900000.0,-0.7265625,0.0,-27900000.0,-0.7265625,-2400000.0,-25500000.0,-0.6640625,-0.22687,-0.22687,112400000.0,112400000.0,,,1620586308,14:51:48,20210509
55,2007-03-31,AGI,USD,2007-04-19 00:00:00,2007-04-19 15:53:20,Q1,43500000.0,37900000.0,5600000.0,0.12873563218390804,0.0,3700000.0,0.0,0.0,14399931.0,58300000.0,0.0,12600000.0,-2200000.0,-0.05057471264367816,-14800000.0,-0.34022988505747126,0.0,-14800000.0,-0.34022988505747126,-4500000.0,-10300000.0,-0.2367816091954023,-0.09828,-0.09828,104800000.0,104800000.0,https://www.sec.gov/Archives/edgar/data/1178819/000113717107000568/0001137171-07-000568-index.html,https://www.sec.gov/Archives/edgar/data/1178819/000113717107000568/alamos6k041707.htm,1620586308,14:51:48,20210509
56,2006-12-31,AGI,USD,2006-12-31,2006-12-31,Q4,34300000.0,18500000.0,15900000.0,0.46355685131195334,0.0,3200000.0,0.0,0.0,5075937.0,36400000.0,0.0,12000000.0,10000000.0,0.2915451895043732,-2000000.0,-0.05830903790087463,0.0,-2000000.0,-0.05830903790087463,1400000.0,-3400000.0,-0.09912536443148688,-0.03346,-0.03346,101600000.0,101600000.0,,,1620586308,14:51:48,20210509
57,2006-09-30,AGI,USD,2006-09-30,2006-09-30,Q3,16500000.0,12800000.0,3600000.0,0.21818181818181817,0.0,7700000.0,0.0,0.0,4275999.0,28200000.0,0.0,4699999.999999999,-7000000.000000001,-0.4242424242424243,-11700000.0,-0.7090909090909091,0.0,-11700000.0,-0.7090909090909091,3400000.0,-15100000.0,-0.9151515151515152,-0.1636,-0.1636,92300000.0,92300000.0,,,1620586308,14:51:48,20210509
58,2006-06-30,AGI,USD,2006-06-30,2006-06-30,Q2,11700000.0,4000000.0,7700000.0,0.6581196581196581,0.0,15200000.0,0.0,0.0,5566000.0,20000000.0,0.0,1400000.0,-6900000.0,-0.5897435897435898,-8300000.0,-0.7094017094017094,0.0,-8300000.0,-0.7094017094017094,-6100000.0,-2200000.0,-0.18803418803418803,-0.02774,-0.02774,79300000.0,79300000.0,,,1620586308,14:51:48,20210509
59,2006-03-31,AGI,USD,2006-03-31,2006-03-31,Q1,1800000.0,3200000.0,-1400000.0,-0.7777777777777778,0.0,2300000.0,0.0,0.0,10167000.0,6599999.999999999,0.0,700000.0,-4100000.0,-2.2777777777777777,-4800000.0,-2.6666666666666665,0.0,-4800000.0,-2.6666666666666665,-100000.0,-4700000.0,-2.611111111111111,-0.05957,-0.05957,78900000.0,78900000.0,,,1620586308,14:51:48,20210509
60,2005-12-31,AGI,USD,2005-12-31,2005-12-31,Q4,0.0,0.0,0.0,0.0,0.0,9800000.0,0.0,0.0,5238676.0,8900000.0,0.0,300000.0,-8600000.0,0.0,-8900000.0,0.0,0.0,-8900000.0,0.0,-200000.0,-8600000.0,0.0,-0.1159,-0.1159,74200000.0,74200000.0,,,1620586308,14:51:48,20210509
61,2005-09-30,AGI,USD,2005-09-30,2005-09-30,Q4,440913.0,0.0,0.0,0.0,0.0,530675.0,0.0,0.0,914430.0,914430.0,0.0,200000.0,-273517.0,-0.6203423351091939,-473517.0,-1.0739465608861611,0.0,0.0,0.0,0.0,-1952361.0,-4.4279959992107285,-0.0293,-0.0293,77274625.0,77274625.0,,,1620586308,14:51:48,20210509
62,2005-07-31,AGI,USD,2005-07-31,2005-07-31,Q3,-100000.0,0.0,0.0,0.0,0.0,2000000.0,0.0,0.0,2000000.0,2000000.0,0.0,100000.00000000003,-2600000.0,26.0,-2700000.0,27.0,0.0,-2700000.0,27.0,-200000.0,-2500000.0,25.0,-0.03477,-0.03477,71900000.0,71900000.0,,,1620586308,14:51:48,20210509
63,2005-04-30,AGI,USD,2005-04-30,2005-04-30,Q2,400000.0,0.0,0.0,0.0,0.0,2100000.0,0.0,0.0,2300000.0,2300000.0,0.0,99999.99999999999,-1700000.0,-4.25,-1800000.0,-4.5,0.0,-1800000.0,-4.5,100000.0,-1900000.0,-4.75,-0.02624,-0.02624,72400000.0,72400000.0,,,1620586308,14:51:48,20210509
64,2005-01-31,AGI,USD,2005-01-31,2005-01-31,Q1,300000.0,0.0,0.0,0.0,0.0,1200000.0,0.0,0.0,1800000.0,1800000.0,0.0,100000.0,-1400000.0,-4.666666666666667,-1500000.0,-5.0,0.0,-1500000.0,-5.0,-100000.0,-1300000.0,-4.333333333333333,-0.02016,-0.02016,64500000.0,64500000.0,,,1620586308,14:51:48,20210509
65,2004-10-31,AGI,USD,2004-10-31,2004-10-31,Q4,0.0,0.0,0.0,0.0,0.0,10500000.0,0.0,0.0,9400000.0,9400000.0,0.0,100000.0,-9200000.0,0.0,-9300000.0,0.0,0.0,-9300000.0,0.0,-100000.0,-9300000.0,0.0,-0.16402,-0.16402,56700000.0,56700000.0,,,1620586308,14:51:48,20210509
66,2004-07-31,AGI,USD,2004-08-17 00:00:00,2004-08-17 12:14:12,Q3,100000.0,0.0,0.0,0.0,0.0,600000.0,0.0,0.0,400000.0,400000.0,0.0,100000.0,-200000.0,-2.0,-300000.0,-3.0,0.0,-300000.0,-3.0,0.0,-300000.0,-3.0,-0.00515,-0.00515,58200000.0,58200000.0,https://www.sec.gov/Archives/edgar/data/1178819/000105291804000338/0001052918-04-000338-index.html,https://www.sec.gov/Archives/edgar/data/1178819/000105291804000338/alamos6kaug172004.htm,1620586308,14:51:48,20210509
67,2004-04-30,AGI,USD,2004-07-12 00:00:00,2004-07-12 17:23:21,Q2,100000.0,0.0,0.0,0.0,0.0,1300000.0,0.0,0.0,1700000.0,1700000.0,0.0,0.0,-1600000.0,-16.0,-1600000.0,-16.0,0.0,-1600000.0,-16.0,0.0,-1600000.0,-16.0,-0.02909,-0.02909,55000000.0,55000000.0,https://www.sec.gov/Archives/edgar/data/1178819/000105291804000281/0001052918-04-000281-index.html,https://www.sec.gov/Archives/edgar/data/1178819/000105291804000281/alamos6kjul122004.htm,1620586308,14:51:48,20210509
68,2004-01-31,AGI,USD,2004-01-31,2004-01-31,Q1,100000.0,0.0,0.0,0.0,0.0,2000000.0,0.0,0.0,1900000.0,1900000.0,0.0,0.0,-1800000.0,-18.0,-1800000.0,-18.0,0.0,-1800000.0,-18.0,0.0,-1800000.0,-18.0,-0.03622,-0.03622,49700000.0,49700000.0,,,1620586308,14:51:48,20210509
69,2003-10-31,AGI,USD,2003-10-31,2003-10-31,Q4,300000.0,0.0,0.0,0.0,0.0,2000000.0,0.0,0.0,1700000.0,1700000.0,0.0,0.0,-1400000.0,-4.666667,-1400000.0,-4.666666666666667,0.0,-1400000.0,-4.666666666666667,0.0,-1400000.0,-4.666666666666667,-0.0303,-0.0303,46200000.0,46200000.0,,,1620586308,14:51:48,20210509
70,2003-07-31,AGI,USD,2003-09-05 00:00:00,2003-09-04 20:13:03,Q3,100000.0,0.0,0.0,0.0,0.0,900000.0,0.0,0.0,800000.0,800000.0,0.0,0.0,-700000.0,-7.0,-700000.0,-7.0,0.0,-700000.0,-7.0,0.0,-700000.0,-7.0,-0.0179,-0.0179,39100000.0,39100000.0,https://www.sec.gov/Archives/edgar/data/1178819/000105291803000219/0001052918-03-000219-index.html,https://www.sec.gov/Archives/edgar/data/1178819/000105291803000219/alamos6kaugust2003sec.htm,1620586308,14:51:48,20210509
71,2003-04-30,AGI,USD,2003-05-12 00:00:00,2003-05-12 13:31:16,Q2,100000.0,0.0,0.0,0.0,0.0,900000.0,0.0,0.0,300000.0,300000.0,0.0,0.0,-200000.0,-2.0,-200000.0,-2.0,0.0,-200000.0,-2.0,0.0,-200000.0,-2.0,-0.00542,-0.00542,36900000.0,36900000.0,https://www.sec.gov/Archives/edgar/data/1178819/000105291803000101/0001052918-03-000101-index.html,https://www.sec.gov/Archives/edgar/data/1178819/000105291803000101/alamosgold6kapr2003.htm,1620586308,14:51:48,20210509
72,2003-01-31,AGI,USD,2003-03-20 00:00:00,2003-03-20 08:24:59,Q1,100000.0,0.0,0.0,0.0,0.0,700000.0,0.0,0.0,-500000.0,-500000.0,0.0,0.0,500000.0,5.0,500000.0,5.0,0.0,500000.0,5.0,0.0,500000.0,5.0,0.01344,0.01344,37200000.0,37200000.0,https://www.sec.gov/Archives/edgar/data/1178819/000105291803000052/0001052918-03-000052-index.html,https://www.sec.gov/Archives/edgar/data/1178819/000105291803000052/alamosgold6kfeb2003revmar182.htm,1620586308,14:51:48,20210509
73,2002-10-31,AGI,USD,2002-10-31,2002-10-31,Q4,100000.0,0.0,0.0,0.0,0.0,200000.0,0.0,0.0,200000.0,200000.0,0.0,0.0,-100000.0,-1.0,-100000.0,-1.0,0.0,-100000.0,-1.0,0.0,-100000.0,-1.0,-0.00303,-0.00303,33000000.0,33000000.0,,,1620586308,14:51:48,20210509
74,2002-07-31,AGI,USD,2002-10-09 00:00:00,2002-10-11 14:54:14,Q3,100000.0,0.0,0.0,0.0,0.0,800000.0,0.0,0.0,800000.0,800000.0,0.0,0.0,-800000.0,-8.0,-800000.0,-8.0,0.0,-800000.0,-8.0,0.0,-800000.0,-8.0,-0.03347,-0.03347,23900000.0,23900000.0,https://www.sec.gov/Archives/edgar/data/1178819/999999999702054238/9999999997-02-054238-index.html,https://www.sec.gov/Archives/edgar/data/1178819/999999999702054238/9999999997-02-054238.paper,1620586308,14:51:48,20210509
75,2002-04-30,AGI,USD,2002-04-30,2002-04-30,Q2,0.0,0.0,0.0,0.0,0.0,300000.0,0.0,0.0,200000.0,200000.0,0.0,0.0,-200000.0,0.0,-200000.0,0.0,0.0,-200000.0,0.0,0.0,-200000.0,0.0,-0.00687,-0.00687,29100000.0,29100000.0,,,1620586308,14:51:48,20210509
76,2002-01-31,AGI,USD,2002-01-31,2002-01-31,Q1,0.0,0.0,0.0,0.0,0.0,200000.0,0.0,0.0,200000.0,200000.0,0.0,0.0,-200000.0,0.0,-200000.0,0.0,0.0,-200000.0,0.0,0.0,-200000.0,0.0,-0.00823,-0.00823,24300000.0,24300000.0,,,1620586308,14:51:48,20210509
77,2001-10-31,AGI,USD,2001-10-31,2001-10-31,Q4,0.0,0.0,0.0,0.0,0.0,300000.0,0.0,0.0,300000.0,300000.0,0.0,0.0,-300000.0,0.0,-300000.0,0.0,0.0,-300000.0,0.0,0.0,-300000.0,0.0,-0.01449,-0.01449,20700000.0,20700000.0,,,1620586308,14:51:48,20210509
78,2001-07-31,AGI,USD,2001-07-31,2001-07-31,Q3,0.0,0.0,0.0,0.0,0.0,0.0,0.0,0.0,100000.0,100000.0,0.0,0.0,-100000.0,0.0,-100000.0,0.0,0.0,-100000.0,0.0,0.0,-100000.0,0.0,-0.00488,-0.00488,20500000.0,20500000.0,,,1620586308,14:51:48,20210509
79,2001-04-30,AGI,USD,2001-04-30,2001-04-30,Q2,0.0,0.0,0.0,0.0,0.0,200000.0,0.0,0.0,200000.0,200000.0,0.0,0.0,-200000.0,0.0,-200000.0,0.0,0.0,-200000.0,0.0,0.0,-200000.0,0.0,-0.00966,-0.00966,20700000.0,20700000.0,,,1620586308,14:51:48,20210509
80,2001-01-31,AGI,USD,2001-01-31,2001-01-31,Q1,0.0,0.0,0.0,0.0,0.0,600000.0,0.0,0.0,600000.0,600000.0,0.0,0.0,-600000.0,0.0,-600000.0,0.0,0.0,-600000.0,0.0,0.0,-600000.0,0.0,-0.03077,-0.03077,19500000.0,19500000.0,,,1620586308,14:51:48,20210509
81,2000-10-31,AGI,USD,2000-10-31,2000-10-31,Q4,0.0,0.0,0.0,0.0,0.0,200000.0,0.0,0.0,200000.0,200000.0,0.0,0.0,-200000.0,0.0,-200000.0,0.0,0.0,-200000.0,0.0,0.0,-200000.0,0.0,-0.01099,-0.01099,18200000.0,18200000.0,,,1620586308,14:51:48,20210509
82,2000-07-31,AGI,USD,2000-07-31,2000-07-31,Q3,100000.0,0.0,0.0,0.0,0.0,200000.0,0.0,0.0,200000.0,200000.0,0.0,0.0,-100000.0,-1.0,-100000.0,-1.0,0.0,-100000.0,-1.0,0.0,-100000.0,-1.0,-0.00568,-0.00568,17600000.0,17600000.0,,,1620586308,14:51:48,20210509
83,2000-04-30,AGI,USD,2000-04-30,2000-04-30,Q2,0.0,0.0,0.0,0.0,0.0,200000.0,0.0,0.0,200000.0,200000.0,0.0,0.0,-200000.0,0.0,-200000.0,0.0,0.0,-200000.0,0.0,0.0,-200000.0,0.0,-0.0117,-0.0117,17100000.0,17100000.0,,,1620586308,14:51:48,20210509
84,2000-01-31,AGI,USD,2000-01-31,2000-01-31,Q1,0.0,0.0,0.0,0.0,0.0,200000.0,0.0,0.0,200000.0,200000.0,0.0,0.0,-200000.0,0.0,-200000.0,0.0,0.0,-200000.0,0.0,0.0,-200000.0,0.0,-0.01307,-0.01307,15300000.0,15300000.0,,,1620586308,14:51:48,20210509
85,1999-10-31,AGI,USD,1999-10-31,1999-10-31,Q4,0.0,0.0,0.0,0.0,0.0,100000.0,0.0,0.0,100000.0,100000.0,0.0,0.0,-100000.0,0.0,-100000.0,0.0,0.0,-100000.0,0.0,0.0,-100000.0,0.0,-0.0101,-0.0101,9900000.0,9900000.0,,,1620586308,14:51:48,20210509
86,1999-07-31,AGI,USD,1999-07-31,1999-07-31,Q3,0.0,0.0,0.0,0.0,0.0,0.0,0.0,0.0,100000.0,100000.0,0.0,0.0,-100000.0,0.0,-100000.0,0.0,0.0,-100000.0,0.0,0.0,-100000.0,0.0,-0.00935,-0.00935,10700000.0,10700000.0,,,1620586308,14:51:48,20210509
87,1999-04-30,AGI,USD,1999-04-30,1999-04-30,Q2,0.0,0.0,0.0,0.0,0.0,100000.0,0.0,0.0,100000.0,100000.0,0.0,0.0,-100000.0,0.0,-100000.0,0.0,0.0,-100000.0,0.0,0.0,-100000.0,0.0,-0.01205,-0.01205,8300000.0,8300000.0,,,1620586308,14:51:48,20210509
