,date,symbol,reportedCurrency,fillingDate,acceptedDate,period,revenue,costOfRevenue,grossProfit,grossProfitRatio,researchAndDevelopmentExpenses,generalAndAdministrativeExpenses,sellingAndMarketingExpenses,otherExpenses,operatingExpenses,costAndExpenses,interestExpense,depreciationAndAmortization,ebitda,ebitdaratio,operatingIncome,operatingIncomeRatio,totalOtherIncomeExpensesNet,incomeBeforeTax,incomeBeforeTaxRatio,incomeTaxExpense,netIncome,netIncomeRatio,eps,epsdiluted,weightedAverageShsOut,weightedAverageShsOutDil,link,finalLink,timestamp,est_time,est_date
0,2021-03-31,EOG,USD,2021-05-06,2021-05-06 16:57:55,Q1,29000000,0.0,29000000,1.0,33000000.0,110000000.0,848000000.0,-4000.0,991000000,991000000,-928000000.0,900000.0,932900000,32.16896551724138,932000000.0,0.03213793103448276,215000.0,928000000.0,0.032,204000000.0,677000000.0,0.023344827586206898,1.1691462814413138,1.1691462814413138,579055000,579055000,https://www.sec.gov/Archives/edgar/data/821189/000082118921000047/0000821189-21-000047-index.htm,https://www.sec.gov/Archives/edgar/data/821189/000082118921000047/eog-20210331.htm,1620591685,16:21:25,20210509
1,2020-12-31,EOG,USD,2021-02-25,2021-02-25 16:57:09,Q4,2883641000,1250632000.0,1633009000,0.5663010756193299,145788000.0,113235000.0,622941000.0,-6781000.0,1066611000,2317243000,53121000.0,870564.0,567268564,0.19671955142821176,566398000.0,0.1964176539312626,-85517000.0,427760000.0,0.1483402406887681,90294000.0,337466000.0,0.1170277437448004,0.5827874726925767,0.5827874726925767,579055000,579055000,https://www.sec.gov/Archives/edgar/data/821189/000082118921000017/0000821189-21-000017-index.htm,https://www.sec.gov/Archives/edgar/data/821189/000082118921000017/eog-20201231.htm,1620591685,16:21:25,20210509
2,2020-09-30,EOG,USD,2020-11-05,2020-11-05 16:45:29,Q3,2302138000,1165313000.0,1136825000,0.49381270801315996,38413000.0,124460000.0,521351000.0,3401000.0,985595000,2150908000,53242000.0,2529789.0,153759789,0.06678999651628183,151230000.0,0.06569110974233516,-150543000.0,-52555000.0,-0.022828779160936487,-10088000.0,-42467000.0,-0.018446765571829317,-0.07,-0.07,579055000,579055000,https://www.sec.gov/Archives/edgar/data/821189/000082118920000053/0000821189-20-000053-index.htm,https://www.sec.gov/Archives/edgar/data/821189/000082118920000053/eog-20200930.htm,1620591685,16:21:25,20210509
3,2020-06-30,EOG,USD,2020-08-06,2020-08-06 16:26:53,Q2,1213018000,1048792000.0,164226000,0.13538628445744416,0.0,131855000.0,444444000.0,-4500000.0,832231000,1881023000,54213000.0,0.0,34174000,0.02817270642315283,-668005000.0,-0.550696692052385,-423044000.0,-1145262000.0,-0.9441426260780961,-235878000.0,-909384000.0,-0.7496871439665364,-1.57,-1.57,578719000,578719000,https://www.sec.gov/Archives/edgar/data/821189/000082118920000040/0000821189-20-000040-index.htm,https://www.sec.gov/Archives/edgar/data/821189/000082118920000040/eog-20200630.htm,1620591685,16:21:25,20210509
4,2020-03-31,EOG,USD,2020-05-07,2020-05-07 16:28:35,Q1,3474443000,1458201000.0,2016242000,0.5803065412211397,0.0,114273000.0,1108993000.0,18108000.0,1607955000,3066156000,44690000.0,0.0,1426455000,0.4105564546605024,408287000.0,0.1175114975263661,-332594000.0,31003000.0,0.008923156891622628,21190000.0,9813000.0,0.00282433759886117,0.016963949230891572,0.016910714254941124,578462000,580283000,https://www.sec.gov/Archives/edgar/data/821189/000082118920000028/0000821189-20-000028-index.htm,https://www.sec.gov/Archives/edgar/data/821189/000082118920000010/a2019123110-k.htm,1620591685,16:21:25,20210509
5,2019-12-31,EOG,USD,2020-02-27,2020-02-27 16:49:50,Q4,4227742000,1421361000.0,2806381000,0.6638013861773022,0.0,125187000.0,1237259000.0,8152000.0,1772111000,3193472000,40695000.0,0.0,2001630000,0.4734513127811489,1034270000.0,0.24463886396095125,-162367000.0,831208000.0,0.1966080238576526,194687000.0,636521000.0,0.15055814664187173,1.1008664821860947,1.0959383608815427,578200000,580800000,https://www.sec.gov/Archives/edgar/data/821189/000082118920000010/0000821189-20-000010-index.htm,https://www.sec.gov/Archives/edgar/data/821189/000082118920000010/a2019123110-k.htm,1620591685,16:21:25,20210509
6,2019-09-30,EOG,USD,2019-11-06,2019-11-06 16:27:39,Q3,4187800000,1430029000.0,2757771000,0.6585250011939443,0.0,135758000.0,1343293000.0,9118000.0,1909916000,3339945000,39620000.0,0.0,1810570000,0.43234395147810306,847855000.0,0.20245833134342614,-10778000.0,797457000.0,0.1904238502316252,182335000.0,615122000.0,0.14688428291704475,1.064521432440524,1.0582361755532272,577839000,581271000,https://www.sec.gov/Archives/edgar/data/821189/000082118919000039/0000821189-19-000039-index.htm,https://www.sec.gov/Archives/edgar/data/821189/000082118919000039/a2019093010-q.htm,1620591685,16:21:25,20210509
7,2019-06-30,EOG,USD,2019-08-01,2019-08-01 16:56:06,Q2,4486518000,1417228000.0,3069290000,0.6841140501386599,0.0,121780000.0,1500915000.0,8503000.0,2011698000,3428926000,49908000.0,0.0,2023399000,0.4509954044539663,1057592000.0,0.2357266815824655,81682000.0,1089366000.0,0.24280878846357018,241525000.0,847841000.0,0.18897528105314634,1.47,1.46,577460000,580247000,https://www.sec.gov/Archives/edgar/data/821189/000082118919000030/0000821189-19-000030-index.htm,https://www.sec.gov/Archives/edgar/data/821189/000082118919000030/a2019063010-q.htm,1620591685,16:21:25,20210509
8,2019-03-31,EOG,USD,2019-05-02,2019-05-02 16:51:41,Q1,4039667000,1327181000.0,2712486000,0.6714627715601311,0.0,106672000.0,1270057000.0,5612000.0,1739184000,3066365000,54906000.0,0.0,1858509000,0.46006490138914913,973302000.0,0.24093619597852992,-91160000.0,827236000.0,0.20477826513918101,191810000.0,635426000.0,0.15729662865775818,1.1008632951436832,1.0951428935821117,577207000,580222000,https://www.sec.gov/Archives/edgar/data/821189/000082118919000020/0000821189-19-000020-index.htm,https://www.sec.gov/Archives/edgar/data/821189/000082118919000009/a2018123110-k.htm,1620591685,16:21:25,20210509
9,2018-12-31,EOG,USD,2019-02-26,2019-02-26 16:24:41,Q4,4369681000,1378801000.0,2990880000,0.6844618634632597,0.0,116904000.0,1349416000.0,21220000.0,1893652000,3272453000,56020000.0,0.0,2038411000,0.4664896590849538,1097228000.0,0.2511002519405879,47132000.0,1088340000.0,0.24906623618520438,195572000.0,892768000.0,0.20430965097909892,1.55,1.54,577000000,580300000,https://www.sec.gov/Archives/edgar/data/821189/000082118919000009/0000821189-19-000009-index.htm,https://www.sec.gov/Archives/edgar/data/821189/000082118919000009/a2018123110-k.htm,1620591685,16:21:25,20210509
10,2018-09-30,EOG,USD,2018-11-01,2018-11-01 16:36:30,Q3,4681687000,1353811000.0,3327876000,0.7108283830166349,0.0,111284000.0,1326974000.0,3308000.0,1840435000,3194246000,63632000.0,0.0,2408929000,0.5145429414653307,1487441000.0,0.31771474684232415,22554000.0,1446363000.0,0.3089405592471261,255411000.0,1190952000.0,0.2543852248131923,2.06,2.05,577254000,581559000,https://www.sec.gov/Archives/edgar/data/821189/000082118918000044/0000821189-18-000044-index.htm,https://www.sec.gov/Archives/edgar/data/821189/000082118918000044/a2018093010-q.htm,1620591685,16:21:25,20210509
11,2018-06-30,EOG,USD,2018-08-02,2018-08-02 16:26:37,Q2,4401163000,1272447000.0,3128716000,0.7108839186369603,0.0,104083000.0,1420463000.0,-8551000.0,1919877000,3192324000,63444000.0,0.0,2048962000,0.46555012845468347,1208839000.0,0.2746635377967142,-252459000.0,892936000.0,0.20288637344265595,196205000.0,696731000.0,0.15830611136192865,1.21,1.2,576135000,580375000,https://www.sec.gov/Archives/edgar/data/821189/000082118918000034/0000821189-18-000034-index.htm,https://www.sec.gov/Archives/edgar/data/821189/000082118918000034/a2018063010-q.htm,1620591685,16:21:25,20210509
12,2018-03-31,EOG,USD,2018-05-03,2018-05-03 16:24:26,Q1,3724311000,1150000000.0,2574311000,0.6912180534869403,0.0,94698000.0,1106390000.0,727000.0,1560374000,2710374000,61956000.0,0.0,1763255000,0.47344461834685664,1013937000.0,0.2722482091318367,-138622000.0,813359000.0,0.21839180455123108,174770000.0,638589000.0,0.1714650038624594,1.11,1.1,575775000,579726000,https://www.sec.gov/Archives/edgar/data/821189/000082118918000025/0000821189-18-000025-index.htm,https://www.sec.gov/Archives/edgar/data/821189/000082118918000012/a2017123110-k.htm,1620591685,16:21:25,20210509
13,2017-12-31,EOG,USD,2018-02-27,2018-02-27 16:28:26,Q4,3433950000,1206981000.0,2226969000,0.6485152666754029,0.0,117005000.0,1009566000.0,803000.0,1487363000,2694344000,63362000.0,0.0,1622154000,0.4723871925916219,739606000.0,0.21538053844697796,-262891000.0,413353000.0,0.12037245737416095,-2017115000.0,2430468000.0,0.7077761761237059,4.22,4.2,575400000,579200000,https://www.sec.gov/Archives/edgar/data/821189/000082118918000012/0000821189-18-000012-index.htm,https://www.sec.gov/Archives/edgar/data/821189/000082118918000012/a2017123110-k.htm,1620591685,16:21:25,20210509
14,2017-09-30,EOG,USD,2017-11-02,2017-11-02 16:44:36,Q3,2636218000,1130755000.0,1505463000,0.5710692363074678,0.0,111717000.0,793536000.0,226000.0,1222142000,2352897000,69082000.0,0.0,1129769000,0.428556743031115,283321000.0,0.10747252313731262,-68259000.0,145980000.0,0.05537478311732945,45439000.0,100541000.0,0.038138348194269214,0.17491992630262204,0.17372515274667552,574783000,578736000,https://www.sec.gov/Archives/edgar/data/821189/000082118917000054/0000821189-17-000054-index.htm,https://www.sec.gov/Archives/edgar/data/821189/000082118917000054/a2017093010-q.htm,1620591685,16:21:25,20210509
15,2017-06-30,EOG,USD,2017-08-01,2017-08-01 17:00:56,Q2,2595166000,1155316000.0,1439850000,0.5548199999537602,0.0,108507000.0,790599000.0,4972000.0,1233538000,2388854000,70413000.0,0.0,1076668000,0.41487442421794984,206312000.0,0.07949857542831557,-73432000.0,62467000.0,0.02407052188569055,39414000.0,23053000.0,0.008883054109062772,0.04013132813057609,0.03985078213188633,574439000,578483000,https://www.sec.gov/Archives/edgar/data/821189/000082118917000038/0000821189-17-000038-index.htm,https://www.sec.gov/Archives/edgar/data/821189/000082118917000038/a2017063010-q.htm,1620591685,16:21:25,20210509
16,2017-03-31,EOG,USD,2017-05-08 00:00:00,2017-05-08 16:34:40,Q1,2540644000,1109957000.0,1430687000,0.5631198231629461,0.0,97238000.0,736536000.0,3151000.0,1175016000,2284973000,71515000.0,0.0,1074858000,0.4230651756011468,255671000.0,0.10063235935455735,-144774000.0,39382000.0,0.015500794286802873,10865000.0,28517000.0,0.01122431950324406,0.04968681122426755,0.04928680436852848,573935000,578593000,https://www.sec.gov/Archives/edgar/data/821189/000082118917000029/0000821189-17-000029-index.html,https://www.sec.gov/Archives/edgar/data/821189/000082118917000029/a2017033110-q.htm,1620591685,16:21:25,20210509
17,2017-03-30,EOG,USD,2017-05-08,2017-05-08 16:34:40,Q1,24659000,0.0,24659000,1.0,56894000.0,-629299000.0,726537000.0,3151000.0,880669000,880669000,0.0,816036000.0,923782000,37.46226529867391,107746000.0,4.369439150006083,130293000.0,110897000.0,4.497222109574597,10865000.0,28517000.0,1.15645403301026,0.05,0.05,570340000,570340000,https://www.sec.gov/Archives/edgar/data/821189/000082118917000029/0000821189-17-000029-index.htm,https://www.sec.gov/Archives/edgar/data/821189/000082118917000017/a2016123110-k.htm,1620591685,16:21:25,20210509
18,2016-12-31,EOG,USD,2017-02-27,2017-02-27 17:06:32,Q4,2334039000,1136886000.0,1197153000,0.5129104526531048,0.0,102182000.0,634248000.0,-17198000.0,1042941000,2179827000,71325000.0,0.0,999538000,0.42824391537587847,154212000.0,0.06607087542239011,-276897000.0,-194010000.0,-0.08312200438810148,-51658000.0,-142352000.0,-0.06098955501600445,-0.25,-0.25,567300000,567300000,https://www.sec.gov/Archives/edgar/data/821189/000082118917000017/0000821189-17-000017-index.htm,https://www.sec.gov/Archives/edgar/data/821189/000082118917000017/a2016123110-k.htm,1620591685,16:21:25,20210509
19,2016-09-30,EOG,USD,2016-11-03,2016-11-03 16:28:58,Q3,1987905000,1158494000.0,829411000,0.41722869050583405,0.0,94397000.0,552487000.0,-7912000.0,958222000,2116716000,70858000.0,0.0,762788000,0.38371451352051533,-128811000.0,-0.06479736204697911,-72581000.0,-272250000.0,-0.1369532246259253,-82250000.0,-190000000.0,-0.09557800800340056,-0.35,-0.35,547838000,547838000,https://www.sec.gov/Archives/edgar/data/821189/000082118916000089/0000821189-16-000089-index.htm,https://www.sec.gov/Archives/edgar/data/821189/000082118916000089/a2016093010-q.htm,1620591685,16:21:25,20210509
20,2016-06-30,EOG,USD,2016-08-04,2016-08-04 16:21:00,Q2,1812572000,1110110000.0,702462000,0.38754984629576095,0.0,97705000.0,480046000.0,-20996000.0,857998000,1968108000,71108000.0,0.0,685959000,0.378445104525503,-155536000.0,-0.085809556806571,-153633000.0,-380277000.0,-0.20979966588913435,-87719000.0,-292558000.0,-0.1614048986743699,-0.53,-0.53,547335000,547335000,https://www.sec.gov/Archives/edgar/data/821189/000082118916000077/0000821189-16-000077-index.htm,https://www.sec.gov/Archives/edgar/data/821189/000082118916000077/a2016063010-q.htm,1620591685,16:21:25,20210509
21,2016-03-31,EOG,USD,2016-05-05,2016-05-05 16:54:24,Q1,1328486000,1198280000.0,130206000,0.09801081833003886,0.0,100531000.0,340854000.0,-4437000.0,711312000,1909592000,68390000.0,0.0,343348000,0.258450597145924,-581106000.0,-0.4374197394628171,-61472000.0,-710968000.0,-0.5351716164114638,-239192000.0,-471776000.0,-0.3551230498477214,-0.86,-0.86,546715000,546715000,https://www.sec.gov/Archives/edgar/data/821189/000082118916000067/0000821189-16-000067-index.htm,https://www.sec.gov/Archives/edgar/data/821189/000082118916000054/a2015123110-k.htm,1620591685,16:21:25,20210509
22,2015-12-31,EOG,USD,2016-02-25,2016-02-25 16:27:17,Q4,1786664000,1057026000.0,729638000,0.4083800871344584,0.0,109014000.0,461848000.0,-6080000.0,892534000,1949560000,62993000.0,0.0,600481000,0.33609061356807995,-162896000.0,-0.09117327040786628,-172937000.0,-398826000.0,-0.22322384063259795,-114530000.0,-284296000.0,-0.15912113301661646,-0.52,-0.52,546400000,546400000,https://www.sec.gov/Archives/edgar/data/821189/000082118916000054/0000821189-16-000054-index.htm,https://www.sec.gov/Archives/edgar/data/821189/000082118916000054/a2015123110-k.htm,1620591685,16:21:25,20210509
23,2015-09-30,EOG,USD,2015-11-05,2015-11-05 16:28:50,Q3,2130363000,1040890000.0,1089473000,0.5114025168480677,0.0,90959000.0,615303000.0,8607000.0,1033064000,2073954000,60571000.0,0.0,787188000,0.36950885834949254,56409000.0,0.026478586043786903,-6270759000.0,-6274921000.0,-2.9454703259491457,-2199182000.0,-4075739000.0,-1.9131664415876544,-7.47,-7.47,545920000,545920000,https://www.sec.gov/Archives/edgar/data/821189/000082118915000046/0000821189-15-000046-index.htm,https://www.sec.gov/Archives/edgar/data/821189/000082118915000046/a2015093010-q.htm,1620591685,16:21:25,20210509
24,2015-06-30,EOG,USD,2015-08-06,2015-08-06 16:12:47,Q2,2509080000,1233888000.0,1275192000,0.5082309053517624,0.0,82324000.0,670169000.0,9380000.0,1112990000,2346878000,60484000.0,0.0,1080809000,0.43075908301050586,162202000.0,0.06464600570727119,-113196000.0,-11478000.0,-0.004574585106891769,-16746000.0,5268000.0,0.0020995743459754175,0.009657124420719188,0.009583705517543747,545504000,549683000,https://www.sec.gov/Archives/edgar/data/821189/000082118915000033/0000821189-15-000033-index.htm,https://www.sec.gov/Archives/edgar/data/821189/000082118915000033/a2015063010-q.htm,1620591685,16:21:25,20210509
25,2015-03-31,EOG,USD,2015-05-04,2015-05-04 16:23:04,Q1,2230286000,1310278000.0,920008000,0.4125067368041587,0.0,84297000.0,638662000.0,-9991000.0,1101382000,2411660000,53345000.0,0.0,721423000,0.3234665867964916,-181374000.0,-0.08132320249510601,-1612000.0,-236331000.0,-0.10596443684800963,-66583000.0,-169748000.0,-0.0761104181257471,-0.31,-0.31,544998000,544998000,https://www.sec.gov/Archives/edgar/data/821189/000082118915000023/0000821189-15-000023-index.htm,https://www.sec.gov/Archives/edgar/data/821189/000082118915000010/a2014123110-k.htm,1620591685,16:21:25,20210509
26,2014-12-31,EOG,USD,2015-02-18,2015-02-18 17:28:02,Q4,3449488000,1432496000.0,2016992000,0.5847221384738837,0.0,131285000.0,862589000.0,-28324000.0,1436747000,2869243000,49735000.0,0.0,1565851000,0.45393722198772685,580245000.0,0.16821192014583033,618083000.0,1148593000.0,0.33297492265518824,704005000.0,444588000.0,0.12888521426948,0.82,0.81,544600000,549200000,https://www.sec.gov/Archives/edgar/data/821189/000082118915000010/0000821189-15-000010-index.htm,https://www.sec.gov/Archives/edgar/data/821189/000082118915000010/a2014123110-k.htm,1620591685,16:21:25,20210509
27,2014-09-30,EOG,USD,2014-11-04,2014-11-04 17:08:18,Q3,4570470000,1449979000.0,3120491000,0.6827505705102539,0.0,96931000.0,1213652000.0,-21338000.0,1808258000,3258237000,49704000.0,0.0,2330913000,0.5099941581500371,1312233000.0,0.28711117237395717,452591000.0,1715120000.0,0.3752611875802707,611502000.0,1103618000.0,0.2414670701262671,2.03,2.01,543984000,549518000,https://www.sec.gov/Archives/edgar/data/821189/000082118914000042/0000821189-14-000042-index.htm,https://www.sec.gov/Archives/edgar/data/821189/000082118914000042/a2014093010-q.htm,1620591685,16:21:25,20210509
28,2014-06-30,EOG,USD,2014-08-05,2014-08-05 17:11:39,Q2,4403834000,1375530000.0,3028304000,0.6876517143925044,0.0,90932000.0,1043515000.0,7950000.0,1619125000,2994655000,51867000.0,0.0,2413731000,0.5480976349244772,1409179000.0,0.31998912765558374,-256499000.0,1100813000.0,0.249966960607507,394460000.0,706353000.0,0.1603950103478015,1.3,1.29,543099000,548676000,https://www.sec.gov/Archives/edgar/data/821189/000082118914000031/0000821189-14-000031-index.htm,https://www.sec.gov/Archives/edgar/data/821189/000082118914000031/a2014063010-q.htm,1620591685,16:21:25,20210509
29,2014-03-31,EOG,USD,2014-05-06,2014-05-05 18:33:50,Q1,4215441000,1301249000.0,2914192000,0.6913136727568954,0.0,82862000.0,1006304000.0,-3338000.0,1572314000,2873563000,50152000.0,0.0,2285031000,0.5420621472344175,1341878000.0,0.3183244647475792,-260937000.0,1030789000.0,0.2445269664549925,369861000.0,660928000.0,0.15678739187667434,1.22,1.21,542278000,548071000,https://www.sec.gov/Archives/edgar/data/821189/000082118914000020/0000821189-14-000020-index.htm,https://www.sec.gov/Archives/edgar/data/821189/000082118914000007/eogform10-k.htm,1620591685,16:21:25,20210509
30,2013-12-31,EOG,USD,2014-02-24,2014-02-24 17:25:32,Q4,3685972000,1230527000.0,2455445000,0.6661594282322275,0.0,91066000.0,901940000.0,-8732000.0,1418112000,2648639000,52510000.0,0.0,1943858000,0.5273664585623548,1037333000.0,0.28142725989237033,-65741000.0,919082000.0,0.24934589844958127,338888000.0,580194000.0,0.1574059705282623,1.0725623079738678,1.0725623079738678,540942000,540942000,https://www.sec.gov/Archives/edgar/data/821189/000082118914000007/0000821189-14-000007-index.htm,https://www.sec.gov/Archives/edgar/data/821189/000082118914000007/eogform10-k.htm,1620591685,16:21:25,20210509
31,2013-09-30,EOG,USD,2013-11-06,2013-11-06 17:16:06,Q3,3814754000,1259090000.0,2555664000,0.6699420198523941,0.0,98654000.0,876761000.0,11168000.0,1414774000,2673864000,59382000.0,0.0,2080858000,0.5454763269138718,1140890000.0,0.2990730201737779,-359953000.0,721555000.0,0.18914850079454665,259057000.0,462498000.0,0.1212392725717045,0.855,0.845,540942000,547152000,https://www.sec.gov/Archives/edgar/data/821189/000082118913000048/0000821189-13-000048-index.htm,https://www.sec.gov/Archives/edgar/data/821189/000082118913000048/eog3qtr10-q.htm,1620591685,16:21:25,20210509
32,2013-06-30,EOG,USD,2013-08-06,2013-08-06 17:17:46,Q2,3613471000,1205316000.0,2408155000,0.6664381698372562,0.0,80607000.0,965490000.0,4833000.0,1482787000,2688103000,61647000.0,0.0,1840732000,0.5094082670097533,925368000.0,0.2560883981080795,171509000.0,1035230000.0,0.28649185229381946,375538000.0,659692000.0,0.18256463107079038,1.22,1.21,540032000,545478000,https://www.sec.gov/Archives/edgar/data/821189/000082118913000040/0000821189-13-000040-index.htm,https://www.sec.gov/Archives/edgar/data/821189/000082118913000040/eog2qtr10-q.htm,1620591685,16:21:25,20210509
33,2013-03-31,EOG,USD,2013-05-06,2013-05-06 17:17:03,Q1,3285198000,1119892000.0,2165306000,0.6591097401130769,0.0,77985000.0,904649000.0,-10134000.0,1337961000,2457853000,61921000.0,0.0,1663599000,0.506392308774083,827345000.0,0.25184022393779615,-4405000.0,761019000.0,0.23165087766399467,266294000.0,494725000.0,0.15059214086943923,0.92,0.91,538716000,544526000,https://www.sec.gov/Archives/edgar/data/821189/000082118913000028/0000821189-13-000028-index.htm,https://www.sec.gov/Archives/edgar/data/821189/000082118913000014/eogform10-k.htm,1620591685,16:21:25,20210509
34,2012-12-31,EOG,USD,2013-02-22,2013-02-21 20:04:48,Q4,2711573000,2984947000.0,-273374000,-0.10081749597005134,0.0,86679000.0,880451000.0,-8407000.0,-656733000,2328214000,59354000.0,0.0,1284189000,0.4735955845555329,383359000.0,0.14137882328817997,-769827000.0,-445822000.0,-0.1644145298688252,59177000.0,-504999000.0,-0.18623839372939618,-0.94,-0.94,537800000,537800000,https://www.sec.gov/Archives/edgar/data/821189/000082118913000014/0000821189-13-000014-index.htm,https://www.sec.gov/Archives/edgar/data/821189/000082118913000014/eogform10-k.htm,1620591685,16:21:25,20210509
35,2012-09-30,EOG,USD,2012-11-05,2012-11-05 17:17:29,Q3,2950184000,446006000.0,2504178000,0.8488209548963725,0.0,92870000.0,755457000.0,0.0,1840227000,2286233000,0.0,0.0,1540410000,0.5221403139600784,663951000.0,0.22505409832064713,-50608000.0,560189000.0,0.18988273273802583,204698000.0,355491000.0,0.12049790792709879,0.665,0.655,535882000,541964000,https://www.sec.gov/Archives/edgar/data/821189/000082118912000058/0000821189-12-000058-index.htm,https://www.sec.gov/Archives/edgar/data/821189/000082118912000058/eog3qtr10-q.htm,1620591685,16:21:25,20210509
36,2012-06-30,EOG,USD,2012-08-02,2012-08-02 17:15:51,Q2,2720870000,417818000.0,2303052000,0.8464395579355133,0.0,75727000.0,694118000.0,0.0,1744945000,2162763000,0.0,0.0,1227965000,0.45131336668051025,558107000.0,0.20512078857130256,138907000.0,646239000.0,0.23751189876767356,250461000.0,395778000.0,0.14546009180886996,0.74,0.735,533748000,539970000,https://www.sec.gov/Archives/edgar/data/821189/000082118912000042/0000821189-12-000042-index.htm,https://www.sec.gov/Archives/edgar/data/821189/000082118912000042/eog2qtr10-q.htm,1620591685,16:21:25,20210509
37,2012-03-31,EOG,USD,2012-05-08,2012-05-08 17:06:37,Q1,2806651000,461736000.0,2344915000,0.8354850674344619,0.0,76269000.0,705468000.0,0.0,1651996000,2113732000,50269000.0,0.0,1441662000,0.5136591617554159,692919000.0,0.24688463225388552,-122516000.0,520134000.0,0.18532193707019504,196125000.0,324009000.0,0.1154432809779342,0.61,0.6,533348000,540484000,https://www.sec.gov/Archives/edgar/data/821189/000082118912000027/0000821189-12-000027-index.htm,https://www.sec.gov/Archives/edgar/data/821189/000082118912000014/eog10-k.htm,1620591685,16:21:25,20210509
38,2011-12-31,EOG,USD,2012-02-24 00:00:00,2012-02-24 16:20:46,Q4,2773015000,445614000.0,2327401000,0.8393034296604959,0.0,85108000.0,644687000.0,0.0,1525202000,1970816000,56591000.0,0.0,1495726000,0.5393861915640558,802199000.0,0.28928765260916367,-503976000.0,241632000.0,0.08713692497155623,120934000.0,120698000.0,0.043525909524470656,0.22683074425020577,0.22683074425020577,532106000,532106000,https://www.sec.gov/Archives/edgar/data/821189/000082118912000014/0000821189-12-000014-index.html,https://www.sec.gov/Archives/edgar/data/821189/000082118912000014/eog10-k.htm,1620591685,16:21:25,20210509
39,2011-12-30,EOG,USD,2012-02-24,2012-02-24 16:20:46,Q4,2773015000,0.0,2773015000,1.0,31042000.0,-569381000.0,654489000.0,0.0,116150000,2470440000,210363000.0,693527000.0,996102000,0.3592126259684856,302575000.0,0.10911408701359351,101880000.0,487980000.0,0.1759745259221461,120934000.0,120698000.0,0.043525909524470656,0.4593906407597008,0.45329517628855137,262735000,266268000,https://www.sec.gov/Archives/edgar/data/821189/000082118912000014/0000821189-12-000014-index.htm,https://www.sec.gov/Archives/edgar/data/821189/000082118912000014/eog10-k.htm,1620591685,16:21:25,20210509
40,2011-09-30,EOG,USD,2011-11-01,2011-11-01 17:25:36,Q3,2885744000,447209000.0,2438535000,0.8450281799078505,0.0,82260000.0,572604000.0,0.0,1405074000,1852283000,52186000.0,0.0,1685145000,0.5839551256105878,1033461000.0,0.35812636186716496,-82054000.0,899221000.0,0.3116080289866322,358343000.0,540878000.0,0.18743104031404034,1.015,1.005,532106000,538584000,https://www.sec.gov/Archives/edgar/data/821189/000082118911000065/0000821189-11-000065-index.htm,https://www.sec.gov/Archives/edgar/data/821189/000082118911000065/eog3qtr10-q.htm,1620591685,16:21:25,20210509
41,2011-06-30,EOG,USD,2011-08-04,2011-08-04 17:10:53,Q2,2570250000,379290000.0,2190960000,0.8524306974029764,0.0,67406000.0,469437000.0,0.0,1244053000,1623343000,51253000.0,0.0,1549851000,0.6029962065946892,946907000.0,0.3684104659079856,-352430000.0,543224000.0,0.21135064682423887,247650000.0,295574000.0,0.11499815193074604,0.555,0.55,531660000,538664000,https://www.sec.gov/Archives/edgar/data/821189/000082118911000053/0000821189-11-000053-index.htm,https://www.sec.gov/Archives/edgar/data/821189/000082118911000053/eog2qtr10-q.htm,1620591685,16:21:25,20210509
42,2011-03-31,EOG,USD,2011-05-06,2011-05-05 18:40:16,Q1,1897106000,405778000.0,1491328000,0.786106838521411,0.0,70037000.0,385409000.0,0.0,1129549000,1535327000,50333000.0,0.0,930005000,0.49022300282641035,361779000.0,0.19070046692172182,-85724000.0,225722000.0,0.11898228143287723,91749000.0,133973000.0,0.07061967017130302,0.2624862852664577,0.2588160065528419,510400000,517638000,https://www.sec.gov/Archives/edgar/data/821189/000082118911000036/0000821189-11-000036-index.htm,https://www.sec.gov/Archives/edgar/data/821189/000082118911000022/eogform10-k.htm,1620591685,16:21:25,20210509
43,2010-12-31,EOG,USD,2011-02-24,2011-02-24 17:06:25,Q4,1789160000,375196000.0,1413964000,0.7902948869860716,0.0,74004000.0,292477000.0,0.0,999571000,1374767000,41371000.0,0.0,958182000,0.5355485255650696,414393000.0,0.23161315924791523,-233449000.0,139573000.0,0.07801035122627378,85900000.0,53673000.0,0.029998993941290884,0.1069183266932271,0.1069183266932271,502000000,502000000,https://www.sec.gov/Archives/edgar/data/821189/000082118911000022/0000821189-11-000022-index.htm,https://www.sec.gov/Archives/edgar/data/821189/000082118911000022/eogform10-k.htm,1620591685,16:21:25,20210509
44,2010-09-30,EOG,USD,2010-11-02,2010-11-02 17:25:46,Q3,1582075000,352662000.0,1229413000,0.7770889496389236,0.0,81310000.0,231758000.0,0.0,888200000,1240862000,32890000.0,0.0,842101000,0.5322762827299591,341213000.0,0.2156743517216314,-347136000.0,-38813000.0,-0.024532970940062893,32093000.0,-70906000.0,-0.04481835564053537,-0.14,-0.14,502000000,502000000,https://www.sec.gov/Archives/edgar/data/821189/000082118910000048/0000821189-10-000048-index.htm,https://www.sec.gov/Archives/edgar/data/821189/000082118910000048/eog3qtr10-q.htm,1620591685,16:21:25,20210509
45,2010-06-30,EOG,USD,2010-08-05,2010-08-05 17:11:04,Q2,1357968000,337748000.0,1020220000,0.751284271794328,0.0,64737000.0,191213000.0,0.0,799357000,1137105000,29897000.0,0.0,686206000,0.5053182401941725,220863000.0,0.16264227139372944,-80907000.0,110059000.0,0.08104682879125281,50187000.0,59872000.0,0.04408940416858129,0.11936204146730463,0.11762671905697446,501600000,509000000,https://www.sec.gov/Archives/edgar/data/821189/000082118910000037/0000821189-10-000037-index.htm,https://www.sec.gov/Archives/edgar/data/821189/000082118910000037/eog2qtr10-q.htm,1620591685,16:21:25,20210509
46,2010-03-31,EOG,USD,2010-05-04,2010-05-03 18:15:02,Q1,1370693000,344638000.0,1026055000,0.7485666009821309,0.0,60423000.0,168764000.0,0.0,736558000,1081196000,25428000.0,0.0,721403000,0.5263053068776159,289497000.0,0.21120484309761559,-66912000.0,197157000.0,0.143837460321166,79142000.0,118015000.0,0.08609878360799975,0.235,0.23,500740000,507738000,https://www.sec.gov/Archives/edgar/data/821189/000082118910000019/0000821189-10-000019-index.htm,https://www.sec.gov/Archives/edgar/data/821189/000082118910000011/form10-k.htm,1620591685,16:21:25,20210509
47,2009-12-31,EOG,USD,2010-02-25,2010-02-25 17:10:39,Q4,1760862000,299909000.0,1460953000,0.8296805768992687,0.0,68793000.0,159556000.0,0.0,682934000,982843000,27307000.0,0.0,1176956000,0.6683976370663913,778019000.0,0.4418398488921903,-124477000.0,626235000.0,0.3556411575694177,225808000.0,400427000.0,0.22740396464913207,0.8023463642374817,0.8023463642374817,499070000,499070000,https://www.sec.gov/Archives/edgar/data/821189/000082118910000011/0000821189-10-000011-index.htm,https://www.sec.gov/Archives/edgar/data/821189/000082118910000011/form10-k.htm,1620591685,16:21:25,20210509
48,2009-09-30,EOG,USD,2009-11-05,2009-11-05 17:22:08,Q3,1006849000,274398000.0,732451000,0.7274685677792797,0.0,62775000.0,131816000.0,0.0,627744000,902142000,30407000.0,0.0,490037000,0.48670356726778297,104707000.0,0.1039947400255649,-69743000.0,4557000.0,0.004526001416299763,361000.0,4196000.0,0.004167457086415143,0.008407638207065141,0.008311478397287082,499070000,504844000,https://www.sec.gov/Archives/edgar/data/821189/000082118909000067/0000821189-09-000067-index.htm,https://www.sec.gov/Archives/edgar/data/821189/000082118909000067/eog3qtr10-q.htm,1620591685,16:21:25,20210509
49,2009-06-30,EOG,USD,2009-08-06,2009-08-06 17:08:51,Q2,861039000,282081000.0,578958000,0.6723946302083877,0.0,58760000.0,74050000.0,0.0,531894000,813975000,24811000.0,0.0,422656000,0.4908674287691963,47064000.0,0.05465954503802964,-45809000.0,-23556000.0,-0.027357645820921005,-6850000.0,-16706000.0,-0.01940214090186391,-0.035,-0.035,496414000,496414000,https://www.sec.gov/Archives/edgar/data/821189/000082118909000047/0000821189-09-000047-index.htm,https://www.sec.gov/Archives/edgar/data/821189/000082118909000047/eog2qtr10-q.htm,1620591685,16:21:25,20210509
50,2009-03-31,EOG,USD,2009-05-04,2009-05-04 16:57:25,Q1,1158209000,316651000.0,841558000,0.7266028842808163,0.0,0.0,0.0,0.0,494675000,811326000,18376000.0,0.0,736212000,0.6356469341889072,346883000.0,0.29949948584409203,-63732000.0,264775000.0,0.22860727208992504,106065000.0,158710000.0,0.13703053593954115,0.32,0.315,495982000,500408000,https://www.sec.gov/Archives/edgar/data/821189/000082118909000024/0000821189-09-000024-index.htm,https://www.sec.gov/Archives/edgar/data/821189/000082118909000008/form10-k.htm,1620591685,16:21:25,20210509
51,2008-12-31,EOG,USD,2009-02-25,2009-02-25 17:23:53,Q4,1033514000,476377000.0,557137000,0.5390705883035933,0.0,0.0,0.0,0.0,-273310000,203067000,0.0,368135000.0,1198582000,1.159715301389241,830447000.0,0.8035179010637495,515277000.0,735092000.0,0.7112549999322699,273620000.0,461472000.0,0.4465077396145577,0.9335680038842022,0.9335680038842022,494310000,494310000,https://www.sec.gov/Archives/edgar/data/821189/000082118909000008/0000821189-09-000008-index.htm,https://www.sec.gov/Archives/edgar/data/821189/000082118909000008/form10-k.htm,1620591685,16:21:25,20210509
52,2008-09-30,EOG,USD,2008-11-03,2008-11-03 16:24:04,Q3,3219506000,280270000.0,2939236000,0.9129462718814626,0.0,0.0,0.0,0.0,514911000,795181000,12095000.0,346247000.0,2770572000,0.8605581104678792,2424325000.0,0.7530114868554368,1331313000.0,2393952000.0,0.7435774308232381,837667000.0,1556285000.0,0.48339248319462674,3.15,3.1,494310000,501860000,https://www.sec.gov/Archives/edgar/data/821189/000082118908000234/0000821189-08-000234-index.htm,https://www.sec.gov/Archives/edgar/data/821189/000082118908000234/eog3qtr10-q.htm,1620591685,16:21:25,20210509
53,2008-06-30,EOG,USD,2008-07-29,2008-07-29 16:21:50,Q2,1865350000,268269000.0,1597081000,0.8561830219529847,0.0,0.0,0.0,0.0,1305103000,1573372000,0.0,315294000.0,607272000,0.3255539174953762,291978000.0,0.15652719328812287,-917265000.0,256412000.0,0.1374605301954057,69177000.0,178206000.0,0.09553488621438336,0.36,0.355,493072000,502270000,https://www.sec.gov/Archives/edgar/data/821189/000082118908000168/0000821189-08-000168-index.htm,https://www.sec.gov/Archives/edgar/data/821189/000082118908000168/eog2qtr10-q.htm,1620591685,16:21:25,20210509
54,2008-03-31,EOG,USD,2008-05-08,2008-05-08 17:02:32,Q1,1570817000,250804000.0,1320013000,0.8403353159534178,0.0,0.0,0.0,0.0,906719000,1157523000,0.0,297199000.0,710493000,0.4523079391170327,413294000.0,0.26310766944844627,-533409000.0,370112000.0,0.23561751623518207,129156000.0,240956000.0,0.15339533503902747,0.49,0.48,490860000,499526000,https://www.sec.gov/Archives/edgar/data/821189/000082118908000117/0000821189-08-000117-index.htm,https://www.sec.gov/Archives/edgar/data/821189/000082118908000042/form10-k.htm,1620591685,16:21:25,20210509
55,2007-12-31,EOG,USD,2008-02-28,2008-02-28 16:16:03,Q4,1176273000,263782000.0,912491000,0.7757476368156032,0.0,0.0,0.0,0.0,332017000,595799000,0.0,282234000.0,862708000,0.7334249787251769,580474000.0,0.49348578093690837,-39769000.0,511080000.0,0.4344909727588748,149885000.0,361195000.0,0.30706732195672265,0.7417161561650362,0.7417161561650362,486972000,486972000,https://www.sec.gov/Archives/edgar/data/821189/000082118908000042/0000821189-08-000042-index.htm,https://www.sec.gov/Archives/edgar/data/821189/000082118908000042/form10-k.htm,1620591685,16:21:25,20210509
56,2007-09-30,EOG,USD,2007-10-29,2007-10-29 16:49:47,Q3,942565000,249190000.0,693375000,0.7356256597688223,0.0,0.0,0.0,0.0,326503000,575693000,0.0,279189000.0,646061000,0.6854285911316461,366872000.0,0.3892272681459634,-29819000.0,318598000.0,0.3380117021107298,114595000.0,204003000.0,0.21643387989157248,0.415,0.41,486972000,494850000,https://www.sec.gov/Archives/edgar/data/821189/000082118907000214/0000821189-07-000214-index.htm,https://www.sec.gov/Archives/edgar/data/821189/000082118907000214/eog3qtr10-q.htm,1620591685,16:21:25,20210509
57,2007-06-30,EOG,USD,2007-08-02,2007-08-02 17:17:51,Q2,1009152000,217811000.0,791341000,0.7841643280695079,0.0,0.0,0.0,0.0,322919000,540730000,10818000.0,259780000.0,728202000,0.7215979356925418,468422000.0,0.46417388064434295,33552000.0,465869000.0,0.46164403380263824,158816000.0,307053000.0,0.3042683361872146,0.63,0.62,486454000,494522000,https://www.sec.gov/Archives/edgar/data/821189/000082118907000172/0000821189-07-000172-index.htm,https://www.sec.gov/Archives/edgar/data/821189/000082118907000172/eog2qtr10-q.htm,1620591685,16:21:25,20210509
58,2007-03-31,EOG,USD,2007-04-30,2007-04-30 16:56:13,Q1,910506000,185267000.0,725239000,0.7965230322480028,0.0,0.0,0.0,0.0,364162000,549429000,0.0,244342000.0,605419000,0.6649258763808256,361077000.0,0.39656740318020967,-77453000.0,335321000.0,0.36827983560789274,117654000.0,217667000.0,0.23906157674963152,0.445,0.44,485526000,493354000,https://www.sec.gov/Archives/edgar/data/821189/000082118907000104/0000821189-07-000104-index.htm,https://www.sec.gov/Archives/edgar/data/821189/000082118907000056/form10-k.htm,1620591685,16:21:25,20210509
59,2006-12-31,EOG,USD,2007-02-28,2007-02-28 16:31:51,Q4,932543000,217064000.0,715479000,0.7672343259238448,0.0,0.0,0.0,0.0,324404000,541468000,7519000.0,230438000.0,621513000,0.666471143957973,391075000.0,0.41936404004962774,-39589000.0,352520000.0,0.3780201020221051,109895000.0,242625000.0,0.2601756701835733,0.5014757493458338,0.5014757493458338,483822000,483822000,https://www.sec.gov/Archives/edgar/data/821189/000082118907000056/0000821189-07-000056-index.htm,https://www.sec.gov/Archives/edgar/data/821189/000082118907000056/form10-k.htm,1620591685,16:21:25,20210509
60,2006-09-30,EOG,USD,2006-11-01,2006-11-01 12:50:31,Q3,968248000,171855000.0,796393000,0.8225093157951269,0.0,0.0,0.0,0.0,312499000,484354000,0.0,216071000.0,699965000,0.722919128157249,483894000.0,0.4997624575521974,75702000.0,465996000.0,0.48127752394014756,166860000.0,299136000.0,0.30894564202559677,0.615,0.605,483822000,492272000,https://www.sec.gov/Archives/edgar/data/821189/000082118906000190/0000821189-06-000190-index.htm,https://www.sec.gov/Archives/edgar/data/821189/000082118906000190/eog3qtr10-q.htm,1620591685,16:21:25,20210509
61,2006-06-30,EOG,USD,2006-08-01,2006-08-01 13:19:28,Q2,919088000,163181000.0,755907000,0.8224533450550982,0.0,0.0,0.0,0.0,278393000,441574000,0.0,192928000.0,670442000,0.7294644256045123,477514000.0,0.519551990669011,67567000.0,464294000.0,0.5051681667043852,132877000.0,331417000.0,0.36059332729836535,0.68,0.67,483226000,491774000,https://www.sec.gov/Archives/edgar/data/821189/000082118906000129/0000821189-06-000129-index.htm,https://www.sec.gov/Archives/edgar/data/821189/000082118906000129/eog2qtr10-q.htm,1620591685,16:21:25,20210509
62,2006-03-31,EOG,USD,2006-05-04,2006-05-04 16:14:01,Q1,1084536000,165698000.0,918838000,0.847217611955712,0.0,0.0,0.0,0.0,267637000,433335000,0.0,177652000.0,828853000,0.7642466455700871,651201000.0,0.6004420323530063,76034000.0,629831000.0,0.5807377532880421,203124000.0,426707000.0,0.3934465983609581,0.88,0.865,482236000,491846000,https://www.sec.gov/Archives/edgar/data/821189/000082118906000086/0000821189-06-000086-index.htm,https://www.sec.gov/Archives/edgar/data/821189/000082118906000040/form10-k.htm,1620591685,16:21:25,20210509
63,2005-12-31,EOG,USD,2006-02-23,2006-02-22 18:19:04,Q4,1200465000,103770000.0,1096695000,0.913558496082768,0.0,0.0,0.0,0.0,263888000,367658000,19985000.0,176974000.0,1009781000,0.841158217857247,832807000.0,0.6937370102418646,-132343000.0,748220000.0,0.6232751475469922,284564000.0,463656000.0,0.38623033574489885,0.9685974998328766,0.9685974998328766,478688000,478688000,https://www.sec.gov/Archives/edgar/data/821189/000082118906000040/0000821189-06-000040-index.htm,https://www.sec.gov/Archives/edgar/data/821189/000082118906000040/form10-k.htm,1620591685,16:21:25,20210509
64,2005-09-30,EOG,USD,2005-09-30,2005-09-30,Q3,934445000,161455000.0,772990000,0.8272182953517864,0.0,0.0,0.0,0.0,250834000,412289000,0.0,164372000.0,686528000,0.7346906452493192,522156000.0,0.5587873015533285,11624000.0,518438000.0,0.5548084691982942,174677000.0,343761000.0,0.36787718913365686,0.715,0.7,478688000,489800000,,,1620591685,16:21:25,20210509
65,2005-06-30,EOG,USD,2005-06-30,2005-06-30,Q2,783924000,137382000.0,646542000,0.8247508687066604,0.0,0.0,0.0,0.0,227622000,365004000,14687000.0,159896000.0,578816000,0.7383572897372704,418920000.0,0.5343885376643654,-41588000.0,386876000.0,0.4935121261754966,137420000.0,249456000.0,0.3182145207953832,0.52,0.51,476504000,486828000,,,1620591685,16:21:25,20210509
66,2005-03-31,EOG,USD,2005-03-31,2005-03-31,Q1,688156000,132273000.0,555883000,0.8077863158934893,0.0,0.0,0.0,0.0,223616000,355889000,0.0,153016000.0,485283000,0.7051932991937875,332267000.0,0.48283674050651304,-18879000.0,311603000.0,0.4528086654770139,108900000.0,202703000.0,0.29455966379716225,0.425,0.415,474586000,484228000,,,1620591685,16:21:25,20210509
67,2004-12-31,EOG,USD,2004-12-31,2004-12-31,Q4,690051000,140522000.0,549529000,0.796359979189944,0.0,0.0,0.0,0.0,294295000,434817000,0.0,144125000.0,399359000,0.5787383831050169,255234000.0,0.3698770090906324,31947000.0,298900000.0,0.43315638989002264,92145000.0,206755000.0,0.29962278150455546,0.4402377119690659,0.4402377119690659,469644000,469644000,,,1620591685,16:21:25,20210509
68,2004-09-30,EOG,USD,2004-09-30,2004-09-30,Q3,571510000,112015000.0,459495000,0.8040016797606341,0.0,0.0,0.0,0.0,167065000,279080000,0.0,130257000.0,422687000,0.7395968574478137,292430000.0,0.5116795856590436,-9187000.0,262343000.0,0.45903483753565116,90033000.0,172310000.0,0.30149953631607496,0.36,0.355,469644000,478708000,,,1620591685,16:21:25,20210509
69,2004-06-30,EOG,USD,2004-06-30,2004-06-30,Q2,519021000,104192000.0,414829000,0.7992528240668489,0.0,0.0,0.0,0.0,172382000,276574000,0.0,116224000.0,358671000,0.6910529631749004,242447000.0,0.4671236809300587,-29997000.0,212745000.0,0.4098967093817013,67808000.0,144937000.0,0.2792507432261893,0.305,0.3,465552000,474836000,,,1620591685,16:21:25,20210509
70,2004-03-31,EOG,USD,2004-03-31,2004-03-31,Q1,464320000,100440000.0,363880000,0.7836836664369401,0.0,0.0,0.0,0.0,174796000,275236000,16683000.0,113797000.0,302881000,0.6523109062715369,189084000.0,0.40722777394900067,-37097000.0,152024000.0,0.32741212956581667,51171000.0,100853000.0,0.21720580634045486,0.2125,0.2075,462580000,470484000,,,1620591685,16:21:25,20210509
71,2003-12-31,EOG,USD,2003-12-31,2003-12-31,Q4,438953000,33836000.0,405117000,0.922916576489966,0.0,0.0,0.0,0.0,304112000,337948000,13954000.0,121265000.0,222270000,0.5063640070804847,101005000.0,0.23010436197041598,-121041000.0,97568000.0,0.22227436650393095,23058000.0,74510000.0,0.16974482461675852,0.16252093948488866,0.16252093948488866,458464000,458464000,,,1620591685,16:21:25,20210509
72,2003-09-30,EOG,USD,2003-09-30,2003-09-30,Q3,432728000,107236000.0,325492000,0.7521861307796122,0.0,0.0,0.0,0.0,132180000,239416000,15632000.0,110438000.0,303750000,0.7019420975763065,193312000.0,0.44672866096023367,27920000.0,179604000.0,0.41505056294023035,62185000.0,117419000.0,0.27134597252777726,0.25,0.2475,458464000,465480000,,,1620591685,16:21:25,20210509
73,2003-06-30,EOG,USD,2003-06-30,2003-06-30,Q2,424754000,104670000.0,320084000,0.7535750104766523,0.0,0.0,0.0,0.0,143216000,247886000,0.0,106587000.0,283455000,0.667339212814947,176868000.0,0.41640102270961543,2680000.0,165741000.0,0.3902046831813238,56950000.0,108791000.0,0.2561270759074664,0.2325,0.2275,457528000,464524000,,,1620591685,16:21:25,20210509
74,2003-03-31,EOG,USD,2003-03-31,2003-03-31,Q1,464378000,72417000.0,391961000,0.8440559199617553,0.0,0.0,0.0,0.0,153876000,226293000,0.0,103553000.0,341638000,0.7356894598796669,238085000.0,0.5126965532389562,-23469000.0,210963000.0,0.45429154697250945,74407000.0,129425000.0,0.27870614025642904,0.2775,0.2725,457708000,464896000,,,1620591685,16:21:25,20210509
75,2002-12-31,EOG,USD,2003-03-13,2003-03-13,Q4,338161000,116482000.0,221679000,0.6555427740040987,0.0,0.0,0.0,0.0,150982000,267464000,0.0,105412000.0,176109000,0.5207844783993423,70697000.0,0.20906313856417505,1065000.0,57111000.0,0.1688870094422479,12692000.0,44419000.0,0.13135459145200068,0.0960444036982901,0.0960444036982901,462484000,462484000,https://www.sec.gov/Archives/edgar/data/821189/000082118903000097/0000821189-03-000097-index.htm,https://www.sec.gov/Archives/edgar/data/821189/000082118903000097/eog10-k.txt,1620591685,16:21:25,20210509
76,2002-09-30,EOG,USD,2002-09-30,2002-09-30,Q3,279869000,79447000.0,200422000,0.7161279026973334,0.0,21582000.0,0.0,0.0,138722000,218169000,0.0,100208000.0,161908000,0.5785135188248788,61700000.0,0.22046028677702784,-64000.0,42866000.0,0.1531645162558197,13979000.0,28887000.0,0.10321614755474882,0.0575,0.055,462484000,468312000,,,1620591685,16:21:25,20210509
77,2002-06-30,EOG,USD,2002-06-30,2002-06-30,Q2,290503000,82911000.0,207592000,0.7145950299996902,0.0,21988000.0,0.0,0.0,137952000,220863000,14182000.0,97956000.0,167596000,0.5769165895016575,69640000.0,0.23972213712078705,97000.0,55555000.0,0.19123726777348254,17447000.0,38108000.0,0.1311793681992957,0.0775,0.075,462948000,470756000,,,1620591685,16:21:25,20210509
78,2002-03-31,EOG,USD,2002-05-07,2002-05-07,Q1,186503000,75996000.0,110507000,0.5925212999254703,0.0,20713000.0,0.0,0.0,131213000,207209000,0.0,94460000.0,73754000,0.3954574457247336,-20706000.0,-0.1110223428041372,-3103000.0,-35860000.0,-0.19227572746819085,-11619000.0,-24241000.0,-0.12997646150464068,-0.0575,-0.0575,461940000,461940000,https://www.sec.gov/Archives/edgar/data/821189/000082118902000016/0000821189-02-000016-index.htm,https://www.sec.gov/Archives/edgar/data/821189/000082118902000016/eog1q10q.txt,1620591685,16:21:25,20210509
79,2001-12-31,EOG,USD,2002-03-20,2002-03-20,Q4,237414000,121648000.0,115766000,0.4876123564743444,0.0,22354000.0,0.0,0.0,134213000,255861000,0.0,97617000.0,79170000,0.3334681189820314,-18447000.0,-0.07769971442290682,60382000.0,-48493000.0,-0.2042550144473367,-23696000.0,-24797000.0,-0.10444624158642708,-0.05358408533001417,-0.05358408533001417,462768000,462768000,https://www.sec.gov/Archives/edgar/data/821189/000082118902000013/0000821189-02-000013-index.htm,https://www.sec.gov/Archives/edgar/data/821189/000082118902000013/eogform10k.txt,1620591685,16:21:25,20210509
80,2001-09-30,EOG,USD,2001-10-29 00:00:00,2001-10-29 00:00:00,Q3,354172000,87262000.0,266910000,0.7536168867104119,0.0,20925000.0,0.0,0.0,142963000,230225000,0.0,103351000.0,227298000,0.6417729238900873,123947000.0,0.3499627299730075,1272000.0,114977000.0,0.3246360525394441,43014000.0,71963000.0,0.2031865873078617,0.15,0.1475,462768000,468564000,https://www.sec.gov/Archives/edgar/data/821189/000082118901500030/0000821189-01-500030-index.html,https://www.sec.gov/Archives/edgar/data/821189/000082118901500030/eog3q10q.txt,1620591685,16:21:25,20210509
81,2001-06-30,EOG,USD,2001-07-31 00:00:00,2001-07-31 00:00:00,Q2,466048000,90232000.0,375816000,0.8063890414721231,0.0,18735000.0,0.0,0.0,141577000,231809000,0.0,97470000.0,331709000,0.7117485752540511,234239000.0,0.502607027602307,1250000.0,224865000.0,0.4824932195825323,88662000.0,136203000.0,0.2922510127712167,0.2875,0.2825,463480000,472188000,https://www.sec.gov/Archives/edgar/data/821189/000082118901500025/0000821189-01-500025-index.html,https://www.sec.gov/Archives/edgar/data/821189/000082118901500025/eog2qtrform10q.txt,1620591685,16:21:25,20210509
82,2001-03-31,EOG,USD,2001-05-09 00:00:00,2001-05-09 00:00:00,Q1,597253000,94287000.0,502966000,0.842132228720492,0.0,17949000.0,0.0,0.0,148942000,243229000,0.0,93961000.0,447985000,0.7500757635373954,354024000.0,0.5927538245935977,-639000.0,340096000.0,0.5694337240666854,124849000.0,215247000.0,0.3603950084804932,0.4575,0.4475,465536000,475808000,https://www.sec.gov/Archives/edgar/data/821189/000082118901500013/0000821189-01-500013-index.html,https://www.sec.gov/Archives/edgar/data/821189/000082118901500013/form10q1stqtr.txt,1620591685,16:21:25,20210509
83,2000-12-31,EOG,USD,2000-12-31,2000-12-31,Q4,527597000,65744000.0,461853000,0.8753897387589391,0.0,53282000.0,0.0,0.0,188093000,253837000,16107000.0,103239000.0,376999000,0.7145586498786005,273760000.0,0.5188808882537239,-3115000.0,254538000.0,0.48244777737553474,93091000.0,161447000.0,0.30600439350489106,0.3462774217349154,0.3462774217349154,466236000,466236000,,,1620591685,16:21:25,20210509
84,2000-09-30,EOG,USD,2000-10-31 00:00:00,2000-10-31 00:00:00,Q3,393714000,56699000.0,337015000,0.8559893729966422,0.0,17053000.0,0.0,0.0,133357000,190056000,0.0,92056000.0,295714000,0.7510883534748574,203658000.0,0.5172739602858928,35000.0,188943000.0,0.4798991145857145,72466000.0,116477000.0,0.29584165155417386,0.245,0.2375,466236000,477048000,https://www.sec.gov/Archives/edgar/data/821189/000082118900500007/0000821189-00-500007-index.html,https://www.sec.gov/Archives/edgar/data/821189/000082118900500007/qtr310q.txt,1620591685,16:21:25,20210509
85,2000-06-30,EOG,USD,2000-08-08 00:00:00,2000-08-08 00:00:00,Q2,316142000,50057000.0,266085000,0.8416629236229289,0.0,16027000.0,0.0,0.0,126850000,176907000,0.0,90149000.0,229384000,0.7255726856918726,139235000.0,0.440419178723485,763000.0,124417000.0,0.3935478360989682,46900000.0,77517000.0,0.2451967786627528,0.16,0.1575,466664000,476708000,https://www.sec.gov/Archives/edgar/data/821189/000082118900000010/0000821189-00-000010-index.html,https://www.sec.gov/Archives/edgar/data/821189/000082118900000010/0000821189-00-000010-0001.txt,1620591685,16:21:25,20210509
86,2000-03-31,EOG,USD,2000-05-10 00:00:00,2000-05-10 00:00:00,Q1,251813000,52948000.0,198865000,0.7897328573187246,0.0,16287000.0,0.0,0.0,119284000,172232000,0.0,84582000.0,164163000,0.6519242453725582,79581000.0,0.3160321349572897,646000.0,65659000.0,0.26074507670374447,24169000.0,41490000.0,0.16476512332564244,0.08803160565914434,0.08769519525866806,471308000,473116000,https://www.sec.gov/Archives/edgar/data/821189/000082118900000007/0000821189-00-000007-index.html,https://www.sec.gov/Archives/edgar/data/821189/0000821189-00-000007.txt,1620591685,16:21:25,20210509
87,1999-12-31,EOG,USD,1999-12-31,1999-12-31,Q4,228500000,89800000.0,138700000,0.6070021881838075,0.0,8000000.0,0.0,0.0,111400000,201200000,0.0,91000000.0,118300000,0.5177242888402626,27300000.0,0.11947483588621444,-1500000.0,10100000.0,0.044201312910284465,-20400000.0,30500000.0,0.13347921225382933,0.05574917141240323,0.05574917141240323,547093333,547093333,,,1620591685,16:21:25,20210509
88,1999-09-30,EOG,USD,1999-09-30,1999-09-30,Q3,226800000,42900000.0,183900000,0.8108465608465608,0.0,24900000.0,0.0,0.0,237200000,280100000,0.0,198100000.0,144800000,0.6384479717813051,-53300000.0,-0.23500881834215168,554500000.0,484300000.0,2.1353615520282188,-28600000.0,512900000.0,2.261463844797178,0.9375,0.92,547093333,557500000,,,1620591685,16:21:25,20210509
89,1999-06-30,EOG,USD,1999-06-30,1999-06-30,Q2,187200000,44000000.0,143200000,0.7649572649572649,0.0,26400000.0,0.0,0.0,127600000,171600000,0.0,88800000.0,104400000,0.5576923076923077,15600000.0,0.08333333333333333,31400000.0,32200000.0,0.172008547008547,11600000.0,20600000.0,0.11004273504273504,0.0325,0.0325,633846154,633846154,,,1620591685,16:21:25,20210509
90,1999-03-31,EOG,USD,1999-03-31,1999-03-31,Q1,159000000,49200000.0,109800000,0.690566037735849,0.0,23600000.0,0.0,0.0,119300000,168500000,0.0,82000000.0,72500000,0.4559748427672956,-9500000.0,-0.059748427672955975,26900000.0,3100000.0,0.01949685534591195,-2000000.0,5100000.0,0.03207547169811321,0.0075,0.0075,680000000,680000000,,,1620591685,16:21:25,20210509
91,1998-12-31,EOG,USD,1998-12-31,1998-12-31,Q4,194800000,21500000.0,173300000,0.8896303901437371,0.0,21400000.0,0.0,0.0,149800000,171300000,0.0,118100000.0,141600000,0.7268993839835729,23500000.0,0.12063655030800821,-2200000.0,6000000.0,0.030800821355236138,-4000000.0,10000000.0,0.0513347022587269,0.01694915254237288,0.01694915254237288,590000000,590000000,,,1620591685,16:21:25,20210509
92,1998-09-30,EOG,USD,1998-11-13 00:00:00,1998-11-13 00:00:00,Q3,191300000,69000000.0,122300000,0.6393099843178254,0.0,15800000.0,0.0,0.0,103100000,172100000,13600000.0,73500000.0,92700000,0.48457919498170415,19200000.0,0.1003659174072138,-1600000.0,3900000.0,0.020386826973340304,-2000000.0,5900000.0,0.030841610036591742,0.01,0.01,590000000,590000000,https://www.sec.gov/Archives/edgar/data/821189/000095012998004686/0000950129-98-004686-index.html,https://www.sec.gov/Archives/edgar/data/821189/0000950129-98-004686.txt,1620591685,16:21:25,20210509
93,1998-06-30,EOG,USD,1998-08-14,1998-08-14,Q2,183300000,60100000.0,123200000,0.6721222040370977,0.0,15200000.0,0.0,0.0,90700000,150800000,0.0,62200000.0,94700000,0.5166393889798145,32500000.0,0.1773049645390071,-100000.0,22200000.0,0.12111292962356793,8900000.0,13300000.0,0.07255864702673213,0.0225,0.0225,591111111,591111111,https://www.sec.gov/Archives/edgar/data/821189/0000950129-98-003537-index.html,https://www.sec.gov/Archives/edgar/data/821189/,1620591685,16:21:25,20210509
94,1998-03-31,EOG,USD,1998-03-31,1998-03-31,Q1,199800000,69200000.0,130600000,0.6536536536536537,0.0,16600000.0,0.0,0.0,92400000,161600000,0.0,61300000.0,99500000,0.497997997997998,38200000.0,0.19119119119119118,-1000000.0,28200000.0,0.14114114114114115,1200000.0,27000000.0,0.13513513513513514,0.0425,0.0425,635294118,635294118,,,1620591685,16:21:25,20210509
95,1997-12-31,EOG,USD,1997-12-31,1997-12-31,Q4,238000000,58700000.0,179300000,0.7533613445378151,0.0,13700000.0,0.0,0.0,105200000,163900000,0.0,74200000.0,148300000,0.623109243697479,74100000.0,0.31134453781512605,-4000000.0,61100000.0,0.25672268907563023,17900000.0,43200000.0,0.1815126050420168,0.06923076923076923,0.06923076923076923,624000000,624000000,,,1620591685,16:21:25,20210509
96,1997-09-30,EOG,USD,1997-11-14,1997-11-14,Q3,193100000,44200000.0,148900000,0.7711030554117038,0.0,14900000.0,0.0,0.0,100100000,144300000,0.0,93700000.0,142500000,0.7379596064215432,48800000.0,0.2527187985499741,200000.0,41000000.0,0.21232522009321594,9800000.0,31200000.0,0.16157431382703263,0.05,0.05,624000000,624000000,https://www.sec.gov/Archives/edgar/data/821189/0000821189-97-000017-index.html,https://www.sec.gov/Archives/edgar/data/821189/,1620591685,16:21:25,20210509
97,1997-06-30,EOG,USD,1997-08-14 00:00:00,1997-08-14 00:00:00,Q2,171800000,60400000.0,111400000,0.6484284051222352,0.0,12100000.0,0.0,0.0,82800000,143200000,0.0,58300000.0,86900000,0.5058207217694994,28600000.0,0.16647264260768335,1000000.0,24100000.0,0.14027939464493597,-500000.0,24600000.0,0.14318975552968569,0.04,0.04,615000000,615000000,https://www.sec.gov/Archives/edgar/data/821189/000082118997000011/0000821189-97-000011-index.html,https://www.sec.gov/Archives/edgar/data/821189/0000821189-97-000011.txt,1620591685,16:21:25,20210509
98,1997-03-31,EOG,USD,1997-05-15 00:00:00,1997-05-15 00:00:00,Q1,180700000,56600000.0,124100000,0.6867736579966796,0.0,13600000.0,0.0,0.0,82900000,139500000,0.0,52000000.0,93200000,0.5157719977863863,41200000.0,0.2280022136137244,1300000.0,37300000.0,0.20641947980077477,14200000.0,23100000.0,0.12783619258439402,0.0375,0.035,616000000,660000000,https://www.sec.gov/Archives/edgar/data/821189/000095012997002081/0000950129-97-002081-index.html,https://www.sec.gov/Archives/edgar/data/821189/0000950129-97-002081.txt,1620591685,16:21:25,20210509
99,1996-12-31,EOG,USD,1996-12-31,1996-12-31,Q4,204300000,47400000.0,156900000,0.7679882525697503,0.0,14900000.0,0.0,0.0,99900000,147300000,0.0,69600000.0,126600000,0.6196769456681351,57000000.0,0.2790014684287812,-3000000.0,49900000.0,0.2442486539402839,14800000.0,35100000.0,0.17180616740088106,0.05589171974522293,0.05589171974522293,628000000,628000000,,,1620591685,16:21:25,20210509
100,1996-09-30,EOG,USD,1996-11-08 00:00:00,1996-11-08 00:00:00,Q3,170200000,41500000.0,128700000,0.7561692126909518,0.0,13000000.0,0.0,0.0,82400000,123900000,1400000.0,59400000.0,105700000,0.6210340775558166,46300000.0,0.2720329024676851,-1400000.0,43400000.0,0.25499412455934195,12000000.0,31400000.0,0.1844888366627497,0.05,0.0475,628000000,661052632,https://www.sec.gov/Archives/edgar/data/821189/000082118996000006/0000821189-96-000006-index.html,https://www.sec.gov/Archives/edgar/data/821189/0000821189-96-000006.txt,1620591685,16:21:25,20210509
101,1996-06-30,EOG,USD,1996-08-12 00:00:00,1996-08-12 00:00:00,Q2,197100000,39000000.0,158100000,0.802130898021309,0.0,14300000.0,0.0,0.0,84500000,123500000,0.0,69800000.0,143400000,0.7275494672754946,73600000.0,0.37341451040081175,0.0,70400000.0,0.3571790969051243,22800000.0,47600000.0,0.24150177574835108,0.075,0.0725,634666667,656551724,https://www.sec.gov/Archives/edgar/data/821189/000082118996000003/0000821189-96-000003-index.html,https://www.sec.gov/Archives/edgar/data/821189/0000821189-96-000003.txt,1620591685,16:21:25,20210509
102,1996-03-31,EOG,USD,1996-05-13 00:00:00,1996-05-13 00:00:00,Q1,159000000,48800000.0,110200000,0.6930817610062893,0.0,14200000.0,0.0,0.0,78200000,127000000,0.0,52500000.0,84500000,0.5314465408805031,32000000.0,0.20125786163522014,-500000.0,27300000.0,0.17169811320754716,1400000.0,25900000.0,0.16289308176100628,0.04,0.04,647500000,647500000,https://www.sec.gov/Archives/edgar/data/821189/000082118996000002/0000821189-96-000002-index.html,https://www.sec.gov/Archives/edgar/data/821189/0000821189-96-000002.txt,1620591685,16:21:25,20210509
103,1995-12-31,EOG,USD,1995-12-31,1995-12-31,Q4,156400000,34500000.0,121900000,0.7794117647058824,0.0,15400000.0,0.0,0.0,80500000,115000000,0.0,58100000.0,99500000,0.6361892583120204,41400000.0,0.2647058823529412,1800000.0,39900000.0,0.2551150895140665,8500000.0,31400000.0,0.20076726342711,0.04995454542048554,0.04995454542048554,628571429,628571429,,,1620591685,16:21:25,20210509
104,1995-09-30,EOG,USD,1995-11-08 00:00:00,1995-11-08 00:00:00,Q3,153000000,36900000.0,116100000,0.7588235294117647,0.0,14000000.0,0.0,0.0,78100000,115000000,0.0,56200000.0,94200000,0.615686274509804,38000000.0,0.24836601307189543,-1000000.0,33400000.0,0.21830065359477124,400000.0,33000000.0,0.21568627450980393,0.0525,0.0525,628571429,628571429,https://www.sec.gov/Archives/edgar/data/821189/000082118995000013/0000821189-95-000013-index.html,https://www.sec.gov/Archives/edgar/data/821189/0000821189-95-000013.txt,1620591685,16:21:25,20210509
105,1995-06-30,EOG,USD,1995-08-04 00:00:00,1995-08-04 00:00:00,Q2,184000000,39700000.0,144300000,0.7842391304347827,0.0,14400000.0,0.0,0.0,70800000,110500000,0.0,48600000.0,122100000,0.6635869565217392,73500000.0,0.39945652173913043,500000.0,71300000.0,0.3875,23200000.0,48100000.0,0.2614130434782609,0.075,0.075,641333333,641333333,https://www.sec.gov/Archives/edgar/data/821189/000082118995000010/0000821189-95-000010-index.html,https://www.sec.gov/Archives/edgar/data/821189/0000821189-95-000010.txt,1620591685,16:21:25,20210509
106,1995-03-31,EOG,USD,1995-05-15 00:00:00,1995-05-15 00:00:00,Q1,155400000,36900000.0,118500000,0.7625482625482626,0.0,12800000.0,0.0,0.0,75700000,112600000,0.0,53100000.0,95900000,0.6171171171171171,42800000.0,0.2754182754182754,-600000.0,39500000.0,0.25418275418275416,9900000.0,29600000.0,0.19047619047619047,0.0475,0.0475,623157895,623157895,https://www.sec.gov/Archives/edgar/data/821189/000082118995000004/0000821189-95-000004-index.html,https://www.sec.gov/Archives/edgar/data/821189/0000821189-95-000004.txt,1620591685,16:21:25,20210509
107,1994-12-31,EOG,USD,1994-12-31,1994-12-31,Q4,198100000,41700000.0,156400000,0.7895002523977789,0.0,13300000.0,0.0,0.0,80200000,121900000,0.0,60600000.0,136800000,0.690560323069157,76200000.0,0.38465421504290764,-46100000.0,27800000.0,0.14033316506814741,-14800000.0,42600000.0,0.21504290762241293,0.06753658534114515,0.06753658534114515,630769231,630769231,,,1620591685,16:21:25,20210509
108,1994-09-30,EOG,USD,1994-11-09 00:00:00,1994-11-09 00:00:00,Q3,127400000,33000000.0,94400000,0.7409733124018838,0.0,13800000.0,0.0,0.0,75700000,108700000,0.0,54600000.0,73300000,0.5753532182103611,18700000.0,0.14678178963893249,33800000.0,50500000.0,0.3963893249607535,9500000.0,41000000.0,0.3218210361067504,0.065,0.065,630769231,630769231,https://www.sec.gov/Archives/edgar/data/821189/000082118994000012/0000821189-94-000012-index.html,https://www.sec.gov/Archives/edgar/data/821189/0000821189-94-000012.txt,1620591685,16:21:25,20210509
109,1994-06-30,EOG,USD,1994-08-12 00:00:00,1994-08-12 00:00:00,Q2,142500000,38600000.0,103900000,0.7291228070175438,0.0,10900000.0,0.0,0.0,77800000,116400000,0.0,62200000.0,88300000,0.6196491228070176,26100000.0,0.1831578947368421,12300000.0,36600000.0,0.25684210526315787,2400000.0,34200000.0,0.24,0.0525,0.0525,651428571,651428571,https://www.sec.gov/Archives/edgar/data/821189/000082118994000009/0000821189-94-000009-index.html,https://www.sec.gov/Archives/edgar/data/821189/0000821189-94-000009.txt,1620591685,16:21:25,20210509
110,1994-03-31,EOG,USD,1994-05-13 00:00:00,1994-05-13 00:00:00,Q1,152200000,31000000.0,121200000,0.7963206307490145,0.0,13400000.0,0.0,0.0,88200000,119200000,0.0,64800000.0,97800000,0.6425755584756899,33000000.0,0.21681997371879105,8300000.0,39100000.0,0.2568988173455979,8800000.0,30300000.0,0.19908015768725362,0.0475,0.0475,637894737,637894737,https://www.sec.gov/Archives/edgar/data/821189/000082118994000007/0000821189-94-000007-index.html,https://www.sec.gov/Archives/edgar/data/821189/0000821189-94-000007.txt,1620591685,16:21:25,20210509
