,date,symbol,reportedCurrency,fillingDate,acceptedDate,period,revenue,costOfRevenue,grossProfit,grossProfitRatio,researchAndDevelopmentExpenses,generalAndAdministrativeExpenses,sellingAndMarketingExpenses,otherExpenses,operatingExpenses,costAndExpenses,interestExpense,depreciationAndAmortization,ebitda,ebitdaratio,operatingIncome,operatingIncomeRatio,totalOtherIncomeExpensesNet,incomeBeforeTax,incomeBeforeTaxRatio,incomeTaxExpense,netIncome,netIncomeRatio,eps,epsdiluted,weightedAverageShsOut,weightedAverageShsOutDil,link,finalLink,timestamp,est_time,est_date
0,2021-03-31,CTBI,USD,2021-05-07,2021-03-31,Q4,55819000.0,0.0,0.0,0.0,0.0,19318000.0,0.0,0.0,0.0,0.0,3969000.0,1265000.0,0.0,0.0,0.0,0.537594725810208,0.0,30008000.0,0.537594725810208,6390000.0,23618000.0,0.4231175764524624,1.33,1.33,17774000.0,17787000.0,https://www.sec.gov/Archives/edgar/data/350852/000114036121016354/0001140361-21-016354-index.htm,https://www.sec.gov/Archives/edgar/data/350852/000114036121006318/brhc10020707_10k.htm,1620590779,16:06:19,20210509
1,2020-12-31,CTBI,USD,2021-02-26,2021-02-26 08:07:57,Q4,53854000.0,0.0,53854000.0,1.0,0.0,22578000.0,981000.0,2654.495,-46020797.0,2979.203,4543000.0,1283000.0,1456440.315,0.0270442365469603,173440.315,0.3576707394065436,3341.984,19262000.0,0.3576707394065436,3436000.0,15826000.0,0.2938686077171612,0.89,0.89,17755000.0,17769000.0,https://www.sec.gov/Archives/edgar/data/350852/000114036121006318/0001140361-21-006318-index.htm,https://www.sec.gov/Archives/edgar/data/350852/000114036121006318/brhc10020707_10k.htm,1620590779,16:06:19,20210509
2,2020-09-30,CTBI,USD,2020-11-09,2020-11-09 09:14:46,Q3,52591000.0,0.0,52591000.0,1.0,0.0,18368000.0,797000.0,505.0,797.0,797.0,5946000.0,1344000.0,1364685.0,0.025949021695727405,20685.0,0.00039331824836949286,1016.0,20685000.0,0.39331824836949286,3238000.0,17447000.0,0.33174877830807553,0.9831511326496112,0.9828188373141055,17746000.0,17752000.0,https://www.sec.gov/Archives/edgar/data/350852/000114036120024962/0001140361-20-024962-index.htm,https://www.sec.gov/Archives/edgar/data/350852/000114036120024962/brhc10013855_10q.htm,1620590779,16:06:19,20210509
3,2020-06-30,CTBI,USD,2020-08-07,2020-08-07 10:58:31,Q2,51341000.0,0.0,0.0,0.0,0.0,17322000.0,568000.0,0.0,34000000.0,0.0,6506000.0,1363000.0,0.0,0.0,0.0,0.4573537718392708,0.0,23481000.0,0.4573537718392708,3829000.0,19652000.0,0.3827740012855223,1.107841479226563,1.1076541539848945,17739000.0,17742000.0,https://www.sec.gov/Archives/edgar/data/350852/000114036120017767/0001140361-20-017767-index.htm,https://www.sec.gov/Archives/edgar/data/350852/000114036120017767/brhc10013855_10q.htm,1620590779,16:06:19,20210509
4,2020-03-31,CTBI,USD,2020-05-08,2020-05-08 08:37:55,Q1,47765000.0,0.0,0.0,0.0,0.0,17156000.0,634000.0,0.0,49000000.0,0.0,8455000.0,1356000.0,0.0,0.0,0.0,0.14313828116821942,0.0,6837000.0,0.14313828116821942,258000.0,6579000.0,0.13773683659583377,0.370606128886886,0.37037662557000506,17752000.0,17763000.0,https://www.sec.gov/Archives/edgar/data/350852/000114036120011045/0001140361-20-011045-index.htm,https://www.sec.gov/Archives/edgar/data/350852/000114036120004386/form10k.htm,1620590779,16:06:19,20210509
5,2019-12-31,CTBI,USD,2020-02-28,2020-02-28 16:07:26,Q4,49729000.0,0.0,0.0,0.0,0.0,17839000.0,723000.0,0.0,40000000.0,0.0,9349000.0,1383000.0,0.0,0.0,0.0,0.3750930040821251,0.0,18653000.0,0.3750930040821251,2645000.0,16008000.0,0.3219047236019224,0.9025201556069233,0.9013513513513514,17737000.0,17760000.0,https://www.sec.gov/Archives/edgar/data/350852/000114036120004386/0001140361-20-004386-index.htm,https://www.sec.gov/Archives/edgar/data/350852/000114036120004386/form10k.htm,1620590779,16:06:19,20210509
6,2019-09-30,CTBI,USD,2019-11-08,2019-11-08 16:03:47,Q3,48908000.0,0.0,0.0,0.0,0.0,16727000.0,894000.0,0.0,42000000.0,0.0,10468000.0,1443000.0,0.0,0.0,0.0,0.3633965813363867,0.0,17773000.0,0.3633965813363867,2504000.0,15269000.0,0.3121984133475096,0.8613900485163037,0.8605647297525785,17726000.0,17743000.0,https://www.sec.gov/Archives/edgar/data/350852/000114036119020181/0001140361-19-020181-index.htm,https://www.sec.gov/Archives/edgar/data/350852/000114036119020181/form10q.htm,1620590779,16:06:19,20210509
7,2019-06-30,CTBI,USD,2019-08-08,2019-08-08 16:03:07,Q2,48279000.0,0.0,0.0,0.0,0.0,18245000.0,874000.0,0.0,42000000.0,0.0,10790000.0,1262000.0,0.0,0.0,0.0,0.34561610638165663,0.0,16686000.0,0.34561610638165663,-1638000.0,18324000.0,0.3795439010750016,1.0340274250888777,1.0333276941295888,17721000.0,17733000.0,https://www.sec.gov/Archives/edgar/data/350852/000114036119014584/0001140361-19-014584-index.htm,https://www.sec.gov/Archives/edgar/data/350852/000114036119014584/form10q.htm,1620590779,16:06:19,20210509
8,2019-03-31,CTBI,USD,2019-05-09,2019-05-09 08:49:49,Q1,48153000.0,0.0,0.0,0.0,0.0,17899000.0,792000.0,0.0,39000000.0,0.0,9906000.0,1427000.0,0.0,0.0,0.0,0.3920835669636367,0.0,18880000.0,0.3920835669636367,3941000.0,14939000.0,0.3102402757875937,0.8434394760614273,0.8429159848784066,17712000.0,17723000.0,https://www.sec.gov/Archives/edgar/data/350852/000035085219000055/0000350852-19-000055-index.htm,https://www.sec.gov/Archives/edgar/data/350852/000035085219000039/ctbi10k2018.htm,1620590779,16:06:19,20210509
9,2018-12-31,CTBI,USD,2019-02-28,2019-02-28 08:42:39,Q4,48519000.0,0.0,0.0,0.0,0.0,17236000.0,643000.0,0.0,39000000.0,0.0,8958000.0,933000.0,0.0,0.0,0.0,0.3833137533749665,0.0,18598000.0,0.3833137533749665,2889000.0,15709000.0,0.323770069457326,0.8877147377938517,0.8868126905272665,17696000.0,17714000.0,https://www.sec.gov/Archives/edgar/data/350852/000035085219000039/0000350852-19-000039-index.htm,https://www.sec.gov/Archives/edgar/data/350852/000035085219000039/ctbi10k2018.htm,1620590779,16:06:19,20210509
10,2018-09-30,CTBI,USD,2018-11-08,2018-11-08 16:42:34,Q3,48799000.0,0.0,0.0,0.0,0.0,17273000.0,744000.0,0.0,37000000.0,0.0,7471000.0,935000.0,0.0,0.0,0.0,0.3924260743048013,0.0,19150000.0,0.3924260743048013,3044000.0,16106000.0,0.330047746880059,0.9104064213441863,0.9094297007340486,17691000.0,17710000.0,https://www.sec.gov/Archives/edgar/data/350852/000035085218000093/0000350852-18-000093-index.htm,https://www.sec.gov/Archives/edgar/data/350852/000035085218000093/ctbi10q0918.htm,1620590779,16:06:19,20210509
11,2018-06-30,CTBI,USD,2018-08-08,2018-08-08 08:44:38,Q2,48888000.0,0.0,0.0,0.0,0.0,17335000.0,876000.0,0.0,41000000.0,0.0,6877000.0,953000.0,0.0,0.0,0.0,0.2970054000981836,0.0,14520000.0,0.2970054000981836,2921000.0,11599000.0,0.2372565864833906,0.6557923898908803,0.6551996836694346,17687000.0,17703000.0,https://www.sec.gov/Archives/edgar/data/350852/000035085218000078/0000350852-18-000078-index.htm,https://www.sec.gov/Archives/edgar/data/350852/000035085218000078/ctbi10q0618.htm,1620590779,16:06:19,20210509
12,2018-03-31,CTBI,USD,2018-05-09,2018-05-09 08:52:05,Q1,47901000.0,0.0,0.0,0.0,0.0,17569000.0,732000.0,0.0,36000000.0,0.0,5989000.0,965000.0,0.0,0.0,0.0,0.38149516711550907,0.0,18274000.0,0.38149516711550907,2460000.0,15814000.0,0.3301392455272332,0.8949125686152453,0.8941030135127495,17671000.0,17687000.0,https://www.sec.gov/Archives/edgar/data/350852/000035085218000059/0000350852-18-000059-index.htm,https://www.sec.gov/Archives/edgar/data/350852/000035085218000045/ctbi10k2017.htm,1620590779,16:06:19,20210509
13,2017-12-31,CTBI,USD,2018-02-28,2018-02-28 16:24:38,Q4,47518000.0,0.0,0.0,0.0,0.0,17880000.0,623000.0,0.0,36000000.0,0.0,5571000.0,988000.0,17908000.0,0.3768677132875963,16920000.0,0.35607559240708786,0.0,16920000.0,0.35607559240708786,2008000.0,14912000.0,0.31381792162969824,0.844872521246459,0.8437252461242503,17650000.0,17674000.0,https://www.sec.gov/Archives/edgar/data/350852/000035085218000045/0000350852-18-000045-index.htm,https://www.sec.gov/Archives/edgar/data/350852/000035085218000045/ctbi10k2017.htm,1620590779,16:06:19,20210509
14,2017-09-30,CTBI,USD,2017-11-08,2017-11-08 08:45:08,Q3,47172000.0,0.0,0.0,0.0,0.0,16167000.0,705000.0,0.0,32000000.0,0.0,4874000.0,996000.0,20570000.0,0.43606376664122787,19574000.0,0.4149495463410498,0.0,19574000.0,0.4149495463410498,5811000.0,13763000.0,0.29176206224031204,0.780525151704191,0.7796408542457373,17633000.0,17653000.0,https://www.sec.gov/Archives/edgar/data/350852/000035085217000071/0000350852-17-000071-index.htm,https://www.sec.gov/Archives/edgar/data/350852/000035085217000071/ctbi10q0917.htm,1620590779,16:06:19,20210509
15,2017-06-30,CTBI,USD,2017-08-03,2017-08-03 09:02:11,Q2,46551000.0,0.0,0.0,0.0,0.0,16116000.0,708000.0,0.0,35000000.0,0.0,4171000.0,1002000.0,17223000.0,0.36998131082039054,16221000.0,0.3484565315460463,0.0,16221000.0,0.3484565315460463,4680000.0,11541000.0,0.24792163433653414,0.6547713604901849,0.6540663077359026,17626000.0,17645000.0,https://www.sec.gov/Archives/edgar/data/350852/000035085217000059/0000350852-17-000059-index.htm,https://www.sec.gov/Archives/edgar/data/350852/000035085217000059/ctbi10q0617.htm,1620590779,16:06:19,20210509
16,2017-03-31,CTBI,USD,2017-05-09,2017-05-09 09:00:49,Q1,44669000.0,0.0,0.0,0.0,0.0,17005000.0,685000.0,0.0,33000000.0,0.0,3678000.0,1021000.0,16817000.0,0.37648033311692675,15796000.0,0.3536233181848709,0.0,15796000.0,0.3536233181848709,4519000.0,11277000.0,0.25245696120351924,0.6401930173147885,0.6393582038779907,17615000.0,17638000.0,https://www.sec.gov/Archives/edgar/data/350852/000035085217000042/0000350852-17-000042-index.htm,https://www.sec.gov/Archives/edgar/data/350852/000035085217000031/ctbi10k2016.htm,1620590779,16:06:19,20210509
17,2016-12-31,CTBI,USD,2017-03-15,2017-03-15 08:57:57,Q4,45926000.0,0.0,0.0,0.0,0.0,16333000.0,731000.0,0.0,33000000.0,0.0,3585000.0,1026000.0,17904000.0,0.3898445325088185,16878000.0,0.3675042459608936,0.0,16878000.0,0.3675042459608936,5012000.0,11866000.0,0.25837216391586465,0.6744728016824874,0.6735539535675767,17593000.0,17617000.0,https://www.sec.gov/Archives/edgar/data/350852/000035085217000031/0000350852-17-000031-index.htm,https://www.sec.gov/Archives/edgar/data/350852/000035085217000031/ctbi10k2016.htm,1620590779,16:06:19,20210509
18,2016-09-30,CTBI,USD,2016-11-08,2016-11-08 09:00:40,Q3,46413000.0,0.0,0.0,0.0,0.0,16286000.0,674000.0,0.0,32000000.0,0.0,3452000.0,969000.0,18504000.0,0.398681403917006,17535000.0,0.37780363260293454,0.0,17535000.0,0.37780363260293454,5223000.0,12312000.0,0.26527050610820246,0.7013786031673692,0.7007797825715749,17554000.0,17569000.0,https://www.sec.gov/Archives/edgar/data/350852/000035085216000213/0000350852-16-000213-index.htm,https://www.sec.gov/Archives/edgar/data/350852/000035085216000213/ctbi10q0916.htm,1620590779,16:06:19,20210509
19,2016-07-28,CTBI,USD,2016-08-08,2016-08-08 16:25:24,Q2,317000.0,0.0,317000.0,1.0,0.0,0.0,580000.0,468000.0,580000.0,580000.0,-3203000.0,-385000.0,15378000.0,48.511041009463725,15763000.0,49.72555205047318,1065000.0,15763000.0,49.72555205047318,-4686000.0,11566000.0,36.48580441640379,0.66042,0.66042,17513000.0,17513000.0,https://www.sec.gov/Archives/edgar/data/350852/000035085216000191/0000350852-16-000191-index.htm,https://www.sec.gov/Archives/edgar/data/350852/000035085216000191/ctbi10q0616.htm,1620590779,16:06:19,20210509
20,2016-06-30,CTBI,USD,2016-08-08,2016-08-08,Q2,44828000.0,0.0,0.0,0.0,0.0,16457000.0,580000.0,0.0,32000000.0,0.0,3315000.0,961000.0,16724000.0,0.3730704024270545,15763000.0,0.3516329080039261,0.0,15763000.0,0.3516329080039261,4197000.0,11566000.0,0.25800838761488354,0.659783228750713,0.6593318891802531,17530000.0,17542000.0,https://www.sec.gov/Archives/edgar/data/350852/000035085216000191/0000350852-16-000191-index.htm,https://www.sec.gov/Archives/edgar/data/350852/000035085216000191/ctbi10q0616.htm,1620590779,16:06:19,20210509
21,2016-03-31,CTBI,USD,2016-05-09,2016-05-09 08:34:33,Q1,44295000.0,0.0,0.0,0.0,0.0,16285000.0,629000.0,0.0,31000000.0,0.0,3203000.0,948000.0,17236000.0,0.38911841065583025,16288000.0,0.3677164465515295,0.0,16288000.0,0.3677164465515295,4686000.0,11602000.0,0.26192572525115704,0.6624793010906184,0.661723606912679,17513000.0,17533000.0,https://www.sec.gov/Archives/edgar/data/350852/000035085216000170/0000350852-16-000170-index.htm,https://www.sec.gov/Archives/edgar/data/350852/000035085216000152/ctbi10k1215.htm,1620590779,16:06:19,20210509
22,2015-12-31,CTBI,USD,2016-03-14,2016-03-14 16:11:19,Q4,45005000.0,0.0,0.0,0.0,0.0,15444000.0,0.0,0.0,31000000.0,0.0,3105000.0,955000.0,18272000.0,0.4059993334073992,17317000.0,0.38477946894789467,0.0,17317000.0,0.38477946894789467,5447000.0,11870000.0,0.2637484723919564,0.679683921209345,0.677666133820507,17464000.0,17516000.0,https://www.sec.gov/Archives/edgar/data/350852/000035085216000152/0000350852-16-000152-index.htm,https://www.sec.gov/Archives/edgar/data/350852/000035085216000152/ctbi10k1215.htm,1620590779,16:06:19,20210509
23,2015-09-30,CTBI,USD,2015-11-06,2015-11-06 08:44:38,Q3,45000000.0,0.0,0.0,0.0,0.0,16158000.0,0.0,0.0,33000000.0,0.0,2947000.0,950000.0,15896000.0,0.35324444444444447,14946000.0,0.33213333333333334,0.0,14946000.0,0.33213333333333334,3724000.0,11222000.0,0.24937777777777778,0.6434633027522936,0.6415871019381396,17440000.0,17491000.0,https://www.sec.gov/Archives/edgar/data/350852/000035085215000102/0000350852-15-000102-index.htm,https://www.sec.gov/Archives/edgar/data/350852/000035085215000102/ctbi10q0915.htm,1620590779,16:06:19,20210509
24,2015-06-30,CTBI,USD,2015-08-07,2015-08-07 08:57:32,Q2,45410000.0,0.0,0.0,0.0,0.0,15903000.0,0.0,0.0,32000000.0,0.0,2901000.0,1011000.0,17789000.0,0.39174190706892753,16778000.0,0.36947808852675623,0.0,16778000.0,0.36947808852675623,4376000.0,12402000.0,0.2731116494164281,0.7118994317203375,0.7101059261379903,17421000.0,17465000.0,https://www.sec.gov/Archives/edgar/data/350852/000035085215000084/0000350852-15-000084-index.htm,https://www.sec.gov/Archives/edgar/data/350852/000035085215000084/ctbi10q0615.htm,1620590779,16:06:19,20210509
25,2015-03-31,CTBI,USD,2015-05-08,2015-05-08 08:45:25,Q1,43641000.0,0.0,0.0,0.0,0.0,16183000.0,0.0,0.0,31000000.0,0.0,2820000.0,1016000.0,16938000.0,0.3881212621159002,15922000.0,0.36484040237391446,0.0,15922000.0,0.36484040237391446,4984000.0,10938000.0,0.250635869938819,0.6286206896551724,0.6267835654117243,17400000.0,17451000.0,https://www.sec.gov/Archives/edgar/data/350852/000035085215000058/0000350852-15-000058-index.htm,https://www.sec.gov/Archives/edgar/data/350852/000035085215000038/ctbi10k2014.htm,1620590779,16:06:19,20210509
26,2014-12-31,CTBI,USD,2015-03-13,2015-03-13 08:48:38,Q4,45537000.0,0.0,0.0,0.0,0.0,16957000.0,0.0,0.0,33000000.0,0.0,2907000.0,1007000.0,15150000.0,0.3326964885697345,14143000.0,0.3105826031578716,0.0,14143000.0,0.3105826031578716,4151000.0,9992000.0,0.21942596130619058,0.58,0.57,17351000.0,17422000.0,https://www.sec.gov/Archives/edgar/data/350852/000035085215000038/0000350852-15-000038-index.htm,https://www.sec.gov/Archives/edgar/data/350852/000035085215000038/ctbi10k2014.htm,1620590779,16:06:19,20210509
27,2014-09-30,CTBI,USD,2014-11-07,2014-11-07 08:49:27,Q3,44994000.0,0.0,0.0,0.0,0.0,16057000.0,0.0,0.0,32000000.0,0.0,2969000.0,1051000.0,0.0,0.0,0.0,0.3518469129217229,0.0,15831000.0,0.3518469129217229,4907000.0,10924000.0,0.2427879272791928,0.6304975181807688,0.6277439374784507,17326000.0,17402000.0,https://www.sec.gov/Archives/edgar/data/350852/000035085214000086/0000350852-14-000086-index.htm,https://www.sec.gov/Archives/edgar/data/350852/000035085214000086/ctbi10q0914.htm,1620590779,16:06:19,20210509
28,2014-08-01,CTBI,USD,2014-08-08,2014-08-08 08:59:49,Q2,634000.0,0.0,634000.0,1.0,0.0,0.0,0.0,736000.0,0.0,0.0,-2943000.0,-457000.0,17357000.0,27.376971608832807,17814000.0,28.097791798107256,673000.0,17814000.0,28.097791798107256,-4469000.0,12195000.0,19.235015772870664,0.77502,0.77502,15735000.0,15735000.0,https://www.sec.gov/Archives/edgar/data/350852/000035085214000078/0000350852-14-000078-index.htm,https://www.sec.gov/Archives/edgar/data/350852/000035085214000078/ctbi10q2ndqtr2014.htm,1620590779,16:06:19,20210509
29,2014-06-30,CTBI,USD,2014-08-08 00:00:00,2014-08-08 08:59:49,Q2,43805000.0,0.0,0.0,0.0,0.0,15765000.0,0.0,0.0,29000000.0,0.0,2978000.0,1135000.0,18949000.0,0.43257618993265606,17814000.0,0.4066659057185253,0.0,17814000.0,0.4066659057185253,5619000.0,12195000.0,0.27839287752539665,0.704180621318859,0.7011441384465015,17318000.0,17393000.0,https://www.sec.gov/Archives/edgar/data/350852/000035085214000078/0000350852-14-000078-index.html,https://www.sec.gov/Archives/edgar/data/350852/000035085214000078/ctbi10q2ndqtr2014.htm,1620590779,16:06:19,20210509
30,2014-03-31,CTBI,USD,2014-05-09,2014-05-09 11:03:27,Q1,42815000.0,0.0,0.0,0.0,0.0,15991000.0,0.0,0.0,31000000.0,0.0,2943000.0,1121000.0,15730000.0,0.3673946046946164,14609000.0,0.341212191988789,0.0,14609000.0,0.341212191988789,4469000.0,10140000.0,0.23683288567090974,0.5858393274980501,0.582654814372152,17308500.0,17403100.0,https://www.sec.gov/Archives/edgar/data/350852/000035085214000052/0000350852-14-000052-index.htm,https://www.sec.gov/Archives/edgar/data/350852/000035085214000034/ctbi10k2013.htm,1620590779,16:06:19,20210509
31,2013-12-31,CTBI,USD,2014-03-14,2014-03-14 14:27:58,Q4,46037000.0,0.0,0.0,0.0,0.0,15848000.0,0.0,0.0,36000000.0,0.0,3115000.0,1122000.0,13566000.0,0.29467602146099875,12444000.0,0.27030432043790864,0.0,12444000.0,0.27030432043790864,3687000.0,8757000.0,0.1902165649368986,0.509091,0.5,17260100.0,17360200.0,https://www.sec.gov/Archives/edgar/data/350852/000035085214000034/0000350852-14-000034-index.htm,https://www.sec.gov/Archives/edgar/data/350852/000035085214000034/ctbi10k2013.htm,1620590779,16:06:19,20210509
32,2013-09-30,CTBI,USD,2013-11-08,2013-11-08 08:39:53,Q3,46221000.0,0.0,0.0,0.0,0.0,15722000.0,0.0,0.0,31000000.0,0.0,3305000.0,1139000.0,19640000.0,0.4249150818891846,18501000.0,0.4002726033621081,0.0,18501000.0,0.4002726033621081,5848000.0,12653000.0,0.2737500270439843,0.7376380192848065,0.733218209633304,17153400.0,17256800.0,https://www.sec.gov/Archives/edgar/data/350852/000035085213000099/0000350852-13-000099-index.htm,https://www.sec.gov/Archives/edgar/data/350852/000035085213000099/ctbi10q0913.htm,1620590779,16:06:19,20210509
33,2013-06-30,CTBI,USD,2013-08-09,2013-08-09 08:34:35,Q2,46616000.0,0.0,0.0,0.0,0.0,15626000.0,0.0,0.0,33000000.0,0.0,3441000.0,1150000.0,18118000.0,0.38866483610777414,16968000.0,0.36399519478290715,0.0,16968000.0,0.36399519478290715,5026000.0,11942000.0,0.2561781362622276,0.7,0.690909,17121500.0,17205100.0,https://www.sec.gov/Archives/edgar/data/350852/000035085213000080/0000350852-13-000080-index.htm,https://www.sec.gov/Archives/edgar/data/350852/000035085213000080/ctbi10q0613.htm,1620590779,16:06:19,20210509
34,2013-03-31,CTBI,USD,2013-05-10,2013-05-10 09:00:25,Q1,45117000.0,0.0,0.0,0.0,0.0,15397000.0,0.0,0.0,31000000.0,0.0,3579000.0,1151000.0,18410000.0,0.4080501806414434,17259000.0,0.38253873262849925,0.0,17259000.0,0.38253873262849925,5439000.0,11820000.0,0.2619855043553428,0.6915151905177004,0.6891646065581417,17092900.0,17151200.0,https://www.sec.gov/Archives/edgar/data/350852/000035085213000064/0000350852-13-000064-index.htm,https://www.sec.gov/Archives/edgar/data/350852/000035085213000041/ctbi10k2012.htm,1620590779,16:06:19,20210509
35,2012-12-31,CTBI,USD,2013-03-14,2013-03-14 17:31:35,Q4,45706000.0,0.0,0.0,0.0,0.0,15651000.0,0.0,0.0,35000000.0,0.0,4328000.0,1112000.0,16029000.0,0.350697939001444,14917000.0,0.3263685292959349,0.0,14917000.0,0.3263685292959349,4365000.0,10552000.0,0.23086684461558657,0.6182474395931472,0.6160240991990286,17067600.0,17129200.0,https://www.sec.gov/Archives/edgar/data/350852/000035085213000041/0000350852-13-000041-index.htm,https://www.sec.gov/Archives/edgar/data/350852/000035085213000041/ctbi10k2012.htm,1620590779,16:06:19,20210509
36,2012-09-30,CTBI,USD,2012-11-08,2012-11-08 17:05:45,Q3,43884000.0,0.0,0.0,0.0,0.0,15572000.0,0.0,0.0,34000000.0,0.0,5404000.0,1093000.0,16245000.0,0.37018047579983593,15152000.0,0.34527390392853885,0.0,15152000.0,0.34527390392853885,4943000.0,10209000.0,0.23263604047033087,0.5991162023697044,0.5966511791005523,17040100.0,17110500.0,https://www.sec.gov/Archives/edgar/data/350852/000035085212000103/0000350852-12-000103-index.htm,https://www.sec.gov/Archives/edgar/data/350852/000035085212000103/ctbi10q0912.htm,1620590779,16:06:19,20210509
37,2012-06-30,CTBI,USD,2012-08-09,2012-08-09 15:35:37,Q2,44308000.0,0.0,0.0,0.0,0.0,14563000.0,0.0,0.0,33000000.0,0.0,6036000.0,1058000.0,18793000.0,0.4241446239956667,17735000.0,0.4002663175950167,0.0,17735000.0,0.4002663175950167,5503000.0,12232000.0,0.27606752730883816,0.7196945181541647,0.7173730727049867,16996100.0,17051100.0,https://www.sec.gov/Archives/edgar/data/350852/000114036112036013/0001140361-12-036013-index.htm,https://www.sec.gov/Archives/edgar/data/350852/000114036112036013/form10q.htm,1620590779,16:06:19,20210509
38,2012-03-31,CTBI,USD,2012-05-09,2012-05-09 16:14:46,Q1,44193000.0,0.0,0.0,0.0,0.0,15049000.0,0.0,0.0,33000000.0,0.0,5820000.0,1061000.0,18344000.0,0.4150883624103365,17283000.0,0.3910800352997081,0.0,17283000.0,0.3910800352997081,5414000.0,11869000.0,0.2685719457832688,0.7003310183682742,0.6981107660455487,16947700.0,17001600.0,https://www.sec.gov/Archives/edgar/data/350852/000035085212000063/0000350852-12-000063-index.htm,https://www.sec.gov/Archives/edgar/data/350852/000035085212000047/ctbi10k2011.htm,1620590779,16:06:19,20210509
39,2011-12-31,CTBI,USD,2012-03-15,2012-03-15 17:16:24,Q4,44467000.0,0.0,0.0,0.0,0.0,13895000.0,0.0,0.0,36000000.0,0.0,6143000.0,1093000.0,0.0,0.0,0.0,0.3274338273326287,0.0,14560000.0,0.3274338273326287,4672000.0,9888000.0,0.22236714867204893,0.583442000979484,0.583442000979484,16947700.0,16947700.0,https://www.sec.gov/Archives/edgar/data/350852/000035085212000047/0000350852-12-000047-index.htm,https://www.sec.gov/Archives/edgar/data/350852/000035085212000047/ctbi10k2011.htm,1620590779,16:06:19,20210509
40,2011-09-30,CTBI,USD,2011-11-09,2011-11-09 16:07:37,Q3,44037000.0,0.0,0.0,0.0,0.0,14381000.0,0.0,0.0,35000000.0,0.0,6613000.0,1133000.0,16828000.0,0.38213320616754093,15695000.0,0.35640484138338213,0.0,15695000.0,0.35640484138338213,5030000.0,10665000.0,0.2421827099938688,0.6329451981625894,0.6320786586775243,16849800.0,16872900.0,https://www.sec.gov/Archives/edgar/data/350852/000035085211000096/0000350852-11-000096-index.htm,https://www.sec.gov/Archives/edgar/data/350852/000035085211000096/ctb10q0911.htm,1620590779,16:06:19,20210509
41,2011-06-30,CTBI,USD,2011-08-08,2011-08-05 17:53:09,Q2,43471000.0,0.0,0.0,0.0,0.0,15206000.0,0.0,0.0,37000000.0,0.0,6963000.0,983000.0,13988000.0,0.3217777368820593,13005000.0,0.2991649605484116,0.0,13005000.0,0.2991649605484116,4035000.0,8970000.0,0.20634445952474062,0.536364,0.527273,16838800.0,16865200.0,https://www.sec.gov/Archives/edgar/data/350852/000035085211000074/0000350852-11-000074-index.htm,https://www.sec.gov/Archives/edgar/data/350852/000035085211000074/ctb10q0611.htm,1620590779,16:06:19,20210509
42,2011-03-31,CTBI,USD,2011-05-09,2011-05-09 16:51:47,Q1,43312000.0,0.0,0.0,0.0,0.0,15000000.0,0.0,0.0,38000000.0,0.0,7286000.0,1007000.0,13385000.0,0.30903675655707424,12378000.0,0.2857868489102327,0.0,12378000.0,0.2857868489102327,3074000.0,9304000.0,0.2148134466198744,0.5530392191828049,0.5519565268977955,16823400.0,16856400.0,https://www.sec.gov/Archives/edgar/data/350852/000035085211000054/0000350852-11-000054-index.htm,https://www.sec.gov/Archives/edgar/data/350852/000035085211000040/ctbi10k2010.htm,1620590779,16:06:19,20210509
43,2010-12-31,CTBI,USD,2011-03-15,2011-03-15 16:05:35,Q4,42300000.0,0.0,0.0,0.0,0.0,15627000.0,0.0,0.0,37000000.0,0.0,8001000.0,1011000.0,14375000.0,0.3398345153664303,13364000.0,0.3159338061465721,0.0,13364000.0,0.3159338061465721,4124000.0,9240000.0,0.21843971631205675,0.5492349941153394,0.5492349941153394,16823400.0,16823400.0,https://www.sec.gov/Archives/edgar/data/350852/000035085211000040/0000350852-11-000040-index.htm,https://www.sec.gov/Archives/edgar/data/350852/000035085211000040/ctbi10k2010.htm,1620590779,16:06:19,20210509
44,2010-09-30,CTBI,USD,2010-11-05,2010-11-05 16:06:33,Q3,39974000.0,0.0,0.0,0.0,0.0,14437000.0,0.0,0.0,37000000.0,0.0,8938000.0,1040000.0,13340000.0,0.333716915995397,12300000.0,0.3077000050032521,0.0,12300000.0,0.3077000050032521,3850000.0,8450000.0,0.21138740181117727,0.5040893878744132,0.5029013539651838,16762900.0,16802500.0,https://www.sec.gov/Archives/edgar/data/350852/000035085210000080/0000350852-10-000080-index.htm,https://www.sec.gov/Archives/edgar/data/350852/000035085210000080/ctb10q0910.htm,1620590779,16:06:19,20210509
45,2010-06-30,CTBI,USD,2010-08-06,2010-08-06 16:06:57,Q2,38820000.0,0.0,0.0,0.0,0.0,14469000.0,0.0,0.0,36000000.0,0.0,9166000.0,1157000.0,13216000.0,0.34044307058217416,12059000.0,0.31063884595569297,0.0,12059000.0,0.31063884595569297,3506000.0,8553000.0,0.22032457496136013,0.510602478687585,0.5080336194351223,16750800.0,16835500.0,https://www.sec.gov/Archives/edgar/data/350852/000035085210000068/0000350852-10-000068-index.htm,https://www.sec.gov/Archives/edgar/data/350852/000035085210000068/ctb10q0610.htm,1620590779,16:06:19,20210509
46,2010-03-31,CTBI,USD,2010-05-07,2010-05-07 09:04:19,Q1,39086000.0,0.0,0.0,0.0,0.0,14030000.0,0.0,0.0,38000000.0,0.0,9152000.0,1169000.0,11092000.0,0.28378447525968375,9923000.0,0.2538760681573965,0.0,9923000.0,0.2538760681573965,3132000.0,6791000.0,0.1737450749629023,0.4061068519692385,0.4052271981382582,16722200.0,16758500.0,https://www.sec.gov/Archives/edgar/data/350852/000035085210000050/0000350852-10-000050-index.htm,https://www.sec.gov/Archives/edgar/data/350852/000035085210000036/ctbi10k2009.htm,1620590779,16:06:19,20210509
47,2009-12-31,CTBI,USD,2010-03-12,2010-03-12 16:55:02,Q4,39068000.0,0.0,0.0,0.0,0.0,18695000.0,0.0,0.0,39000000.0,0.0,10111000.0,1234000.0,11262000.0,0.28826661206102183,10028000.0,0.25668065936316165,0.0,10028000.0,0.25668065936316165,3070000.0,6958000.0,0.1780997235589229,0.416093576204088,0.416093576204088,16722200.0,16722200.0,https://www.sec.gov/Archives/edgar/data/350852/000035085210000036/0000350852-10-000036-index.htm,https://www.sec.gov/Archives/edgar/data/350852/000035085210000036/ctbi10k2009.htm,1620590779,16:06:19,20210509
48,2009-09-30,CTBI,USD,2009-11-06,2009-11-06 08:58:00,Q3,36271000.0,0.0,0.0,0.0,0.0,11806000.0,0.0,0.0,40000000.0,0.0,11711000.0,1293000.0,9213000.0,0.2540045766590389,7920000.0,0.2183562625789198,0.0,7920000.0,0.2183562625789198,2336000.0,5584000.0,0.1539521932122081,0.33518412917554546,0.3340152412398761,16659500.0,16717800.0,https://www.sec.gov/Archives/edgar/data/350852/000035085209000086/0000350852-09-000086-index.htm,https://www.sec.gov/Archives/edgar/data/350852/000035085209000086/ctbi10q0909.htm,1620590779,16:06:19,20210509
49,2009-06-30,CTBI,USD,2009-08-10,2009-08-10 17:03:32,Q2,36364000.0,0.0,0.0,0.0,0.0,12164000.0,0.0,0.0,41000000.0,0.0,12516000.0,1438000.0,9702000.0,0.26680233197668024,8264000.0,0.22725772742272576,0.0,8264000.0,0.22725772742272576,2327000.0,5937000.0,0.1632658673413266,0.354545,0.354545,16639700.0,16639700.0,https://www.sec.gov/Archives/edgar/data/350852/000035085209000075/0000350852-09-000075-index.htm,https://www.sec.gov/Archives/edgar/data/350852/000035085209000075/ctbi10q0609.htm,1620590779,16:06:19,20210509
50,2009-03-31,CTBI,USD,2009-05-08,2009-05-08 09:21:37,Q1,35227000.0,0.0,0.0,0.0,0.0,12755000.0,0.0,0.0,39000000.0,0.0,13202000.0,1274000.0,12098000.0,0.34342975558520455,10824000.0,0.3072643143043688,0.0,10824000.0,0.3072643143043688,3461000.0,7363000.0,0.20901581173531666,0.445455,0.436364,16583600.0,16712300.0,https://www.sec.gov/Archives/edgar/data/350852/000035085209000053/0000350852-09-000053-index.htm,https://www.sec.gov/Archives/edgar/data/350852/000035085209000040/ctbi10k2008.htm,1620590779,16:06:19,20210509
51,2008-12-31,CTBI,USD,2009-03-13,2009-03-13 15:57:12,Q4,47024000.0,0.0,0.0,0.0,0.0,10625000.0,0.0,0.0,38000000.0,0.0,14409000.0,1237000.0,9349000.0,0.19881337189520246,8112000.0,0.17250765566519224,0.0,8112000.0,0.17250765566519224,1627000.0,6485000.0,0.13790830214358626,0.39104898815697436,0.39104898815697436,16583600.0,16583600.0,https://www.sec.gov/Archives/edgar/data/350852/000035085209000040/0000350852-09-000040-index.htm,https://www.sec.gov/Archives/edgar/data/350852/000035085209000040/ctbi10k2008.htm,1620590779,16:06:19,20210509
52,2008-09-30,CTBI,USD,2008-11-07,2008-11-07 16:09:49,Q3,22530000.0,0.0,0.0,0.0,0.0,10287000.0,0.0,0.0,39000000.0,0.0,15205000.0,1242000.0,-403000.0,-0.017887261429205503,-1645000.0,-0.07301375943186862,0.0,-1645000.0,-0.07301375943186862,-1068000.0,-577000.0,-0.02561029738126942,-0.034944071317397546,-0.03436712668187476,16512100.0,16789300.0,https://www.sec.gov/Archives/edgar/data/350852/000035085208000085/0000350852-08-000085-index.htm,https://www.sec.gov/Archives/edgar/data/350852/000035085208000085/ctb10q0908.htm,1620590779,16:06:19,20210509
53,2008-06-30,CTBI,USD,2008-08-08,2008-08-08 15:59:51,Q2,35363000.0,0.0,0.0,0.0,0.0,10600000.0,0.0,0.0,39000000.0,0.0,15988000.0,1186000.0,13458000.0,0.38056725956508214,12272000.0,0.3470293809914317,0.0,12272000.0,0.3470293809914317,3652000.0,8620000.0,0.24375759975115233,0.527273,0.518182,16487900.0,16667200.0,https://www.sec.gov/Archives/edgar/data/350852/000035085208000061/0000350852-08-000061-index.htm,https://www.sec.gov/Archives/edgar/data/350852/000035085208000061/ctbi10q0608.htm,1620590779,16:06:19,20210509
54,2008-03-31,CTBI,USD,2008-05-09,2008-05-09 15:25:23,Q1,35051000.0,0.0,0.0,0.0,0.0,10711000.0,0.0,0.0,41000000.0,0.0,18372000.0,1285000.0,13966000.0,0.3984479758066817,12681000.0,0.36178711021083565,0.0,12681000.0,0.36178711021083565,4136000.0,8545000.0,0.24378762374825255,0.5178787878787878,0.5139045923645024,16500000.0,16627600.0,https://www.sec.gov/Archives/edgar/data/350852/000035085208000047/0000350852-08-000047-index.htm,https://www.sec.gov/Archives/edgar/data/350852/000035085208000031/ctbi10k2007.htm,1620590779,16:06:19,20210509
55,2007-12-31,CTBI,USD,2008-03-05,2008-03-05 16:58:12,Q4,36141000.0,0.0,0.0,0.0,0.0,10480000.0,0.0,0.0,43000000.0,0.0,20942000.0,856000.0,14391000.0,0.39819042085166434,13535000.0,0.37450540936886084,0.0,13535000.0,0.37450540936886084,4264000.0,9271000.0,0.2565230624498492,0.5618787878787879,0.5618787878787879,16500000.0,16500000.0,https://www.sec.gov/Archives/edgar/data/350852/000035085208000031/0000350852-08-000031-index.htm,https://www.sec.gov/Archives/edgar/data/350852/000035085208000031/ctbi10k2007.htm,1620590779,16:06:19,20210509
56,2007-09-30,CTBI,USD,2007-11-09,2007-11-09 15:54:35,Q3,36526000.0,0.0,0.0,0.0,0.0,9604000.0,0.0,0.0,44000000.0,0.0,23127000.0,1562000.0,16849000.0,0.4612878497508624,15287000.0,0.41852379127197065,0.0,15287000.0,0.41852379127197065,4811000.0,10476000.0,0.2868093960466517,0.627273,0.618182,16701300.0,16876200.0,https://www.sec.gov/Archives/edgar/data/350852/000035085207000107/0000350852-07-000107-index.htm,https://www.sec.gov/Archives/edgar/data/350852/000035085207000107/ctbi10q0907.htm,1620590779,16:06:19,20210509
57,2007-06-30,CTBI,USD,2007-08-09,2007-08-09 14:19:58,Q2,35585000.0,0.0,0.0,0.0,0.0,11100000.0,0.0,0.0,46000000.0,0.0,23474000.0,1606000.0,14407000.0,0.4048615989883378,12801000.0,0.3597302234087396,0.0,12801000.0,0.3597302234087396,3943000.0,8858000.0,0.248925108894197,0.527273,0.518182,16737600.0,16992800.0,https://www.sec.gov/Archives/edgar/data/350852/000035085207000087/0000350852-07-000087-index.htm,https://www.sec.gov/Archives/edgar/data/350852/000035085207000087/ctbi10q0607.htm,1620590779,16:06:19,20210509
58,2007-03-31,CTBI,USD,2007-05-10,2007-05-10 14:47:21,Q1,34388000.0,0.0,0.0,0.0,0.0,11114000.0,0.0,0.0,46000000.0,0.0,23289000.0,1641000.0,0.0,0.0,0.0,0.3321507502617192,0.0,11422000.0,0.3321507502617192,3400000.0,8022000.0,0.23327905083168546,0.481818,0.472727,16710100.0,16980700.0,https://www.sec.gov/Archives/edgar/data/350852/000035085207000068/0000350852-07-000068-index.htm,https://www.sec.gov/Archives/edgar/data/350852/000035085207000046/ctbi10k2006.htm,1620590779,16:06:19,20210509
59,2006-12-31,CTBI,USD,2007-03-15,2007-03-14 18:34:53,Q4,35310000.0,0.0,0.0,0.0,0.0,11607000.0,0.0,0.0,44000000.0,0.0,22496000.0,1674000.0,15278000.0,0.43268195978476354,13604000.0,0.38527329368450863,0.0,13604000.0,0.38527329368450863,4084000.0,9520000.0,0.2696120079297649,0.5697153218712037,0.5697153218712037,16710100.0,16710100.0,https://www.sec.gov/Archives/edgar/data/350852/000035085207000046/0000350852-07-000046-index.htm,https://www.sec.gov/Archives/edgar/data/350852/000035085207000046/ctbi10k2006.htm,1620590779,16:06:19,20210509
60,2006-09-30,CTBI,USD,2006-11-09,2006-11-09 15:10:55,Q3,35656000.0,0.0,0.0,0.0,0.0,10750000.0,0.0,0.0,43000000.0,0.0,21028000.0,1679000.0,15623000.0,0.4381590756113978,13944000.0,0.39107022660982727,0.0,13944000.0,0.39107022660982727,4060000.0,9884000.0,0.2772043975768454,0.590909,0.581818,16641900.0,16905900.0,https://www.sec.gov/Archives/edgar/data/350852/000035085206000084/0000350852-06-000084-index.htm,https://www.sec.gov/Archives/edgar/data/350852/000035085206000084/ctbi10q0906.htm,1620590779,16:06:19,20210509
61,2006-06-30,CTBI,USD,2006-08-08,2006-08-08 16:18:03,Q2,35260000.0,0.0,0.0,0.0,0.0,10823000.0,0.0,0.0,41000000.0,0.0,19943000.0,1678000.0,15721000.0,0.4458593306863301,14043000.0,0.39826999432785026,0.0,14043000.0,0.39826999432785026,4151000.0,9892000.0,0.2805445263754963,0.6,0.590909,16556100.0,16801400.0,https://www.sec.gov/Archives/edgar/data/350852/000035085206000071/0000350852-06-000071-index.htm,https://www.sec.gov/Archives/edgar/data/350852/000035085206000071/ct10q0606.htm,1620590779,16:06:19,20210509
62,2006-03-31,CTBI,USD,2006-05-09,2006-05-09 10:17:02,Q1,34100000.0,0.0,0.0,0.0,0.0,10965000.0,0.0,0.0,38000000.0,0.0,17991000.0,1745000.0,15768000.0,0.46240469208211143,14023000.0,0.4112316715542522,0.0,14023000.0,0.4112316715542522,4255000.0,9768000.0,0.2864516129032258,0.590909,0.581818,16512100.0,16777200.0,https://www.sec.gov/Archives/edgar/data/350852/000035085206000051/0000350852-06-000051-index.htm,https://www.sec.gov/Archives/edgar/data/350852/000035085206000038/ctb10k2005.htm,1620590779,16:06:19,20210509
63,2005-12-31,CTBI,USD,2006-03-15,2006-03-15 11:47:09,Q4,35546000.0,0.0,0.0,0.0,0.0,10845000.0,0.0,0.0,39000000.0,0.0,16504000.0,1731000.0,14641000.0,0.41188882012040734,12910000.0,0.3631913576773758,0.0,12910000.0,0.3631913576773758,4020000.0,8890000.0,0.2500984639621898,0.5383930572125896,0.5383930572125896,16512100.0,16512100.0,https://www.sec.gov/Archives/edgar/data/350852/000035085206000038/0000350852-06-000038-index.htm,https://www.sec.gov/Archives/edgar/data/350852/000035085206000038/ctb10k2005.htm,1620590779,16:06:19,20210509
64,2005-09-30,CTBI,USD,2005-11-09,2005-11-09 10:10:48,Q3,35415000.0,0.0,0.0,0.0,0.0,10816000.0,0.0,0.0,37000000.0,0.0,14825000.0,1817000.0,0.0,0.0,0.0,0.3714527742481999,0.0,13155000.0,0.3714527742481999,4072000.0,9083000.0,0.25647324579980235,0.554545,0.545455,16408700.0,16736500.0,https://www.sec.gov/Archives/edgar/data/350852/000035085205000090/0000350852-05-000090-index.htm,https://www.sec.gov/Archives/edgar/data/350852/000035085205000090/ct10q0905.htm,1620590779,16:06:19,20210509
65,2005-06-30,CTBI,USD,2005-08-09,2005-08-09 12:50:23,Q2,33627000.0,0.0,0.0,0.0,0.0,10613000.0,0.0,0.0,35000000.0,0.0,13509000.0,1686000.0,13929000.0,0.41422071549647604,12243000.0,0.36408243375858684,0.0,12243000.0,0.36408243375858684,3765000.0,8478000.0,0.25211883308056027,0.518182,0.509091,16369100.0,16683700.0,https://www.sec.gov/Archives/edgar/data/350852/000035085205000079/0000350852-05-000079-index.htm,https://www.sec.gov/Archives/edgar/data/350852/000035085205000079/ct10q605.htm,1620590779,16:06:19,20210509
66,2005-03-31,CTBI,USD,2005-05-09,2005-05-09 11:25:24,Q1,32084000.0,0.0,0.0,0.0,0.0,10261000.0,0.0,0.0,33000000.0,0.0,12119000.0,1589000.0,13099000.0,0.4082720359057474,11510000.0,0.358745792295225,0.0,11510000.0,0.358745792295225,3549000.0,7961000.0,0.24812990898890414,0.490909,0.481818,16342700.0,16662800.0,https://www.sec.gov/Archives/edgar/data/350852/000035085205000059/0000350852-05-000059-index.htm,https://www.sec.gov/Archives/edgar/data/350852/000035085205000040/ctb10k04.htm,1620590779,16:06:19,20210509
67,2004-12-31,CTBI,USD,2005-03-15,2005-03-14 17:36:34,Q4,32599000.0,0.0,0.0,0.0,0.0,9836000.0,0.0,0.0,0.0,0.0,11067000.0,1579000.0,12781000.0,0.39206724132642107,11202000.0,0.3436301727046842,0.0,11202000.0,0.3436301727046842,3302000.0,7900000.0,0.24233872204668855,0.48339625643253564,0.48339625643253564,16342700.0,16342700.0,https://www.sec.gov/Archives/edgar/data/350852/000035085205000040/0000350852-05-000040-index.htm,https://www.sec.gov/Archives/edgar/data/350852/000035085205000040/ctb10k04.htm,1620590779,16:06:19,20210509
68,2004-09-30,CTBI,USD,2004-11-09,2004-11-09 14:49:45,Q3,32060000.0,0.0,0.0,0.0,0.0,9959000.0,0.0,0.0,0.0,0.0,9138000.0,1367000.0,0.0,0.0,0.0,0.3461634435433562,0.0,11098000.0,0.3461634435433562,3084000.0,8014000.0,0.24996880848409234,0.487603,0.479339,16285390.0,16718862.0,https://www.sec.gov/Archives/edgar/data/350852/000035085204000082/0000350852-04-000082-index.htm,https://www.sec.gov/Archives/edgar/data/350852/000035085204000082/ct10q904.htm,1620590779,16:06:19,20210509
69,2004-06-30,CTBI,USD,2004-08-09,2004-08-09 12:04:14,Q2,31774000.0,0.0,0.0,0.0,0.0,10015000.0,0.0,0.0,0.0,0.0,8368000.0,1391000.0,12608000.0,0.39680241707056085,11217000.0,0.35302448542833764,0.0,11217000.0,0.35302448542833764,3461000.0,7756000.0,0.2440989488260842,0.479339,0.471074,16270870.0,16464491.0,https://www.sec.gov/Archives/edgar/data/350852/000035085204000067/0000350852-04-000067-index.htm,https://www.sec.gov/Archives/edgar/data/350852/000035085204000067/ct10q604.htm,1620590779,16:06:19,20210509
70,2004-03-31,CTBI,USD,2004-05-07,2004-05-07 16:26:46,Q1,30696000.0,0.0,0.0,0.0,0.0,9691000.0,0.0,0.0,0.0,0.0,8616000.0,1384000.0,11753000.0,0.38288376335678914,10369000.0,0.3377964555642429,0.0,10369000.0,0.3377964555642429,3089000.0,7280000.0,0.23716445139431847,0.446281,0.438017,16295070.0,16620377.0,https://www.sec.gov/Archives/edgar/data/350852/000035085204000056/0000350852-04-000056-index.htm,https://www.sec.gov/Archives/edgar/data/350852/000035085204000040/ctb10k03.htm,1620590779,16:06:19,20210509
71,2003-12-31,CTBI,USD,2004-03-15,2004-03-15 13:38:13,Q4,30445000.0,0.0,0.0,0.0,0.0,8989000.0,0.0,0.0,0.0,0.0,9442000.0,1446000.0,11527000.0,0.3786171785186402,10081000.0,0.33112169485958287,0.0,10081000.0,0.33112169485958287,2528000.0,7553000.0,0.24808671374609953,0.4635144249150203,0.4635144249150203,16295070.0,16295070.0,https://www.sec.gov/Archives/edgar/data/350852/000035085204000040/0000350852-04-000040-index.htm,https://www.sec.gov/Archives/edgar/data/350852/000035085204000040/ctb10k03.htm,1620590779,16:06:19,20210509
72,2003-09-30,CTBI,USD,2003-11-14,2003-11-14 10:25:52,Q3,30869000.0,0.0,0.0,0.0,0.0,8705000.0,0.0,0.0,0.0,0.0,10644000.0,1492000.0,12165000.0,0.3940846804237261,10673000.0,0.34575140108199165,0.0,10673000.0,0.34575140108199165,3392000.0,7281000.0,0.23586769898603777,0.450789,0.443276,16247517.0,16425442.0,https://www.sec.gov/Archives/edgar/data/350852/000035085203000092/0000350852-03-000092-index.htm,https://www.sec.gov/Archives/edgar/data/350852/000035085203000092/ctbi10q.htm,1620590779,16:06:19,20210509
73,2003-06-30,CTBI,USD,2003-08-14,2003-08-14 12:05:40,Q2,30603000.0,0.0,0.0,0.0,0.0,7838000.0,0.0,0.0,0.0,0.0,11670000.0,1428000.0,0.0,0.0,0.0,0.33506518968728555,0.0,10254000.0,0.33506518968728555,3190000.0,7064000.0,0.23082704310034963,0.435763,0.428249,16308743.0,16495060.0,https://www.sec.gov/Archives/edgar/data/350852/000035085203000081/0000350852-03-000081-index.htm,https://www.sec.gov/Archives/edgar/data/350852/000035085203000081/ctbi10q.htm,1620590779,16:06:19,20210509
74,2003-03-31,CTBI,USD,2003-05-14,2003-05-14 12:39:56,Q1,29074000.0,0.0,0.0,0.0,0.0,9061000.0,0.0,0.0,0.0,0.0,12139000.0,1487000.0,0.0,0.0,0.0,0.34106074155602945,0.0,9916000.0,0.34106074155602945,2923000.0,6993000.0,0.24052417967943868,0.428249,0.420736,16379286.0,16620862.0,https://www.sec.gov/Archives/edgar/data/350852/000035085203000063/0000350852-03-000063-index.htm,https://www.sec.gov/Archives/edgar/data/350852/000110465903005252/j8342_10k.htm,1620590779,16:06:19,20210509
75,2002-12-31,CTBI,USD,2003-03-28,2003-03-28 14:10:48,Q4,29882000.0,0.0,0.0,0.0,0.0,9049000.0,0.0,0.0,0.0,0.0,13084000.0,1777000.0,12138000.0,0.4061977109965866,10361000.0,0.3467304731945653,0.0,10361000.0,0.3467304731945653,3393000.0,6968000.0,0.23318385650224216,0.4254153691436855,0.4254153691436855,16379286.0,16379286.0,https://www.sec.gov/Archives/edgar/data/350852/000110465903005252/0001104659-03-005252-index.htm,https://www.sec.gov/Archives/edgar/data/350852/000110465903005252/j8342_10k.htm,1620590779,16:06:19,20210509
76,2002-09-30,CTBI,USD,2002-11-14,2002-11-14 14:01:00,Q3,31047000.0,0.0,0.0,0.0,0.0,8742000.0,0.0,0.0,0.0,0.0,13564000.0,1112000.0,12846000.0,0.4137597835539666,11734000.0,0.37794311849776147,0.0,11734000.0,0.37794311849776147,3801000.0,7933000.0,0.25551583083711793,0.478109,0.471279,16573612.0,16832906.0,https://www.sec.gov/Archives/edgar/data/350852/000035085202000012/0000350852-02-000012-index.htm,https://www.sec.gov/Archives/edgar/data/350852/000035085202000012/ctbi10q.htm,1620590779,16:06:19,20210509
77,2002-06-30,CTBI,USD,2002-08-13,2002-08-13 10:32:58,Q2,28225000.0,0.0,0.0,0.0,0.0,8395000.0,0.0,0.0,0.0,0.0,14581000.0,1129000.0,10045000.0,0.3558901682905226,8916000.0,0.3158901682905226,0.0,8916000.0,0.3158901682905226,2539000.0,6377000.0,0.22593445527015057,0.382488,0.375657,16687811.0,16975574.0,https://www.sec.gov/Archives/edgar/data/350852/000035085202000008/0000350852-02-000008-index.htm,https://www.sec.gov/Archives/edgar/data/350852/000035085202000008/ctbi10q.htm,1620590779,16:06:19,20210509
78,2002-03-31,CTBI,USD,2002-05-14,2002-05-14 14:55:49,Q1,28031000.0,0.0,0.0,0.0,0.0,8457000.0,0.0,0.0,0.0,0.0,16064000.0,1066000.0,9813000.0,0.3500767007955478,8747000.0,0.3120473761192965,0.0,8747000.0,0.3120473761192965,2425000.0,6322000.0,0.22553601369911883,0.375657,0.375657,16724414.0,16724414.0,https://www.sec.gov/Archives/edgar/data/350852/000035085202000005/0000350852-02-000005-index.htm,https://www.sec.gov/Archives/edgar/data/350852/000110465902001107/j3047_10k.htm,1620590779,16:06:19,20210509
79,2001-12-31,CTBI,USD,2002-03-29,2002-03-29 00:00:00,Q4,28111000.0,0.0,0.0,0.0,0.0,8144000.0,0.0,0.0,0.0,0.0,19410000.0,1671000.0,10277000.0,0.3655864252427875,8606000.0,0.3061435025434883,0.0,8606000.0,0.3061435025434883,2763000.0,5843000.0,0.20785457650030237,0.3493694906141405,0.3493694906141405,16724414.0,16724414.0,https://www.sec.gov/Archives/edgar/data/350852/000110465902001107/0001104659-02-001107-index.htm,https://www.sec.gov/Archives/edgar/data/350852/000110465902001107/j3047_10k.htm,1620590779,16:06:19,20210509
80,2001-09-30,CTBI,USD,2001-11-14,2001-11-14 00:00:00,Q3,25875000.0,0.0,0.0,0.0,0.0,7315000.0,0.0,0.0,0.0,0.0,23173000.0,1826000.0,9581000.0,0.37028019323671496,7755000.0,0.2997101449275362,0.0,7755000.0,0.2997101449275362,2482000.0,5273000.0,0.20378743961352658,0.314186,0.314186,16720022.0,16720022.0,https://www.sec.gov/Archives/edgar/data/350852/000035085201500009/0000350852-01-500009-index.htm,https://www.sec.gov/Archives/edgar/data/350852/000035085201500009/ctbi10q1.htm,1620590779,16:06:19,20210509
81,2001-06-30,CTBI,USD,2001-08-14,2001-08-14 00:00:00,Q2,26823000.0,0.0,0.0,0.0,0.0,7801000.0,0.0,0.0,0.0,0.0,25265000.0,1763000.0,10495000.0,0.39126868732058306,8732000.0,0.3255415128807367,0.0,8732000.0,0.3255415128807367,2818000.0,5914000.0,0.2204824218021847,0.348337,0.348337,16922067.0,16922067.0,https://www.sec.gov/Archives/edgar/data/350852/000035085201500006/0000350852-01-500006-index.htm,https://www.sec.gov/Archives/edgar/data/350852/000035085201500006/ctbi10q1.htm,1620590779,16:06:19,20210509
82,2001-03-31,CTBI,USD,2001-05-15,2001-05-15 00:00:00,Q1,26082000.0,0.0,0.0,0.0,0.0,7833000.0,0.0,0.0,0.0,0.0,25869000.0,1900000.0,9576000.0,0.3671497584541063,7676000.0,0.29430258415765664,0.0,7676000.0,0.29430258415765664,2434000.0,5242000.0,0.20098151982209952,0.307356,0.307356,17083118.0,17083118.0,https://www.sec.gov/Archives/edgar/data/350852/000035085201500004/0000350852-01-500004-index.htm,https://www.sec.gov/Archives/edgar/data/350852/000035085201500004/ctbi10q1.htm,1620590779,16:06:19,20210509
83,2000-12-31,CTBI,USD,2001-03-30 00:00:00,2001-03-30 00:00:00,Q4,26295000.0,0.0,0.0,0.0,0.0,7302000.0,0.0,0.0,0.0,0.0,25112000.0,1781000.0,10266000.0,0.39041642897889334,8485000.0,0.3226849210876592,0.0,8485000.0,0.3226849210876592,2731000.0,5754000.0,0.2188248716486024,0.33682375781751317,0.33682375781751317,17083118.0,17083118.0,https://www.sec.gov/Archives/edgar/data/350852/000091205701505634/0000912057-01-505634-index.html,https://www.sec.gov/Archives/edgar/data/350852/000091205701505634/a2042269z10-k.htm,1620590779,16:06:19,20210509
84,2000-09-30,CTBI,USD,2000-11-14 00:00:00,2000-11-14 00:00:00,Q3,25854000.0,0.0,0.0,0.0,0.0,7239000.0,0.0,0.0,0.0,0.0,23612000.0,1968000.0,9997000.0,0.3866713081147985,8029000.0,0.3105515587529976,0.0,8029000.0,0.3105515587529976,2365000.0,5664000.0,0.21907635182176838,0.327846,0.327846,17244169.0,17244169.0,https://www.sec.gov/Archives/edgar/data/350852/000035085200500010/0000350852-00-500010-index.html,https://www.sec.gov/Archives/edgar/data/350852/000035085200500010/ctbi10q3.htm,1620590779,16:06:19,20210509
85,2000-06-30,CTBI,USD,2000-08-14 00:00:00,2000-08-14 00:00:00,Q2,25840000.0,0.0,0.0,0.0,0.0,7391000.0,0.0,0.0,0.0,0.0,21935000.0,1699000.0,0.0,0.0,0.0,0.33397832817337464,0.0,8630000.0,0.33397832817337464,2821000.0,5809000.0,0.22480650154798762,0.327846,0.327846,17750748.0,17750748.0,https://www.sec.gov/Archives/edgar/data/350852/000091205700037138/0000912057-00-037138-index.html,https://www.sec.gov/Archives/edgar/data/350852/000091205700037138/a10-q.txt,1620590779,16:06:19,20210509
86,2000-03-31,CTBI,USD,2000-05-12 00:00:00,2000-05-12 00:00:00,Q1,25769000.0,0.0,0.0,0.0,0.0,7754000.0,0.0,0.0,0.0,0.0,20856000.0,1899000.0,9370000.0,0.363615196553999,7471000.0,0.28992199930148627,0.0,7471000.0,0.28992199930148627,2352000.0,5119000.0,0.19864954014513564,0.286866,0.286866,17771245.0,17771245.0,https://www.sec.gov/Archives/edgar/data/350852/000035085200000007/0000350852-00-000007-index.html,https://www.sec.gov/Archives/edgar/data/350852/0000350852-00-000007.txt,1620590779,16:06:19,20210509
87,1999-12-31,CTBI,USD,1999-12-31,1999-12-31,Q4,26702000.0,0.0,0.0,0.0,0.0,7753000.0,0.0,0.0,0.0,0.0,20240000.0,1854000.0,0.0,0.0,0.0,0.2961950415699199,0.0,7909000.0,0.2961950415699199,2264000.0,5645000.0,0.21140738521459065,0.3176479757045722,0.3176479757045722,17771245.0,17771245.0,,,1620590779,16:06:19,20210509
88,1999-09-30,CTBI,USD,1999-11-15 00:00:00,1999-11-15 00:00:00,Q3,26600000.0,0.0,0.0,0.0,0.0,8000000.0,0.0,0.0,0.0,0.0,19700000.0,1700000.0,9800000.0,0.3684210526315789,8100000.0,0.30451127819548873,0.0,8100000.0,0.30451127819548873,2500000.0,5600000.0,0.21052631578947367,0.314092,0.307264,17829181.0,18225391.0,https://www.sec.gov/Archives/edgar/data/350852/000035085299000007/0000350852-99-000007-index.html,https://www.sec.gov/Archives/edgar/data/350852/0000350852-99-000007.txt,1620590779,16:06:19,20210509
89,1999-06-30,CTBI,USD,1999-08-12 00:00:00,1999-08-12 00:00:00,Q2,26200000.0,0.0,0.0,0.0,0.0,7200000.0,0.0,0.0,0.0,0.0,19700000.0,2000000.0,0.0,0.0,0.0,0.29770992366412213,0.0,7800000.0,0.29770992366412213,2400000.0,5400000.0,0.20610687022900764,0.307264,0.307264,17574484.0,17574484.0,https://www.sec.gov/Archives/edgar/data/350852/000035085299000006/0000350852-99-000006-index.html,https://www.sec.gov/Archives/edgar/data/350852/0000350852-99-000006.txt,1620590779,16:06:19,20210509
90,1999-03-31,CTBI,USD,1999-05-17 00:00:00,1999-05-17 00:00:00,Q1,25300000.0,0.0,0.0,0.0,0.0,7500000.0,0.0,0.0,0.0,0.0,20100000.0,2100000.0,9600000.0,0.3794466403162055,7500000.0,0.2964426877470356,0.0,7400000.0,0.2924901185770751,2300000.0,5100000.0,0.2015810276679842,0.28678,0.28678,17783667.0,17783667.0,https://www.sec.gov/Archives/edgar/data/350852/000035085299000003/0000350852-99-000003-index.html,https://www.sec.gov/Archives/edgar/data/350852/0000350852-99-000003.txt,1620590779,16:06:19,20210509
91,1998-12-31,CTBI,USD,1998-12-31,1998-12-31,Q4,24800000.0,0.0,0.0,0.0,0.0,7500000.0,0.0,0.0,0.0,0.0,22500000.0,1500000.0,8600000.0,0.3467741935483871,7100000.0,0.2862903225806452,0.0,7200000.0,0.2903225806451613,2300000.0,4900000.0,0.1975806451612903,0.2755337242875724,0.2755337242875724,17783667.0,17783667.0,,,1620590779,16:06:19,20210509
92,1998-09-30,CTBI,USD,1998-11-16 00:00:00,1998-11-16 00:00:00,Q3,24000000.0,0.0,0.0,0.0,0.0,7300000.0,0.0,0.0,0.0,0.0,22400000.0,1600000.0,-100000.0,-0.004166666666666667,-1700000.0,-0.07083333333333333,0.0,-1600000.0,-0.06666666666666667,-2300000.0,700000.0,0.029166666666666667,0.03414,0.03414,20503808.0,20503808.0,https://www.sec.gov/Archives/edgar/data/350852/000035085298000025/0000350852-98-000025-index.html,https://www.sec.gov/Archives/edgar/data/350852/0000350852-98-000025.txt,1620590779,16:06:19,20210509
93,1998-06-30,CTBI,USD,1998-08-14 00:00:00,1998-08-14 00:00:00,Q2,24600000.0,0.0,0.0,0.0,0.0,6800000.0,0.0,0.0,0.0,0.0,19900000.0,1400000.0,0.0,0.0,0.0,0.25203252032520324,0.0,6200000.0,0.25203252032520324,2000000.0,4200000.0,0.17073170731707318,0.238983,0.238983,17574492.0,17574492.0,https://www.sec.gov/Archives/edgar/data/350852/000035085298000009/0000350852-98-000009-index.html,https://www.sec.gov/Archives/edgar/data/350852/0000350852-98-000009.txt,1620590779,16:06:19,20210509
94,1998-03-31,CTBI,USD,1998-05-15 00:00:00,1998-05-15 00:00:00,Q1,22600000.0,0.0,0.0,0.0,0.0,7100000.0,0.0,0.0,0.0,0.0,19300000.0,1200000.0,0.0,0.0,0.0,0.26991150442477874,0.0,6100000.0,0.26991150442477874,1900000.0,4200000.0,0.18584070796460178,0.232155,0.232155,18091326.0,18091326.0,https://www.sec.gov/Archives/edgar/data/350852/000035085298000005/0000350852-98-000005-index.html,https://www.sec.gov/Archives/edgar/data/350852/0000350852-98-000005.txt,1620590779,16:06:19,20210509
95,1997-12-31,CTBI,USD,1998-03-24 00:00:00,1998-03-24 00:00:00,Q4,22800000.0,0.0,0.0,0.0,0.0,6900000.0,0.0,0.0,0.0,0.0,19500000.0,600000.0,0.0,0.0,0.0,0.03070175438596491,0.0,700000.0,0.03070175438596491,1200000.0,2600000.0,0.11403508771929824,0.14371528101367473,0.14371528101367473,18091326.0,18091326.0,https://www.sec.gov/Archives/edgar/data/350852/000104746998011236/0001047469-98-011236-index.html,https://www.sec.gov/Archives/edgar/data/350852/0001047469-98-011236.txt,1620590779,16:06:19,20210509
96,1997-09-30,CTBI,USD,1997-11-14 00:00:00,1997-11-14 00:00:00,Q3,25900000.0,0.0,0.0,0.0,0.0,7200000.0,0.0,0.0,0.0,0.0,18300000.0,1800000.0,0.0,0.0,0.0,0.2625482625482625,0.0,6800000.0,0.2625482625482625,2400000.0,4400000.0,0.16988416988416988,0.245811,0.245811,17899938.0,17899938.0,https://www.sec.gov/Archives/edgar/data/350852/000035085297000008/0000350852-97-000008-index.html,https://www.sec.gov/Archives/edgar/data/350852/0000350852-97-000008.txt,1620590779,16:06:19,20210509
97,1997-06-30,CTBI,USD,1997-08-15 00:00:00,1997-08-15 00:00:00,Q2,23100000.0,0.0,0.0,0.0,0.0,6800000.0,0.0,0.0,0.0,0.0,18700000.0,1200000.0,7900000.0,0.341991341991342,6700000.0,0.29004329004329005,0.0,6700000.0,0.29004329004329005,2100000.0,4600000.0,0.19913419913419914,0.252639,0.252639,18207792.0,18207792.0,https://www.sec.gov/Archives/edgar/data/350852/000035085297000006/0000350852-97-000006-index.html,https://www.sec.gov/Archives/edgar/data/350852/0000350852-97-000006.txt,1620590779,16:06:19,20210509
98,1997-03-31,CTBI,USD,1997-05-15 00:00:00,1997-05-15 00:00:00,Q1,23100000.0,0.0,0.0,0.0,0.0,7600000.0,0.0,0.0,0.0,0.0,17700000.0,1500000.0,11100000.0,0.4805194805194805,9600000.0,0.4155844155844156,0.0,9600000.0,0.4155844155844156,2100000.0,7500000.0,0.3246753246753247,0.416513,0.416513,18006653.0,18006653.0,https://www.sec.gov/Archives/edgar/data/350852/000035085297000003/0000350852-97-000003-index.html,https://www.sec.gov/Archives/edgar/data/350852/0000350852-97-000003.txt,1620590779,16:06:19,20210509
99,1996-12-31,CTBI,USD,1997-03-17 00:00:00,1997-03-17 00:00:00,Q4,23800000.0,0.0,0.0,0.0,0.0,6900000.0,0.0,0.0,0.0,0.0,17500000.0,800000.0,8100000.0,0.3403361344537815,7300000.0,0.3067226890756303,0.0,7300000.0,0.3067226890756303,2300000.0,5000000.0,0.21008403361344538,0.2776751459585521,0.2776751459585521,18006653.0,18006653.0,https://www.sec.gov/Archives/edgar/data/350852/000091205797009075/0000912057-97-009075-index.html,https://www.sec.gov/Archives/edgar/data/350852/0000912057-97-009075.txt,1620590779,16:06:19,20210509
100,1996-09-30,CTBI,USD,1996-11-13 00:00:00,1996-11-13 00:00:00,Q3,22800000.0,0.0,0.0,0.0,0.0,7000000.0,0.0,0.0,0.0,0.0,17500000.0,1400000.0,8500000.0,0.37280701754385964,7100000.0,0.31140350877192985,0.0,7100000.0,0.31140350877192985,2200000.0,4900000.0,0.2149122807017544,0.279951,0.279951,17503069.0,17503069.0,https://www.sec.gov/Archives/edgar/data/350852/000035085296000016/0000350852-96-000016-index.html,https://www.sec.gov/Archives/edgar/data/350852/0000350852-96-000016.txt,1620590779,16:06:19,20210509
101,1996-06-30,CTBI,USD,1996-08-14 00:00:00,1996-08-14 00:00:00,Q2,22200000.0,0.0,0.0,0.0,0.0,7200000.0,0.0,0.0,0.0,0.0,16900000.0,1400000.0,8300000.0,0.3738738738738739,6900000.0,0.3108108108108108,0.0,6800000.0,0.3063063063063063,2100000.0,4700000.0,0.21171171171171171,0.266295,0.266295,17649569.0,17649569.0,https://www.sec.gov/Archives/edgar/data/350852/000035085296000012/0000350852-96-000012-index.html,https://www.sec.gov/Archives/edgar/data/350852/0000350852-96-000012.txt,1620590779,16:06:19,20210509
102,1996-03-31,CTBI,USD,1996-05-14 00:00:00,1996-05-14 00:00:00,Q1,21100000.0,0.0,0.0,0.0,0.0,7100000.0,0.0,0.0,0.0,0.0,17200000.0,1300000.0,7400000.0,0.35071090047393366,6100000.0,0.2890995260663507,0.0,6000000.0,0.2843601895734597,1800000.0,4200000.0,0.1990521327014218,0.238983,0.238983,17574492.0,17574492.0,https://www.sec.gov/Archives/edgar/data/350852/000035085296000007/0000350852-96-000007-index.html,https://www.sec.gov/Archives/edgar/data/350852/0000350852-96-000007.txt,1620590779,16:06:19,20210509
103,1995-12-31,CTBI,USD,1996-03-29 00:00:00,1996-03-29 00:00:00,Q4,20700000.0,0.0,0.0,0.0,0.0,6200000.0,0.0,0.0,0.0,0.0,17300000.0,1500000.0,4400000.0,0.21256038647342995,2900000.0,0.14009661835748793,0.0,3100000.0,0.1497584541062802,800000.0,2300000.0,0.1111111111111111,0.1308714926155476,0.1308714926155476,17574492.0,17574492.0,https://www.sec.gov/Archives/edgar/data/350852/000091205796005606/0000912057-96-005606-index.html,https://www.sec.gov/Archives/edgar/data/350852/0000912057-96-005606.txt,1620590779,16:06:19,20210509
104,1995-09-30,CTBI,USD,1995-11-08 00:00:00,1995-11-08 00:00:00,Q3,19300000.0,0.0,0.0,0.0,0.0,6300000.0,0.0,0.0,0.0,0.0,17400000.0,800000.0,4700000.0,0.24352331606217617,3900000.0,0.20207253886010362,0.0,3900000.0,0.20207253886010362,1200000.0,2700000.0,0.13989637305699482,0.157046,0.157046,17192375.0,17192375.0,https://www.sec.gov/Archives/edgar/data/350852/000035085295000013/0000350852-95-000013-index.html,https://www.sec.gov/Archives/edgar/data/350852/0000350852-95-000013.txt,1620590779,16:06:19,20210509
105,1995-06-30,CTBI,USD,1995-08-14 00:00:00,1995-08-14 00:00:00,Q2,18800000.0,0.0,0.0,0.0,0.0,5900000.0,0.0,0.0,0.0,0.0,15900000.0,800000.0,5200000.0,0.2765957446808511,4400000.0,0.23404255319148937,0.0,4400000.0,0.23404255319148937,1600000.0,2800000.0,0.14893617021276595,0.163874,0.163874,17086336.0,17086336.0,https://www.sec.gov/Archives/edgar/data/350852/000035085295000010/0000350852-95-000010-index.html,https://www.sec.gov/Archives/edgar/data/350852/0000350852-95-000010.txt,1620590779,16:06:19,20210509
106,1995-03-31,CTBI,USD,1995-07-05,1995-07-05,Q4,17000000.0,0.0,0.0,0.0,0.0,5700000.0,0.0,0.0,0.0,0.0,13700000.0,1300000.0,4800000.0,0.2823529411764706,3500000.0,0.20588235294117646,0.0,3400000.0,0.2,1000000.0,2400000.0,0.1411764705882353,0.157046,0.157046,15282111.0,15282111.0,https://www.sec.gov/Archives/edgar/data/350852/0000350852-95-000006-index.html,https://www.sec.gov/Archives/edgar/data/350852/,1620590779,16:06:19,20210509
107,1994-12-31,CTBI,USD,1994-12-31,1994-12-31,Q4,16400000.0,0.0,0.0,0.0,0.0,5400000.0,0.0,0.0,0.0,0.0,12300000.0,-2500000.0,1400000.0,0.08536585365853659,3900000.0,0.23780487804878048,0.0,4000000.0,0.24390243902439024,900000.0,3100000.0,0.18902439024390244,0.2066304374632981,0.2066304374632981,15002630.0,15002630.0,,,1620590779,16:06:19,20210509
108,1994-09-30,CTBI,USD,1994-09-30,1994-09-30,Q3,16300000.0,0.0,0.0,0.0,0.0,5300000.0,0.0,0.0,0.0,0.0,11200000.0,1300000.0,1200000.0,0.0736196319018405,-100000.0,-0.006134969325153374,0.0,-100000.0,-0.006134969325153374,-300000.0,200000.0,0.012269938650306749,0.020484,0.020484,15002630.0,15002630.0,,,1620590779,16:06:19,20210509
109,1994-06-30,CTBI,USD,1994-06-30,1994-06-30,Q2,15600000.0,0.0,0.0,0.0,0.0,5100000.0,0.0,0.0,0.0,0.0,10700000.0,1200000.0,3200000.0,0.20512820512820512,2000000.0,0.1282051282051282,0.0,2100000.0,0.1346153846153846,500000.0,1600000.0,0.10256410256410256,0.102421,0.102421,15621810.0,15621810.0,,,1620590779,16:06:19,20210509
110,1994-03-31,CTBI,USD,1994-03-31,1994-03-31,Q4,15100000.0,0.0,0.0,0.0,0.0,5500000.0,0.0,0.0,0.0,0.0,10500000.0,1300000.0,4900000.0,0.32450331125827814,3600000.0,0.23841059602649006,0.0,3600000.0,0.23841059602649006,1000000.0,2600000.0,0.17218543046357615,0.170702,0.170702,15231238.0,15231238.0,,,1620590779,16:06:19,20210509
111,1993-12-31,CTBI,USD,1993-12-31,1993-12-31,Q4,15900000.0,0.0,0.0,0.0,0.0,5500000.0,0.0,0.0,0.0,0.0,10900000.0,1200000.0,5500000.0,0.34591194968553457,4300000.0,0.27044025157232704,0.0,4300000.0,0.27044025157232704,1000000.0,3300000.0,0.20754716981132076,0.23195381729208678,0.23195381729208678,14226970.0,14226970.0,,,1620590779,16:06:19,20210509
112,1993-09-30,CTBI,USD,1993-09-30,1993-09-30,Q3,16400000.0,0.0,0.0,0.0,0.0,5200000.0,0.0,0.0,0.0,0.0,10900000.0,-300000.0,4200000.0,0.25609756097560976,4500000.0,0.27439024390243905,0.0,4600000.0,0.2804878048780488,1200000.0,3400000.0,0.2073170731707317,0.238983,0.238983,14226970.0,14226970.0,,,1620590779,16:06:19,20210509
113,1993-06-30,CTBI,USD,1993-06-30,1993-06-30,Q2,17100000.0,0.0,0.0,0.0,0.0,5300000.0,0.0,0.0,0.0,0.0,10900000.0,2500000.0,7900000.0,0.4619883040935672,5400000.0,0.3157894736842105,0.0,5400000.0,0.3157894736842105,1600000.0,3800000.0,0.2222222222222222,0.273123,0.273123,13913159.0,13913159.0,,,1620590779,16:06:19,20210509
114,1993-03-31,CTBI,USD,1993-03-31,1993-03-31,Q4,15700000.0,0.0,0.0,0.0,0.0,5200000.0,0.0,0.0,0.0,0.0,11000000.0,900000.0,5300000.0,0.3375796178343949,4400000.0,0.2802547770700637,0.0,4400000.0,0.2802547770700637,1300000.0,3100000.0,0.19745222929936307,0.218499,0.218499,14187702.0,14187702.0,,,1620590779,16:06:19,20210509
115,1992-12-31,CTBI,USD,1992-12-31,1992-12-31,Q4,15400000.0,0.0,0.0,0.0,0.0,4800000.0,0.0,0.0,0.0,0.0,11300000.0,1500000.0,5900000.0,0.38311688311688313,4400000.0,0.2857142857142857,0.0,4400000.0,0.2857142857142857,1200000.0,3200000.0,0.2077922077922078,0.2389827281954586,0.2389827281954586,13390089.0,13390089.0,,,1620590779,16:06:19,20210509
116,1992-09-30,CTBI,USD,1992-09-30,1992-09-30,Q3,17000000.0,0.0,0.0,0.0,0.0,4800000.0,0.0,0.0,0.0,0.0,12000000.0,700000.0,5300000.0,0.31176470588235294,4600000.0,0.27058823529411763,0.0,4500000.0,0.2647058823529412,1300000.0,3200000.0,0.18823529411764706,0.238983,0.238983,13390089.0,13390089.0,,,1620590779,16:06:19,20210509
117,1992-06-30,CTBI,USD,1992-06-30,1992-06-30,Q2,15400000.0,0.0,0.0,0.0,0.0,5100000.0,0.0,0.0,0.0,0.0,12800000.0,700000.0,5000000.0,0.3246753246753247,4300000.0,0.2792207792207792,0.0,4200000.0,0.2727272727272727,1200000.0,3000000.0,0.19480519480519481,0.341405,0.341405,8787229.0,8787229.0,,,1620590779,16:06:19,20210509
118,1992-03-31,CTBI,USD,1992-03-31,1992-03-31,Q4,14700000.0,0.0,0.0,0.0,0.0,4900000.0,0.0,0.0,0.0,0.0,13800000.0,600000.0,0.0,0.0,0.0,0.23809523809523808,0.0,3500000.0,0.23809523809523808,900000.0,2600000.0,0.17687074829931973,0.28678,0.28678,9066183.0,9066183.0,,,1620590779,16:06:19,20210509
119,1991-12-31,CTBI,USD,1991-12-31,1991-12-31,Q4,13800000.0,0.0,0.0,0.0,0.0,4800000.0,0.0,0.0,0.0,0.0,15000000.0,500000.0,3200000.0,0.2318840579710145,2700000.0,0.1956521739130435,0.0,2700000.0,0.1956521739130435,600000.0,2100000.0,0.15217391304347827,0.23067047338853608,0.23067047338853608,9103896.0,9103896.0,,,1620590779,16:06:19,20210509
120,1991-09-30,CTBI,USD,1991-09-30,1991-09-30,Q3,14000000.0,0.0,0.0,0.0,0.0,4400000.0,0.0,0.0,0.0,0.0,15800000.0,0.0,0.0,0.0,2900000.0,0.20714285714285716,0.0,3000000.0,0.21428571428571427,700000.0,2300000.0,0.16428571428571428,0.252639,0.252639,9103896.0,9103896.0,,,1620590779,16:06:19,20210509
121,1991-06-30,CTBI,USD,1991-06-30,1991-06-30,Q2,0.0,0.0,0.0,0.0,0.0,0.0,0.0,0.0,0.0,0.0,0.0,0.0,0.0,0.0,0.0,0.0,0.0,0.0,0.0,0.0,1500000.0,0.0,0.170702,0.170702,8787253.0,8787253.0,,,1620590779,16:06:19,20210509
122,1991-03-31,CTBI,USD,1991-03-31,1991-03-31,Q1,0.0,0.0,0.0,0.0,0.0,0.0,0.0,0.0,0.0,0.0,0.0,0.0,0.0,0.0,0.0,0.0,0.0,0.0,0.0,0.0,1600000.0,0.0,0.184358,0.184358,8678758.0,8678758.0,,,1620590779,16:06:19,20210509
123,1990-12-31,CTBI,USD,1990-12-31,1990-12-31,Q4,0.0,0.0,0.0,0.0,0.0,0.0,0.0,0.0,0.0,0.0,0.0,0.0,0.0,0.0,0.0,0.0,0.0,0.0,0.0,0.0,1800000.0,0.0,0.20893991201540305,0.20893991201540305,8614917.0,8614917.0,,,1620590779,16:06:19,20210509
124,1990-09-30,CTBI,USD,1990-09-30,1990-09-30,Q3,0.0,0.0,0.0,0.0,0.0,0.0,0.0,0.0,0.0,0.0,0.0,0.0,0.0,0.0,0.0,0.0,0.0,0.0,0.0,0.0,2000000.0,0.0,0.232155,0.232155,8614917.0,8614917.0,,,1620590779,16:06:19,20210509
125,1990-06-30,CTBI,USD,1990-06-30,1990-06-30,Q2,0.0,0.0,0.0,0.0,0.0,0.0,0.0,0.0,0.0,0.0,0.0,0.0,0.0,0.0,0.0,0.0,0.0,0.0,0.0,0.0,2000000.0,0.0,0.232155,0.232155,8614917.0,8614917.0,,,1620590779,16:06:19,20210509
126,1990-03-31,CTBI,USD,1990-03-31,1990-03-31,Q1,0.0,0.0,0.0,0.0,0.0,0.0,0.0,0.0,0.0,0.0,0.0,0.0,0.0,0.0,0.0,0.0,0.0,0.0,0.0,0.0,2000000.0,0.0,0.232155,0.232155,8614917.0,8614917.0,,,1620590779,16:06:19,20210509
