,date,symbol,reportedCurrency,fillingDate,acceptedDate,period,revenue,costOfRevenue,grossProfit,grossProfitRatio,researchAndDevelopmentExpenses,generalAndAdministrativeExpenses,sellingAndMarketingExpenses,otherExpenses,operatingExpenses,costAndExpenses,interestExpense,depreciationAndAmortization,ebitda,ebitdaratio,operatingIncome,operatingIncomeRatio,totalOtherIncomeExpensesNet,incomeBeforeTax,incomeBeforeTaxRatio,incomeTaxExpense,netIncome,netIncomeRatio,eps,epsdiluted,weightedAverageShsOut,weightedAverageShsOutDil,link,finalLink,timestamp,est_time,est_date
0,2020-03-31,DSL,USD,2020-03-31,2020-03-31,Q1,-28930401.75,0.0,0.0,0.0,0.0,614725.25,0.0,0.0,614978.5,0.0,3145567.0,0.0,0.0,0.0,0.0,0.0,0.0,-29545380.25,1.0212571711002942,0.0,-29545380.25,1.0212571711002942,-0.290300019169675,-0.290300019169675,101775330,101775330,,,1620591290,16:14:50,20210509
1,2019-09-30,DSL,USD,2019-09-30,2019-09-30,Q4,119535160.0,29379780.0,90155380.0,0.7542164163247032,0.0,112890.0,0.0,31120.0,143999.99999999834,29523780.0,-75242880.0,0.0,-60474390.0,-0.505913,90011380.0,0.7530117498483292,0.0,14768490.0,0.12354933895600256,0.0,14768490.0,0.12354933895600256,0.14511,0.14511,101775330,101775330,,,1620591290,16:14:50,20210509
2,2019-03-31,DSL,USD,2019-03-31,2019-03-31,Q1,15235199.0,0.0,0.0,0.0,0.0,861195.25,0.0,0.0,864305.75,0.0,6977218.0,0.0,0.0,0.0,0.0,0.0,0.0,14370893.25,0.9432691525722768,0.0,14370893.25,0.9432691525722768,0.1425,0.1425,100848374,100848374,,,1620591290,16:14:50,20210509
3,2018-09-30,DSL,USD,2018-09-30,2018-09-30,Q2,121584930.0,30589680.0,90995250.0,0.7484089516685991,0.0,164570.0,0.0,29200.0,193780.0000000003,30783460.0,-78577010.0,0.0,-66352550.0,-0.54573,90801470.0,0.7468151686232825,0.0,12224460.0,0.10054255901615439,0.0,12224460.0,0.10054255901615439,0.12051,0.12051,101435500,101435500,,,1620591290,16:14:50,20210509
4,2018-03-31,DSL,USD,2018-03-31,2018-03-31,Q1,13055255.25,0.0,0.0,0.0,0.0,1272633.75,0.0,0.0,1278105.75,0.0,5987226.25,0.0,0.0,0.0,0.0,0.0,0.0,11777149.5,0.9021002863961622,0.0,11777149.5,0.9021002863961622,0.115,0.115,102409996,102409996,,,1620591290,16:14:50,20210509
5,2017-09-30,DSL,USD,2017-09-30,2017-09-30,Q4,116515410.0,27074200.0,89441210.0,0.7676341695918162,0.0,79040.0,0.0,49310.0,128339.9999999979,27202539.999999996,61789650.0,0.0,212892160.0,1.827159,89312870.0,0.7665326843891292,0.0,151102510.0,1.2968457133695879,0.0,151102510.0,1.2968457133695879,1.4909,1.4909,101349840,101349840,,,1620591290,16:14:50,20210509
6,2017-03-31,DSL,USD,2017-03-31,2017-03-31,Q1,79929419.0,0.0,0.0,0.0,0.0,1384441.0,0.0,0.0,1390143.75,0.0,3850927.25,0.0,0.0,0.0,0.0,0.0,0.0,78539275.25,0.9826078586909283,0.0,78539275.25,0.9826078586909283,0.7775,0.7775,101015145,101015145,,,1620591290,16:14:50,20210509
7,2016-09-30,DSL,USD,2016-09-30,2016-09-30,Q2,107300000.0,21500000.0,85700000.0,0.798695246971109,0.0,200000.0,0.0,0.0,300000.0000000007,21800000.0,235900000.0,0.0,557300000.0,5.193849,85500000.0,0.7968313140726934,0.0,321400000.0,2.995340167753961,0.0,321400000.0,2.995340167753961,3.17275,3.17275,101300000,101300000,,,1620591290,16:14:50,20210509
8,2016-03-31,DSL,USD,2016-03-31,2016-03-31,Q1,109400000.0,21700000.0,87600000.0,0.8007312614259597,0.0,100000.0,0.0,0.0,199999.9999999993,21900000.0,-141100000.0,0.0,-194800000.0,-1.780622,87500000.0,0.79981718464351,0.0,-53700000.0,-0.49085923217550276,0.0,-53700000.0,-0.49085923217550276,-0.53011,-0.53011,101300000,101300000,,,1620591290,16:14:50,20210509
