,date,symbol,reportedCurrency,fillingDate,acceptedDate,period,revenue,costOfRevenue,grossProfit,grossProfitRatio,researchAndDevelopmentExpenses,generalAndAdministrativeExpenses,sellingAndMarketingExpenses,otherExpenses,operatingExpenses,costAndExpenses,interestExpense,depreciationAndAmortization,ebitda,ebitdaratio,operatingIncome,operatingIncomeRatio,totalOtherIncomeExpensesNet,incomeBeforeTax,incomeBeforeTaxRatio,incomeTaxExpense,netIncome,netIncomeRatio,eps,epsdiluted,weightedAverageShsOut,weightedAverageShsOutDil,link,finalLink,timestamp,est_time,est_date
0,2020-12-31,TIL.NS,INR,2020-12-31,2020-12-31,Q4,1149200000,773700000,375500000,0.32674904281239125,0.0,0.0,0.0,17300000.0,273900000,1047600000,84500000.0,29700000.0,131300000,0.11425339366515837,101600000,0.08840932822833275,0.0,34400000.0,0.029933867037939436,-1400000.0,35800000.0,0.031152105812739295,3.57,3.57,10028011,10028011,https://www.nseindia.com/companies-listing/corporate-filings-annual-reports,https://www.nseindia.com/companies-listing/corporate-filings-annual-reports,1620598817,18:20:17,20210509
1,2020-09-30,TIL.NS,INR,2020-09-30,2020-09-30,Q3,836200000,619100000,217100000,0.25962688352068886,0.0,0.0,0.0,19500000.0,260400000,879500000,82500000.0,30500000.0,-12800000,-0.01530734274097106,-43300000,-0.05178187036594116,0.0,-83900000.0,-0.10033484812245874,98700000.0,-182600000.0,-0.21836881128916527,-18.2,-18.2,10032967,10032967,https://www.nseindia.com/companies-listing/corporate-filings-annual-reports,https://www.nseindia.com/companies-listing/corporate-filings-annual-reports,1620598817,18:20:17,20210509
2,2020-06-30,TIL.NS,INR,2020-06-30,2020-06-30,Q2,450900000,351500000,99400000,0.22044799290308273,0.0,0.0,0.0,27700000.0,208500000,560000000,92400000.0,29200000.0,-79900000,-0.17720115324905744,-109100000,-0.24196052339764915,0.0,-173800000.0,-0.3854513195830561,-3200000.0,-170600000.0,-0.37835440230649814,-17.01,-17.01,10029394,10029394,https://www.nseindia.com/companies-listing/corporate-filings-annual-reports,https://www.nseindia.com/companies-listing/corporate-filings-annual-reports,1620598817,18:20:17,20210509
3,2020-03-31,TIL.NS,INR,2020-03-31,2020-03-31,Q1,766900000,551800000,215100000,0.2804798539574912,0.0,0.0,0.0,-655300000.0,-627500000,-75700000,92500000.0,6300000.0,848900000,1.1069239796583648,842600000,1.0987090885382709,0.0,-382500000.0,-0.4987612465771287,-147000000.0,-235500000.0,-0.3070804537749381,-23.47261782083007,-23.47261782083007,10032967,10032967,https://www.nseindia.com/companies-listing/corporate-filings-annual-reports,https://www.nseindia.com/companies-listing/corporate-filings-annual-reports,1620598817,18:20:17,20210509
4,2019-12-31,TIL.NS,INR,2019-12-31,2019-12-31,Q4,818900000,436800000,382100000,0.46660153864940773,0.0,0.0,0.0,6900000.0,307700000,744500000,77700000.0,33300000.0,107700000,0.1315178898522408,74400000,0.09085358407619978,0.0,3600000.0,0.004396141164977409,-2400000.0,6000000.0,0.007326901941629015,0.59,0.59,10169492,10169492,https://www.nseindia.com/companies-listing/corporate-filings-annual-reports,https://www.nseindia.com/companies-listing/corporate-filings-annual-reports,1620598817,18:20:17,20210509
5,2019-09-30,TIL.NS,INR,2019-09-30,2019-09-30,Q3,1085200000,1294500000,-209300000,-0.1928676741614449,0.0,0.0,0.0,633600000.0,334000000,1628500000,76700000.0,35600000.0,-507700000,-0.467840029487652,-543300000,-0.5006450423884998,0.0,13600000.0,0.012532252119424991,100000.0,13500000.0,0.01244010320678216,1.35,1.35,10000000,10000000,https://www.nseindia.com/companies-listing/corporate-filings-annual-reports,https://www.nseindia.com/companies-listing/corporate-filings-annual-reports,1620598817,18:20:17,20210509
6,2019-06-30,TIL.NS,INR,2019-06-30,2019-06-30,Q2,1072700000,658500000,414200000,0.38612846089307357,0.0,0.0,0.0,17400000.0,330900000,989400000,71700000.0,30700000.0,114000000,0.10627388831919456,83300000,0.07765451664025357,0.0,29000000.0,0.027034585625058265,-2000000.0,31000000.0,0.028899039806096764,3.09,3.09,10032362,10032362,https://www.nseindia.com/companies-listing/corporate-filings-annual-reports,https://www.nseindia.com/companies-listing/corporate-filings-annual-reports,1620598817,18:20:17,20210509
7,2019-03-31,TIL.NS,INR,2019-03-31,2019-03-31,Q1,1236900000,809300000,427600000,0.34570296709515724,0.0,0.0,0.0,-49700000.0,162400000,971700000,54300000.0,3500000.0,268700000,0.21723663998706444,265200000,0.21440698520494786,0.0,131400000.0,0.10623332524860539,2500000.0,128900000.0,0.10421214326137926,12.84764516817408,12.84764516817408,10032967,10032967,https://www.nseindia.com/companies-listing/corporate-filings-annual-reports,https://www.nseindia.com/companies-listing/corporate-filings-annual-reports,1620598817,18:20:17,20210509
8,2018-12-31,TIL.NS,INR,2018-12-31,2018-12-31,Q4,1132000000,763100000,368900000,0.3258833922261484,0.0,0.0,0.0,39700000.0,299700000,1062800000,54700000.0,31400000.0,100600000,0.08886925795053004,69200000,0.061130742049469965,0.0,54200000.0,0.04787985865724382,4000000.0,50200000.0,0.044346289752650175,5.01,5.01,10019960,10019960,https://www.nseindia.com/companies-listing/corporate-filings-annual-reports,https://www.nseindia.com/companies-listing/corporate-filings-annual-reports,1620598817,18:20:17,20210509
9,2018-09-30,TIL.NS,INR,2018-09-30,2018-09-30,Q3,1034500000,629000000,405500000,0.3919768003866602,0.0,0.0,0.0,7500000.0,339100000,968100000,55800000.0,31200000.0,97600000,0.0943450942484292,66400000,0.06418559690671823,0.0,18100000.0,0.01749637506041566,-22300000.0,40400000.0,0.03905268245529241,4.02,4.02,10049751,10049751,https://www.nseindia.com/companies-listing/corporate-filings-annual-reports,https://www.nseindia.com/companies-listing/corporate-filings-annual-reports,1620598817,18:20:17,20210509
10,2018-06-30,TIL.NS,INR,2018-06-30,2018-06-30,Q2,915700000,512600000,403100000,0.4402096756579666,0.0,0.0,0.0,7200000.0,345900000,858500000,58800000.0,30900000.0,88100000,0.09621054930654144,57200000,0.0624658731025445,0.0,5600000.0,0.006115540024025336,-6500000.0,12100000.0,0.013213934694769029,1.21,1.21,10000000,10000000,https://www.nseindia.com/companies-listing/corporate-filings-annual-reports,https://www.nseindia.com/companies-listing/corporate-filings-annual-reports,1620598817,18:20:17,20210509
11,2016-03-31,TIL.NS,INR,2016-03-31,2016-03-31,Q1,5082100000,4279500000,802600000,0.15792684126640563,0.0,0.0,0.0,0.0,674600000,4954100000,153900000.0,91200000.0,219200000,0.04313177623423388,128000000,0.025186438676924893,0.0,-159300000.0,-0.031345310009641685,51800000.0,-211100000.0,-0.04153794691170973,-21.04063533748292,-21.04063533748292,10032967,10032967,https://www.nseindia.com/companies-listing/corporate-filings-annual-reports,https://www.nseindia.com/companies-listing/corporate-filings-annual-reports,1620598817,18:20:17,20210509
12,2015-12-31,TIL.NS,INR,2015-12-31,2015-12-31,Q4,4836700000,3697400000,1139300000,0.23555316641511775,0.0,0.0,0.0,0.0,781100000,4478500000,248700000.0,96300000.0,454500000,0.09396902846982447,358200000,0.0740587590712676,0.0,109500000.0,0.022639402898670582,67200000.0,42300000.0,0.00874563235263713,4.22,4.22,10023697,10023697,https://www.nseindia.com/companies-listing/corporate-filings-annual-reports,https://www.nseindia.com/companies-listing/corporate-filings-annual-reports,1620598817,18:20:17,20210509
13,2015-09-30,TIL.NS,INR,2015-09-30,2015-09-30,Q3,3863300000,2917700000,945600000,0.24476483835063287,0.0,0.0,0.0,0.0,833500000,3751200000,246900000.0,101200000.0,213300000,0.05521186550358502,112100000,0.029016643801930992,0.0,-134800000.0,-0.03489244946030596,16300000.0,-151100000.0,-0.039111640307509125,-15.06,-15.06,10033201,10033201,https://www.nseindia.com/companies-listing/corporate-filings-annual-reports,https://www.nseindia.com/companies-listing/corporate-filings-annual-reports,1620598817,18:20:17,20210509
14,2015-06-30,TIL.NS,INR,2015-06-30,2015-06-30,Q2,3580600000,2686400000,894200000,0.2497346813383232,0.0,0.0,0.0,0.0,752800000,3439200000,231200000.0,100200000.0,241600000,0.06747472490644026,141400000,0.039490588169580516,0.0,-89800000.0,-0.025079595598503045,26200000.0,-116000000.0,-0.03239680500474781,-11.56,-11.56,10034602,10034602,https://www.nseindia.com/companies-listing/corporate-filings-annual-reports,https://www.nseindia.com/companies-listing/corporate-filings-annual-reports,1620598817,18:20:17,20210509
15,2015-03-31,TIL.NS,INR,2015-03-31,2015-03-31,Q1,4637100000,3276600000,1360500000,0.2933945785081193,0.0,0.0,0.0,0.0,857300000,4133900000,0.0,101800000.0,605000000,0.13046947445601778,503200000,0.1085160984235837,0.0,286900000.0,0.061870565655258676,67700000.0,219200000.0,0.04727092363761834,21.847973784823573,21.847973784823573,10032967,10032967,https://www.nseindia.com/companies-listing/corporate-filings-annual-reports,https://www.nseindia.com/companies-listing/corporate-filings-annual-reports,1620598817,18:20:17,20210509
16,2014-12-31,TIL.NS,INR,2014-12-31,2014-12-31,Q4,3757800000,2760200000,997600000,0.2654744797487892,0.0,0.0,0.0,0.0,805200000,3565400000,0.0,102400000.0,294800000,0.07845015700675928,192400000,0.05120017031241684,0.0,-19600000.0,-0.005215817765713982,80400000.0,-100000000.0,-0.026611315131193785,-9.97,-9.97,10030090,10030090,https://www.nseindia.com/companies-listing/corporate-filings-annual-reports,https://www.nseindia.com/companies-listing/corporate-filings-annual-reports,1620598817,18:20:17,20210509
17,2014-09-30,TIL.NS,INR,2014-09-30,2014-09-30,Q3,2975900000,2036300000,939600000,0.3157364158741893,0.0,0.0,0.0,0.0,782100000,2818400000,0.0,98600000.0,256100000,0.08605799926072785,157500000,0.05292516549615243,0.0,-61500000.0,-0.02066601700325952,22100000.0,-83600000.0,-0.028092341812560907,-8.33,-8.33,10036014,10036014,https://www.nseindia.com/companies-listing/corporate-filings-annual-reports,https://www.nseindia.com/companies-listing/corporate-filings-annual-reports,1620598817,18:20:17,20210509
18,2014-06-30,TIL.NS,INR,2014-06-30,2014-06-30,Q2,3343700000,2369000000,974700000,0.29150342435027066,0.0,0.0,0.0,0.0,754000000,3123000000,0.0,100000000.0,320700000,0.09591171456769447,220700000,0.06600472530430361,0.0,15800000.0,0.004725304303615755,4200000.0,11600000.0,0.003469210754553339,1.16,1.16,10000000,10000000,https://www.nseindia.com/companies-listing/corporate-filings-annual-reports,https://www.nseindia.com/companies-listing/corporate-filings-annual-reports,1620598817,18:20:17,20210509
19,2014-03-31,TIL.NS,INR,2014-03-31,2014-03-31,Q1,3811800000,2628800000,1183000000,0.31035206464137677,0.0,0.0,0.0,0.0,715400000,3344200000,0.0,81900000.0,549500000,0.14415761582454484,467600000,0.12267170365706491,0.0,287500000.0,0.07542368434860171,3800000.0,283900000.0,0.07447924864893227,28.296714222223596,28.296714222223596,10032967,10032967,https://www.nseindia.com/companies-listing/corporate-filings-annual-reports,https://www.nseindia.com/companies-listing/corporate-filings-annual-reports,1620598817,18:20:17,20210509
20,2013-12-31,TIL.NS,INR,2013-12-31,2013-12-31,Q4,3226600000,2332400000,894200000,0.27713382507903056,0.0,0.0,0.0,0.0,680600000,3013000000,0.0,81000000.0,294600000,0.09130353932932499,213600000,0.06619971487014195,0.0,22100000.0,0.00684931506849315,13800000.0,8300000.0,0.0025723671976693734,0.83,0.83,10030265,10030265,https://www.nseindia.com/companies-listing/corporate-filings-annual-reports,https://www.nseindia.com/companies-listing/corporate-filings-annual-reports,1620598817,18:20:17,20210509
21,2013-09-30,TIL.NS,INR,2013-09-30,2013-09-30,Q3,3174700000,2504200000,670500000,0.2112010583677198,0.0,0.0,0.0,0.0,556200000,3060400000,0.0,79700000.0,194000000,0.061108136201845846,114300000,0.03600340189624216,0.0,-63900000.0,-0.020127886099473965,14000000.0,-77900000.0,-0.024537751598576244,-7.77,-7.77,10030265,10030265,https://www.nseindia.com/companies-listing/corporate-filings-annual-reports,https://www.nseindia.com/companies-listing/corporate-filings-annual-reports,1620598817,18:20:17,20210509
22,2013-06-30,TIL.NS,INR,2013-06-30,2013-06-30,Q2,2683200000,2144000000,539200000,0.2009540846750149,0.0,0.0,0.0,0.0,481300000,2625300000,0.0,72000000.0,129900000,0.048412343470483,57900000,0.02157871198568873,0.0,-99000000.0,-0.03689624329159213,16000000.0,-115000000.0,-0.0428592725104353,-11.47,-11.47,10026155,10026155,https://www.nseindia.com/companies-listing/corporate-filings-annual-reports,https://www.nseindia.com/companies-listing/corporate-filings-annual-reports,1620598817,18:20:17,20210509
23,2013-03-31,TIL.NS,INR,2013-03-31,2013-03-31,Q1,3682900000,2734400000,948500000,0.25754161123028046,0.0,0.0,0.0,0.0,608800000,3343200000,0.0,67200000.0,406900000,0.11048358630427109,339700000,0.09223709576692281,0.0,212600000.0,0.05772624833690841,14100000.0,198500000.0,0.053897743625946945,19.784775530508572,19.784775530508572,10032967,10032967,https://www.nseindia.com/companies-listing/corporate-filings-annual-reports,https://www.nseindia.com/companies-listing/corporate-filings-annual-reports,1620598817,18:20:17,20210509
24,2012-12-31,TIL.NS,INR,2012-12-31,2012-12-31,Q4,2880000000,2084000000,796000000,0.2763888888888889,0.0,0.0,0.0,0.0,607400000,2691400000,129900000.0,68000000.0,256600000,0.08909722222222222,188600000,0.0654861111111111,0.0,58700000.0,0.020381944444444446,20300000.0,38400000.0,0.013333333333333334,3.83,3.83,10030265,10030265,https://www.nseindia.com/companies-listing/corporate-filings-annual-reports,https://www.nseindia.com/companies-listing/corporate-filings-annual-reports,1620598817,18:20:17,20210509
25,2012-09-30,TIL.NS,INR,2012-09-30,2012-09-30,Q3,2840900000,2208600000,632300000,0.22257031222499912,0.0,0.0,0.0,0.0,516700000,2725300000,151100000.0,71600000.0,187200000,0.06589461086275476,115600000,0.04069133021225668,0.0,-35500000.0,-0.01249603998732796,5400000.0,-40900000.0,-0.014396846069907423,-4.08,-4.08,10030265,10030265,https://www.nseindia.com/companies-listing/corporate-filings-annual-reports,https://www.nseindia.com/companies-listing/corporate-filings-annual-reports,1620598817,18:20:17,20210509
26,2012-06-30,TIL.NS,INR,2012-06-30,2012-06-30,Q2,2332700000,1737300000,595400000,0.2552407081922236,0.0,0.0,0.0,0.0,623600000,2360900000,125900000.0,70500000.0,42300000,0.018133493376773696,-28200000,-0.012088995584515797,0.0,-154100000.0,-0.06606078792815193,-1200000.0,-152900000.0,-0.06554636258412998,-15.24,-15.24,10030265,10030265,https://www.nseindia.com/companies-listing/corporate-filings-annual-reports,https://www.nseindia.com/companies-listing/corporate-filings-annual-reports,1620598817,18:20:17,20210509
