,date,symbol,reportedCurrency,fillingDate,acceptedDate,period,revenue,costOfRevenue,grossProfit,grossProfitRatio,researchAndDevelopmentExpenses,generalAndAdministrativeExpenses,sellingAndMarketingExpenses,otherExpenses,operatingExpenses,costAndExpenses,interestExpense,depreciationAndAmortization,ebitda,ebitdaratio,operatingIncome,operatingIncomeRatio,totalOtherIncomeExpensesNet,incomeBeforeTax,incomeBeforeTaxRatio,incomeTaxExpense,netIncome,netIncomeRatio,eps,epsdiluted,weightedAverageShsOut,weightedAverageShsOutDil,link,finalLink,timestamp,est_time,est_date
0,2020-12-31,REACH.OL,NOK,2020-12-31,2020-12-31,Q4,130336000.0,73458000.0,56878000.0,0.43639516327031674,0.0,0.0,0.0,0.0,33223000.0,106681000.0,-106000.0,45907000.0,69562000.0,0.533712865209919,23655000.0,0.10876503805548736,0.0,14176000.0,0.10876503805548736,0.0,14176000.0,0.10876503805548736,0.09814514944807547,0.09814514944807547,144439130.0,144439130.0,https://www.oslobors.no/ob_eng/,https://www.oslobors.no/ob_eng/,1620597155,17:52:35,20210509
1,2020-09-30,REACH.OL,NOK,2020-09-30,2020-09-30,Q3,198805000.0,119533000.0,79272000.0,0.398742486355977,0.0,0.0,0.0,0.0,57714000.0,177247000.0,1224000.0,63790000.0,85348000.0,0.42930509796031285,21558000.0,0.10843791655139458,0.0,33221000.0,0.16710344307235733,0.0,33221000.0,0.16710344307235733,0.23,0.23,144439130.0,144439130.0,https://www.oslobors.no/ob_eng/,https://www.oslobors.no/ob_eng/,1620597155,17:52:35,20210509
2,2020-06-30,REACH.OL,NOK,2020-06-30,2020-06-30,Q2,210933000.0,114465000.0,96468000.0,0.4573395343545107,0.0,0.0,0.0,0.0,57271000.0,171736000.0,3765000.0,47827000.0,87024000.0,0.4125670236520601,39197000.0,0.18582677911943604,0.0,27554000.0,0.13062915712572237,0.0,27554000.0,0.13062915712572237,0.19,0.19,145021053.0,145021053.0,https://www.oslobors.no/ob_eng/,https://www.oslobors.no/ob_eng/,1620597155,17:52:35,20210509
3,2020-03-31,REACH.OL,NOK,2020-03-31,2020-03-31,Q1,78797000.0,62089000.0,16708000.0,0.2120385293856365,0.0,0.0,0.0,0.0,33481000.0,95570000.0,1695000.0,42049000.0,25276000.0,0.32077363351396626,-16773000.0,-0.21286343388707693,0.0,-31848000.0,-0.40417782402883357,0.0,-31848000.0,-0.40417782402883357,-0.22,-0.22,144763636.0,144763636.0,https://www.oslobors.no/ob_eng/,https://www.oslobors.no/ob_eng/,1620597155,17:52:35,20210509
4,2019-12-31,REACH.OL,NOK,2019-12-31,2019-12-31,Q4,107625000.0,84991000.0,22634000.0,0.21030429732868758,0.0,0.0,0.0,0.0,41506000.0,126497000.0,2457000.0,50149000.0,31277000.0,0.2906109175377468,-18872000.0,-0.17534959349593496,0.0,-24817000.0,-0.2305876887340302,0.0,-24818000.0,-0.23059698025551684,-0.17113377324601278,-0.17113377324601278,145021053.0,145021053.0,https://www.oslobors.no/ob_eng/,https://www.oslobors.no/ob_eng/,1620597155,17:52:35,20210509
5,2019-09-30,REACH.OL,NOK,2019-09-30,2019-09-30,Q3,152752000.0,100311000.0,52441000.0,0.34330810725882477,0.0,0.0,0.0,0.0,44583000.0,144894000.0,2647000.0,53467000.0,61325000.0,0.40146773855661466,7858000.0,0.05144286163192626,0.0,4151000.0,0.027174766942495026,24000.0,4127000.0,0.027017649523410497,0.03,0.03,137566667.0,137566667.0,https://www.oslobors.no/ob_eng/,https://www.oslobors.no/ob_eng/,1620597155,17:52:35,20210509
6,2019-06-30,REACH.OL,NOK,2019-06-30,2019-06-30,Q2,180765000.0,132741000.0,48024000.0,0.2656708986806074,0.0,0.0,0.0,0.0,39645000.0,172386000.0,3204000.0,56875000.0,65254000.0,0.36098802312394546,8379000.0,0.046352999751058006,0.0,3929000.0,0.02173540231792659,0.0,3929000.0,0.02173540231792659,0.03,0.03,130966667.0,130966667.0,https://www.oslobors.no/ob_eng/,https://www.oslobors.no/ob_eng/,1620597155,17:52:35,20210509
7,2019-03-31,REACH.OL,NOK,2019-03-31,2019-03-31,Q1,67390000.0,53826000.0,13564000.0,0.20127615373200772,0.0,0.0,0.0,0.0,27252000.0,81078000.0,3144000.0,27237000.0,13549000.0,0.20105356877875055,-13688000.0,-0.20311618934560025,0.0,-17780000.0,-0.2638373645941534,0.0,-17780000.0,-0.2638373645941534,-0.14,-0.14,127000000.0,127000000.0,https://www.oslobors.no/ob_eng/,https://www.oslobors.no/ob_eng/,1620597155,17:52:35,20210509
8,2018-12-31,REACH.OL,NOK,2018-12-31,2018-12-31,Q4,190661000.0,142731000.0,47930000.0,0.2513885902203387,0.0,0.0,0.0,0.0,55510000.0,198241000.0,2138000.0,71657000.0,64077000.0,0.3360781701554067,-7580000.0,-0.03975642632735588,0.0,-5842000.0,-0.03064077079213893,500000.0,-6342000.0,-0.03326322635462942,-0.04373158151044455,-0.04373158151044455,145021053.0,145021053.0,https://www.oslobors.no/ob_eng/,https://www.oslobors.no/ob_eng/,1620597155,17:52:35,20210509
9,2018-09-30,REACH.OL,NOK,2018-09-30,2018-09-30,Q3,178972000.0,120332000.0,58640000.0,0.3276490177234428,0.0,0.0,0.0,0.0,47569000.0,167901000.0,2333000.0,60927000.0,71998000.0,0.40228639116733345,11071000.0,0.06185883825402856,0.0,7982000.0,0.04459915517511119,0.0,7982000.0,0.04459915517511119,0.17,0.16,143546008.0,143546008.0,https://www.oslobors.no/ob_eng/,https://www.oslobors.no/ob_eng/,1620597155,17:52:35,20210509
10,2018-06-30,REACH.OL,NOK,2018-06-30,2018-06-30,Q2,191200000.0,131981000.0,59219000.0,0.30972280334728036,0.0,0.0,0.0,0.0,49308000.0,181289000.0,2914000.0,36106000.0,46017000.0,0.24067468619246862,9911000.0,0.05183577405857741,0.0,4847000.0,0.02535041841004184,0.0,4847000.0,0.02535041841004184,0.07,0.07,143239525.0,143239525.0,https://www.oslobors.no/ob_eng/,https://www.oslobors.no/ob_eng/,1620597155,17:52:35,20210509
11,2018-03-31,REACH.OL,NOK,2018-03-31,2018-03-31,Q1,114432000.0,93920000.0,20512000.0,0.17925055928411632,0.0,0.0,0.0,0.0,37898000.0,131818000.0,2159000.0,25130000.0,7744000.0,0.06767337807606263,-17386000.0,-0.15193302572706935,0.0,-18589000.0,-0.16244581935123042,0.0,-18589000.0,-0.16244581935123042,-0.13,-0.13,142992308.0,142992308.0,https://www.oslobors.no/ob_eng/,https://www.oslobors.no/ob_eng/,1620597155,17:52:35,20210509
12,2017-12-31,REACH.OL,NOK,2017-12-31,2017-12-31,Q4,111895000.0,213257000.0,-101362000.0,-0.905867107556191,0.0,0.0,0.0,0.0,-89697000.0,123560000.0,0.0,6581000.0,-5084000.0,-0.04543545287993208,-11665000.0,-0.10424951963894723,0.0,-10037000.0,-0.08970016533357165,0.0,-10037000.0,-0.08970016533357165,-0.06921064074745065,-0.06921064074745065,145021053.0,145021053.0,https://www.oslobors.no/ob_eng/,https://www.oslobors.no/ob_eng/,1620597155,17:52:35,20210509
13,2017-09-30,REACH.OL,NOK,2017-09-30,2017-09-30,Q3,130888000.0,6719000.0,124169000.0,0.9486660350834301,0.0,0.0,0.0,0.0,119971000.0,126690000.0,0.0,6719000.0,10917000.0,0.08340718782470509,4198000.0,0.0320732229081352,0.0,2831000.0,0.021629179145529,0.0,2831000.0,0.021629179145529,0.02,0.02,141550000.0,141550000.0,https://www.oslobors.no/ob_eng/,https://www.oslobors.no/ob_eng/,1620597155,17:52:35,20210509
14,2017-06-30,REACH.OL,NOK,2017-06-30,2017-06-30,Q2,79069000.0,6377000.0,72692000.0,0.9193489230924888,0.0,0.0,0.0,0.0,81907000.0,88284000.0,0.0,6377000.0,-2838000.0,-0.03589270131151273,-9215000.0,-0.1165437782190239,0.0,-10793000.0,-0.1365010307452984,0.0,-10793000.0,-0.1365010307452984,-0.08,-0.08,134912500.0,134912500.0,https://www.oslobors.no/ob_eng/,https://www.oslobors.no/ob_eng/,1620597155,17:52:35,20210509
15,2017-03-31,REACH.OL,NOK,2017-03-31,2017-03-31,Q1,38303000.0,6042000.0,32261000.0,0.8422577865963502,0.0,0.0,0.0,0.0,43066000.0,49108000.0,0.0,6042000.0,-4763000.0,-0.12435057306216224,-10805000.0,-0.2820927864658121,0.0,-12765000.0,-0.3332637130250894,0.0,-12765000.0,-0.3332637130250894,-0.11,-0.11,116045455.0,116045455.0,https://www.oslobors.no/ob_eng/,https://www.oslobors.no/ob_eng/,1620597155,17:52:35,20210509
16,2016-12-31,REACH.OL,NOK,2016-12-31,2016-12-31,Q4,66052000.0,50205000.0,15847000.0,0.23991703506328346,0.0,0.0,0.0,0.0,18849000.0,69054000.0,0.0,6254000.0,3252000.0,0.049233936898201415,-3002000.0,-0.0454490401501847,0.0,-5610000.0,-0.08493308302549507,0.0,-5610000.0,-0.08493308302549507,-0.03868403851680763,-0.03868403851680763,145021053.0,145021053.0,https://www.oslobors.no/ob_eng/,https://www.oslobors.no/ob_eng/,1620597155,17:52:35,20210509
17,2016-09-30,REACH.OL,NOK,2016-09-30,2016-09-30,Q3,85962000.0,6192000.0,79770000.0,0.9279681719829692,0.0,0.0,0.0,0.0,85280000.0,91472000.0,0.0,6192000.0,682000.0,0.007933738163374515,-5510000.0,-0.06409808985365627,0.0,-6201000.0,-0.07213652544147414,0.0,-6201000.0,-0.07213652544147414,-0.07886,-0.07886,78632633.0,78632633.0,https://www.oslobors.no/ob_eng/,https://www.oslobors.no/ob_eng/,1620597155,17:52:35,20210509
18,2016-06-30,REACH.OL,NOK,2016-06-30,2016-06-30,Q2,89517000.0,6186000.0,83331000.0,0.9308958075002514,0.0,0.0,0.0,0.0,76932000.0,83118000.0,0.0,6186000.0,12585000.0,0.14058782130768457,6399000.0,0.07148362880793592,0.0,3260000.0,0.03641766368399298,0.0,3260000.0,0.03641766368399298,0.03943,0.03943,82677756.0,82677756.0,https://www.oslobors.no/ob_eng/,https://www.oslobors.no/ob_eng/,1620597155,17:52:35,20210509
19,2016-03-31,REACH.OL,NOK,2016-03-31,2016-03-31,Q1,85962000.0,6182000.0,79780000.0,0.928084502454573,0.0,0.0,0.0,0.0,91947000.0,98129000.0,0.0,6182000.0,-5985000.0,-0.06962378725483354,-12167000.0,-0.14153928480026057,0.0,-14661000.0,-0.17055210441823132,0.0,-14661000.0,-0.17055210441823132,-0.187293,-0.187293,78278243.0,78278243.0,https://www.oslobors.no/ob_eng/,https://www.oslobors.no/ob_eng/,1620597155,17:52:35,20210509
20,2015-12-31,REACH.OL,NOK,2015-12-31,2015-12-31,Q4,135589000.0,35344000.0,100245000.0,0.7393298866427217,0.0,0.0,0.0,0.0,95711000.0,131055000.0,0.0,6255000.0,10789000.0,0.07957135165832037,4534000.0,0.03343929079792608,0.0,800000.0,0.005900183643215895,0.0,800000.0,0.005900183643215895,0.005516440430204296,0.005516440430204296,145021053.0,145021053.0,https://www.oslobors.no/ob_eng/,https://www.oslobors.no/ob_eng/,1620597155,17:52:35,20210509
21,2015-09-30,REACH.OL,NOK,2015-09-30,2015-09-30,Q3,192738000.0,6282000.0,186456000.0,0.9674065311459079,0.0,0.0,0.0,0.0,183256000.0,189538000.0,0.0,6282000.0,9482000.0,0.04919631831813135,3200000.0,0.016602849464039265,0.0,2377000.0,0.012332804117506667,0.0,2377000.0,0.012332804117506667,0.029573,0.029573,80378334.0,80378334.0,https://www.oslobors.no/ob_eng/,https://www.oslobors.no/ob_eng/,1620597155,17:52:35,20210509
22,2015-06-30,REACH.OL,NOK,2015-06-30,2015-06-30,Q2,219439000.0,6498000.0,212941000.0,0.9703881260851535,0.0,0.0,0.0,0.0,200785000.0,207283000.0,0.0,6498000.0,18654000.0,0.08500767867152147,12156000.0,0.05539580475667497,0.0,7430000.0,0.03385906789586172,0.0,7430000.0,0.03385906789586172,0.098575,0.098575,75373709.0,75373709.0,https://www.oslobors.no/ob_eng/,https://www.oslobors.no/ob_eng/,1620597155,17:52:35,20210509
23,2015-03-31,REACH.OL,NOK,2015-03-31,2015-03-31,Q1,86603000.0,3995000.0,82608000.0,0.9538699583155318,0.0,0.0,0.0,0.0,91139000.0,95134000.0,0.0,3995000.0,-4536000.0,-0.052376938443241,-8531000.0,-0.0985069801277092,0.0,-9214000.0,-0.10639354294885858,0.0,-9214000.0,-0.10639354294885858,-0.118291,-0.118291,77892929.0,77892929.0,https://www.oslobors.no/ob_eng/,https://www.oslobors.no/ob_eng/,1620597155,17:52:35,20210509
24,2014-12-31,REACH.OL,NOK,2014-12-31,2014-12-31,Q4,84295000.0,46449000.0,37846000.0,0.4489708760899223,0.0,0.0,0.0,0.0,35898000.0,82347000.0,0.0,3784000.0,5732000.0,0.06799928821401031,1948000.0,0.02310931846491488,0.0,6624000.0,0.07858117326057298,0.0,6624000.0,0.07858117326057298,0.04567612676209157,0.04567612676209157,145021053.0,145021053.0,https://www.oslobors.no/ob_eng/,https://www.oslobors.no/ob_eng/,1620597155,17:52:35,20210509
25,2014-09-30,REACH.OL,NOK,2014-09-30,2014-09-30,Q3,101691000.0,3636000.0,98055000.0,0.9642446234180015,0.0,0.0,0.0,0.0,90466000.0,94102000.0,0.0,3636000.0,11225000.0,0.11038341642819915,7589000.0,0.07462803984620074,0.0,7453000.0,0.07329065502355174,0.0,7453000.0,0.07329065502355174,0.098575,0.098575,75607033.0,75607033.0,https://www.oslobors.no/ob_eng/,https://www.oslobors.no/ob_eng/,1620597155,17:52:35,20210509
26,2014-06-30,REACH.OL,NOK,2014-06-30,2014-06-30,Q2,77183000.0,3383000.0,73800000.0,0.9561691045955716,0.0,0.0,0.0,0.0,66294000.0,69677000.0,0.0,3383000.0,10889000.0,0.14108028970109998,7506000.0,0.09724939429667155,0.0,6934000.0,0.0898384359250094,0.0,6934000.0,0.0898384359250094,0.088718,0.088718,78157814.0,78157814.0,https://www.oslobors.no/ob_eng/,https://www.oslobors.no/ob_eng/,1620597155,17:52:35,20210509
27,2014-03-31,REACH.OL,NOK,2014-03-31,2014-03-31,Q1,47881000.0,2872000.0,45009000.0,0.9400179611954638,0.0,0.0,0.0,0.0,41031000.0,43903000.0,0.0,2872000.0,6850000.0,0.14306301037990016,3978000.0,0.08308097157536393,0.0,3819000.0,0.07976023892566989,0.0,3819000.0,0.07976023892566989,0.049288,0.049288,77483767.0,77483767.0,https://www.oslobors.no/ob_eng/,https://www.oslobors.no/ob_eng/,1620597155,17:52:35,20210509
28,2013-12-31,REACH.OL,NOK,2013-12-31,2013-12-31,Q4,23842000.0,8425000.0,15417000.0,0.6466319939602382,0.0,0.0,0.0,0.0,28628000.0,37053000.0,0.0,2325000.0,-10886000.0,-0.45658921231440314,-13211000.0,-0.5541061991443671,0.0,-13820000.0,-0.5796493582753125,-3000000.0,-10820000.0,-0.45382098817213323,-0.0746098568185131,-0.0746098568185131,145021053.0,145021053.0,https://www.oslobors.no/ob_eng/,https://www.oslobors.no/ob_eng/,1620597155,17:52:35,20210509
29,2013-09-30,REACH.OL,NOK,2013-09-30,2013-09-30,Q3,35457000.0,1324000.0,34133000.0,0.9626589954028824,0.0,0.0,0.0,0.0,32470000.0,33794000.0,0.0,1324000.0,2987000.0,0.08424288574893533,1663000.0,0.0469018811518177,0.0,2927000.0,0.08255069520828046,0.0,2927000.0,0.08255069520828046,0.038005,0.038005,77015276.0,77015276.0,https://www.oslobors.no/ob_eng/,https://www.oslobors.no/ob_eng/,1620597155,17:52:35,20210509
30,2013-06-30,REACH.OL,NOK,2013-06-30,2013-06-30,Q2,1542000.0,0.0,1542000.0,1.0,0.0,0.0,0.0,0.0,7207000.0,7207000.0,0.0,0.0,-5665000.0,-3.673800259403372,-5665000.0,-3.673800259403372,0.0,-5096000.0,-3.304798962386511,0.0,-5096000.0,-3.304798962386511,-0.066477,-0.066477,76657602.0,76657602.0,https://www.oslobors.no/ob_eng/,https://www.oslobors.no/ob_eng/,1620597155,17:52:35,20210509
31,2013-03-31,REACH.OL,NOK,2013-03-31,2013-03-31,Q1,1187000.0,0.0,1187000.0,1.0,0.0,0.0,0.0,0.0,4016000.0,4016000.0,0.0,0.0,-2829000.0,-2.383319292333614,-2829000.0,-2.383319292333614,0.0,-2590000.0,-2.181971356360573,0.0,-2590000.0,-2.181971356360573,-0.058253,-0.058253,44461463.0,44461463.0,https://www.oslobors.no/ob_eng/,https://www.oslobors.no/ob_eng/,1620597155,17:52:35,20210509
32,2012-12-31,REACH.OL,NOK,2012-12-31,2012-12-31,Q4,-3070723.52,0.0,-3070723.52,1.0,0.0,0.0,0.0,0.0,-8055175.52,-8055175.52,0.0,-1210279.12,3774172.88,-1.2290826104722055,4984452.0,-1.623217449417263,0.0,21565070.56,-7.022797858401788,0.0,228935786.32,-74.55434682703051,1.5786382844703244,1.5786382844703244,145021053.0,145021053.0,https://www.oslobors.no/ob_eng/,https://www.oslobors.no/ob_eng/,1620597155,17:52:35,20210509
33,2012-09-30,REACH.OL,NOK,2012-09-30,2012-09-30,Q3,2409086.4,0.0,2409086.4,1.0,0.0,0.0,0.0,0.0,4663302.96,4663302.96,0.0,860388.0,-1393828.56,-0.5785714285714286,-2254216.56,-0.9357142857142857,0.0,-567856.08,-0.2357142857142857,0.0,-1273374.24,-0.5285714285714286,-0.285721,-0.285721,44461463.0,44461463.0,https://www.oslobors.no/ob_eng/,https://www.oslobors.no/ob_eng/,1620597155,17:52:35,20210509
34,2012-06-30,REACH.OL,NOK,2012-06-30,2012-06-30,Q2,41461516.24,44590799.74,-3129283.5,-0.07547441058079356,0.0,0.0,0.0,0.0,5197590.88,49788390.62,20283717.62,7623530.66,-703343.7199999997,-0.016963772282921213,-8326874.38,-0.20083381253594018,0.0,-27013167.28,-0.6515238642898218,11921.08,-27019127.82,-0.6516676250718804,-5.875631,-5.875631,4598506.0,4598506.0,https://www.oslobors.no/ob_eng/,https://www.oslobors.no/ob_eng/,1620597155,17:52:35,20210509
35,2012-03-31,REACH.OL,NOK,2012-03-31,2012-03-31,Q1,91030318.56,96024912.49,-4994593.93,-0.054867367367367366,0.0,0.0,0.0,0.0,69696511.42,165721423.91,7728237.13,20377032.02,-54314073.33,-0.5966591591591591,-74691105.35,-0.8205080080080079,0.0,-205644004.81,-2.2590715715715715,45560.72,-205689565.53,-2.2595720720720722,-46.034494,-46.034494,4468162.0,4468162.0,https://www.oslobors.no/ob_eng/,https://www.oslobors.no/ob_eng/,1620597155,17:52:35,20210509
36,2011-12-31,REACH.OL,NOK,2011-12-31,2011-12-31,Q4,111124274.06,128464193.55,-17339919.49,-0.1560407897975338,0.0,0.0,0.0,4214324.93,26896837.81,155361031.36,9569915.3,26746037.42,-17490719.879999995,-0.15739783254337503,-44236757.3,-0.39808365610663043,0.0,-46714455.58,-0.42038029922046716,100275.07,-46186502.57,-0.41562928496668733,-0.31848136263360327,-0.31848136263360327,145021053.0,145021053.0,https://www.oslobors.no/ob_eng/,https://www.oslobors.no/ob_eng/,1620597155,17:52:35,20210509
37,2011-09-30,REACH.OL,NOK,2011-09-30,2011-09-30,Q3,64844187.24,86981291.62,-22137104.38,-0.34138918725384887,0.0,0.0,0.0,14649725.08,37802559.21,124783850.83,8950030.14,27018411.35,-32921252.240000002,-0.5076978159684927,-59939663.59,-0.9243644826351594,0.0,-51535225.43,-0.7947547440028643,92866.72,-51633896.32,-0.7962764052989617,-11.442978,-11.442978,4512278.0,4512278.0,https://www.oslobors.no/ob_eng/,https://www.oslobors.no/ob_eng/,1620597155,17:52:35,20210509
38,2011-06-30,REACH.OL,NOK,2011-06-30,2011-06-30,Q2,102251524.72,94599318.96,7652205.76,0.0748370821946605,0.0,0.0,0.0,-4460204.2,41796949.72,136396268.68,8753822.46,28749509.0,-5395234.960000001,-0.052764347277696036,-34144743.96,-0.3339289468152197,0.0,-59256230.98,-0.5795143998318267,26868.7,-59283099.68,-0.5797771704856002,-1.059438,-1.059438,55952045.0,55952045.0,https://www.oslobors.no/ob_eng/,https://www.oslobors.no/ob_eng/,1620597155,17:52:35,20210509
39,2011-03-31,REACH.OL,NOK,2011-03-31,2011-03-31,Q1,125262531.2,98989340.7,26273190.5,0.2097450071326676,0.0,0.0,0.0,-5606436.4,36056533.7,135045874.4,9487385.9,28758115.0,18974771.8,0.15148002853067047,-9783343.2,-0.07810271041369471,0.0,-20326124.0,-0.1622681883024251,44672.8,938128.8,0.007489300998573467,0.216699,0.216699,4458031.0,4458031.0,https://www.oslobors.no/ob_eng/,https://www.oslobors.no/ob_eng/,1620597155,17:52:35,20210509
40,2010-12-31,REACH.OL,NOK,2010-12-31,2010-12-31,Q4,115973839.1,0.0,0.0,0.0,0.0,771719855.6,0.0,-2755617.5,810428866.5,170873895.3,10499917.3,36894083.5,-18005972.700000003,-0.15525891735354308,-54900056.2,-0.4733831062767673,0.0,-142029789.8,-1.2246709335674655,600262.2,-142624173.1,-1.2297960833823944,-0.98347219351662,-0.98347219351662,145021053.0,145021053.0,https://www.oslobors.no/ob_eng/,https://www.oslobors.no/ob_eng/,1620597155,17:52:35,20210509
41,2010-09-30,REACH.OL,NOK,2010-09-30,2010-09-30,Q3,146765644.2,142849786.5,3915857.7,0.026681024168461357,0.0,8452165.2,0.0,-5308943.1,44473373.4,187323159.9,12549475.2,38034743.4,-2522772.3000000045,-0.017189120204195614,-40557515.7,-0.27634202759830906,0.0,-66797859.6,-0.4551328068916009,35119.8,-66832979.4,-0.455372098588179,-46.188624,-46.188624,4458031.0,4458031.0,https://www.oslobors.no/ob_eng/,https://www.oslobors.no/ob_eng/,1620597155,17:52:35,20210509
42,2010-06-30,REACH.OL,NOK,2010-06-30,2010-06-30,Q2,279349725.09,0.0,0.0,0.0,0.0,190651969.40999997,109706147.43,13204344.21,364054257.78,364054257.78,13517027.25,49612375.68,-35092157.01,-0.12562087540517222,-84704532.69,-0.3032203903644801,0.0,-85942236.39,-0.3076510505328452,39085.38,-85981321.77,-0.3077909661171094,-56.392056,-56.392056,1528634.0,1528634.0,https://www.oslobors.no/ob_eng/,https://www.oslobors.no/ob_eng/,1620597155,17:52:35,20210509
43,2010-03-31,REACH.OL,NOK,2010-03-31,2010-03-31,Q1,329915949.92,15820348.84,314095601.08,0.9520473355597502,0.0,177137607.64,105221487.44,0.0,342137498.74,357957847.58,69041870.6,42934103.4,14892205.739999998,0.045139393059387245,-28041897.66,-0.08499709597792943,0.0,-24892199.14,-0.075450123420938,71856.24,24964055.38,0.07566792507623057,-25.918394,-25.918394,1448605.0,1448605.0,https://www.oslobors.no/ob_eng/,https://www.oslobors.no/ob_eng/,1620597155,17:52:35,20210509
44,2009-12-31,REACH.OL,NOK,2009-12-31,2009-12-31,Q4,195432717.18,225438762.91,-30006045.73,-0.15353645061570442,0.0,0.0,0.0,5333483.43,5844559.74,231283322.65,8963747.55,47020089.82,11169484.350000001,0.05715258177428161,-35850605.47,-0.18344218914471933,0.0,-108641622.64,-0.5559029430058912,846822.38,-109488445.02,-0.5602360065390561,-0.7549831059356602,-0.7549831059356602,145021053.0,145021053.0,https://www.oslobors.no/ob_eng/,https://www.oslobors.no/ob_eng/,1620597155,17:52:35,20210509
45,2009-09-30,REACH.OL,NOK,2009-09-30,2009-09-30,Q3,190444158.79,196232682.42,-5788523.63,-0.030394860450316676,0.0,12309990.93,0.0,-565578.58,40738971.39,236971653.81,9389758.67,42655013.11,-3872481.910000004,-0.020333949513621646,-46527495.02,-0.24431043364950455,0.0,-57336971.35,-0.301069729385739,0.0,-57336971.35,-0.301069729385739,-182.047945,-182.047945,1221937.0,1221937.0,https://www.oslobors.no/ob_eng/,https://www.oslobors.no/ob_eng/,1620597155,17:52:35,20210509
46,2009-06-30,REACH.OL,NOK,2009-06-30,2009-06-30,Q2,271636403.28,0.0,0.0,0.0,0.0,141991317.6,125591867.28,-4535744.4,326271213.84,326271213.84,9727724.16,50929010.88,-3705799.6799999997,-0.013642500177636721,-54634810.56,-0.20113213803557475,0.0,-70969924.08,-0.26126808933942824,64336.8,-71034260.88,-0.26150493830084554,-55.694754,-55.694754,1270223.0,1270223.0,https://www.oslobors.no/ob_eng/,https://www.oslobors.no/ob_eng/,1620597155,17:52:35,20210509
47,2009-03-31,REACH.OL,NOK,2009-03-31,2009-03-31,Q1,388545952.0,27125872.0,361420080.0,0.9301861932665303,0.0,152893728.0,135817968.0,0.0,360908144.0,388034016.0,8157296.0,54696320.0,55208256.0,0.14208938663707915,511936.0,0.0013175687389480255,0.0,3704800.0,0.009535036926597552,148192.0,3556608.0,0.00915363544953365,2.296913,2.296913,1225840.0,1225840.0,https://www.oslobors.no/ob_eng/,https://www.oslobors.no/ob_eng/,1620597155,17:52:35,20210509
