,date,symbol,reportedCurrency,fillingDate,acceptedDate,period,revenue,costOfRevenue,grossProfit,grossProfitRatio,researchAndDevelopmentExpenses,generalAndAdministrativeExpenses,sellingAndMarketingExpenses,otherExpenses,operatingExpenses,costAndExpenses,interestExpense,depreciationAndAmortization,ebitda,ebitdaratio,operatingIncome,operatingIncomeRatio,totalOtherIncomeExpensesNet,incomeBeforeTax,incomeBeforeTaxRatio,incomeTaxExpense,netIncome,netIncomeRatio,eps,epsdiluted,weightedAverageShsOut,weightedAverageShsOutDil,link,finalLink,timestamp,est_time,est_date
0,2021-03-31,WAB,USD,2021-04-29,2021-04-29,Q1,1830200000,1365500000.0,464700000,0.2539066768659163,0.0,0.0,0.0,2900000.0,273100000,1638600000,47600000.0,107400000.0,299000000.0,0.16337012348377228,191600000.0,0.08643864058572834,14200000.0,158200000.0,0.08643864058572834,43500000.0,112400000.0,0.06141405310894984,0.59,0.59,188500000.0,188900000.0,https://www.sec.gov/Archives/edgar/data/943452/000162828021008066/0001628280-21-008066-index.htm,https://www.sec.gov/ix?doc=/Archives/edgar/data/943452/000162828021008066/wab-20210331.htm,1620599706,18:35:06,20210509
1,2020-12-31,WAB,USD,2021-02-19,2021-02-19 15:05:40,Q4,2023600000,6936200.0,2016663800,0.9965723463135007,-123700000.0,-948000000.0,0.0,4200000.0,-2440200000,4496000000,47700000.0,187600000.0,348200000.0,0.17206957896817554,160600000.0,0.07936351057521249,5200000.0,118100000.0,0.058361336232457005,-257400000.0,85500000.0,0.042251433089543385,0.4504741833508957,0.44952681388012616,189800000.0,190200000.0,https://www.sec.gov/Archives/edgar/data/943452/000162828021002557/0001628280-21-002557-index.htm,https://www.sec.gov/Archives/edgar/data/943452/000162828021002557/wab-20201231.htm,1620599706,18:35:06,20210509
2,2020-09-30,WAB,USD,2020-10-29,2020-10-29 12:01:43,Q3,1865100000,1298900000.0,566200000,0.3035762157525066,36500000.0,-252000000.0,0.0,2300000.0,359500000,1658400000,45600000.0,107100000.0,313800000.0,0.16824835129483673,206700000.0,0.11082515682805212,14300000.0,175400000.0,0.09404321484102729,46900000.0,128100000.0,0.06868264436223259,0.6749209694415174,0.6735015772870663,189800000.0,190200000.0,https://www.sec.gov/Archives/edgar/data/943452/000162828020015066/0001628280-20-015066-index.htm,https://www.sec.gov/Archives/edgar/data/943452/000162828020015066/wab-20200930.htm,1620599706,18:35:06,20210509
3,2020-06-30,WAB,USD,2020-07-29,2020-07-29 11:40:03,Q2,1737400000,1250700000.0,486700000,0.2801312305744216,38200000.0,0.0,0.0,4600000.0,327300000,1578000000,51400000.0,100100000.0,259500000.0,0.1493611143087372,159400000.0,0.09174628755611834,6300000.0,114300000.0,0.06578795901922413,28500000.0,86800000.0,0.0499597099113618,0.45732349841938885,0.45636172450052576,189800000.0,190200000.0,https://www.sec.gov/Archives/edgar/data/943452/000162828020010768/0001628280-20-010768-index.htm,https://www.sec.gov/Archives/edgar/data/943452/000162828020010768/wab-20200630.htm,1620599706,18:35:06,20210509
4,2020-03-31,WAB,USD,2020-05-06 00:00:00,2020-05-06 11:45:49,Q1,1929900000,1351200000.0,578700000,0.29986009637805067,49000000.0,0.0,0.0,-100000.0,361400000,1712600000,53300000.0,78200000.0,295500000.0,0.15311674180009327,217300000.0,0.11259650759106689,-14800000.0,149200000.0,0.07730970516607077,38000000.0,111600000.0,0.0578268304057205,0.5849056603773585,0.5830721003134797,190800000.0,191400000.0,https://www.sec.gov/Archives/edgar/data/943452/000162828020006580/0001628280-20-006580-index.html,https://www.sec.gov/Archives/edgar/data/943452/000162828020006580/wab-20200331.htm,1620599706,18:35:06,20210509
5,2019-12-31,WAB,USD,2020-02-24 00:00:00,2020-02-24 15:43:54,Q4,2368400000,1693500000.0,674900000,0.28496031075831785,59600000.0,0.0,0.0,-900000.0,448800000,2142300000,58300000.0,59800000.0,285900000.0,0.12071440635027866,226100000.0,0.09546529302482688,6900000.0,174700000.0,0.07376287789224793,37700000.0,135700000.0,0.05729606485390981,0.7100994243851386,0.7082463465553236,191100000.0,191600000.0,https://www.sec.gov/Archives/edgar/data/943452/000162828020002098/0001628280-20-002098-index.html,https://www.sec.gov/Archives/edgar/data/943452/000162828020002098/wab-20191231.htm,1620599706,18:35:06,20210509
6,2019-09-30,WAB,USD,2019-11-01 00:00:00,2019-11-01 12:05:24,Q3,2001700000,1402300000.0,599400000,0.29944547134935307,58600000.0,0.0,0.0,3300000.0,430300000,1832600000,57700000.0,103736000.0,272836000.0,0.13630214317829845,169100000.0,0.08447819353549484,1900000.0,113300000.0,0.056601888394864366,22700000.0,91100000.0,0.04551131538192536,0.48048523206751054,0.47571801566579636,189600000.0,191500000.0,https://www.sec.gov/Archives/edgar/data/943452/000162828019013038/0001628280-19-013038-index.html,https://www.sec.gov/Archives/edgar/data/943452/000162828019013038/wab-20190930x10q.htm,1620599706,18:35:06,20210509
7,2019-06-30,WAB,USD,2019-08-01,2019-08-01 13:25:23,Q2,2236284000,1621608000.0,614676000,0.2748649098236181,57120000.0,0.0,0.0,2276000.0,414039000,2035647000,58560000.0,99702000.0,300339000.0,0.13430270931599028,200637000.0,0.0897189265764098,2177000.0,144254000.0,0.06450611818534677,41400000.0,104235000.0,0.0466108061409016,0.58,0.54,177348000.0,191453000.0,https://www.sec.gov/Archives/edgar/data/943452/000162828019009750/wab-20190630x10q.htm,https://www.sec.gov/Archives/edgar/data/943452/000162828019009750/wab-20190630x10q.htm,1620599706,18:35:06,20210509
8,2019-03-31,WAB,USD,2019-05-09 00:00:00,2019-05-09 12:29:40,Q1,1593617000,1204600000.0,389017000,0.24410946921374457,34545000.0,0.0,0.0,3525000.0,321710000,1526310000,44569000.0,55962000.0,123269000.0,0.07735170997799345,67307000.0,0.042235367720098366,-8228000.0,14510000.0,0.00910507355280472,18523000.0,-4472000.0,-0.0028061949640346457,-0.04,-0.04,121226000.0,121226000.0,https://www.sec.gov/Archives/edgar/data/943452/000162828019006382/0001628280-19-006382-index.html,https://www.sec.gov/Archives/edgar/data/943452/000162828019006382/wab-20190331x10q.htm,1620599706,18:35:06,20210509
9,2018-12-31,WAB,USD,2019-02-27 00:00:00,2019-02-27 13:55:48,Q4,1117876000,820851000.0,297025000,0.26570478299918776,25881000.0,0.0,0.0,257000.0,203569000,1024420000,36318000.0,26323000.0,119779000.0,0.10714873563794196,93456000.0,0.08360140122875882,422000.0,57560000.0,0.05149050520809106,22654000.0,34423000.0,0.03079321856807016,0.3573668037041651,0.3560729875664605,96324000.0,96674000.0,https://www.sec.gov/Archives/edgar/data/943452/000162828019002095/0001628280-19-002095-index.html,https://www.sec.gov/Archives/edgar/data/943452/000162828019002095/wab1231201810k.htm,1620599706,18:35:06,20210509
10,2018-09-30,WAB,USD,2018-10-30 00:00:00,2018-10-30 16:16:50,Q3,1077814000,775802000.0,302012000,0.28020790229111886,20132000.0,0.0,0.0,4094000.0,176833000,952635000,23713000.0,29747000.0,154926000.0,0.1437409423147222,125179000.0,0.11614156060322096,1201000.0,102667000.0,0.09525483988888621,16598000.0,87739000.0,0.08140458372223779,0.9119719773823383,0.907923466167203,96208000.0,96637000.0,https://www.sec.gov/Archives/edgar/data/943452/000162828018013088/0001628280-18-013088-index.html,https://www.sec.gov/Archives/edgar/data/943452/000162828018013088/wab-20180930x10q.htm,1620599706,18:35:06,20210509
11,2018-06-30,WAB,USD,2018-07-31 00:00:00,2018-07-31 15:58:30,Q2,1111680000,787713000.0,323967000,0.29142109240069086,19388000.0,0.0,0.0,2854000.0,200444000,988157000,31920000.0,25373000.0,148896000.0,0.1339378238341969,123523000.0,0.11111380972941853,2171000.0,93774000.0,0.08435341105354059,10503000.0,84416000.0,0.07593552101324122,0.88,0.87,95992000.0,96575000.0,https://www.sec.gov/Archives/edgar/data/943452/000162828018009841/0001628280-18-009841-index.html,https://www.sec.gov/Archives/edgar/data/943452/000162828018009841/wab-20180630x10q.htm,1620599706,18:35:06,20210509
12,2018-03-31,WAB,USD,2018-05-04 00:00:00,2018-05-04 16:52:21,Q1,1056177000,745296000.0,310881000,0.29434555003564744,22049000.0,0.0,0.0,2989000.0,179602000,924898000,20284000.0,27854000.0,159133000.0,0.15066887462991524,131279000.0,0.12429640107671347,2586000.0,113581000.0,0.10753974002463602,26124000.0,88366000.0,0.08366590069656885,0.9223045611105313,0.9169355926575422,95810000.0,96371000.0,https://www.sec.gov/Archives/edgar/data/943452/000162828018005984/0001628280-18-005984-index.html,https://www.sec.gov/Archives/edgar/data/943452/000162828018005984/wab-20180331x10q.htm,1620599706,18:35:06,20210509
13,2017-12-31,WAB,USD,2018-02-26 00:00:00,2018-02-26 16:30:27,Q4,1075538000,807098000.0,268440000,0.2495867184609005,23655000.0,0.0,0.0,1624000.0,177277000,984375000,17679000.0,26278000.0,117441000.0,0.10919279467578087,91163000.0,0.08476037108870166,1200000.0,74684000.0,0.06943873670665286,24997000.0,48948000.0,0.04551024696477484,0.5113985414881835,0.5079279428856052,95714000.0,96368000.0,https://www.sec.gov/Archives/edgar/data/943452/000162828018002245/0001628280-18-002245-index.html,https://www.sec.gov/Archives/edgar/data/943452/000162828018002245/wab1231201710k.htm,1620599706,18:35:06,20210509
14,2017-09-30,WAB,USD,2017-11-01 00:00:00,2017-11-01 14:59:34,Q3,957931000,704728000.0,253203000,0.26432279569196526,24709000.0,0.0,0.0,660000.0,151192000,855920000,17893000.0,25919000.0,127930000.0,0.1335482409484608,102011000.0,0.10649096855619038,-2933000.0,81185000.0,0.08475036302197131,12746000.0,67399000.0,0.07035892981853599,0.7042075457898421,0.6997695087005275,95709000.0,96316000.0,https://www.sec.gov/Archives/edgar/data/943452/000162828017010480/0001628280-17-010480-index.html,https://www.sec.gov/Archives/edgar/data/943452/000162828017010480/wab-20170930x10q.htm,1620599706,18:35:06,20210509
15,2017-07-01,WAB,USD,2017-08-03 00:00:00,2017-08-03 09:44:08,Q2,932253000,658290000.0,273963000,0.29387194248771525,-23464000.0,-127574000.0,0.0,-1552000.0,-160262000,498028000,0.0,-25229000.0,88472000.0,0.0949012767993238,113701000.0,0.1219636729514413,-1552000.0,96729000.0,0.1037583145347883,-24569000.0,17238000.0,0.018490688686440267,180.98967903152987,179.579335562709,95243.0,95991.0,https://www.sec.gov/Archives/edgar/data/943452/000162828017007925/0001628280-17-007925-index.html,https://www.sec.gov/Archives/edgar/data/943452/000162828017007925/wab-20170630x10q.htm,1620599706,18:35:06,20210509
16,2017-06-30,WAB,USD,2017-08-03 00:00:00,2017-08-03 09:44:08,Q2,932253000,658290000.0,273963000,0.29387194248771525,23338000.0,0.0,0.0,-41000.0,160262000,818552000,15420000.0,25822000.0,139523000.0,0.14966216252455075,113701000.0,0.1219636729514413,-1552000.0,96729000.0,0.1037583145347883,24569000.0,72025000.0,0.07725907023093516,0.7530766094039167,0.7480474429811806,95641000.0,96284000.0,https://www.sec.gov/Archives/edgar/data/943452/000162828017007925/0001628280-17-007925-index.html,https://www.sec.gov/Archives/edgar/data/943452/000162828017007925/wab-20170630x10q.htm,1620599706,18:35:06,20210509
17,2017-03-31,WAB,USD,2017-05-04 00:00:00,2017-05-04 16:58:20,Q1,916034000,646327000.0,269707000,0.2944290277435117,23464000.0,0.0,0.0,1106000.0,154849000,801176000,17712000.0,25229000.0,140087000.0,0.15292772975675575,114858000.0,0.12538617562230223,2319000.0,99465000.0,0.10858221419728963,27461000.0,73889000.0,0.08066185316265553,0.7757945465808511,0.7697492473252701,95243000.0,95991000.0,https://www.sec.gov/Archives/edgar/data/943452/000162828017004956/0001628280-17-004956-index.html,https://www.sec.gov/Archives/edgar/data/943452/000162828017004956/wab-20170331x10q.htm,1620599706,18:35:06,20210509
18,2016-12-31,WAB,USD,2017-02-28 00:00:00,2017-02-28 09:55:44,Q4,759982000,540793000.0,219189000,0.28841340979128455,19104000.0,0.0,0.0,437000.0,156389000,697182000,26664000.0,20420000.0,83220000.0,0.10950259348247722,62800000.0,0.08263353605743294,-3076000.0,33060000.0,0.043501030287559445,-13268000.0,37811000.0,0.049752494138019056,0.4227290513723517,0.41906060203041184,89445000.0,90228000.0,https://www.sec.gov/Archives/edgar/data/943452/000162828017001863/0001628280-17-001863-index.html,https://www.sec.gov/Archives/edgar/data/943452/000162828017001863/wab1231201610k.htm,1620599706,18:35:06,20210509
19,2016-09-30,WAB,USD,2016-11-07 00:00:00,2016-11-07 15:09:47,Q3,675574000,463093000.0,212481000,0.31451920885054785,16289000.0,0.0,0.0,308000.0,92385000,555478000,6057000.0,16282000.0,136378000.0,0.20186981737011786,120096000.0,0.17776883065363677,1188000.0,115227000.0,0.17056162611349757,32799000.0,82428000.0,0.12201180033571452,0.92,0.91,89589000.0,90293000.0,https://www.sec.gov/Archives/edgar/data/943452/000162828016020920/0001628280-16-020920-index.html,https://www.sec.gov/Archives/edgar/data/943452/000162828016020920/wab-20160930x10q.htm,1620599706,18:35:06,20210509
20,2016-06-30,WAB,USD,2016-07-28 00:00:00,2016-07-28 14:58:16,Q2,723601000,486212000.0,237389000,0.3280661580069679,18029000.0,0.0,0.0,301000.0,104105000,590317000,4969000.0,16861000.0,150145000.0,0.20749694928558696,133284000.0,0.18419543367131885,-1229000.0,127086000.0,0.17562993970433982,36601000.0,90485000.0,0.12504819645080645,1.0071121697126193,0.9991828531675482,89846000.0,90559000.0,https://www.sec.gov/Archives/edgar/data/943452/000162828016017885/0001628280-16-017885-index.html,https://www.sec.gov/Archives/edgar/data/943452/000162828016017885/wab-20160630x10q.htm,1620599706,18:35:06,20210509
21,2016-03-31,WAB,USD,2016-04-28 00:00:00,2016-04-28 12:11:12,Q1,772031000,516851000.0,255180000,0.3305307688421838,17953000.0,0.0,0.0,-8000.0,112999000,629850000,4871000.0,16232000.0,158413000.0,0.20518994703580556,142181000.0,0.1841648845706973,154000.0,137464000.0,0.1780550262878045,43301000.0,94163000.0,0.12196790025271007,1.03,1.02,91258000.0,92149000.0,https://www.sec.gov/Archives/edgar/data/943452/000162828016014887/0001628280-16-014887-index.html,https://www.sec.gov/Archives/edgar/data/943452/000162828016014887/wab-20160331x10q.htm,1620599706,18:35:06,20210509
22,2015-12-31,WAB,USD,2016-02-19 00:00:00,2016-02-19 14:03:28,Q4,832849000,565221000.0,267628000,0.3213403630189866,19361000.0,0.0,0.0,45000.0,116419000,681640000,4190000.0,16567000.0,167776000.0,0.20144828174134807,151209000.0,0.18155632053349408,2379000.0,149398000.0,0.17938185673513446,47619000.0,101779000.0,0.12220582602608636,1.06,1.05,95367000.0,96278000.0,https://www.sec.gov/Archives/edgar/data/943452/000162828016011421/0001628280-16-011421-index.html,https://www.sec.gov/Archives/edgar/data/943452/000162828016011421/wab1231201510k.htm,1620599706,18:35:06,20210509
23,2015-09-30,WAB,USD,2015-10-29 00:00:00,2015-10-29 14:18:13,Q3,809527000,552458000.0,257069000,0.3175545719908045,17239000.0,0.0,0.0,121000.0,104991000,657449000,4351000.0,16555000.0,168633000.0,0.20831053195260937,152078000.0,0.18786031843286266,-2937000.0,144790000.0,0.1788575303850273,45609000.0,99181000.0,0.12251722302035634,1.03,1.02,96369000.0,97368000.0,https://www.sec.gov/Archives/edgar/data/943452/000162828015008000/0001628280-15-008000-index.html,https://www.sec.gov/Archives/edgar/data/943452/000162828015008000/wab-20150930x10q.htm,1620599706,18:35:06,20210509
24,2015-06-30,WAB,USD,2015-07-30 00:00:00,2015-07-30 13:59:11,Q2,847028000,579264000.0,267764000,0.31612178109814554,17750000.0,0.0,0.0,-346000.0,111904000,691168000,4041000.0,16043000.0,171903000.0,0.2029484267344173,155860000.0,0.1840080847386391,-1887000.0,149932000.0,0.1770094967344645,48428000.0,101504000.0,0.11983547179077905,1.05,1.04,96338000.0,97435000.0,https://www.sec.gov/Archives/edgar/data/943452/000156459015005849/0001564590-15-005849-index.html,https://www.sec.gov/Archives/edgar/data/943452/000156459015005849/wab-10q_20150630.htm,1620599706,18:35:06,20210509
25,2015-03-31,WAB,USD,2015-04-30 00:00:00,2015-04-30 12:14:06,Q1,818594000,563239000.0,255355000,0.3119434053999907,16863000.0,0.0,0.0,-472000.0,106935000,670174000,4306000.0,15569000.0,163989000.0,0.2003300781584033,148420000.0,0.18131088182908744,-2866000.0,141248000.0,0.1725495178317945,45084000.0,96164000.0,0.11747459668651371,1.0,0.99,96243000.0,97385000.0,https://www.sec.gov/Archives/edgar/data/943452/000156459015003068/0001564590-15-003068-index.html,https://www.sec.gov/Archives/edgar/data/943452/000156459015003068/wab-10q_20150331.htm,1620599706,18:35:06,20210509
26,2014-12-31,WAB,USD,2015-02-20,2015-02-20 14:12:04,Q4,820866000,566569000.0,254297000,0.3097911230334793,18328000.0,0.0,0.0,139000.0,117334000,683903000,4005000.0,16284000.0,153247000.0,0.18668942312143516,136963000.0,0.16685183696242747,-1752000.0,131206000.0,0.1598385120104865,38520000.0,92686000.0,0.11291246074267908,0.96,0.95,95894000.0,97056000.0,https://www.sec.gov/Archives/edgar/data/943452/000156459015000794/wab-10k_20141231.htm,https://www.sec.gov/Archives/edgar/data/943452/000156459015000794/wab-10k_20141231.htm,1620599706,18:35:06,20210509
27,2014-09-30,WAB,USD,2014-10-30 00:00:00,2014-10-30 15:53:44,Q3,797271000,549813000.0,247458000,0.3103812881692674,16391000.0,0.0,0.0,301000.0,111481000,661294000,4594000.0,17115000.0,153092000.0,0.1920200283216121,135977000.0,0.17055304908870383,-154000.0,131229000.0,0.16459773402017633,41074000.0,90155000.0,0.11307949241851264,0.94,0.93,95935000.0,97004000.0,https://www.sec.gov/Archives/edgar/data/943452/000156459014004721/0001564590-14-004721-index.html,https://www.sec.gov/Archives/edgar/data/943452/000156459014004721/wab-10q_20140930.htm,1620599706,18:35:06,20210509
28,2014-06-30,WAB,USD,2014-07-31 00:00:00,2014-07-31 15:27:13,Q2,731068000,506410000.0,224658000,0.30730109921375304,14221000.0,0.0,0.0,-19000.0,92335000,598745000,4525000.0,14284000.0,146607000.0,0.20053811683728462,132323000.0,0.18099957869856156,243000.0,128041000.0,0.17514239441474663,39336000.0,88705000.0,0.12133618213353614,0.92,0.91,96048000.0,97058000.0,https://www.sec.gov/Archives/edgar/data/943452/000156459014003020/0001564590-14-003020-index.html,https://www.sec.gov/Archives/edgar/data/943452/000156459014003020/wab-10q_20140630.htm,1620599706,18:35:06,20210509
29,2014-03-31,WAB,USD,2014-05-01 00:00:00,2014-05-01 15:33:48,Q1,695249000,485680000.0,209569000,0.30143013510267547,12946000.0,0.0,0.0,344000.0,87723000,573403000,4450000.0,13578000.0,135424000.0,0.19478489001782096,121846000.0,0.17525519633972864,-17000.0,117379000.0,0.16883016012968016,37245000.0,80134000.0,0.11525942504052505,0.84,0.83,95529000.0,96805000.0,https://www.sec.gov/Archives/edgar/data/943452/000156459014001692/0001564590-14-001692-index.html,https://www.sec.gov/Archives/edgar/data/943452/000156459014001692/wab-10q_20140331.htm,1620599706,18:35:06,20210509
30,2013-12-31,WAB,USD,2014-02-21,2014-02-21 16:09:45,Q4,681482000,481357000.0,200125000,0.2936614613445403,12754000.0,0.0,0.0,1530000.0,88907000,570264000,4627000.0,14058000.0,125276000.0,0.18382877317375954,111218000.0,0.16320020191288984,951000.0,107542000.0,0.15780607558233378,33501000.0,74041000.0,0.10864703689899366,0.77,0.76,95768000.0,97142000.0,https://www.sec.gov/Archives/edgar/data/943452/000156459014000306/wab-10k_20131231.htm,https://www.sec.gov/Archives/edgar/data/943452/000156459014000306/wab-10k_20131231.htm,1620599706,18:35:06,20210509
31,2013-09-30,WAB,USD,2013-10-31 00:00:00,2013-10-31 17:14:17,Q3,631398000,443265000.0,188133000,0.29796261628956694,10921000.0,0.0,0.0,-656000.0,78262000,521527000,3829000.0,12116000.0,121987000.0,0.19320143554461686,109871000.0,0.1740122711823604,-1658000.0,104384000.0,0.16532203142867097,30441000.0,73943000.0,0.1171099686726914,0.77,0.76,95848000.0,97174000.0,https://www.sec.gov/Archives/edgar/data/943452/000156459013000837/0001564590-13-000837-index.html,https://www.sec.gov/Archives/edgar/data/943452/000156459013000837/wab-10q_20131001.htm,1620599706,18:35:06,20210509
32,2013-06-30,WAB,USD,2013-07-26 00:00:00,2013-07-26 17:12:20,Q2,638002000,445121000.0,192881000,0.30232036890166486,11280000.0,0.0,0.0,1410000.0,80327000,525448000,3271000.0,13849000.0,126403000.0,0.19812320337553802,112554000.0,0.1764163748702982,406000.0,109689000.0,0.17192579333607105,35051000.0,74638000.0,0.11698709408434456,0.78,0.77,95762000.0,97102000.0,https://www.sec.gov/Archives/edgar/data/943452/000156459013000125/0001564590-13-000125-index.html,https://www.sec.gov/Archives/edgar/data/943452/000156459013000125/wab-10q_20130630.htm,1620599706,18:35:06,20210509
33,2013-03-31,WAB,USD,2013-05-02 00:00:00,2013-05-02 14:43:39,Q1,615510000,432622000.0,182888000,0.2971324592614255,11334000.0,0.0,0.0,346000.0,79221000,511843000,3614000.0,11170000.0,114837000.0,0.18657211093239753,103667000.0,0.1684245584962064,-581000.0,99472000.0,0.16160907215154913,29859000.0,69613000.0,0.11309808126594206,0.73,0.72,95024000.0,96572000.0,https://www.sec.gov/Archives/edgar/data/943452/000095012313003288/0000950123-13-003288-index.html,https://www.sec.gov/Archives/edgar/data/943452/000095012313003288/wab-10q_20130331.htm,1620599706,18:35:06,20210509
34,2012-12-31,WAB,USD,2013-02-22 00:00:00,2013-02-22 13:30:54,Q4,610400000,429920000.0,180480000,0.29567496723460024,10260000.0,0.0,0.0,614000.0,80018000,509938000,3948000.0,12648000.0,113110000.0,0.18530471821756225,100462000.0,0.16458387942332897,614000.0,97128000.0,0.1591218872870249,32363000.0,64765000.0,0.10610255570117956,0.675,0.67,95154000.0,96682000.0,https://www.sec.gov/Archives/edgar/data/943452/000119312513071115/0001193125-13-071115-index.html,https://www.sec.gov/Archives/edgar/data/943452/000119312513071115/d448585d10k.htm,1620599706,18:35:06,20210509
35,2012-09-30,WAB,USD,2012-11-02 00:00:00,2012-11-02 11:59:06,Q3,587593000,416314000.0,171279000,0.29149258074891976,10753000.0,0.0,0.0,0.0,74437000,490751000,3070000.0,11294000.0,108136000.0,0.1840321446987966,96842000.0,0.16481135752127749,-1393000.0,92379000.0,0.15721596411121302,29385000.0,62994000.0,0.10720685916952721,0.66,0.65,95286000.0,96542000.0,https://www.sec.gov/Archives/edgar/data/943452/000119312512448444/0001193125-12-448444-index.html,https://www.sec.gov/Archives/edgar/data/943452/000119312512448444/d406933d10q.htm,1620599706,18:35:06,20210509
36,2012-06-30,WAB,USD,2012-08-02 00:00:00,2012-08-02 14:47:13,Q2,609820000,436393000.0,173427000,0.284390475878128,10145000.0,0.0,0.0,0.0,72562000,508955000,3509000.0,9995000.0,110860000.0,0.18179134826670165,100865000.0,0.1654012659473287,223000.0,97579000.0,0.16001279065953888,32867000.0,64712000.0,0.10611655898461841,0.675,0.665,95670000.0,96844000.0,https://www.sec.gov/Archives/edgar/data/943452/000119312512331482/0001193125-12-331482-index.html,https://www.sec.gov/Archives/edgar/data/943452/000119312512331482/d357740d10q.htm,1620599706,18:35:06,20210509
37,2012-03-31,WAB,USD,2012-05-03,2012-05-03 10:40:57,Q1,583309000,413928000.0,169381000,0.29037954154659024,10149000.0,0.0,0.0,0.0,75271000,489199000,0.0,10199000.0,104309000.0,0.17882288804047256,94110000.0,0.16133815867747625,-114000.0,90272000.0,0.1547584556384352,31011000.0,59261000.0,0.10159452365727256,0.62,0.61,95414000.0,96682000.0,https://www.sec.gov/Archives/edgar/data/943452/000119312512077488/d260748d10k.htm,https://www.sec.gov/Archives/edgar/data/943452/000119312512077488/d260748d10k.htm,1620599706,18:35:06,20210509
38,2011-12-31,WAB,USD,2012-02-24 00:00:00,2012-02-24 13:05:42,Q4,534639000,387305000.0,147334000,0.2755766040262682,9279000.0,0.0,0.0,0.0,74825000,462130000,0.0,11171000.0,83680000.0,0.15651682724230742,72509000.0,0.13562235452333257,1099000.0,69842000.0,0.1306339417812767,23579000.0,46263000.0,0.0865312855964492,0.48486595258557447,0.48486595258557447,95414000.0,95414000.0,https://www.sec.gov/Archives/edgar/data/943452/000119312512077488/0001193125-12-077488-index.html,https://www.sec.gov/Archives/edgar/data/943452/000119312512077488/d260748d10k.htm,1620599706,18:35:06,20210509
39,2011-09-30,WAB,USD,2011-11-09 00:00:00,2011-11-09 12:42:16,Q3,498840000,351689000.0,147151000,0.29498636837462916,9894000.0,0.0,0.0,0.0,71698000,423387000,0.0,12904000.0,88357000.0,0.17712492983722236,75453000.0,0.15125691604522493,-1529000.0,70160000.0,0.14064629941464196,23560000.0,46600000.0,0.09341672680619036,0.485,0.48,95748000.0,96732000.0,https://www.sec.gov/Archives/edgar/data/943452/000119312511303968/0001193125-11-303968-index.html,https://www.sec.gov/Archives/edgar/data/943452/000119312511303968/d233137d10q.htm,1620599706,18:35:06,20210509
40,2011-06-30,WAB,USD,2011-08-04 00:00:00,2011-08-04 13:41:08,Q2,478899000,336155000.0,142744000,0.2980670245709429,9132000.0,0.0,0.0,0.0,86382000,422537000,0.0,9956000.0,66318000.0,0.13848013881841473,56362000.0,0.11769078657503983,-410000.0,52159000.0,0.10891440575152589,15825000.0,36334000.0,0.07586985982430533,0.37887382690302396,0.3748632977735592,95900000.0,96926000.0,https://www.sec.gov/Archives/edgar/data/943452/000119312511209950/0001193125-11-209950-index.html,https://www.sec.gov/Archives/edgar/data/943452/000119312511209950/d10q.htm,1620599706,18:35:06,20210509
41,2011-03-31,WAB,USD,2011-05-09 00:00:00,2011-05-09 09:34:49,Q1,455259000,322064000.0,133195000,0.2925697240471907,8888000.0,0.0,0.0,0.0,66818000,388882000,0.0,10818000.0,77195000.0,0.16956282028471706,66377000.0,0.14580052234003063,460000.0,63153000.0,0.13871883916627678,22201000.0,40952000.0,0.08995319148001467,0.42892454648288575,0.4243642618805828,95476000.0,96502000.0,https://www.sec.gov/Archives/edgar/data/943452/000119312511131663/0001193125-11-131663-index.html,https://www.sec.gov/Archives/edgar/data/943452/000119312511131663/d10q.htm,1620599706,18:35:06,20210509
42,2010-12-31,WAB,USD,2011-02-25,2011-02-25 13:05:53,Q4,393241000,275253000.0,117988000,0.30003992462637413,9721000.0,0.0,0.0,0.0,66639000,341892000,0.0,11699000.0,63048000.0,0.16032916201515102,51349000.0,0.13057895794182195,366000.0,47792000.0,0.12153361424673419,16812000.0,30980000.0,0.07878120541856012,0.324479450333068,0.324479450333068,95476000.0,95476000.0,https://www.sec.gov/Archives/edgar/data/943452/000119312511046939/d10k.htm,https://www.sec.gov/Archives/edgar/data/943452/000119312511046939/d10k.htm,1620599706,18:35:06,20210509
43,2010-09-30,WAB,USD,2010-11-08 00:00:00,2010-11-08 09:44:17,Q3,375707000,266470000.0,109237000,0.2907505050478165,9362000.0,0.0,0.0,0.0,58604000,325074000,0.0,9711000.0,60344000.0,0.16061452142227853,50633000.0,0.13476725214063087,-791000.0,45846000.0,0.12202594042698166,15302000.0,30544000.0,0.08129739397988325,0.32,0.315,95354000.0,96128000.0,https://www.sec.gov/Archives/edgar/data/943452/000119312510251301/0001193125-10-251301-index.html,https://www.sec.gov/Archives/edgar/data/943452/000119312510251301/d10q.htm,1620599706,18:35:06,20210509
44,2010-06-30,WAB,USD,2010-08-05 00:00:00,2010-08-05 15:05:11,Q2,374137000,260673000.0,113464000,0.30326858877897667,10425000.0,0.0,0.0,0.0,63812000,324485000,0.0,8776000.0,58428000.0,0.15616739322761447,49652000.0,0.13271074499448063,1086000.0,46646000.0,0.12467625495473583,15435000.0,31211000.0,0.08342131358299233,0.3269879518072289,0.32451288236395015,95450000.0,96178000.0,https://www.sec.gov/Archives/edgar/data/943452/000119312510179157/0001193125-10-179157-index.html,https://www.sec.gov/Archives/edgar/data/943452/000119312510179157/d10q.htm,1620599706,18:35:06,20210509
45,2010-03-31,WAB,USD,2010-05-06 00:00:00,2010-05-06 16:43:43,Q1,363927000,255538000.0,108389000,0.29783170800737513,10695000.0,0.0,0.0,0.0,57213000,312751000,3912000.0,8400000.0,59576000.0,0.16370316024917084,51176000.0,0.1406216081796624,-721000.0,46543000.0,0.1278910330918014,16179000.0,30364000.0,0.08343431512363743,0.32,0.315,94922000.0,95790000.0,https://www.sec.gov/Archives/edgar/data/943452/000119312510111008/0001193125-10-111008-index.html,https://www.sec.gov/Archives/edgar/data/943452/000119312510111008/d10q.htm,1620599706,18:35:06,20210509
46,2009-12-31,WAB,USD,2010-02-24 00:00:00,2010-02-24 11:49:42,Q4,359188000,258806000.0,100382000,0.2794692473022484,10966000.0,0.0,0.0,0.0,58584000,317390000,0.0,11666000.0,53464000.0,0.14884684343574953,41798000.0,0.11636803011236456,-648000.0,36624000.0,0.1019633172600421,12419000.0,24205000.0,0.06738810873414479,0.2549988411537894,0.2549988411537894,94922000.0,94922000.0,https://www.sec.gov/Archives/edgar/data/943452/000119312510038499/0001193125-10-038499-index.html,https://www.sec.gov/Archives/edgar/data/943452/000119312510038499/d10k.htm,1620599706,18:35:06,20210509
47,2009-09-30,WAB,USD,2009-10-29 00:00:00,2009-10-29 10:52:55,Q3,330455000,235629000.0,94826000,0.2869558638846439,10157000.0,0.0,0.0,0.0,49067000,284696000,3687000.0,6816000.0,52575000.0,0.15909881829598585,45759000.0,0.1384727118669713,394000.0,42466000.0,0.12850766367584088,15118000.0,27348000.0,0.08275862068965517,0.29,0.285,94578000.0,95504000.0,https://www.sec.gov/Archives/edgar/data/943452/000119312509217097/0001193125-09-217097-index.html,https://www.sec.gov/Archives/edgar/data/943452/000119312509217097/d10q.htm,1620599706,18:35:06,20210509
48,2009-06-30,WAB,USD,2009-08-07 00:00:00,2009-08-07 09:53:58,Q2,334013000,242380000.0,91633000,0.2743396215117376,10765000.0,0.0,0.0,0.0,54906000,297286000,3525000.0,8635000.0,45362000.0,0.13580908527512403,36727000.0,0.10995679808869714,-134000.0,33068000.0,0.09900213464745385,2232000.0,30836000.0,0.09231976000934096,0.325,0.32,94974000.0,96026000.0,https://www.sec.gov/Archives/edgar/data/943452/000119312509168339/0001193125-09-168339-index.html,https://www.sec.gov/Archives/edgar/data/943452/000119312509168339/d10q.htm,1620599706,18:35:06,20210509
49,2009-03-31,WAB,USD,2009-05-07 00:00:00,2009-05-07 16:18:54,Q1,377960000,271475000.0,106485000,0.28173616255688433,10559000.0,0.0,0.0,0.0,50737000,322212000,4936000.0,8402000.0,64150000.0,0.16972695523335804,55748000.0,0.14749708963911526,389000.0,51201000.0,0.13546671605460894,18535000.0,32666000.0,0.08642713514657635,0.34280617063700286,0.33934470507573083,95290000.0,96262000.0,https://www.sec.gov/Archives/edgar/data/943452/000119312509103388/0001193125-09-103388-index.html,https://www.sec.gov/Archives/edgar/data/943452/000119312509103388/d10q.htm,1620599706,18:35:06,20210509
50,2008-12-31,WAB,USD,2009-02-27 00:00:00,2009-02-27 12:19:41,Q4,405211000,299415000.0,105796000,0.26108866738563363,9656000.0,0.0,0.0,0.0,55542000,354957000,0.0,7791000.0,58045000.0,0.14324635807023994,50254000.0,0.12401933807325073,1471000.0,47934000.0,0.11829392588059061,16825000.0,31109000.0,0.07677234823338952,0.32646657571623466,0.32646657571623466,95290000.0,95290000.0,https://www.sec.gov/Archives/edgar/data/943452/000119312509040484/0001193125-09-040484-index.html,https://www.sec.gov/Archives/edgar/data/943452/000119312509040484/d10k.htm,1620599706,18:35:06,20210509
51,2008-09-30,WAB,USD,2008-11-06 00:00:00,2008-11-06 15:20:19,Q3,396017000,288343000.0,107674000,0.27189236825691826,9713000.0,0.0,0.0,0.0,55220000,343563000,0.0,7567000.0,60021000.0,0.15156167538262247,52454000.0,0.13245390980690222,-100000.0,50411000.0,0.1272950403644288,17241000.0,33170000.0,0.08375903054666844,0.345,0.34,96322000.0,97654000.0,https://www.sec.gov/Archives/edgar/data/943452/000119312508227810/0001193125-08-227810-index.html,https://www.sec.gov/Archives/edgar/data/943452/000119312508227810/d10q.htm,1620599706,18:35:06,20210509
52,2008-06-30,WAB,USD,2008-08-08 00:00:00,2008-08-08 06:49:05,Q2,390194000,281693000.0,108501000,0.27806937062076814,9631000.0,0.0,0.0,0.0,52579000,334272000,0.0,7136000.0,63058000.0,0.16160679046833112,55922000.0,0.14331845184702993,-696000.0,53933000.0,0.13822098750877768,20171000.0,33762000.0,0.08652618953648698,0.35,0.345,96190000.0,97310000.0,https://www.sec.gov/Archives/edgar/data/943452/000119312508170944/0001193125-08-170944-index.html,https://www.sec.gov/Archives/edgar/data/943452/000119312508170944/d10q.htm,1620599706,18:35:06,20210509
53,2008-03-31,WAB,USD,2008-05-09 00:00:00,2008-05-09 12:13:16,Q1,383327000,278112000.0,105215000,0.2744784479047915,9981000.0,0.0,0.0,0.0,51329000,329441000,0.0,7332000.0,61218000.0,0.15970176898574845,53886000.0,0.1405744964482022,-383000.0,52022000.0,0.1357118074124703,19509000.0,32510000.0,0.0848100968624699,0.335,0.33,96758000.0,98074000.0,https://www.sec.gov/Archives/edgar/data/943452/000119312508109270/0001193125-08-109270-index.html,https://www.sec.gov/Archives/edgar/data/943452/000119312508109270/d10q.htm,1620599706,18:35:06,20210509
54,2007-12-31,WAB,USD,2008-02-29,2008-02-29 14:01:14,Q4,365268000,268782000.0,96486000,0.2641512533263248,10355000.0,0.0,0.0,0.0,50275000,319057000,0.0,7476000.0,53687000.0,0.14697975185343365,46211000.0,0.12651258801756518,-277000.0,44760000.0,0.1225401622917967,15812000.0,28676000.0,0.07850674025646923,0.29636825895533186,0.29636825895533186,96758000.0,96758000.0,https://www.sec.gov/Archives/edgar/data/943452/000119312508043352/d10k.htm,https://www.sec.gov/Archives/edgar/data/943452/000119312508043352/d10k.htm,1620599706,18:35:06,20210509
55,2007-09-30,WAB,USD,2007-11-09 00:00:00,2007-11-09 12:04:39,Q3,354834000,259117000.0,95717000,0.2697514894288597,9237000.0,0.0,0.0,0.0,50073000,309190000,0.0,7693000.0,53337000.0,0.15031535873112498,45644000.0,0.1286347982436858,-927000.0,43428000.0,0.12238962444410625,16668000.0,27242000.0,0.07677392809031829,0.28,0.275,97472000.0,98762000.0,https://www.sec.gov/Archives/edgar/data/943452/000119312507241814/0001193125-07-241814-index.html,https://www.sec.gov/Archives/edgar/data/943452/000119312507241814/d10q.htm,1620599706,18:35:06,20210509
56,2007-06-30,WAB,USD,2007-08-09 00:00:00,2007-08-09 12:02:24,Q2,325722000,234872000.0,90850000,0.2789188326241396,9026000.0,0.0,0.0,0.0,45081000,279953000,0.0,7211000.0,52980000.0,0.16265404240425885,45769000.0,0.140515531649689,-1637000.0,43594000.0,0.13383805822142808,15469000.0,28130000.0,0.08636198967217443,0.29,0.285,97332000.0,98588000.0,https://www.sec.gov/Archives/edgar/data/943452/000119312507176979/0001193125-07-176979-index.html,https://www.sec.gov/Archives/edgar/data/943452/000119312507176979/d10q.htm,1620599706,18:35:06,20210509
57,2007-03-31,WAB,USD,2007-05-10 00:00:00,2007-05-10 14:36:07,Q1,314264000,227698000.0,86566000,0.27545630425374845,8816000.0,0.0,0.0,0.0,44449000,272147000,0.0,6760000.0,48877000.0,0.1555284728763078,42117000.0,0.13401789578189038,-809000.0,40672000.0,0.1294198508260571,15118000.0,25522000.0,0.08121197464552096,0.265,0.26,96604000.0,97790000.0,https://www.sec.gov/Archives/edgar/data/943452/000119312507109972/0001193125-07-109972-index.html,https://www.sec.gov/Archives/edgar/data/943452/000119312507109972/d10q.htm,1620599706,18:35:06,20210509
58,2006-12-31,WAB,USD,2007-03-01,2007-03-01 08:48:24,Q4,294420000,215672000.0,78748000,0.26746824264655933,8495000.0,0.0,0.0,0.0,42332000,258004000,0.0,4264000.0,40680000.0,0.13816996127980435,36416000.0,0.12368724950750629,-132000.0,36046000.0,0.12243054140343726,9143000.0,26242000.0,0.08913117315399768,0.2716450664568755,0.2716450664568755,96604000.0,96604000.0,https://www.sec.gov/Archives/edgar/data/943452/000119312507043570/d10k.htm,https://www.sec.gov/Archives/edgar/data/943452/000119312507043570/d10k.htm,1620599706,18:35:06,20210509
59,2006-09-30,WAB,USD,2006-11-09,2006-11-09 14:09:39,Q3,268889000,202691000.0,66198000,0.2461908073591705,8068000.0,0.0,0.0,0.0,40723000,243414000,0.0,9771000.0,35246000.0,0.131080111123921,25475000.0,0.09474169638772877,-139000.0,25532000.0,0.09495367977120671,7791000.0,17371000.0,0.06460286586658436,0.18,0.175,97378000.0,98586000.0,https://www.sec.gov/Archives/edgar/data/943452/000119312506230039/d10q.htm,https://www.sec.gov/Archives/edgar/data/943452/000119312506230039/d10q.htm,1620599706,18:35:06,20210509
60,2006-06-30,WAB,USD,2006-08-07,2006-08-07 14:34:05,Q2,261902000,185161000.0,76741000,0.2930141808768165,0.0,0.0,0.0,0.0,41195000,226356000,0.0,5804000.0,41350000.0,0.15788348313491307,35546000.0,0.1357225221647792,-1623000.0,33503000.0,0.12792189444906873,11721000.0,21145000.0,0.08073630594649907,0.22,0.215,96902000.0,98184000.0,https://www.sec.gov/Archives/edgar/data/943452/000119312506163547/d10q.htm,https://www.sec.gov/Archives/edgar/data/943452/000119312506163547/d10q.htm,1620599706,18:35:06,20210509
61,2006-03-31,WAB,USD,2006-05-10,2006-05-10 15:02:04,Q1,262409000,187319000.0,75090000,0.28615634372296683,0.0,0.0,0.0,0.0,42610000,229929000,0.0,6055000.0,38535000.0,0.14685090831488248,32480000.0,0.12377624243070931,120000.0,31476000.0,0.1199501541486763,11408000.0,20046000.0,0.07639219691397779,0.21,0.205,96182000.0,97482000.0,https://www.sec.gov/Archives/edgar/data/943452/000119312506056807/d10k.htm,https://www.sec.gov/Archives/edgar/data/943452/000119312506056807/d10k.htm,1620599706,18:35:06,20210509
62,2005-12-31,WAB,USD,2006-03-16,2006-03-16 16:52:41,Q4,269369000,199932000.0,69437000,0.2577765073189565,0.0,0.0,0.0,0.0,39837000,239769000,0.0,5986000.0,35586000.0,0.13210874302536668,29600000.0,0.10988643830581842,-66000.0,27731000.0,0.10294800069792738,9615000.0,16301000.0,0.0605155010413225,0.16948077602877878,0.16948077602877878,96182000.0,96182000.0,https://www.sec.gov/Archives/edgar/data/943452/000119312506056807/d10k.htm,https://www.sec.gov/Archives/edgar/data/943452/000119312506056807/d10k.htm,1620599706,18:35:06,20210509
63,2005-09-30,WAB,USD,2005-11-09,2005-11-09 12:34:11,Q3,255865000,188899000.0,66966000,0.2617239559924179,0.0,0.0,0.0,0.0,39810000,228709000,0.0,6262000.0,33418000.0,0.13060793777968852,27156000.0,0.10613409415121255,-1204000.0,23717000.0,0.09269341254177008,8366000.0,15076000.0,0.058921696988646355,0.16,0.155,95148000.0,96622000.0,https://www.sec.gov/Archives/edgar/data/943452/000119312505221123/d10q.htm,https://www.sec.gov/Archives/edgar/data/943452/000119312505221123/d10q.htm,1620599706,18:35:06,20210509
64,2005-06-30,WAB,USD,2005-08-09,2005-08-09 11:50:44,Q2,270241000,202870000.0,67371000,0.24929969915741876,0.0,0.0,0.0,0.0,40732000,243602000,0.0,6691000.0,33330000.0,0.1233343571108751,26639000.0,0.09857497566986505,-654000.0,23821000.0,0.08814724634677935,8670000.0,15151000.0,0.05606477181478754,0.1616554991250907,0.15933661450445902,93724000.0,95088000.0,https://www.sec.gov/Archives/edgar/data/943452/000119312505162105/d10q.htm,https://www.sec.gov/Archives/edgar/data/943452/000119312505162105/d10q.htm,1620599706,18:35:06,20210509
65,2005-03-31,WAB,USD,2005-05-10,2005-05-10 11:53:43,Q1,244884000,187354000.0,57530000,0.2349275575374463,0.0,0.0,0.0,0.0,39313000,226667000,0.0,6731000.0,24948000.0,0.10187680697799775,18217000.0,0.0743903235817775,-1131000.0,14602000.0,0.05962823214256546,5354000.0,9248000.0,0.03776481926136457,0.09995892691151992,0.09841438757050122,92518000.0,93970000.0,https://www.sec.gov/Archives/edgar/data/943452/000119312505052564/d10k.htm,https://www.sec.gov/Archives/edgar/data/943452/000119312505052564/d10k.htm,1620599706,18:35:06,20210509
66,2004-12-31,WAB,USD,2005-03-16,2005-03-16 14:59:01,Q4,224388000,169299000.0,55089000,0.24550778116476818,0.0,0.0,0.0,0.0,38866000,208165000,0.0,7087000.0,23310000.0,0.10388256056473608,16223000.0,0.07229887516266467,-145000.0,14012000.0,0.06244540706276628,5114000.0,9247000.0,0.04120986862042533,0.09994811820402516,0.09994811820402516,92518000.0,92518000.0,https://www.sec.gov/Archives/edgar/data/943452/000119312505052564/d10k.htm,https://www.sec.gov/Archives/edgar/data/943452/000119312505052564/d10k.htm,1620599706,18:35:06,20210509
67,2004-09-30,WAB,USD,2004-11-09,2004-11-09 16:08:02,Q3,202894000,152990000.0,49904000,0.24596094512405492,0.0,0.0,0.0,0.0,40266000,193256000,0.0,6663000.0,16301000.0,0.08034244482340533,9638000.0,0.04750263684485495,658000.0,7160000.0,0.035289362918568316,-2268000.0,9428000.0,0.04646761363076286,0.105,0.1,91006000.0,92552000.0,https://www.sec.gov/Archives/edgar/data/943452/000119312504191275/d10q.htm,https://www.sec.gov/Archives/edgar/data/943452/000119312504191275/d10q.htm,1620599706,18:35:06,20210509
68,2004-06-30,WAB,USD,2004-08-09,2004-08-09 14:41:22,Q2,206508000,153855000.0,52653000,0.25496833052472545,0.0,0.0,0.0,0.0,34592000,188447000,0.0,6109000.0,24170000.0,0.11704147054835648,18061000.0,0.08745908148836849,-623000.0,14115000.0,0.06835086292056482,5152000.0,8963000.0,0.04340267689387336,0.1000401812621381,0.0984382550630409,89594000.0,91052000.0,https://www.sec.gov/Archives/edgar/data/943452/000119312504135713/d10q.htm,https://www.sec.gov/Archives/edgar/data/943452/000119312504135713/d10q.htm,1620599706,18:35:06,20210509
69,2004-03-31,WAB,USD,2004-05-10,2004-05-10 12:26:59,Q1,188228000,140710000.0,47518000,0.2524491574048494,0.0,0.0,0.0,0.0,36035000,176745000,0.0,6253000.0,17736000.0,0.09422615126336145,11483000.0,0.06100580147480715,-910000.0,7570000.0,0.040217183415857366,2763000.0,4807000.0,0.025538177104362795,0.05381652896262959,0.0530152638080113,89322000.0,90672000.0,https://www.sec.gov/Archives/edgar/data/943452/000119312504041920/d10k.htm,https://www.sec.gov/Archives/edgar/data/943452/000119312504041920/d10k.htm,1620599706,18:35:06,20210509
70,2003-12-31,WAB,USD,2004-03-15,2004-03-15 13:26:21,Q4,206356000,153169000.0,53187000,0.2577438988931749,0.0,0.0,0.0,0.0,38268000,191437000,0.0,6947000.0,21866000.0,0.10596251138808661,14919000.0,0.07229738897827057,-3007000.0,8765000.0,0.042475140049235305,3199000.0,5891000.0,0.028547752427843145,0.06595239694588119,0.06595239694588119,89322000.0,89322000.0,https://www.sec.gov/Archives/edgar/data/943452/000119312504041920/d10k.htm,https://www.sec.gov/Archives/edgar/data/943452/000119312504041920/d10k.htm,1620599706,18:35:06,20210509
71,2003-09-30,WAB,USD,2003-09-30,2003-09-30,Q3,167189000,123764000.0,43425000,0.25973598741544,0.0,0.0,0.0,0.0,32778000,156542000,0.0,6488000.0,17135000.0,0.10248880010048508,10647000.0,0.06368241929792032,526000.0,8740000.0,0.05227616649420715,3190000.0,5603000.0,0.03351297035092021,0.06432392716919615,0.06341822297679683,87106000.0,88350000.0,,,1620599706,18:35:06,20210509
72,2003-06-30,WAB,USD,2003-06-30,2003-06-30,Q2,174856000,127294000.0,47562000,0.2720066797822208,0.0,0.0,0.0,0.0,33720000,161014000,0.0,6132000.0,19974000.0,0.11423113876561285,13842000.0,0.079162282106419,-2673000.0,8771000.0,0.05016127556389258,3201000.0,5526000.0,0.03160314773299172,0.06354938129628777,0.0630965973966659,86956000.0,87580000.0,,,1620599706,18:35:06,20210509
73,2003-03-31,WAB,USD,2003-05-15,2003-05-15,Q1,169523000,124247000.0,45276000,0.26707880346619634,0.0,0.0,0.0,0.0,32975000,157222000,0.0,5717000.0,18018000.0,0.10628646260389446,12301000.0,0.07256242515764823,-1136000.0,8766000.0,0.051709797490605995,3200000.0,5683000.0,0.03352347469074993,0.06539249303845535,0.06517351315397142,86906000.0,87198000.0,https://www.sec.gov/Archives/edgar/data/943452/000095012803000666/0000950128-03-000666-index.htm,https://www.sec.gov/Archives/edgar/data/943452/000095012803000666/j0101701e10vq.txt,1620599706,18:35:06,20210509
74,2002-12-31,WAB,USD,2002-12-31,2002-12-31,Q4,177640000,131589000.0,46051000,0.2592377842828192,0.0,0.0,0.0,0.0,33454000,165043000,0.0,6246000.0,18843000.0,0.10607408241387074,12597000.0,0.07091308263904526,-3736000.0,6621000.0,0.03727201080837649,1545000.0,5250000.0,0.029554154469714027,0.06041009826709318,0.06041009826709318,86906000.0,86906000.0,,,1620599706,18:35:06,20210509
75,2002-09-30,WAB,USD,2002-09-30,2002-09-30,Q3,161422000,118138000.0,43284000,0.26814188896185154,0.0,30702000.0,0.0,0.0,32114000,150252000,0.0,6254000.0,17424000.0,0.10794067723110852,11170000.0,0.06919750715515853,-317000.0,7761000.0,0.04807894834656986,2716000.0,3890000.0,0.024098326126550284,0.04485597656880607,0.0445947495127823,86722000.0,87230000.0,,,1620599706,18:35:06,20210509
76,2002-06-30,WAB,USD,2002-08-14 00:00:00,2002-08-14 12:45:44,Q2,179808000,134452000.0,45356000,0.25224684107492434,0.0,30707000.0,0.0,0.0,32056000,166508000,0.0,6455000.0,19755000.0,0.10986719167111586,13300000.0,0.073967787862609,-392000.0,7329000.0,0.040760144153764014,2565000.0,4821000.0,0.02681193272824346,0.055642759862422383,0.05511730004115791,86642000.0,87468000.0,https://www.sec.gov/Archives/edgar/data/943452/000095012802000610/0000950128-02-000610-index.html,https://www.sec.gov/Archives/edgar/data/943452/000095012802000610/j9588301e10vq.txt,1620599706,18:35:06,20210509
77,2002-03-31,WAB,USD,2002-03-31,2002-03-31,Q1,177325000,132545000.0,44780000,0.25253066403496405,0.0,32828000.0,0.0,0.0,34313000,166858000,0.0,6558000.0,17025000.0,0.09601015085295361,10467000.0,0.05902720992527844,-1113000.0,4044000.0,0.02280558296912449,1415000.0,2224000.0,0.012541942760468067,0.025741932496874856,0.02555616841331127,86396000.0,87024000.0,,,1620599706,18:35:06,20210509
78,2001-12-31,WAB,USD,2002-07-01,2002-07-01,Q4,46953000,27016000.0,19937000,0.4246161054671693,0.0,20208000.0,0.0,0.0,31266000,58282000,0.0,1699000.0,-9630000.0,-0.2050987157370136,-11329000.0,-0.24128383702851788,-9504000.0,-16544000.0,-0.35235235235235235,-5791000.0,37065000.0,0.7894064277043,0.42901291726468815,0.42901291726468815,86396000.0,86396000.0,https://www.sec.gov/Archives/edgar/data/943452/000095012802000495/0000950128-02-000495-index.htm,https://www.sec.gov/Archives/edgar/data/943452/000095012802000495/j9516501e10vkza.txt,1620599706,18:35:06,20210509
79,2001-09-30,WAB,USD,2001-09-30,2001-09-30,Q3,228532000,171814000.0,56718000,0.248184061750652,0.0,36590000.0,0.0,0.0,40250000,212064000,0.0,10682000.0,27150000.0,0.11880174330071937,16468000.0,0.0720599303379833,-1397000.0,6784000.0,0.029685120683317873,391000.0,6393000.0,0.027974200549594805,0.07433893811483988,0.07381535193053759,85998000.0,86608000.0,,,1620599706,18:35:06,20210509
80,2001-06-30,WAB,USD,2001-08-14 00:00:00,2001-08-14 00:00:00,Q2,241669000,179363000.0,62306000,0.25781544178194143,0.0,35359000.0,0.0,0.0,39117000,218480000,0.0,10360000.0,33549000.0,0.13882210792447522,23189000.0,0.0959535563104908,-2220000.0,11997000.0,0.04964227931592385,4036000.0,7961000.0,0.03294175090723262,0.095,0.09,85874000.0,86424000.0,https://www.sec.gov/Archives/edgar/data/943452/000095012801500448/0000950128-01-500448-index.html,https://www.sec.gov/Archives/edgar/data/943452/000095012801500448/j8992701e10-q.txt,1620599706,18:35:06,20210509
81,2001-03-31,WAB,USD,2001-03-31,2001-03-31,Q1,266545000,195579000.0,70966000,0.2662439738130522,0.0,37723000.0,0.0,0.0,41513000,237092000,0.0,10320000.0,39773000.0,0.14921683017876905,29453000.0,0.11049916524414265,-1985000.0,16190000.0,0.06074021272205444,5829000.0,10361000.0,0.03887148511508376,0.1208026303516463,0.1200746337845355,85768000.0,86288000.0,,,1620599706,18:35:06,20210509
82,2000-12-31,WAB,USD,2000-12-31,2000-12-31,Q4,264790000,192114000.0,72676000,0.2744665584047736,0.0,36345000.0,0.0,0.0,46353000,238467000,0.0,10008000.0,36331000.0,0.13720684315872955,26323000.0,0.09941085388421013,-7645000.0,7016000.0,0.026496468899882927,2527000.0,4489000.0,0.016953057139620076,0.05233886764294376,0.05233886764294376,85768000.0,85768000.0,,,1620599706,18:35:06,20210509
83,2000-09-30,WAB,USD,2000-10-31 00:00:00,2000-10-31 00:00:00,Q3,255163000,181144000.0,74019000,0.2900851612498677,0.0,36707000.0,0.0,0.0,46734000,227878000,0.0,10027000.0,37312000.0,0.1462280973338611,27285000.0,0.10693164761348628,-13071000.0,2402000.0,0.009413590528407331,5931000.0,-3529000.0,-0.01383037509356764,-0.04064263503397443,-0.04062018002256037,86830000.0,86878000.0,https://www.sec.gov/Archives/edgar/data/943452/000095012800001242/0000950128-00-001242-index.html,https://www.sec.gov/Archives/edgar/data/943452/000095012800001242/j8475601e10-q.txt,1620599706,18:35:06,20210509
84,2000-06-30,WAB,USD,2000-08-10 00:00:00,2000-08-10 00:00:00,Q2,249164000,175047000.0,74117000,0.29746271532003016,0.0,35766000.0,0.0,0.0,46190000,221237000,0.0,10424000.0,38351000.0,0.15391870414666645,27927000.0,0.1120828048995842,-4529000.0,12537000.0,0.05031625756529836,4514000.0,8023000.0,0.03219967571559294,0.09231601233488286,0.09219719604688577,86908000.0,87020000.0,https://www.sec.gov/Archives/edgar/data/943452/000095012800001052/0000950128-00-001052-index.html,https://www.sec.gov/Archives/edgar/data/943452/000095012800001052/e10-q.txt,1620599706,18:35:06,20210509
85,2000-03-31,WAB,USD,2000-05-10 00:00:00,2000-05-10 00:00:00,Q1,258859000,174852000.0,84007000,0.32452802490931354,0.0,37717000.0,0.0,0.0,48920000,223772000,0.0,11203000.0,46290000.0,0.1788232203632093,35087000.0,0.1355448332876199,1723000.0,25640000.0,0.09905006200286642,9230000.0,16410000.0,0.06339358492461147,0.18967151344228947,0.1892733564013841,86518000.0,86700000.0,https://www.sec.gov/Archives/edgar/data/943452/000095012800000755/0000950128-00-000755-index.html,https://www.sec.gov/Archives/edgar/data/943452/0000950128-00-000755.txt,1620599706,18:35:06,20210509
86,1999-12-31,WAB,USD,1999-12-31,1999-12-31,Q4,563368000,399583000.0,163785000,0.290724712798739,0.0,69314000.0,0.0,0.0,92328000,491911000,0.0,23014000.0,94471000.0,0.16768968063503784,71457000.0,0.12683894008889393,-42738000.0,10999000.0,0.01952365061558342,11157000.0,-977000.0,-0.0017342128058391673,-0.011292447814327655,-0.011292447814327655,86518000.0,86518000.0,,,1620599706,18:35:06,20210509
87,1999-09-30,WAB,USD,1999-09-30,1999-09-30,Q3,172400000,110300000.0,62100000,0.36020881670533644,0.0,26300000.0,0.0,0.0,33200000,143500000,0.0,6900000.0,35800000.0,0.20765661252900233,28900000.0,0.16763341067285384,-500000.0,19700000.0,0.1142691415313225,7200000.0,12500000.0,0.07250580046403712,0.245,0.24,51020408.0,52083333.0,,,1620599706,18:35:06,20210509
88,1999-06-30,WAB,USD,1999-06-30,1999-06-30,Q2,194000000,127100000.0,66900000,0.34484536082474226,0.0,30600000.0,0.0,0.0,36500000,163600000,0.0,5900000.0,36300000.0,0.18711340206185567,30400000.0,0.15670103092783505,-400000.0,21100000.0,0.10876288659793815,7900000.0,13200000.0,0.06804123711340206,0.26,0.255,50769231.0,51764706.0,,,1620599706,18:35:06,20210509
89,1999-03-31,WAB,USD,1999-03-31,1999-03-31,Q1,191200000,125300000.0,65900000,0.3446652719665272,0.0,30200000.0,0.0,0.0,37000000,162300000,0.0,6800000.0,35700000.0,0.18671548117154813,28900000.0,0.15115062761506276,-100000.0,19700000.0,0.10303347280334728,7300000.0,11900000.0,0.062238493723849375,0.235,0.23,50742000.0,51552000.0,,,1620599706,18:35:06,20210509
90,1998-12-31,WAB,USD,1999-06-30,1999-06-30,Q4,180200000,115400000.0,64800000,0.35960044395116536,0.0,30100000.0,0.0,0.0,36000000,151400000,0.0,5900000.0,34700000.0,0.1925638179800222,28800000.0,0.1598224195338513,-1000000.0,18700000.0,0.10377358490566038,7100000.0,11000000.0,0.06104328523862375,0.21678294115328525,0.21678294115328525,50742000.0,50742000.0,https://www.sec.gov/Archives/edgar/data/943452/0000950128-99-000842-index.html,https://www.sec.gov/Archives/edgar/data/943452/000095012899000842/,1620599706,18:35:06,20210509
91,1998-09-30,WAB,USD,1998-09-30,1998-09-30,Q3,160500000,104500000.0,56000000,0.34890965732087226,0.0,24400000.0,0.0,0.0,30700000,135200000,0.0,6300000.0,31600000.0,0.19688473520249222,25300000.0,0.1576323987538941,-300000.0,17400000.0,0.10841121495327102,6600000.0,10800000.0,0.06728971962616823,0.215,0.21,50232558.0,51428571.0,,,1620599706,18:35:06,20210509
92,1998-06-30,WAB,USD,1998-06-30,1998-06-30,Q2,172100000,112500000.0,59600000,0.3463102847181871,0.0,26900000.0,0.0,0.0,33500000,146000000,0.0,6600000.0,32700000.0,0.19000581057524696,26100000.0,0.15165601394538059,300000.0,18900000.0,0.10981987216734457,7200000.0,9000000.0,0.05229517722254503,0.18,0.17,50000000.0,52941176.0,,,1620599706,18:35:06,20210509
93,1998-03-31,WAB,USD,1998-03-31,1998-03-31,Q1,158100000,102000000.0,56100000,0.3548387096774194,0.0,24900000.0,0.0,0.0,31300000,133300000,0.0,6400000.0,31200000.0,0.19734345351043645,24800000.0,0.1568627450980392,100000.0,17600000.0,0.11132194813409235,6700000.0,10900000.0,0.068943706514864,0.21,0.21,51904762.0,51904762.0,,,1620599706,18:35:06,20210509
94,1997-12-31,WAB,USD,1997-12-31,1997-12-31,Q4,147100000,94700000.0,52400000,0.35622025832766824,0.0,23300000.0,0.0,0.0,29700000,124400000,0.0,6400000.0,29100000.0,0.19782460910944935,22700000.0,0.15431679129843645,-100000.0,15200000.0,0.10333106730115568,5600000.0,9600000.0,0.06526172671651938,0.1849541281010016,0.1849541281010016,51904762.0,51904762.0,,,1620599706,18:35:06,20210509
95,1997-09-30,WAB,USD,1997-09-30,1997-09-30,Q3,142800000,93100000.0,49700000,0.3480392156862745,0.0,21500000.0,0.0,0.0,27600000,120700000,0.0,6100000.0,28200000.0,0.19747899159663865,22100000.0,0.15476190476190477,200000.0,14500000.0,0.1015406162464986,5700000.0,8800000.0,0.06162464985994398,0.175,0.175,50285714.0,50285714.0,,,1620599706,18:35:06,20210509
96,1997-06-30,WAB,USD,1997-06-30,1997-06-30,Q2,138100000,87200000.0,50900000,0.36857349746560464,0.0,22100000.0,0.0,0.0,28000000,115200000,0.0,5900000.0,28800000.0,0.20854453294713976,22900000.0,0.165821868211441,100000.0,15300000.0,0.11078928312816799,6000000.0,9300000.0,0.06734250543084722,0.185,0.185,50270270.0,50270270.0,,,1620599706,18:35:06,20210509
97,1997-03-31,WAB,USD,1997-03-31,1997-03-31,Q1,136500000,86800000.0,49700000,0.3641025641025641,0.0,20900000.0,0.0,0.0,27100000,113900000,0.0,6200000.0,28800000.0,0.210989010989011,22600000.0,0.16556776556776556,0.0,15700000.0,0.11501831501831501,6100000.0,9600000.0,0.07032967032967033,0.17,0.17,56470588.0,56470588.0,,,1620599706,18:35:06,20210509
98,1996-12-31,WAB,USD,1996-12-31,1996-12-31,Q4,128800000,87500000.0,41300000,0.32065217391304346,5300000.0,15300000.0,0.0,0.0,26300000,113800000,0.0,5700000.0,20700000.0,0.16071428571428573,15000000.0,0.11645962732919254,5800000.0,13600000.0,0.10559006211180125,4900000.0,8700000.0,0.06754658385093168,0.15406250064192709,0.15406250064192709,56470588.0,56470588.0,,,1620599706,18:35:06,20210509
99,1996-09-30,WAB,USD,1996-09-30,1996-09-30,Q3,109800000,66300000.0,43500000,0.39617486338797814,4700000.0,11500000.0,0.0,0.0,22100000,88400000,0.0,5900000.0,27300000.0,0.24863387978142076,21400000.0,0.19489981785063754,-1700000.0,13300000.0,0.12112932604735883,5300000.0,8000000.0,0.07285974499089254,0.14,0.14,57142857.0,57142857.0,,,1620599706,18:35:06,20210509
