,date,symbol,reportedCurrency,fillingDate,acceptedDate,period,revenue,costOfRevenue,grossProfit,grossProfitRatio,researchAndDevelopmentExpenses,generalAndAdministrativeExpenses,sellingAndMarketingExpenses,otherExpenses,operatingExpenses,costAndExpenses,interestExpense,depreciationAndAmortization,ebitda,ebitdaratio,operatingIncome,operatingIncomeRatio,totalOtherIncomeExpensesNet,incomeBeforeTax,incomeBeforeTaxRatio,incomeTaxExpense,netIncome,netIncomeRatio,eps,epsdiluted,weightedAverageShsOut,weightedAverageShsOutDil,link,finalLink,timestamp,est_time,est_date
0,2020-09-30,EBIX,USD,2020-11-09,2020-11-09 16:00:40,Q3,154305000.0,85976000.0,68329000.0,0.44281779592365766,8775000.0,20888000.0,3375000.0,-4000.0,36430000.0,122406000.0,7495000.0,5602000.0,37501000.0,0.24303165807977706,31899000.0,0.20672693691066393,-601000.0,23832000.0,0.15444736074657334,-152000.0,24682000.0,0.1599559314344966,0.81,0.8,30525000.0,30853000.0,https://www.sec.gov/Archives/edgar/data/814549/000081454920000026/0000814549-20-000026-index.htm,https://www.sec.gov/Archives/edgar/data/814549/000081454920000026/ebix-20200930.htm,1620591408,16:16:48,20210509
1,2020-06-30,EBIX,USD,2020-08-07,2020-08-07 14:38:12,Q2,111312000.0,49093000.0,62219000.0,0.5589603995975276,8338000.0,15464000.0,3458000.0,118000.0,30369000.0,79462000.0,7147000.0,5406000.0,37256000.0,0.33469886445306885,31850000.0,0.2861326721287911,209000.0,24941000.0,0.22406389248239184,1677000.0,23475000.0,0.21089370418283743,0.77,0.76,30504000.0,30708000.0,https://www.sec.gov/Archives/edgar/data/814549/000081454920000019/0000814549-20-000019-index.htm,https://www.sec.gov/Archives/edgar/data/814549/000081454920000019/ebix-2020630x10q.htm,1620591408,16:16:48,20210509
2,2020-03-31,EBIX,USD,2020-05-11,2020-05-11 15:42:56,Q1,137876000.0,57457000.0,80419000.0,0.5832704749194929,9417000.0,29244000.0,3804000.0,-19000.0,46106000.0,103563000.0,9237000.0,6271000.0,40584000.0,0.29435144622704457,34313000.0,0.2488685485508718,599000.0,25729000.0,0.186609707273202,1284000.0,24723000.0,0.17931329600510604,0.811228507678173,0.8057556301535052,30476000.0,30683000.0,https://www.sec.gov/Archives/edgar/data/814549/000081454920000011/0000814549-20-000011-index.htm,https://www.sec.gov/Archives/edgar/data/814549/000081454920000006/ebix-2019x10kclassic.htm,1620591408,16:16:48,20210509
3,2019-12-31,EBIX,USD,2020-03-02,2020-03-02 16:58:33,Q4,146183000.0,53111000.0,93072000.0,0.6366814198641428,11418000.0,39219000.0,4680000.0,-7000.0,58819000.0,111930000.0,9781000.0,6244000.0,40497000.0,0.27702947675174266,34253000.0,0.23431589172475595,-1888000.0,22635000.0,0.15484016609318457,517000.0,21650000.0,0.14810203648851097,0.7099524512215117,0.7071003984584231,30495000.0,30618000.0,https://www.sec.gov/Archives/edgar/data/814549/000081454920000006/0000814549-20-000006-index.htm,https://www.sec.gov/Archives/edgar/data/814549/000081454920000006/ebix-2019x10kclassic.htm,1620591408,16:16:48,20210509
4,2019-09-30,EBIX,USD,2019-11-12,2019-11-12 17:25:18,Q3,147233000.0,55171000.0,92062000.0,0.6252810171632718,11245000.0,46900000.0,4284000.0,352000.0,66055000.0,121226000.0,10970000.0,5964000.0,31971000.0,0.21714561273627517,26007000.0,0.17663838949148628,-289000.0,14847000.0,0.10084016490868215,-217000.0,20509000.0,0.13929621755992203,0.6724041834693945,0.6695067410962035,30501000.0,30633000.0,https://www.sec.gov/Archives/edgar/data/814549/000081454919000090/0000814549-19-000090-index.htm,https://www.sec.gov/Archives/edgar/data/814549/000081454919000090/ebix-2019930x10q.htm,1620591408,16:16:48,20210509
5,2019-06-30,EBIX,USD,2019-08-09,2019-08-09 13:51:49,Q2,144275000.0,50954000.0,93321000.0,0.6468272396465085,11397000.0,32866000.0,4493000.0,-11000.0,52039000.0,102993000.0,11763000.0,5776000.0,47058000.0,0.3261687749090279,41282000.0,0.2861341188702131,-298000.0,29350000.0,0.20343094784266158,1004000.0,28851000.0,0.1999722751689482,0.95,0.94,30528000.0,30668000.0,https://www.sec.gov/Archives/edgar/data/814549/000081454919000060/0000814549-19-000060-index.htm,https://www.sec.gov/Archives/edgar/data/814549/000081454919000060/ebix-2019630x10q.htm,1620591408,16:16:48,20210509
6,2019-03-31,EBIX,USD,2019-05-10,2019-05-10 15:59:52,Q1,142924000.0,45929000.0,96995000.0,0.6786473930200666,11242000.0,21444000.0,6121000.0,3000.0,42864000.0,88793000.0,9818000.0,6324000.0,60455000.0,0.4229870420643139,54131000.0,0.37873974979709496,-20704000.0,23959000.0,0.16763454703198902,-1084000.0,25710000.0,0.1798858134393104,0.8422880356440834,0.8400862632335643,30524000.0,30604000.0,https://www.sec.gov/Archives/edgar/data/814549/000081454919000039/0000814549-19-000039-index.htm,https://www.sec.gov/Archives/edgar/data/814549/000081454919000017/ebix-2018x10k.htm,1620591408,16:16:48,20210509
7,2018-12-31,EBIX,USD,2019-03-01,2019-03-01 16:02:52,Q4,136327000.0,42302000.0,94025000.0,0.6897019665950253,10963000.0,34059000.0,4045000.0,0.0,52495000.0,94797000.0,9037000.0,4053000.0,45583000.0,0.334365166107961,41530000.0,0.304635178651331,2127000.0,34747000.0,0.2548798110425668,26474000.0,8509000.0,0.06241610245952746,0.2733112774226705,0.27250600480384307,31133000.0,31225000.0,https://www.sec.gov/Archives/edgar/data/814549/000081454919000017/0000814549-19-000017-index.htm,https://www.sec.gov/Archives/edgar/data/814549/000081454919000017/ebix-2018x10k.htm,1620591408,16:16:48,20210509
8,2018-09-30,EBIX,USD,2018-11-09,2018-11-09 14:23:17,Q3,128643000.0,42963000.0,85680000.0,0.6660292437209954,11010000.0,28188000.0,4721000.0,7000.0,46442000.0,89405000.0,7467000.0,3051000.0,42289000.0,0.3287314506036084,39238000.0,0.30501465295429986,-914000.0,30960000.0,0.240666029243721,1679000.0,29242000.0,0.22731124118685042,0.93,0.92,31492000.0,31628000.0,https://www.sec.gov/Archives/edgar/data/814549/000081454918000043/0000814549-18-000043-index.htm,https://www.sec.gov/Archives/edgar/data/814549/000081454918000043/ebix-2018930x10q.htm,1620591408,16:16:48,20210509
9,2018-06-30,EBIX,USD,2018-08-09,2018-08-09 16:55:26,Q2,124626000.0,43559000.0,81067000.0,0.650482242870669,8671000.0,26724000.0,4823000.0,0.0,42752000.0,86311000.0,5750000.0,3089000.0,41404000.0,0.3322260202525958,38315000.0,0.3074398600613034,-1357000.0,31293000.0,0.25109527706899043,2222000.0,29180000.0,0.23414054852117536,0.93,0.92,31465000.0,31626000.0,https://www.sec.gov/Archives/edgar/data/814549/000081454918000028/0000814549-18-000028-index.htm,https://www.sec.gov/Archives/edgar/data/814549/000081454918000028/ebix-2018630x10q.htm,1620591408,16:16:48,20210509
10,2018-03-31,EBIX,USD,2018-05-10,2018-05-10 15:44:24,Q1,108230000.0,39591000.0,68639000.0,0.6341956943546152,8434000.0,19504000.0,3998000.0,53000.0,34743000.0,74334000.0,4847000.0,3332000.0,37228000.0,0.34397117250300285,33896000.0,0.31318488404324124,-588000.0,28582000.0,0.2640857433244017,2126000.0,26208000.0,0.24215097477594014,0.8324757004002287,0.8278214725670425,31482000.0,31659000.0,https://www.sec.gov/Archives/edgar/data/814549/000081454918000019/0000814549-18-000019-index.htm,https://www.sec.gov/Archives/edgar/data/814549/000081454918000008/ebix-2017x10k.htm,1620591408,16:16:48,20210509
11,2017-12-31,EBIX,USD,2018-03-01,2018-03-01 16:34:29,Q4,104681000.0,38438000.0,66243000.0,0.632808246004528,8551000.0,17820000.0,3991000.0,0.0,33162000.0,71600000.0,4345000.0,3671000.0,36752000.0,0.3510856793496432,33081000.0,0.31601723330881437,-894000.0,27939000.0,0.2668965714886178,414000.0,26573000.0,0.2538474030626379,0.844391483952971,0.8394301238311852,31470000.0,31656000.0,https://www.sec.gov/Archives/edgar/data/814549/000081454918000008/0000814549-18-000008-index.htm,https://www.sec.gov/Archives/edgar/data/814549/000081454918000008/ebix-2017x10k.htm,1620591408,16:16:48,20210509
12,2017-09-30,EBIX,USD,2017-11-09,2017-11-09 15:40:34,Q3,92800000.0,34937000.0,57863000.0,0.6235237068965517,8536000.0,14874000.0,3833000.0,0.0,29952000.0,64889000.0,3552000.0,3223000.0,31134000.0,0.3354956896551724,27911000.0,0.30076508620689657,-400000.0,24334000.0,0.2622198275862069,-204000.0,24184000.0,0.26060344827586207,0.77,0.76,31453000.0,31622000.0,https://www.sec.gov/Archives/edgar/data/814549/000081454917000027/0000814549-17-000027-index.htm,https://www.sec.gov/Archives/edgar/data/814549/000081454917000027/ebix-2017930x10q.htm,1620591408,16:16:48,20210509
13,2017-06-30,EBIX,USD,2017-08-09,2017-08-09 15:48:20,Q2,87387000.0,30932000.0,56455000.0,0.6460343071623926,8417000.0,14598000.0,4142000.0,0.0,29916000.0,60848000.0,3018000.0,3139000.0,29678000.0,0.33961573231716385,26539000.0,0.30369505761726573,-391000.0,23595000.0,0.2700058361083456,-302000.0,23434000.0,0.2681634568070766,0.7441727532550015,0.7407149856181053,31490000.0,31637000.0,https://www.sec.gov/Archives/edgar/data/814549/000081454917000022/0000814549-17-000022-index.htm,https://www.sec.gov/Archives/edgar/data/814549/000081454917000022/ebix-2017630x10q.htm,1620591408,16:16:48,20210509
14,2017-03-31,EBIX,USD,2017-05-10,2017-05-10 16:00:48,Q1,79103000.0,25187000.0,53916000.0,0.6815923542722779,8350000.0,12684000.0,4337000.0,0.0,28226000.0,53413000.0,2468000.0,3265000.0,28955000.0,0.3660417430438795,25690000.0,0.3247664437505531,3496000.0,27492000.0,0.347546869271709,869000.0,26427000.0,0.33408341023728555,0.8308548432734932,0.8265411440903262,31807000.0,31973000.0,https://www.sec.gov/Archives/edgar/data/814549/000081454917000013/0000814549-17-000013-index.htm,https://www.sec.gov/Archives/edgar/data/814549/000081454917000004/ebix-2016x10k.htm,1620591408,16:16:48,20210509
15,2016-12-31,EBIX,USD,2017-03-01,2017-03-01 15:56:56,Q4,80046000.0,22522000.0,57524000.0,0.7186367838492866,8068000.0,14670000.0,4467000.0,0.0,29863000.0,52385000.0,1995000.0,2734000.0,30395000.0,0.37971916148214774,27661000.0,0.34556380081453164,-839000.0,25459000.0,0.3180546185943083,516000.0,24629000.0,0.30768558079104513,0.763003810526968,0.7582119878090078,32279000.0,32483000.0,https://www.sec.gov/Archives/edgar/data/814549/000081454917000004/0000814549-17-000004-index.htm,https://www.sec.gov/Archives/edgar/data/814549/000081454917000004/ebix-2016x10k.htm,1620591408,16:16:48,20210509
16,2016-09-30,EBIX,USD,2016-11-09,2016-11-09 16:40:40,Q3,74608000.0,22425000.0,52183000.0,0.6994290156551576,8563000.0,12126000.0,4463000.0,0.0,27890000.0,50315000.0,1922000.0,3124000.0,27417000.0,0.3674806991207377,24293000.0,0.32560851383229683,1740000.0,24746000.0,0.3316802487668883,789000.0,24067000.0,0.32257934805918936,0.7423275037784153,0.7358813637058553,32421000.0,32705000.0,https://www.sec.gov/Archives/edgar/data/814549/000081454916000066/0000814549-16-000066-index.htm,https://www.sec.gov/Archives/edgar/data/814549/000081454916000066/ebix-2016930x10q.htm,1620591408,16:16:48,20210509
17,2016-06-30,EBIX,USD,2016-08-10,2016-08-09 17:34:31,Q2,72574000.0,20579000.0,51995000.0,0.7164411497230413,8285000.0,13310000.0,4206000.0,0.0,28431000.0,49010000.0,2185000.0,2958000.0,26522000.0,0.36544768098768154,23564000.0,0.32468928266321273,-195000.0,21625000.0,0.29797172541130434,-1418000.0,22992000.0,0.3168076721690964,0.7033773861967695,0.6973823895174255,32688000.0,32969000.0,https://www.sec.gov/Archives/edgar/data/814549/000081454916000061/0000814549-16-000061-index.htm,https://www.sec.gov/Archives/edgar/data/814549/000081454916000061/ebix-2016630x10q.htm,1620591408,16:16:48,20210509
18,2016-03-31,EBIX,USD,2016-05-10,2016-05-10 16:05:45,Q1,71066000.0,19602000.0,51464000.0,0.724171896546872,8065000.0,11583000.0,4333000.0,0.0,26701000.0,46303000.0,1274000.0,3046000.0,27809000.0,0.39131230124109984,24763000.0,0.34845073593560916,469000.0,24101000.0,0.33913545155207836,1750000.0,22159000.0,0.3118087411701798,0.6706110220016342,0.6652356649654758,33043000.0,33310000.0,https://www.sec.gov/Archives/edgar/data/814549/000081454916000052/0000814549-16-000052-index.htm,https://www.sec.gov/Archives/edgar/data/814549/000081454916000040/ebix-2015x10k.htm,1620591408,16:16:48,20210509
19,2015-12-31,EBIX,USD,2016-02-29,2016-02-29 15:31:16,Q4,70204000.0,16444000.0,53760000.0,0.7657683322887585,8029000.0,13083000.0,4122000.0,0.0,27936000.0,44380000.0,1909000.0,2702000.0,28526000.0,0.40633012363967863,25824000.0,0.3678422881887072,-354000.0,23625000.0,0.3365192866503333,1696000.0,21929000.0,0.312361119024557,0.6511372409287962,0.6462821608558545,33678000.0,33931000.0,https://www.sec.gov/Archives/edgar/data/814549/000081454916000040/0000814549-16-000040-index.htm,https://www.sec.gov/Archives/edgar/data/814549/000081454916000040/ebix-2015x10k.htm,1620591408,16:16:48,20210509
20,2015-09-30,EBIX,USD,2015-11-09,2015-11-09 17:24:09,Q3,66813000.0,17809000.0,49004000.0,0.7334500770808077,8338000.0,12128000.0,3805000.0,0.0,27036000.0,44845000.0,1058000.0,2765000.0,24733000.0,0.3701824495232964,21968000.0,0.3287982877583704,1137000.0,22109000.0,0.33090865550117493,1877000.0,20232000.0,0.30281532037178394,0.589785447761194,0.5861799217731422,34304000.0,34515000.0,https://www.sec.gov/Archives/edgar/data/814549/000081454915000028/0000814549-15-000028-index.htm,https://www.sec.gov/Archives/edgar/data/814549/000081454915000028/ebix-2015930x10q.htm,1620591408,16:16:48,20210509
21,2015-06-30,EBIX,USD,2015-08-10,2015-08-10 16:13:08,Q2,64712000.0,18699000.0,46013000.0,0.7110427741377179,7288000.0,12121000.0,3611000.0,0.0,25590000.0,44289000.0,625000.0,2570000.0,22993000.0,0.35531277042897763,20423000.0,0.3155983434293485,330000.0,20172000.0,0.3117196192359995,1136000.0,19036000.0,0.2941649153170973,0.5431718313074245,0.5397374464827469,35046000.0,35269000.0,https://www.sec.gov/Archives/edgar/data/814549/000081454915000020/0000814549-15-000020-index.htm,https://www.sec.gov/Archives/edgar/data/814549/000081454915000020/ebix-2015630x10q.htm,1620591408,16:16:48,20210509
22,2015-03-31,EBIX,USD,2015-05-11,2015-05-11 16:51:34,Q1,63753000.0,19485000.0,44268000.0,0.6943673238906405,7047000.0,10746000.0,3379000.0,0.0,23769000.0,43254000.0,719000.0,2597000.0,23096000.0,0.36227314793029347,20499000.0,0.3215378099854124,892000.0,20733000.0,0.3252082254952708,2397000.0,18336000.0,0.287609994823773,0.5134983757141257,0.5099849808088113,35708000.0,35954000.0,https://www.sec.gov/Archives/edgar/data/814549/000081454915000016/0000814549-15-000016-index.htm,https://www.sec.gov/Archives/edgar/data/814549/000081454915000012/ebix-2014x10k.htm,1620591408,16:16:48,20210509
23,2014-12-31,EBIX,USD,2015-03-16,2015-03-16 16:04:22,Q4,60633000.0,17537000.0,43096000.0,0.7107680635957317,6630000.0,9963000.0,3196000.0,0.0,22028000.0,39565000.0,2184000.0,2239000.0,23307000.0,0.3843946365840384,21068000.0,0.34746755067372553,-43000.0,18894000.0,0.3116124882489733,2347000.0,16547000.0,0.2729041940857289,0.4522521045151416,0.4496345208010652,36588000.0,36801000.0,https://www.sec.gov/Archives/edgar/data/814549/000081454915000012/0000814549-15-000012-index.htm,https://www.sec.gov/Archives/edgar/data/814549/000081454915000012/ebix-2014x10k.htm,1620591408,16:16:48,20210509
24,2014-09-30,EBIX,USD,2014-11-10,2014-11-10 15:14:35,Q3,50808000.0,10275000.0,40533000.0,0.7977680680207841,6779000.0,6008000.0,3559000.0,0.0,18795000.0,29070000.0,392000.0,2449000.0,24187000.0,0.47604707920012596,21738000.0,0.427846008502598,618000.0,22025000.0,0.43349472524011967,4010000.0,18015000.0,0.3545701464336325,0.47345597897503283,0.47094345541526156,38050000.0,38253000.0,https://www.sec.gov/Archives/edgar/data/814549/000081454914000023/0000814549-14-000023-index.htm,https://www.sec.gov/Archives/edgar/data/814549/000081454914000023/ebix-2014930x10q.htm,1620591408,16:16:48,20210509
25,2014-06-30,EBIX,USD,2014-08-11,2014-08-11 15:32:34,Q2,51476000.0,9964000.0,41512000.0,0.8064340663610227,6758000.0,11068000.0,3784000.0,0.0,24051000.0,34015000.0,211000.0,2441000.0,19902000.0,0.3866267775273914,17461000.0,0.3392066205610382,-475000.0,16905000.0,0.32840547051052915,3326000.0,13579000.0,0.26379283549615357,0.35337132745205196,0.35135974331772196,38427000.0,38647000.0,https://www.sec.gov/Archives/edgar/data/814549/000081454914000018/0000814549-14-000018-index.htm,https://www.sec.gov/Archives/edgar/data/814549/000081454914000018/ebix-2014630x10q.htm,1620591408,16:16:48,20210509
26,2014-03-31,EBIX,USD,2014-05-12,2014-05-12 15:45:25,Q1,51404000.0,9612000.0,41792000.0,0.8130106606489768,6693000.0,9841000.0,3301000.0,0.0,22387000.0,31999000.0,247000.0,2552000.0,21957000.0,0.4271457474126527,19405000.0,0.3774998054626099,335000.0,19628000.0,0.38183798926153606,4211000.0,15417000.0,0.29991829429616373,0.40234354611409784,0.3994041450777202,38318000.0,38600000.0,https://www.sec.gov/Archives/edgar/data/814549/000081454914000012/0000814549-14-000012-index.htm,https://www.sec.gov/Archives/edgar/data/814549/000081454914000007/ebix-2013x10k.htm,1620591408,16:16:48,20210509
27,2013-12-31,EBIX,USD,2014-03-17,2014-03-17 15:17:54,Q4,50847000.0,10086000.0,40761000.0,0.8016402147619328,6414000.0,9808000.0,4085000.0,0.0,22955000.0,33041000.0,265000.0,2648000.0,20454000.0,0.4022656203905835,17806000.0,0.3501878183570319,1656000.0,19372000.0,0.3809860955415265,4127000.0,15245000.0,0.2998210317226188,0.39785479409154967,0.39785479409154967,38318000.0,38318000.0,https://www.sec.gov/Archives/edgar/data/814549/000081454914000007/0000814549-14-000007-index.htm,https://www.sec.gov/Archives/edgar/data/814549/000081454914000007/ebix-2013x10k.htm,1620591408,16:16:48,20210509
28,2013-09-30,EBIX,USD,2013-11-08,2013-11-08 14:27:20,Q3,50293000.0,10136000.0,40157000.0,0.7984610184319886,6625000.0,8448000.0,4024000.0,0.0,21556000.0,31692000.0,318000.0,2459000.0,21060000.0,0.4187461475752093,18601000.0,0.3698526633925198,-4166000.0,14276000.0,0.2838566003221124,1133000.0,13143000.0,0.2613286143200843,0.35,0.34,37919000.0,38451000.0,https://www.sec.gov/Archives/edgar/data/814549/000081454913000015/0000814549-13-000015-index.htm,https://www.sec.gov/Archives/edgar/data/814549/000081454913000015/ebix-2013930x10q.htm,1620591408,16:16:48,20210509
29,2013-06-30,EBIX,USD,2013-08-09,2013-08-09 15:58:27,Q2,51004000.0,10358000.0,40646000.0,0.7969178887930358,6724000.0,8253000.0,3827000.0,-1425000.0,21352000.0,31710000.0,281000.0,2548000.0,21842000.0,0.42824092228060545,19294000.0,0.37828405615245864,-1548000.0,17556000.0,0.3442082973884401,4014000.0,13542000.0,0.2655085875617599,0.36,0.35,37210000.0,38789000.0,https://www.sec.gov/Archives/edgar/data/814549/000081454913000011/0000814549-13-000011-index.htm,https://www.sec.gov/Archives/edgar/data/814549/000081454913000011/ebix-2013630x10q.htm,1620591408,16:16:48,20210509
30,2013-03-31,EBIX,USD,2013-05-10,2013-05-10 16:05:59,Q1,52566000.0,9891000.0,42675000.0,0.8118365483392307,7035000.0,9971000.0,3912000.0,82000.0,23370000.0,33261000.0,362000.0,2452000.0,21757000.0,0.41389871780238174,19305000.0,0.36725259673553245,-88000.0,18948000.0,0.3604611345736788,1604000.0,17344000.0,0.3299471141041738,0.47,0.45,37168000.0,38779000.0,https://www.sec.gov/Archives/edgar/data/814549/000081454913000006/0000814549-13-000006-index.htm,https://www.sec.gov/Archives/edgar/data/814549/000081454913000004/ebix-2012x10k.htm,1620591408,16:16:48,20210509
31,2012-12-31,EBIX,USD,2013-03-18,2013-03-18 16:26:57,Q4,54023000.0,10447000.0,43576000.0,0.8066194028469356,7637000.0,8862000.0,4233000.0,0.0,23316000.0,33763000.0,536000.0,2584000.0,22844000.0,0.4228569313070359,20260000.0,0.37502545212224425,-314000.0,19486000.0,0.36069822112803807,741000.0,18745000.0,0.34698184106769336,0.5043316831683168,0.5043316831683168,37168000.0,37168000.0,https://www.sec.gov/Archives/edgar/data/814549/000081454913000004/0000814549-13-000004-index.htm,https://www.sec.gov/Archives/edgar/data/814549/000081454913000004/ebix-2012x10k.htm,1620591408,16:16:48,20210509
32,2012-09-30,EBIX,USD,2012-11-09,2012-11-09 16:13:30,Q3,53804000.0,9500000.0,44304000.0,0.8234332019924169,7102000.0,9679000.0,4346000.0,0.0,23596000.0,33096000.0,440000.0,2469000.0,23177000.0,0.43076722920228977,20708000.0,0.3848784476990558,-122000.0,20234000.0,0.3760686937774143,2162000.0,18072000.0,0.33588580774663596,0.49,0.46,37214000.0,39120000.0,https://www.sec.gov/Archives/edgar/data/814549/000081454912000028/0000814549-12-000028-index.htm,https://www.sec.gov/Archives/edgar/data/814549/000081454912000028/ebix-2012930x10q.htm,1620591408,16:16:48,20210509
33,2012-06-30,EBIX,USD,2012-08-09,2012-08-09 14:20:58,Q2,47716000.0,9157000.0,38559000.0,0.8080937211836701,5814000.0,8577000.0,4296000.0,0.0,20848000.0,30005000.0,312000.0,2161000.0,19872000.0,0.41646407913488137,17711000.0,0.37117528711543296,2853000.0,20362000.0,0.4267331712633079,2295000.0,18067000.0,0.37863609690669797,0.49,0.47,36908000.0,38827000.0,https://www.sec.gov/Archives/edgar/data/814549/000081454912000021/0000814549-12-000021-index.htm,https://www.sec.gov/Archives/edgar/data/814549/000081454912000021/ebix-2012630x10q.htm,1620591408,16:16:48,20210509
34,2012-03-31,EBIX,USD,2012-05-10,2012-05-10 14:18:34,Q1,43827000.0,9029000.0,34798000.0,0.7939854427635932,4272000.0,6444000.0,3812000.0,0.0,16469000.0,25498000.0,253000.0,1941000.0,20270000.0,0.46250028521231207,18329000.0,0.418212517397951,-296000.0,17947000.0,0.4094964291418532,2262000.0,15685000.0,0.35788440915417435,0.43,0.4,36450000.0,39523000.0,https://www.sec.gov/Archives/edgar/data/814549/000081454912000014/0000814549-12-000014-index.htm,https://www.sec.gov/Archives/edgar/data/814549/000081454912000006/ebix-2011x10k.htm,1620591408,16:16:48,20210509
35,2011-12-31,EBIX,USD,2012-03-15,2012-03-15 16:21:44,Q4,44050000.0,8658000.0,35392000.0,0.8034506242905789,4823000.0,8028000.0,4089000.0,0.0,18837000.0,27495000.0,167000.0,1897000.0,18452000.0,0.41888762769580024,16555000.0,0.37582292849035187,3099000.0,19615000.0,0.4452894438138479,2285000.0,17330000.0,0.393416572077185,0.4754458161865569,0.4754458161865569,36450000.0,36450000.0,https://www.sec.gov/Archives/edgar/data/814549/000081454912000006/0000814549-12-000006-index.htm,https://www.sec.gov/Archives/edgar/data/814549/000081454912000006/ebix-2011x10k.htm,1620591408,16:16:48,20210509
36,2011-09-30,EBIX,USD,2011-11-09,2011-11-09 14:44:38,Q3,42602000.0,8710000.0,33892000.0,0.7955495047180884,4964000.0,5785000.0,3440000.0,0.0,15938000.0,24648000.0,218000.0,1749000.0,19703000.0,0.4624900239425379,17954000.0,0.4214356133514858,-197000.0,17639000.0,0.41404159429134785,1103000.0,16536000.0,0.388150791042674,0.44,0.41,37345000.0,40449000.0,https://www.sec.gov/Archives/edgar/data/814549/000081454911000015/0000814549-11-000015-index.htm,https://www.sec.gov/Archives/edgar/data/814549/000081454911000015/ebix-2011930x10q.htm,1620591408,16:16:48,20210509
37,2011-06-30,EBIX,USD,2011-08-09,2011-08-09 15:10:58,Q2,42267000.0,8914000.0,33353000.0,0.7891026096008706,4802000.0,4694000.0,3261000.0,0.0,14748000.0,23662000.0,159000.0,1991000.0,20596000.0,0.4872832233184281,18605000.0,0.44017791657794497,933000.0,19508000.0,0.4615421014029858,-2840000.0,22348000.0,0.5287340005205007,0.57,0.53,39159000.0,42344000.0,https://www.sec.gov/Archives/edgar/data/814549/000081454911000005/0000814549-11-000005-index.htm,https://www.sec.gov/Archives/edgar/data/814549/000081454911000005/ebix-2011630x10q.htm,1620591408,16:16:48,20210509
38,2011-03-31,EBIX,USD,2011-05-10,2011-05-10 16:22:06,Q1,40050000.0,7307000.0,32743000.0,0.8175530586766542,4619000.0,7761000.0,2852000.0,0.0,17109000.0,24416000.0,215000.0,1877000.0,17511000.0,0.43722846441947566,15634000.0,0.39036204744069913,1114000.0,16733000.0,0.4178027465667915,1569000.0,15164000.0,0.3786267166042447,0.4,0.37,38151000.0,41517000.0,https://www.sec.gov/Archives/edgar/data/814549/000144530511000864/0001445305-11-000864-index.htm,https://www.sec.gov/Archives/edgar/data/814549/000095012311025942/c14084e10vk.htm,1620591408,16:16:48,20210509
39,2010-12-31,EBIX,USD,2011-03-16,2011-03-16 16:08:59,Q4,35097000.0,7691000.0,27406000.0,0.7808644613499729,3379000.0,7151000.0,1613000.0,0.0,13748000.0,21439000.0,152000.0,1605000.0,15263000.0,0.4348804741145967,13658000.0,0.38915006980653616,993000.0,14640000.0,0.41712966920249595,-1304000.0,15944000.0,0.45428384192381116,0.41791827212917093,0.41791827212917093,38151000.0,38151000.0,https://www.sec.gov/Archives/edgar/data/814549/000095012311025942/0000950123-11-025942-index.htm,https://www.sec.gov/Archives/edgar/data/814549/000095012311025942/c14084e10vk.htm,1620591408,16:16:48,20210509
40,2010-09-30,EBIX,USD,2010-11-09,2010-11-09 16:45:46,Q3,33281000.0,7418000.0,25863000.0,0.7771100627985937,3294000.0,6249000.0,1685000.0,0.0,12781000.0,20199000.0,236000.0,1553000.0,14635000.0,0.43974039241609325,13082000.0,0.39307713109582043,4440000.0,17449000.0,0.5242931402301614,768000.0,16681000.0,0.5012169105495629,0.48,0.43,34592000.0,39020000.0,https://www.sec.gov/Archives/edgar/data/814549/000095012310103322/0000950123-10-103322-index.htm,https://www.sec.gov/Archives/edgar/data/814549/000095012310103322/c08010e10vq.htm,1620591408,16:16:48,20210509
41,2010-06-30,EBIX,USD,2010-08-09,2010-08-09 16:40:42,Q2,32207000.0,7427000.0,24780000.0,0.769397956965877,3571000.0,5005000.0,1748000.0,0.0,11772000.0,19199000.0,246000.0,1448000.0,14456000.0,0.4488465240475673,13008000.0,0.4038873536808768,1677000.0,14566000.0,0.4522619306361971,556000.0,14010000.0,0.43499860278821373,0.4,0.36,34957000.0,39275000.0,https://www.sec.gov/Archives/edgar/data/814549/000095012310075092/0000950123-10-075092-index.htm,https://www.sec.gov/Archives/edgar/data/814549/000095012310075092/c04559e10vq.htm,1620591408,16:16:48,20210509
42,2010-03-31,EBIX,USD,2010-05-10,2010-05-10 17:07:44,Q1,31603000.0,7063000.0,24540000.0,0.7765085593139892,3363000.0,5659000.0,1326000.0,0.0,11781000.0,18844000.0,268000.0,1432000.0,14191000.0,0.44903964813467073,12759000.0,0.4037274942252318,420000.0,12999000.0,0.4113217099642439,615000.0,12384000.0,0.3918615321330253,0.36,0.32,34747000.0,39335000.0,https://www.sec.gov/Archives/edgar/data/814549/000095012310047307/0000950123-10-047307-index.htm,https://www.sec.gov/Archives/edgar/data/814549/000095012310025217/c97759e10vk.htm,1620591408,16:16:48,20210509
43,2009-12-31,EBIX,USD,2010-03-16,2010-03-16 16:28:27,Q4,31304000.0,7976000.0,23328000.0,0.745208280092001,3104000.0,5443000.0,1487000.0,0.0,11472000.0,19448000.0,279000.0,1438000.0,13294000.0,0.42467416304625605,11856000.0,0.3787375415282392,553000.0,12182000.0,0.38915154612829034,85000.0,12097000.0,0.3864362381804242,0.34814516361124703,0.34814516361124703,34747000.0,34747000.0,https://www.sec.gov/Archives/edgar/data/814549/000095012310025217/0000950123-10-025217-index.htm,https://www.sec.gov/Archives/edgar/data/814549/000095012310025217/c97759e10vk.htm,1620591408,16:16:48,20210509
44,2009-09-30,EBIX,USD,2009-11-09,2009-11-09 16:23:46,Q3,23292000.0,4465000.0,18827000.0,0.8083032800961704,3000000.0,3803000.0,1298000.0,0.0,9044000.0,13509000.0,234000.0,944000.0,10727000.0,0.4605443929246093,9783000.0,0.42001545595054096,142000.0,9747000.0,0.4184698608964451,313000.0,9434000.0,0.40503177056500084,0.303333,0.253333,31236000.0,37839000.0,https://www.sec.gov/Archives/edgar/data/814549/000095012309060173/0000950123-09-060173-index.htm,https://www.sec.gov/Archives/edgar/data/814549/000095012309060173/c92173e10vq.htm,1620591408,16:16:48,20210509
45,2009-06-30,EBIX,USD,2009-08-07,2009-08-07 12:50:30,Q2,22421000.0,4532000.0,17889000.0,0.7978680701128407,2753000.0,3925000.0,1121000.0,0.0,8629000.0,13161000.0,273000.0,830000.0,10090000.0,0.4500245305740154,9260000.0,0.4130056643325454,346000.0,9372000.0,0.41800098122296064,416000.0,8956000.0,0.39944694705856115,0.293333,0.243333,30558000.0,37461000.0,https://www.sec.gov/Archives/edgar/data/814549/000095012309031877/0000950123-09-031877-index.htm,https://www.sec.gov/Archives/edgar/data/814549/000095012309031877/c88908e10vq.htm,1620591408,16:16:48,20210509
46,2009-03-31,EBIX,USD,2009-05-08,2009-05-08 12:58:20,Q1,20668000.0,4085000.0,16583000.0,0.8023514611960518,2505000.0,3843000.0,1134000.0,0.0,8226000.0,12311000.0,284000.0,743000.0,9100000.0,0.44029417456938263,8357000.0,0.40434488097542093,406000.0,8531000.0,0.41276369266498936,196000.0,8335000.0,0.40328043352041804,0.28,0.23,29781000.0,37092000.0,https://www.sec.gov/Archives/edgar/data/814549/000136231009006889/0001362310-09-006889-index.htm,https://www.sec.gov/Archives/edgar/data/814549/000136231009004540/c83151e10vk.htm,1620591408,16:16:48,20210509
47,2008-12-31,EBIX,USD,2009-03-30,2009-03-30 17:04:56,Q4,20143000.0,4060000.0,16083000.0,0.7984411458074765,2648000.0,4491000.0,0.0,0.0,7985000.0,12045000.0,450000.0,846000.0,8944000.0,0.44402521967929304,8098000.0,0.4020255175495209,451000.0,8178000.0,0.40599712058779724,267000.0,7911000.0,0.39274189544755,0.2656391659111514,0.2656391659111514,29781000.0,29781000.0,https://www.sec.gov/Archives/edgar/data/814549/000136231009004540/0001362310-09-004540-index.htm,https://www.sec.gov/Archives/edgar/data/814549/000136231009004540/c83151e10vk.htm,1620591408,16:16:48,20210509
48,2008-09-30,EBIX,USD,2008-11-10,2008-11-10 16:09:04,Q3,20168000.0,3940000.0,16228000.0,0.8046410154700515,2074000.0,5231000.0,0.0,0.0,8109000.0,12049000.0,440000.0,809000.0,8928000.0,0.44268147560491866,8119000.0,0.4025684252280841,-24000.0,7789000.0,0.38620587068623563,391000.0,7398000.0,0.3668187227290758,0.256667,0.206667,28821000.0,36510000.0,https://www.sec.gov/Archives/edgar/data/814549/000136231008006978/0001362310-08-006978-index.htm,https://www.sec.gov/Archives/edgar/data/814549/000136231008006978/c76974e10vq.htm,1620591408,16:16:48,20210509
49,2008-06-30,EBIX,USD,2008-08-11,2008-08-11 14:50:25,Q2,17803000.0,3225000.0,14578000.0,0.8188507554906477,2162000.0,4674000.0,0.0,0.0,7673000.0,10898000.0,394000.0,832000.0,7737000.0,0.43458967589732067,6905000.0,0.38785597932932653,100000.0,6751000.0,0.3792057518395776,415000.0,6336000.0,0.3558950738639555,0.217778,0.18,29061000.0,35928000.0,https://www.sec.gov/Archives/edgar/data/814549/000136231008004427/0001362310-08-004427-index.htm,https://www.sec.gov/Archives/edgar/data/814549/000136231008004427/c74259e10vq.htm,1620591408,16:16:48,20210509
50,2008-03-31,EBIX,USD,2008-05-06,2008-05-06 17:02:56,Q1,16639000.0,2843000.0,13796000.0,0.8291363663681711,2171000.0,4663000.0,0.0,0.0,7653000.0,10496000.0,342000.0,819000.0,6962000.0,0.41841456818318407,6143000.0,0.3691928601478454,59000.0,5982000.0,0.35951679788448826,312000.0,5670000.0,0.34076567101388305,0.184444,0.155556,30654000.0,37386000.0,https://www.sec.gov/Archives/edgar/data/814549/000110465908030342/0001104659-08-030342-index.htm,https://www.sec.gov/Archives/edgar/data/814549/000104746908003821/a2184081z10-k.htm,1620591408,16:16:48,20210509
51,2007-12-31,EBIX,USD,2008-03-31,2008-03-31 16:03:26,Q4,12201000.0,1990000.0,10211000.0,0.8368986148676338,1487000.0,3454000.0,0.0,0.0,5658000.0,7648000.0,0.0,717000.0,5270000.0,0.43193180886812554,4553000.0,0.3731661339234489,-55000.0,4638000.0,0.38013277600196704,140000.0,4498000.0,0.36865830669617244,0.14673452078032231,0.14673452078032231,30654000.0,30654000.0,https://www.sec.gov/Archives/edgar/data/814549/000104746908003821/0001047469-08-003821-index.htm,https://www.sec.gov/Archives/edgar/data/814549/000104746908003821/a2184081z10-k.htm,1620591408,16:16:48,20210509
52,2007-09-30,EBIX,USD,2007-11-01,2007-10-31 18:46:31,Q3,11806000.0,1840000.0,9966000.0,0.8441470438759953,2074000.0,3548000.0,0.0,0.0,6254000.0,8094000.0,0.0,632000.0,4344000.0,0.3679485007623242,3712000.0,0.31441639844147046,175000.0,4061000.0,0.34397763848890395,368000.0,3693000.0,0.312807047264103,0.125556,0.111111,29448000.0,33120000.0,https://www.sec.gov/Archives/edgar/data/814549/000110465907078570/0001104659-07-078570-index.htm,https://www.sec.gov/Archives/edgar/data/814549/000110465907078570/a07-25987_110q.htm,1620591408,16:16:48,20210509
53,2007-06-30,EBIX,USD,2007-08-10,2007-08-10 11:40:30,Q2,9816000.0,1718000.0,8098000.0,0.8249796251018745,2198000.0,2977000.0,0.0,0.0,5800000.0,7518000.0,142000.0,623000.0,2921000.0,0.29757538712306436,2298000.0,0.2341075794621027,122000.0,2414000.0,0.24592502037489813,-99000.0,2513000.0,0.25601059494702527,0.094444,0.083333,26757000.0,30294000.0,https://www.sec.gov/Archives/edgar/data/814549/000110465907061252/0001104659-07-061252-index.htm,https://www.sec.gov/Archives/edgar/data/814549/000110465907061252/a07-19406_110q.htm,1620591408,16:16:48,20210509
54,2007-03-31,EBIX,USD,2007-05-21,2007-04-10 17:00:12,Q1,9018000.0,1566000.0,7452000.0,0.8263473053892215,1850000.0,2739000.0,0.0,0.0,5214000.0,6780000.0,0.0,627000.0,2865000.0,0.3176979374584165,2238000.0,0.2481703260146374,5000.0,2086000.0,0.23131514748281215,124000.0,1962000.0,0.21756487025948104,0.076667,0.067778,25632000.0,28944000.0,https://www.sec.gov/Archives/edgar/data/814549/000110465907041629/0001104659-07-041629-index.htm,https://www.sec.gov/Archives/edgar/data/814549/000110465907027455/a07-5638_110k.htm,1620591408,16:16:48,20210509
55,2006-12-31,EBIX,USD,2007-04-10,2007-04-10 17:00:12,Q4,9278000.0,1746000.0,7532000.0,0.8118128907092046,1969000.0,2735000.0,0.0,0.0,5333000.0,7079000.0,200000.0,629000.0,2828000.0,0.3048070704893296,2199000.0,0.23701228713084715,-22000.0,2035000.0,0.21933606380685491,362000.0,1673000.0,0.18031903427462814,0.06526997503121099,0.06526997503121099,25632000.0,25632000.0,https://www.sec.gov/Archives/edgar/data/814549/000110465907027455/0001104659-07-027455-index.htm,https://www.sec.gov/Archives/edgar/data/814549/000110465907027455/a07-5638_110k.htm,1620591408,16:16:48,20210509
56,2006-09-30,EBIX,USD,2006-11-20,2006-11-20 15:59:26,Q3,7296000.0,1480000.0,5816000.0,0.7971491228070176,1297000.0,2260000.0,0.0,0.0,3992000.0,5472000.0,22000.0,435000.0,2259000.0,0.30962171052631576,1824000.0,0.25,-72000.0,1782000.0,0.24424342105263158,123000.0,1659000.0,0.22738486842105263,0.066667,0.058889,24867000.0,28071000.0,https://www.sec.gov/Archives/edgar/data/814549/000110465906076547/0001104659-06-076547-index.htm,https://www.sec.gov/Archives/edgar/data/814549/000110465906076547/a06-21768_110q.htm,1620591408,16:16:48,20210509
57,2006-06-30,EBIX,USD,2006-08-14,2006-08-14 16:54:15,Q2,7029000.0,1359000.0,5670000.0,0.8066581306017926,1099000.0,2647000.0,0.0,0.0,4163000.0,5522000.0,55000.0,417000.0,1924000.0,0.2737231469625836,1507000.0,0.21439749608763695,46000.0,1557000.0,0.22151088348271447,59000.0,1498000.0,0.213117086356523,0.06,0.053333,24831000.0,28224000.0,https://www.sec.gov/Archives/edgar/data/814549/000110465906054835/0001104659-06-054835-index.htm,https://www.sec.gov/Archives/edgar/data/814549/000110465906054835/a06-15433_110q.htm,1620591408,16:16:48,20210509
58,2006-03-31,EBIX,USD,2006-05-15,2006-05-15 15:07:13,Q1,5650000.0,1331000.0,4319000.0,0.764424778761062,869000.0,1954000.0,0.0,0.0,3137000.0,4468000.0,32000.0,314000.0,1496000.0,0.2647787610619469,1182000.0,0.20920353982300885,42000.0,1271000.0,0.2249557522123894,136000.0,1135000.0,0.20088495575221238,0.045556,0.04,24732000.0,28233000.0,https://www.sec.gov/Archives/edgar/data/814549/000110465906034940/0001104659-06-034940-index.htm,https://www.sec.gov/Archives/edgar/data/814549/000110465906020276/a06-2172_110k.htm,1620591408,16:16:48,20210509
59,2005-12-31,EBIX,USD,2006-03-30,2006-03-29 18:43:26,Q4,6166000.0,1412000.0,4754000.0,0.7710022705157314,799000.0,2481000.0,0.0,0.0,3636000.0,5048000.0,-49000.0,356000.0,1474000.0,0.23905287058060332,1118000.0,0.18131689912422966,-78000.0,1093000.0,0.17726240674667532,149000.0,944000.0,0.1530976321764515,0.03816917354035258,0.03816917354035258,24732000.0,24732000.0,https://www.sec.gov/Archives/edgar/data/814549/000110465906020276/0001104659-06-020276-index.htm,https://www.sec.gov/Archives/edgar/data/814549/000110465906020276/a06-2172_110k.htm,1620591408,16:16:48,20210509
60,2005-09-30,EBIX,USD,2005-11-14,2005-11-14 08:49:10,Q3,5896000.0,1594000.0,4302000.0,0.7296472184531886,892000.0,1960000.0,0.0,0.0,3169000.0,4763000.0,0.0,317000.0,1450000.0,0.2459294436906377,1133000.0,0.1921641791044776,-17000.0,1099000.0,0.18639755766621438,-127000.0,1226000.0,0.20793758480325644,0.05,0.044444,24606000.0,27801000.0,https://www.sec.gov/Archives/edgar/data/814549/000110465905055060/0001104659-05-055060-index.htm,https://www.sec.gov/Archives/edgar/data/814549/000110465905055060/a05-18271_110q.htm,1620591408,16:16:48,20210509
61,2005-06-30,EBIX,USD,2005-08-15,2005-08-15 12:57:44,Q2,6134000.0,1503000.0,4631000.0,0.7549722856211282,773000.0,2348000.0,0.0,0.0,3440000.0,4943000.0,113000.0,319000.0,1510000.0,0.2461688946853603,1191000.0,0.19416367786110206,84000.0,1245000.0,0.2029670687968699,161000.0,1084000.0,0.17671992174763612,0.043333,0.038889,25002000.0,27513000.0,https://www.sec.gov/Archives/edgar/data/814549/000110465905039461/0001104659-05-039461-index.htm,https://www.sec.gov/Archives/edgar/data/814549/000110465905039461/a05-12967_110q.htm,1620591408,16:16:48,20210509
62,2005-03-31,EBIX,USD,2005-05-13,2005-05-13 17:10:40,Q1,5904000.0,1406000.0,4498000.0,0.7618563685636857,794000.0,2167000.0,0.0,0.0,3290000.0,4696000.0,102000.0,329000.0,1537000.0,0.2603319783197832,1208000.0,0.2046070460704607,-9000.0,1179000.0,0.19969512195121952,111000.0,1068000.0,0.18089430894308944,0.041111,0.036667,26208000.0,29016000.0,https://www.sec.gov/Archives/edgar/data/814549/000110465905023437/0001104659-05-023437-index.htm,https://www.sec.gov/Archives/edgar/data/814549/000110465905013849/a05-5784_110k.htm,1620591408,16:16:48,20210509
63,2004-12-31,EBIX,USD,2005-03-30,2005-03-30 17:06:07,Q4,5717000.0,1483000.0,4234000.0,0.7405982158474724,814000.0,2121000.0,0.0,0.0,4120000.0,5603000.0,114000.0,371000.0,485000.0,0.08483470351582999,114000.0,0.019940528249081685,43000.0,124000.0,0.021689697393737974,21000.0,103000.0,0.01801644218995977,0.00393009768009768,0.00393009768009768,26208000.0,26208000.0,https://www.sec.gov/Archives/edgar/data/814549/000110465905013849/0001104659-05-013849-index.htm,https://www.sec.gov/Archives/edgar/data/814549/000110465905013849/a05-5784_110k.htm,1620591408,16:16:48,20210509
64,2004-09-30,EBIX,USD,2004-11-15,2004-11-15 15:58:18,Q3,5656000.0,1450000.0,4206000.0,0.7436350777934936,781000.0,2425000.0,0.0,0.0,3206000.0,4656000.0,0.0,327000.0,1327000.0,0.23461810466760963,1000000.0,0.1768033946251768,-3000.0,920000.0,0.16265912305516267,-61000.0,981000.0,0.17344413012729845,0.037778,0.034444,26100000.0,28872000.0,https://www.sec.gov/Archives/edgar/data/814549/000110465904036083/0001104659-04-036083-index.htm,https://www.sec.gov/Archives/edgar/data/814549/000110465904036083/a04-13600_110q.htm,1620591408,16:16:48,20210509
65,2004-06-30,EBIX,USD,2004-08-16,2004-08-16 16:31:59,Q2,4676000.0,1354000.0,3322000.0,0.7104362703165098,861000.0,1720000.0,0.0,0.0,2581000.0,3935000.0,1000.0,286000.0,1027000.0,0.21963216424294268,741000.0,0.1584687767322498,-2000.0,753000.0,0.1610350727117194,43000.0,710000.0,0.15183917878528658,0.028889,0.025556,24651000.0,27594000.0,https://www.sec.gov/Archives/edgar/data/814549/000110465904024694/0001104659-04-024694-index.htm,https://www.sec.gov/Archives/edgar/data/814549/000110465904024694/a04-9546_110q.htm,1620591408,16:16:48,20210509
66,2004-03-31,EBIX,USD,2004-05-17,2004-05-17 14:24:45,Q1,3934000.0,1163000.0,2771000.0,0.7043721403152008,560000.0,1660000.0,0.0,0.0,2220000.0,3383000.0,2000.0,201000.0,752000.0,0.19115404168784952,551000.0,0.14006100660904933,10000.0,586000.0,0.14895780376207424,140000.0,446000.0,0.11337061514997458,0.018889,0.016667,23274000.0,26253000.0,https://www.sec.gov/Archives/edgar/data/814549/000110465904014790/0001104659-04-014790-index.htm,https://www.sec.gov/Archives/edgar/data/814549/000104746904010077/a2132227z10-k.htm,1620591408,16:16:48,20210509
67,2003-12-31,EBIX,USD,2004-03-30,2004-03-30 16:11:56,Q4,3358000.0,1202000.0,2156000.0,0.6420488385944014,354000.0,1610000.0,0.0,0.0,1964000.0,3166000.0,3000.0,127000.0,319000.0,0.09499702203692674,192000.0,0.05717689100655152,69000.0,279000.0,0.08308516974389518,-209000.0,488000.0,0.14532459797498512,0.02096760333419266,0.02096760333419266,23274000.0,23274000.0,https://www.sec.gov/Archives/edgar/data/814549/000104746904010077/0001047469-04-010077-index.htm,https://www.sec.gov/Archives/edgar/data/814549/000104746904010077/a2132227z10-k.htm,1620591408,16:16:48,20210509
68,2003-09-30,EBIX,USD,2003-11-10,2003-11-10 14:41:12,Q3,4168000.0,1230000.0,2938000.0,0.70489443378119,408000.0,1871000.0,0.0,0.0,2279000.0,3509000.0,4000.0,113000.0,772000.0,0.1852207293666027,659000.0,0.15810940499040307,1000.0,678000.0,0.1626679462571977,103000.0,575000.0,0.13795585412667946,0.027778,0.026667,20619000.0,21159000.0,https://www.sec.gov/Archives/edgar/data/814549/000110465903025309/0001104659-03-025309-index.htm,https://www.sec.gov/Archives/edgar/data/814549/000110465903025309/a03-4911_110q.htm,1620591408,16:16:48,20210509
69,2003-06-30,EBIX,USD,2003-08-14,2003-08-14 16:18:40,Q2,3295000.0,773000.0,2522000.0,0.765402124430956,430000.0,1874000.0,0.0,0.0,2304000.0,3077000.0,0.0,105000.0,323000.0,0.09802731411229135,218000.0,0.0661608497723824,-8000.0,225000.0,0.06828528072837632,136000.0,89000.0,0.027010622154779968,0.00431640719724526,0.004303258872449473,20619000.0,20682000.0,https://www.sec.gov/Archives/edgar/data/814549/000110465903018709/0001104659-03-018709-index.htm,https://www.sec.gov/Archives/edgar/data/814549/000110465903018709/a03-2414_110q.htm,1620591408,16:16:48,20210509
70,2003-03-31,EBIX,USD,2003-05-15,2003-05-15 14:59:26,Q1,3612000.0,1005000.0,2607000.0,0.7217607973421927,360000.0,1625000.0,0.0,0.0,1985000.0,2990000.0,0.0,97000.0,719000.0,0.19905869324473977,622000.0,0.17220376522702105,-49000.0,583000.0,0.16140642303433,67000.0,516000.0,0.14285714285714285,0.025556,0.025556,20619000.0,20619000.0,https://www.sec.gov/Archives/edgar/data/814549/000110465903010311/0001104659-03-010311-index.htm,https://www.sec.gov/Archives/edgar/data/814549/000104746903011341/a2106894z10-k.htm,1620591408,16:16:48,20210509
71,2002-12-31,EBIX,USD,2003-03-31,2003-03-31 17:12:32,Q4,2905000.0,1107000.0,1798000.0,0.6189328743545611,302000.0,1476000.0,0.0,0.0,1778000.0,2885000.0,7000.0,107000.0,127000.0,0.043717728055077454,20000.0,0.0068846815834767644,-255000.0,-219000.0,-0.07538726333907057,-5000.0,-214000.0,-0.07366609294320138,-0.01037877685629759,-0.01037877685629759,20619000.0,20619000.0,https://www.sec.gov/Archives/edgar/data/814549/000104746903011341/0001047469-03-011341-index.htm,https://www.sec.gov/Archives/edgar/data/814549/000104746903011341/a2106894z10-k.htm,1620591408,16:16:48,20210509
72,2002-09-30,EBIX,USD,2002-11-13,2002-11-13 16:37:52,Q3,3676000.0,1120000.0,2556000.0,0.6953210010881393,374000.0,1715000.0,0.0,0.0,2089000.0,3209000.0,9000.0,98000.0,565000.0,0.15369967355821545,467000.0,0.12704026115342765,0.0,485000.0,0.13193688792165398,-17000.0,502000.0,0.1365614798694233,0.024444,0.024444,20619000.0,20619000.0,https://www.sec.gov/Archives/edgar/data/814549/000110465902005918/0001104659-02-005918-index.htm,https://www.sec.gov/Archives/edgar/data/814549/000110465902005918/j5204_10q.htm,1620591408,16:16:48,20210509
73,2002-06-30,EBIX,USD,2002-08-14,2002-08-14 13:09:59,Q2,2725000.0,738000.0,1987000.0,0.7291743119266055,424000.0,1557000.0,0.0,0.0,1981000.0,2719000.0,10000.0,90000.0,96000.0,0.03522935779816514,6000.0,0.0022018348623853213,0.0,17000.0,0.006238532110091743,0.0,17000.0,0.006238532110091743,0.0008245722531436817,0.000824482273631117,20616750.0,20619000.0,https://www.sec.gov/Archives/edgar/data/814549/000110465902004013/0001104659-02-004013-index.htm,https://www.sec.gov/Archives/edgar/data/814549/000110465902004013/j4469_10q.htm,1620591408,16:16:48,20210509
74,2002-03-31,EBIX,USD,2002-05-10,2002-05-10 14:06:05,Q1,3345000.0,965000.0,2380000.0,0.7115097159940209,678000.0,1401000.0,0.0,0.0,2079000.0,3044000.0,14000.0,90000.0,391000.0,0.11689088191330343,301000.0,0.08998505231689088,0.0,306000.0,0.09147982062780269,108000.0,198000.0,0.059192825112107626,0.008889,0.008889,20616750.0,20616750.0,https://www.sec.gov/Archives/edgar/data/814549/000110465902001910/0001104659-02-001910-index.htm,https://www.sec.gov/Archives/edgar/data/814549/000091205702012738/a2073673z10-k.htm,1620591408,16:16:48,20210509
75,2001-12-31,EBIX,USD,2002-04-01,2002-04-01 00:00:00,Q4,3574000.0,1002000.0,2572000.0,0.7196418578623391,536000.0,1323000.0,0.0,0.0,1859000.0,2861000.0,16000.0,109000.0,822000.0,0.22999440402909904,713000.0,0.19949636261891437,0.0,724000.0,0.2025741466144376,135000.0,589000.0,0.16480134303301622,0.028569003358919324,0.028569003358919324,20616750.0,20616750.0,https://www.sec.gov/Archives/edgar/data/814549/000091205702012738/0000912057-02-012738-index.htm,https://www.sec.gov/Archives/edgar/data/814549/000091205702012738/a2073673z10-k.htm,1620591408,16:16:48,20210509
76,2001-09-30,EBIX,USD,2001-11-13,2001-11-13 00:00:00,Q3,2809000.0,1294000.0,1515000.0,0.5393378426486294,457000.0,1884000.0,0.0,0.0,2341000.0,3635000.0,13000.0,106000.0,-720000.0,-0.2563189747241011,-826000.0,-0.29405482378070485,0.0,-788000.0,-0.2805268778924884,-2000.0,-786000.0,-0.27981488074047706,-0.035556,-0.035556,20616750.0,20616750.0,https://www.sec.gov/Archives/edgar/data/814549/000110465901503026/0001104659-01-503026-index.htm,https://www.sec.gov/Archives/edgar/data/814549/000110465901503026/j1933_10q.htm,1620591408,16:16:48,20210509
77,2001-06-30,EBIX,USD,2001-08-10 00:00:00,2001-08-10 00:00:00,Q2,3359000.0,1049000.0,2310000.0,0.687704674010122,388000.0,1764000.0,0.0,0.0,2152000.0,3201000.0,13000.0,99000.0,257000.0,0.07651086632926467,158000.0,0.047037808871688,0.0,175000.0,0.05209883894016076,0.0,175000.0,0.05209883894016076,0.011702945798642459,0.011170955515659286,14953500.0,15665625.0,https://www.sec.gov/Archives/edgar/data/814549/000110465901501384/0001104659-01-501384-index.html,https://www.sec.gov/Archives/edgar/data/814549/000110465901501384/j1501_10q.htm,1620591408,16:16:48,20210509
78,2001-03-31,EBIX,USD,2001-05-15 00:00:00,2001-05-15 00:00:00,Q1,3145000.0,936000.0,2209000.0,0.7023847376788553,652000.0,1353000.0,0.0,0.0,2061000.0,2997000.0,30000.0,104000.0,252000.0,0.08012718600953896,148000.0,0.047058823529411764,0.0,140000.0,0.04451510333863275,0.0,140000.0,0.04451510333863275,0.01093344266776001,0.010873258579680599,12804750.0,12875625.0,https://www.sec.gov/Archives/edgar/data/814549/000091205701515989/0000912057-01-515989-index.html,https://www.sec.gov/Archives/edgar/data/814549/000091205701515989/a2048948z10-q.txt,1620591408,16:16:48,20210509
79,2000-12-31,EBIX,USD,2000-12-31,2000-12-31,Q4,3033000.0,530000.0,2503000.0,0.8252555225848994,969000.0,3321000.0,0.0,0.0,5052000.0,5582000.0,65000.0,762000.0,-1787000.0,-0.5891856247939334,-2549000.0,-0.8404220243982855,0.0,-2567000.0,-0.8463567424991757,15000.0,-2582000.0,-0.8513023409165842,-0.20164392120111677,-0.20164392120111677,12804750.0,12804750.0,,,1620591408,16:16:48,20210509
80,2000-09-30,EBIX,USD,2000-11-09 00:00:00,2000-11-09 00:00:00,Q3,2883000.0,1408000.0,1475000.0,0.511619840443982,867000.0,2810000.0,0.0,0.0,3945000.0,5353000.0,27000.0,268000.0,-2202000.0,-0.7637877211238293,-2470000.0,-0.8567464446756851,0.0,-2416000.0,-0.8380159556018036,59000.0,-2475000.0,-0.858480749219563,-0.195556,-0.195556,12799125.0,12799125.0,https://www.sec.gov/Archives/edgar/data/814549/000104746900000822/0001047469-00-000822-index.html,https://www.sec.gov/Archives/edgar/data/814549/000104746900000822/0001047469-00-000822-0001.txt,1620591408,16:16:48,20210509
81,2000-06-30,EBIX,USD,2000-08-11 00:00:00,2000-08-11 00:00:00,Q2,2993000.0,1482000.0,1511000.0,0.5048446374874708,1033000.0,3605000.0,0.0,0.0,4958000.0,6440000.0,0.0,320000.0,-3127000.0,-1.0447711326428333,-3447000.0,-1.1516872702973604,0.0,-3300000.0,-1.1025726695623121,62000.0,-3362000.0,-1.1232876712328768,-0.266667,-0.266667,12792375.0,12792375.0,https://www.sec.gov/Archives/edgar/data/814549/000091205700036672/0000912057-00-036672-index.html,https://www.sec.gov/Archives/edgar/data/814549/000091205700036672/a10-q.txt,1620591408,16:16:48,20210509
82,2000-03-31,EBIX,USD,2000-03-31,2000-03-31,Q1,2855000.0,1565000.0,1290000.0,0.45183887915936954,1069000.0,2914000.0,0.0,0.0,4279000.0,5844000.0,14000.0,296000.0,-2693000.0,-0.9432574430823117,-2989000.0,-1.046935201401051,0.0,-2942000.0,-1.0304728546409807,13000.0,-2955000.0,-1.0350262697022767,-0.231111,-0.231111,12669750.0,12669750.0,,,1620591408,16:16:48,20210509
83,1999-12-31,EBIX,USD,1999-12-31,1999-12-31,Q4,411000.0,2725000.0,-2314000.0,-5.630170316301703,1652000.0,5619000.0,0.0,0.0,6006000.0,8731000.0,0.0,-1265000.0,-9585000.0,-23.32116788321168,-8320000.0,-20.24330900243309,0.0,0.0,0.0,0.0,-8160000.0,-19.854014598540147,-0.6440537500739951,-0.6440537500739951,12669750.0,12669750.0,,,1620591408,16:16:48,20210509
84,1999-09-30,EBIX,USD,1999-09-30,1999-09-30,Q3,3200000.0,2000000.0,1200000.0,0.375,1400000.0,3000000.0,0.0,0.0,5200000.0,7200000.0,0.0,800000.0,-3200000.0,-1.0,-4000000.0,-1.25,0.0,0.0,0.0,0.0,-4000000.0,-1.25,-0.346667,-0.346667,11538462.0,11538462.0,,,1620591408,16:16:48,20210509
85,1999-06-30,EBIX,USD,1999-06-30,1999-06-30,Q2,3900000.0,2200000.0,1700000.0,0.4358974358974359,1600000.0,4000000.0,0.0,0.0,6400000.0,8600000.0,0.0,800000.0,-3900000.0,-1.0,-4700000.0,-1.205128205128205,0.0,0.0,0.0,0.0,-4800000.0,-1.2307692307692308,-0.488889,-0.488889,9818182.0,9818182.0,,,1620591408,16:16:48,20210509
86,1999-03-31,EBIX,USD,1999-03-31,1999-03-31,Q1,5100000.0,2700000.0,2400000.0,0.47058823529411764,900000.0,2600000.0,0.0,0.0,4300000.0,7000000.0,100000.0,800000.0,-1100000.0,-0.21568627450980393,-1900000.0,-0.37254901960784315,0.0,0.0,0.0,0.0,-2200000.0,-0.43137254901960786,-0.248889,-0.248889,8839286.0,8839286.0,,,1620591408,16:16:48,20210509
87,1998-12-31,EBIX,USD,1999-04-30,1999-04-30,Q4,6000000.0,3900000.0,2100000.0,0.35,600000.0,2400000.0,0.0,0.0,3100000.0,7000000.0,-100000.0,-490000.0,-1390000.0,-0.23166666666666666,-900000.0,-0.15,300000.0,-800000.0,-0.13333333333333333,0.0,-800000.0,-0.13333333333333333,-0.09195,-0.09195,8700000.0,8700000.0,https://www.sec.gov/Archives/edgar/data/814549/0001047469-99-017405-index.html,https://www.sec.gov/Archives/edgar/data/814549/,1620591408,16:16:48,20210509
88,1998-09-30,EBIX,USD,1998-11-16,1998-11-16,Q3,7000000.0,2300000.0,4700000.0,0.6714285714285714,800000.0,2100000.0,0.0,0.0,3700000.0,6000000.0,100000.0,800000.0,1800000.0,0.2571428571428571,1000000.0,0.14285714285714285,0.0,0.0,0.0,0.0,800000.0,0.11428571428571428,0.097778,0.097778,8181818.0,8181818.0,https://www.sec.gov/Archives/edgar/data/814549/0001047469-98-041291-index.html,https://www.sec.gov/Archives/edgar/data/814549/,1620591408,16:16:48,20210509
89,1998-06-30,EBIX,USD,1998-08-14,1998-08-14,Q2,6200000.0,2000000.0,4200000.0,0.6774193548387096,700000.0,2000000.0,0.0,0.0,3400000.0,5400000.0,0.0,700000.0,1500000.0,0.24193548387096775,800000.0,0.12903225806451613,0.0,0.0,0.0,0.0,500000.0,0.08064516129032258,0.062222,0.062222,8035714.0,8035714.0,https://www.sec.gov/Archives/edgar/data/814549/0001047469-98-031696-index.html,https://www.sec.gov/Archives/edgar/data/814549/,1620591408,16:16:48,20210509
90,1998-03-31,EBIX,USD,1998-07-10,1998-07-10,Q1,5900000.0,2000000.0,3900000.0,0.6610169491525424,500000.0,4300000.0,0.0,0.0,5500000.0,7500000.0,0.0,700000.0,-900000.0,-0.15254237288135594,-1600000.0,-0.2711864406779661,2100000.0,0.0,0.0,0.0,300000.0,0.05084745762711865,0.03733333466074079,0.03733333466074079,8035714.0,8035714.0,https://www.sec.gov/Archives/edgar/data/814549/0001047469-98-027012-index.html,https://www.sec.gov/Archives/edgar/data/814549/,1620591408,16:16:48,20210509
91,1997-12-31,EBIX,USD,1997-12-31,1997-12-31,Q4,5700000.0,2300000.0,3400000.0,0.5964912280701754,500000.0,2000000.0,0.0,0.0,3200000.0,5500000.0,0.0,700000.0,900000.0,0.15789473684210525,200000.0,0.03508771929824561,0.0,0.0,0.0,0.0,100000.0,0.017543859649122806,0.012038,0.012038,8550000.0,8550000.0,,,1620591408,16:16:48,20210509
92,1997-09-30,EBIX,USD,1997-09-30,1997-09-30,Q3,5400000.0,2400000.0,3000000.0,0.5555555555555556,1400000.0,2400000.0,0.0,0.0,4800000.0,7200000.0,0.0,1000000.0,-800000.0,-0.14814814814814814,-1800000.0,-0.3333333333333333,-2100000.0,0.0,0.0,0.0,-3800000.0,-0.7037037037037037,-0.444444,-0.444444,8550000.0,8550000.0,,,1620591408,16:16:48,20210509
93,1997-06-30,EBIX,USD,1997-08-12 00:00:00,1997-08-12 00:00:00,Q2,5600000.0,2100000.0,3500000.0,0.625,1100000.0,1400000.0,0.0,0.0,3400000.0,5500000.0,100000.0,900000.0,1000000.0,0.17857142857142858,100000.0,0.017857142857142856,100000.0,0.0,0.0,0.0,0.0,0.0,0.0,0.0,8249625.0,8249625.0,https://www.sec.gov/Archives/edgar/data/814549/000091205797027313/0000912057-97-027313-index.html,https://www.sec.gov/Archives/edgar/data/814549/0000912057-97-027313.txt,1620591408,16:16:48,20210509
94,1997-03-31,EBIX,USD,1997-03-31,1997-03-31,Q1,6200000.0,3300000.0,2900000.0,0.46774193548387094,700000.0,1200000.0,0.0,0.0,2900000.0,6200000.0,0.0,1000000.0,900000.0,0.14516129032258066,0.0,0.0,100000.0,0.0,0.0,0.0,100000.0,0.016129032258064516,0.012121763110444415,0.012121763110444415,8249625.0,8249625.0,,,1620591408,16:16:48,20210509
95,1996-12-31,EBIX,USD,1996-12-31,1996-12-31,Q4,6100000.0,2300000.0,3800000.0,0.6229508196721312,1000000.0,1700000.0,0.0,0.0,3800000.0,6100000.0,0.0,1100000.0,1100000.0,0.18032786885245902,0.0,0.0,0.0,0.0,0.0,0.0,0.0,0.0,0.0,0.0,6428571.0,6428571.0,,,1620591408,16:16:48,20210509
96,1996-09-30,EBIX,USD,1996-11-15 00:00:00,1996-11-15 00:00:00,Q3,7200000.0,4800000.0,2400000.0,0.3333333333333333,1400000.0,2800000.0,0.0,0.0,5100000.0,9900000.0,0.0,900000.0,-1800000.0,-0.25,-2700000.0,-0.375,-1300000.0,0.0,0.0,0.0,-3900000.0,-0.5416666666666666,-0.577778,-0.577778,6750000.0,6750000.0,https://www.sec.gov/Archives/edgar/data/814549/000091205796026743/0000912057-96-026743-index.html,https://www.sec.gov/Archives/edgar/data/814549/0000912057-96-026743.txt,1620591408,16:16:48,20210509
97,1996-06-30,EBIX,USD,1996-08-13 00:00:00,1996-08-13 00:00:00,Q2,8200000.0,4900000.0,3300000.0,0.4024390243902439,1200000.0,3100000.0,0.0,0.0,5300000.0,10200000.0,0.0,1000000.0,-1000000.0,-0.12195121951219512,-2000000.0,-0.24390243902439024,0.0,0.0,0.0,0.0,-2100000.0,-0.25609756097560976,-0.355556,-0.355556,5906250.0,5906250.0,https://www.sec.gov/Archives/edgar/data/814549/000091205796017572/0000912057-96-017572-index.html,https://www.sec.gov/Archives/edgar/data/814549/0000912057-96-017572.txt,1620591408,16:16:48,20210509
98,1996-03-31,EBIX,USD,1996-03-31,1996-03-31,Q1,10700000.0,6400000.0,4300000.0,0.40186915887850466,1300000.0,3700000.0,0.0,0.0,6200000.0,12600000.0,100000.0,1200000.0,-700000.0,-0.06542056074766354,-1900000.0,-0.17757009345794392,-5800000.0,-7800000.0,-0.7289719626168224,0.0,-7800000.0,-0.7289719626168224,-1.3206349206349206,-1.3206349206349206,5906250.0,5906250.0,,,1620591408,16:16:48,20210509
99,1995-12-31,EBIX,USD,1996-02-13 00:00:00,1996-02-13 00:00:00,Q4,10100000.0,5800000.0,4300000.0,0.42574257425742573,1300000.0,3600000.0,0.0,0.0,6000000.0,11800000.0,100000.0,1100000.0,-600000.0,-0.0594059405940594,-1700000.0,-0.16831683168316833,-100000.0,-1900000.0,-0.18811881188118812,0.0,-1900000.0,-0.18811881188118812,-0.977778,-0.977778,1943182.0,1943182.0,https://www.sec.gov/Archives/edgar/data/814549/000091205796002359/0000912057-96-002359-index.html,https://www.sec.gov/Archives/edgar/data/814549/0000912057-96-002359.txt,1620591408,16:16:48,20210509
100,1995-09-30,EBIX,USD,1995-11-13 00:00:00,1995-11-13 00:00:00,Q3,11300000.0,6600000.0,4700000.0,0.415929203539823,1200000.0,3400000.0,0.0,0.0,5800000.0,12400000.0,200000.0,1200000.0,100000.0,0.008849557522123894,-1100000.0,-0.09734513274336283,0.0,0.0,0.0,0.0,-1300000.0,-0.11504424778761062,-0.711111,-0.711111,1828125.0,1828125.0,https://www.sec.gov/Archives/edgar/data/814549/000091205795009759/0000912057-95-009759-index.html,https://www.sec.gov/Archives/edgar/data/814549/0000912057-95-009759.txt,1620591408,16:16:48,20210509
101,1995-06-30,EBIX,USD,1995-08-14 00:00:00,1995-08-14 00:00:00,Q2,12000000.0,6900000.0,5100000.0,0.425,1300000.0,3300000.0,0.0,0.0,5800000.0,12700000.0,100000.0,1200000.0,500000.0,0.041666666666666664,-700000.0,-0.058333333333333334,0.0,0.0,0.0,0.0,-800000.0,-0.06666666666666667,-0.444444,-0.444444,1800000.0,1800000.0,https://www.sec.gov/Archives/edgar/data/814549/000091205795006421/0000912057-95-006421-index.html,https://www.sec.gov/Archives/edgar/data/814549/0000912057-95-006421.txt,1620591408,16:16:48,20210509
102,1995-03-31,EBIX,USD,1995-03-31,1995-03-31,Q1,12300000.0,6800000.0,5500000.0,0.44715447154471544,1300000.0,0.0,0.0,0.0,5800000.0,12600000.0,200000.0,1100000.0,800000.0,0.06504065040650407,-300000.0,-0.024390243902439025,100000.0,-400000.0,-0.032520325203252036,0.0,-400000.0,-0.032520325203252036,0.0,0.0,0.0,0.0,,,1620591408,16:16:48,20210509
103,1994-12-31,EBIX,USD,1994-12-31,1994-12-31,Q4,13600000.0,6800000.0,6800000.0,0.5,1100000.0,0.0,0.0,0.0,6300000.0,13100000.0,300000.0,1200000.0,1700000.0,0.125,500000.0,0.03676470588235294,0.0,200000.0,0.014705882352941176,0.0,200000.0,0.014705882352941176,0.088889,0.088889,2250000.0,2250000.0,,,1620591408,16:16:48,20210509
104,1994-09-30,EBIX,USD,1994-09-30,1994-09-30,Q3,14100000.0,7600000.0,6500000.0,0.46099290780141844,1300000.0,0.0,0.0,0.0,6000000.0,13600000.0,200000.0,1200000.0,1700000.0,0.12056737588652482,500000.0,0.03546099290780142,0.0,0.0,0.0,0.0,200000.0,0.014184397163120567,0.044444,0.044444,1565217.0,1565217.0,,,1620591408,16:16:48,20210509
105,1994-06-30,EBIX,USD,1994-06-30,1994-06-30,Q2,13000000.0,7700000.0,5300000.0,0.4076923076923077,1700000.0,0.0,0.0,0.0,6700000.0,14400000.0,200000.0,1200000.0,-200000.0,-0.015384615384615385,-1400000.0,-0.1076923076923077,0.0,0.0,0.0,0.0,-1600000.0,-0.12307692307692308,-1.022222,-1.022222,1565217.0,1565217.0,,,1620591408,16:16:48,20210509
106,1994-03-31,EBIX,USD,1994-03-31,1994-03-31,Q1,14900000.0,11100000.0,3800000.0,0.2550335570469799,0.0,0.0,0.0,0.0,5900000.0,17000000.0,200000.0,900000.0,-1200000.0,-0.08053691275167785,-2100000.0,-0.14093959731543623,0.0,0.0,0.0,0.0,-2300000.0,-0.15436241610738255,-1.5333333333333334,-1.5333333333333334,1500000.0,1500000.0,,,1620591408,16:16:48,20210509
107,1993-12-31,EBIX,USD,1993-12-31,1993-12-31,Q4,12700000.0,12200000.0,500000.0,0.03937007874015748,0.0,0.0,0.0,0.0,5200000.0,17400000.0,200000.0,900000.0,-3800000.0,-0.2992125984251969,-4700000.0,-0.3700787401574803,0.0,0.0,0.0,0.0,-5000000.0,-0.3937007874015748,-3.333333,-3.333333,1500000.0,1500000.0,,,1620591408,16:16:48,20210509
108,1993-09-30,EBIX,USD,1993-09-30,1993-09-30,Q3,14200000.0,9200000.0,5000000.0,0.352112676056338,0.0,0.0,0.0,0.0,4700000.0,13900000.0,100000.0,900000.0,1200000.0,0.08450704225352113,300000.0,0.02112676056338028,0.0,0.0,0.0,0.0,200000.0,0.014084507042253521,0.088889,0.088889,1500000.0,1500000.0,,,1620591408,16:16:48,20210509
109,1993-06-30,EBIX,USD,1993-06-30,1993-06-30,Q2,11900000.0,7600000.0,4300000.0,0.36134453781512604,0.0,0.0,0.0,0.0,6000000.0,13600000.0,100000.0,900000.0,-800000.0,-0.06722689075630252,-1700000.0,-0.14285714285714285,0.0,0.0,0.0,0.0,-1800000.0,-0.15126050420168066,-1.2,-1.2,1500000.0,1500000.0,,,1620591408,16:16:48,20210509
110,1993-03-31,EBIX,USD,1993-03-31,1993-03-31,Q1,14800000.0,0.0,0.0,0.0,0.0,0.0,0.0,0.0,0.0,0.0,0.0,0.0,-35900000.0,-2.425675675675676,-35900000.0,-2.425675675675676,0.0,0.0,0.0,0.0,-200000.0,-0.013513513513513514,-0.13333333333333333,-0.13333333333333333,1500000.0,1500000.0,,,1620591408,16:16:48,20210509
111,1992-12-31,EBIX,USD,1992-12-31,1992-12-31,Q4,11800000.0,0.0,0.0,0.0,0.0,0.0,0.0,0.0,0.0,0.0,0.0,0.0,11800000.0,1.0,11800000.0,1.0,0.0,0.0,0.0,0.0,200000.0,0.01694915254237288,0.133333,0.133333,1500000.0,1500000.0,,,1620591408,16:16:48,20210509
112,1992-09-30,EBIX,USD,1992-09-30,1992-09-30,Q3,11400000.0,0.0,0.0,0.0,0.0,0.0,0.0,0.0,0.0,0.0,0.0,0.0,11400000.0,1.0,11400000.0,1.0,0.0,0.0,0.0,0.0,200000.0,0.017543859649122806,0.133333,0.133333,1500000.0,1500000.0,,,1620591408,16:16:48,20210509
113,1992-06-30,EBIX,USD,1992-06-30,1992-06-30,Q2,13600000.0,0.0,0.0,0.0,0.0,0.0,0.0,0.0,0.0,0.0,0.0,0.0,13600000.0,1.0,13600000.0,1.0,0.0,0.0,0.0,0.0,300000.0,0.022058823529411766,0.177778,0.177778,1687500.0,1687500.0,,,1620591408,16:16:48,20210509
114,1992-03-31,EBIX,USD,1992-03-31,1992-03-31,Q1,11900000.0,0.0,0.0,0.0,0.0,0.0,0.0,0.0,0.0,0.0,0.0,0.0,-38800000.0,-3.2605042016806722,-38800000.0,-3.2605042016806722,0.0,0.0,0.0,0.0,-8000000.0,-0.6722689075630253,-6.222223604938579,-6.222223604938579,1285714.0,1285714.0,,,1620591408,16:16:48,20210509
115,1991-12-31,EBIX,USD,1991-12-31,1991-12-31,Q4,12300000.0,0.0,0.0,0.0,0.0,0.0,0.0,0.0,0.0,0.0,0.0,0.0,12300000.0,1.0,12300000.0,1.0,0.0,0.0,0.0,0.0,0.0,0.0,0.044444,0.044444,1285714.0,1285714.0,,,1620591408,16:16:48,20210509
116,1991-09-30,EBIX,USD,1991-09-30,1991-09-30,Q3,9800000.0,6700000.0,3100000.0,0.3163265306122449,0.0,0.0,0.0,0.0,3100000.0,9800000.0,100000.0,100000.0,100000.0,0.01020408163265306,0.0,-0.01020408163265306,0.0,-100000.0,-0.01020408163265306,0.0,-100000.0,-0.01020408163265306,-0.088889,-0.088889,1125000.0,1125000.0,,,1620591408,16:16:48,20210509
117,1991-06-30,EBIX,USD,1991-06-30,1991-06-30,Q2,8400000.0,5700000.0,2700000.0,0.32142857142857145,0.0,0.0,0.0,0.0,3400000.0,9100000.0,100000.0,200000.0,-500000.0,-0.05952380952380952,-700000.0,-0.08333333333333333,0.0,-800000.0,-0.09523809523809523,-100000.0,-700000.0,-0.08333333333333333,-0.533333,-0.533333,1312500.0,1312500.0,,,1620591408,16:16:48,20210509
118,1991-03-31,EBIX,USD,1991-03-31,1991-03-31,Q1,8900000.0,5500000.0,3400000.0,0.38202247191011235,0.0,0.0,0.0,0.0,3500000.0,9000000.0,0.0,200000.0,100000.0,0.011235955056179775,-100000.0,-0.011235955056179775,-100000.0,-200000.0,-0.02247191011235955,0.0,-200000.0,-0.02247191011235955,-0.26666666666666666,-0.26666666666666666,750000.0,750000.0,,,1620591408,16:16:48,20210509
119,1990-12-31,EBIX,USD,1990-12-31,1990-12-31,Q4,6000000.0,3500000.0,2500000.0,0.4166666666666667,0.0,0.0,0.0,0.0,2300000.0,5800000.0,0.0,100000.0,300000.0,0.05,200000.0,0.03333333333333333,-100000.0,100000.0,0.016666666666666666,0.0,100000.0,0.016666666666666666,0.133333,0.133333,750000.0,750000.0,,,1620591408,16:16:48,20210509
120,1990-09-30,EBIX,USD,1990-09-30,1990-09-30,Q3,5000000.0,2600000.0,2400000.0,0.48,0.0,0.0,0.0,0.0,2400000.0,5000000.0,0.0,100000.0,100000.0,0.02,0.0,0.02,100000.0,100000.0,0.02,0.0,0.0,0.0,0.044444,0.044444,990000.0,990000.0,,,1620591408,16:16:48,20210509
121,1990-06-30,EBIX,USD,1990-06-30,1990-06-30,Q2,6700000.0,2900000.0,3800000.0,0.5671641791044776,0.0,0.0,0.0,0.0,2500000.0,5400000.0,0.0,100000.0,1400000.0,0.208955223880597,1300000.0,0.19402985074626866,-100000.0,1200000.0,0.1791044776119403,100000.0,1100000.0,0.16417910447761194,1.111111,1.111111,990000.0,990000.0,,,1620591408,16:16:48,20210509
122,1990-03-31,EBIX,USD,1990-03-31,1990-03-31,Q1,5900000.0,0.0,0.0,0.0,0.0,0.0,0.0,0.0,0.0,0.0,0.0,0.0,-14900000.0,-2.5254237288135593,-14900000.0,-2.5254237288135593,0.0,0.0,0.0,0.0,0.0,0.0,0.0,0.0,937125.0,937125.0,,,1620591408,16:16:48,20210509
123,1989-12-31,EBIX,USD,1989-12-31,1989-12-31,Q4,5200000.0,0.0,0.0,0.0,0.0,0.0,0.0,0.0,0.0,0.0,0.0,0.0,5200000.0,1.0,5200000.0,1.0,0.0,0.0,0.0,0.0,0.0,0.0,0.088889,0.088889,937125.0,937125.0,,,1620591408,16:16:48,20210509
124,1989-09-30,EBIX,USD,1989-09-30,1989-09-30,Q3,5100000.0,0.0,0.0,0.0,0.0,0.0,0.0,0.0,0.0,0.0,0.0,0.0,5100000.0,1.0,5100000.0,1.0,0.0,0.0,0.0,0.0,0.0,0.0,0.044444,0.044444,932625.0,932625.0,,,1620591408,16:16:48,20210509
125,1989-06-30,EBIX,USD,1989-06-30,1989-06-30,Q2,5000000.0,0.0,0.0,0.0,0.0,0.0,0.0,0.0,0.0,0.0,0.0,0.0,5000000.0,1.0,5000000.0,1.0,0.0,0.0,0.0,0.0,0.0,0.0,-0.533333,-0.533333,924750.0,924750.0,,,1620591408,16:16:48,20210509
126,1989-03-31,EBIX,USD,1989-03-31,1989-03-31,Q1,5000000.0,0.0,0.0,0.0,0.0,0.0,0.0,0.0,0.0,0.0,0.0,0.0,-16300000.0,-3.26,-16300000.0,-3.26,0.0,0.0,0.0,0.0,0.0,0.0,0.0,0.0,875250.0,875250.0,,,1620591408,16:16:48,20210509
127,1988-12-31,EBIX,USD,1988-12-31,1988-12-31,Q4,5500000.0,0.0,0.0,0.0,0.0,0.0,0.0,0.0,0.0,0.0,0.0,0.0,5500000.0,1.0,5500000.0,1.0,0.0,0.0,0.0,0.0,0.0,0.0,-0.133333,-0.133333,875250.0,875250.0,,,1620591408,16:16:48,20210509
128,1988-09-30,EBIX,USD,1988-09-30,1988-09-30,Q3,5700000.0,0.0,0.0,0.0,0.0,0.0,0.0,0.0,0.0,0.0,0.0,0.0,5700000.0,1.0,5700000.0,1.0,0.0,0.0,0.0,0.0,0.0,0.0,0.711111,0.711111,875250.0,875250.0,,,1620591408,16:16:48,20210509
129,1988-06-30,EBIX,USD,1988-06-30,1988-06-30,Q2,4300000.0,0.0,0.0,0.0,0.0,0.0,0.0,0.0,0.0,0.0,0.0,0.0,4300000.0,1.0,4300000.0,1.0,0.0,0.0,0.0,0.0,0.0,0.0,-0.355556,-0.355556,875250.0,875250.0,,,1620591408,16:16:48,20210509
130,1988-03-31,EBIX,USD,1988-03-31,1988-03-31,Q1,4400000.0,0.0,0.0,0.0,0.0,0.0,0.0,0.0,0.0,0.0,0.0,0.0,-16200000.0,-3.6818181818181817,-16200000.0,-3.6818181818181817,0.0,0.0,0.0,0.0,0.0,0.0,0.0,0.0,822375.0,822375.0,,,1620591408,16:16:48,20210509
131,1987-12-31,EBIX,USD,1987-12-31,1987-12-31,Q4,4200000.0,0.0,0.0,0.0,0.0,0.0,0.0,0.0,0.0,0.0,0.0,0.0,4200000.0,1.0,4200000.0,1.0,0.0,0.0,0.0,0.0,0.0,0.0,-1.022222,-1.022222,822375.0,822375.0,,,1620591408,16:16:48,20210509
132,1987-09-30,EBIX,USD,1987-09-30,1987-09-30,Q3,4900000.0,0.0,0.0,0.0,0.0,0.0,0.0,0.0,0.0,0.0,0.0,0.0,4900000.0,1.0,4900000.0,1.0,0.0,0.0,0.0,0.0,0.0,0.0,-0.133333,-0.133333,822375.0,822375.0,,,1620591408,16:16:48,20210509
133,1987-06-30,EBIX,USD,1987-06-30,1987-06-30,Q2,5200000.0,0.0,0.0,0.0,0.0,0.0,0.0,0.0,0.0,0.0,0.0,0.0,5200000.0,1.0,5200000.0,1.0,0.0,0.0,0.0,0.0,0.0,0.0,0.044444,0.044444,822375.0,822375.0,,,1620591408,16:16:48,20210509
134,1987-03-31,EBIX,USD,1987-03-31,1987-03-31,Q1,5600000.0,0.0,0.0,0.0,0.0,0.0,0.0,0.0,0.0,0.0,0.0,0.0,-15000000.0,-2.6785714285714284,-15000000.0,-2.6785714285714284,0.0,0.0,0.0,0.0,0.0,0.0,0.0,0.0,761625.0,761625.0,,,1620591408,16:16:48,20210509
135,1986-12-31,EBIX,USD,1986-12-31,1986-12-31,Q4,5600000.0,0.0,0.0,0.0,0.0,0.0,0.0,0.0,0.0,0.0,0.0,0.0,5600000.0,1.0,5600000.0,1.0,0.0,0.0,0.0,0.0,0.0,0.0,0.266667,0.266667,761625.0,761625.0,,,1620591408,16:16:48,20210509
136,1986-09-30,EBIX,USD,1986-09-30,1986-09-30,Q3,5500000.0,0.0,0.0,0.0,0.0,0.0,0.0,0.0,0.0,0.0,0.0,0.0,5500000.0,1.0,5500000.0,1.0,0.0,0.0,0.0,0.0,0.0,0.0,0.222222,0.222222,761625.0,761625.0,,,1620591408,16:16:48,20210509
137,1986-06-30,EBIX,USD,1986-06-30,1986-06-30,Q2,5500000.0,0.0,0.0,0.0,0.0,0.0,0.0,0.0,0.0,0.0,0.0,0.0,5500000.0,1.0,5500000.0,1.0,0.0,0.0,0.0,0.0,0.0,0.0,0.222222,0.222222,761625.0,761625.0,,,1620591408,16:16:48,20210509
