,date,symbol,reportedCurrency,fillingDate,acceptedDate,period,revenue,costOfRevenue,grossProfit,grossProfitRatio,researchAndDevelopmentExpenses,generalAndAdministrativeExpenses,sellingAndMarketingExpenses,otherExpenses,operatingExpenses,costAndExpenses,interestExpense,depreciationAndAmortization,ebitda,ebitdaratio,operatingIncome,operatingIncomeRatio,totalOtherIncomeExpensesNet,incomeBeforeTax,incomeBeforeTaxRatio,incomeTaxExpense,netIncome,netIncomeRatio,eps,epsdiluted,weightedAverageShsOut,weightedAverageShsOutDil,link,finalLink,timestamp,est_time,est_date
0,2020-12-31,AGR,USD,2021-03-01,2021-03-01 16:04:56,Q4,1669000000,1058000000.0,611000000.0,0.366087477531456,0.0,0.0,0.0,-17000000.0,389000000.0,1447000000.0,65000000.0,226000000.0,448000000,0.26842420611144396,222000000.0,0.1330137807070102,3000000.0,160000000.0,0.09586578789694428,8000000.0,166000000.0,0.09946075494307968,0.54,0.54,309500000,309600000,https://www.sec.gov/Archives/edgar/data/1634997/000163499721000024/0001634997-21-000024-index.htm,https://www.sec.gov/Archives/edgar/data/1634997/000163499721000024/agr-20201231.htm,1620586326,14:52:06,20210509
1,2020-09-30,AGR,USD,2020-10-30,2020-10-30 16:04:58,Q3,1470000000,893000000.0,577000000.0,0.3925170068027211,0.0,0.0,0.0,16000000.0,412000000.0,1305000000.0,86000000.0,216000000.0,381000000,0.25918367346938775,165000000.0,0.11224489795918367,17000000.0,96000000.0,0.0653061224489796,15000000.0,87000000.0,0.05918367346938776,0.28109854604200324,0.2810077519379845,309500000,309600000,https://www.sec.gov/Archives/edgar/data/1634997/000163499720000059/0001634997-20-000059-index.htm,https://www.sec.gov/Archives/edgar/data/1634997/000163499720000059/agr-20200930.htm,1620586326,14:52:06,20210509
2,2020-06-30,AGR,USD,2020-07-31,2020-07-31 16:02:14,Q2,1392000000,849000000.0,543000000.0,0.3900862068965517,0.0,0.0,0.0,2000000.0,388000000.0,1237000000.0,89000000.0,263000000.0,418000000,0.30028735632183906,155000000.0,0.11135057471264367,4000000.0,70000000.0,0.05028735632183908,-6000000.0,88000000.0,0.06321839080459771,0.28,0.28,309500000,309500000,https://www.sec.gov/Archives/edgar/data/1634997/000163499720000051/0001634997-20-000051-index.htm,https://www.sec.gov/Archives/edgar/data/1634997/000163499720000051/agr-20200630.htm,1620586326,14:52:06,20210509
3,2020-03-31,AGR,USD,2020-05-05 00:00:00,2020-05-05 16:03:53,Q1,1789000000,1045000000.0,744000000.0,0.4158747903856903,0.0,0.0,0.0,-3000000.0,417000000.0,1462000000.0,76000000.0,269000000.0,596000000,0.33314700950251536,327000000.0,0.18278367803242035,-9000000.0,242000000.0,0.13527110117384014,12000000.0,240000000.0,0.13415315818893236,0.7754442649434572,0.7751937984496124,309500000,309600000,https://www.sec.gov/Archives/edgar/data/1634997/000163499720000035/0001634997-20-000035-index.html,https://www.sec.gov/Archives/edgar/data/1634997/000163499720000035/avangrid2020q110-q.htm,1620586326,14:52:06,20210509
4,2019-12-31,AGR,USD,2020-03-02 00:00:00,2020-03-02 16:25:15,Q4,1609000000,995000000.0,614000000.0,0.38160348042262277,0.0,0.0,0.0,-76000000.0,398000000.0,1393000000.0,80000000.0,266000000.0,482000000,0.2995649471721566,216000000.0,0.13424487259167184,120000000.0,256000000.0,0.15910503418272218,40000000.0,223000000.0,0.13859540087010566,0.72,0.72,309500000,309500000,https://www.sec.gov/Archives/edgar/data/1634997/000163499720000017/0001634997-20-000017-index.html,https://www.sec.gov/Archives/edgar/data/1634997/000163499720000017/agr201910-k.htm,1620586326,14:52:06,20210509
5,2019-09-30,AGR,USD,2019-10-31 00:00:00,2019-10-31 16:08:49,Q3,1487000000,867000000.0,620000000.0,0.4169468728984533,0.0,0.0,0.0,6000000.0,381000000.0,1248000000.0,72000000.0,256000000.0,495000000,0.3328850033624748,239000000.0,0.16072629455279086,5000000.0,172000000.0,0.11566913248150638,33000000.0,150000000.0,0.10087424344317418,0.48,0.48,309500000,309500000,https://www.sec.gov/Archives/edgar/data/1634997/000163499719000032/0001634997-19-000032-index.html,https://www.sec.gov/Archives/edgar/data/1634997/000163499719000032/avangrid2019q310-q.htm,1620586326,14:52:06,20210509
6,2019-06-30,AGR,USD,2019-08-01 00:00:00,2019-08-01 16:04:19,Q2,1400000000,832000000.0,568000000.0,0.4057142857142857,0.0,0.0,0.0,2000000.0,361000000.0,1193000000.0,76000000.0,240000000.0,447000000,0.3192857142857143,207000000.0,0.14785714285714285,3000000.0,134000000.0,0.09571428571428571,29000000.0,110000000.0,0.07857142857142857,0.36,0.36,309500000,309500000,https://www.sec.gov/Archives/edgar/data/1634997/000163499719000024/0001634997-19-000024-index.html,https://www.sec.gov/Archives/edgar/data/1634997/000163499719000024/avangrid2019q210-q.htm,1620586326,14:52:06,20210509
7,2019-03-31,AGR,USD,2019-05-02 00:00:00,2019-05-02 16:44:41,Q1,1842000000,1116000000.0,726000000.0,0.3941368078175896,0.0,0.0,0.0,-7000000.0,385000000.0,1501000000.0,78000000.0,236000000.0,577000000,0.3132464712269272,341000000.0,0.18512486427795874,-6000000.0,257000000.0,0.13952225841476656,41000000.0,217000000.0,0.11780673181324647,0.7011308562197092,0.7006780755569907,309500000,309700000,https://www.sec.gov/Archives/edgar/data/1634997/000163499719000016/0001634997-19-000016-index.html,https://www.sec.gov/Archives/edgar/data/1634997/000163499719000016/avangrid2019q110-q.htm,1620586326,14:52:06,20210509
8,2018-12-31,AGR,USD,2019-03-01 00:00:00,2019-03-01 06:15:11,Q4,1665000000,1070000000.0,595000000.0,0.35735735735735735,0.0,0.0,0.0,-39000000.0,346000000.0,1416000000.0,84000000.0,221000000.0,470000000,0.2822822822822823,249000000.0,0.14954954954954955,-7000000.0,158000000.0,0.0948948948948949,42000000.0,119000000.0,0.07147147147147147,0.38449111470113084,0.38424281562802715,309500000,309700000,https://www.sec.gov/Archives/edgar/data/1634997/000163499719000009/0001634997-19-000009-index.html,https://www.sec.gov/Archives/edgar/data/1634997/000163499719000009/agr201810-k.htm,1620586326,14:52:06,20210509
9,2018-09-30,AGR,USD,2018-11-02 00:00:00,2018-11-02 16:04:24,Q3,1546000000,916000000.0,630000000.0,0.407503234152652,0.0,0.0,0.0,-16000000.0,376000000.0,1292000000.0,75000000.0,246000000.0,500000000,0.32341526520051744,254000000.0,0.16429495472186287,-16000000.0,163000000.0,0.1054333764553687,29000000.0,125000000.0,0.08085381630012936,0.40387722132471726,0.40361640297061674,309500000,309700000,https://www.sec.gov/Archives/edgar/data/1634997/000163499718000029/0001634997-18-000029-index.html,https://www.sec.gov/Archives/edgar/data/1634997/000163499718000029/avangrid2018q310-q.htm,1620586326,14:52:06,20210509
10,2018-06-30,AGR,USD,2018-08-02 00:00:00,2018-08-02 16:08:38,Q2,1402000000,812000000.0,590000000.0,0.42082738944365194,0.0,0.0,0.0,-20000000.0,358000000.0,1170000000.0,70000000.0,230000000.0,462000000,0.32952924393723254,232000000.0,0.16547788873038516,-25000000.0,137000000.0,0.09771754636233952,27000000.0,107000000.0,0.07631954350927246,0.35,0.34,309500000,309700000,https://www.sec.gov/Archives/edgar/data/1634997/000156459018018891/0001564590-18-018891-index.html,https://www.sec.gov/Archives/edgar/data/1634997/000156459018018891/agr-10q_20180630.htm,1620586326,14:52:06,20210509
11,2018-03-31,AGR,USD,2018-05-03 00:00:00,2018-05-03 16:07:33,Q1,1865000000,1103000000.0,762000000.0,0.40857908847184987,0.0,0.0,0.0,-21000000.0,354000000.0,1457000000.0,74000000.0,222000000.0,630000000,0.3378016085790885,408000000.0,0.21876675603217158,-24000000.0,310000000.0,0.16621983914209115,72000000.0,244000000.0,0.13083109919571045,0.7883683360258481,0.7876049063912202,309500000,309800000,https://www.sec.gov/Archives/edgar/data/1634997/000156459018010668/0001564590-18-010668-index.html,https://www.sec.gov/Archives/edgar/data/1634997/000156459018010668/agr-10q_20180331.htm,1620586326,14:52:06,20210509
12,2017-12-31,AGR,USD,2018-03-26 00:00:00,2018-03-26 16:56:50,Q4,1533000000,959000000.0,574000000.0,0.3744292237442922,0.0,0.0,0.0,-13000000.0,357000000.0,1316000000.0,70000000.0,225000000.0,442000000,0.2883235485975212,217000000.0,0.1415525114155251,-662000000.0,-515000000.0,-0.3359425962165688,-438000000.0,-77000000.0,-0.0502283105022831,-0.24878836833602586,-0.2486277042298999,309500000,309700000,https://www.sec.gov/Archives/edgar/data/1634997/000156459018006767/0001564590-18-006767-index.html,https://www.sec.gov/Archives/edgar/data/1634997/000156459018006767/agr-10k_20171231.htm,1620586326,14:52:06,20210509
13,2017-09-30,AGR,USD,2017-11-02 00:00:00,2017-11-02 16:14:48,Q3,1341000000,810000000.0,531000000.0,0.3959731543624161,0.0,0.0,0.0,14000000.0,342000000.0,1152000000.0,71000000.0,215000000.0,404000000,0.3012677106636838,189000000.0,0.14093959731543623,14000000.0,132000000.0,0.09843400447427293,32000000.0,99000000.0,0.0738255033557047,0.3198707592891761,0.3195610071013557,309500000,309800000,https://www.sec.gov/Archives/edgar/data/1634997/000156459017021206/0001564590-17-021206-index.html,https://www.sec.gov/Archives/edgar/data/1634997/000156459017021206/agr-10q_20170930.htm,1620586326,14:52:06,20210509
14,2017-06-30,AGR,USD,2017-08-01 00:00:00,2017-08-01 16:26:40,Q2,1331000000,764000000.0,567000000.0,0.4259954921111946,0.0,0.0,0.0,8000000.0,344000000.0,1108000000.0,68000000.0,215000000.0,438000000,0.3290758827948911,223000000.0,0.16754320060105185,9000000.0,164000000.0,0.12321562734785875,44000000.0,120000000.0,0.09015777610818933,0.3877221324717286,0.38734667527437056,309500000,309800000,https://www.sec.gov/Archives/edgar/data/1634997/000156459017014658/0001564590-17-014658-index.html,https://www.sec.gov/Archives/edgar/data/1634997/000156459017014658/agr-10q_20170630.htm,1620586326,14:52:06,20210509
15,2017-03-31,AGR,USD,2017-05-05 00:00:00,2017-05-05 16:07:03,Q1,1758000000,1016000000.0,742000000.0,0.42207053469852107,0.0,0.0,0.0,13000000.0,344000000.0,1360000000.0,71000000.0,216000000.0,614000000,0.3492605233219568,398000000.0,0.22639362912400454,15000000.0,342000000.0,0.1945392491467577,103000000.0,239000000.0,0.13594994311717862,0.7721910694461509,0.7713722346055258,309508889,309837442,https://www.sec.gov/Archives/edgar/data/1634997/000156459017009082/0001564590-17-009082-index.html,https://www.sec.gov/Archives/edgar/data/1634997/000156459017009082/agr-10q_20170331.htm,1620586326,14:52:06,20210509
16,2016-12-31,AGR,USD,2017-03-10 00:00:00,2017-03-10 17:24:47,Q4,1491000000,869000000.0,622000000.0,0.41716968477531857,0.0,0.0,0.0,-22000000.0,316000000.0,1185000000.0,56000000.0,103000000.0,409000000,0.2743125419181757,306000000.0,0.2052313883299799,7000000.0,257000000.0,0.17236753856472167,50000000.0,207000000.0,0.13883299798792756,0.6688366095750753,0.6677976922828044,309492628,309974117,https://www.sec.gov/Archives/edgar/data/1634997/000156459017004016/0001564590-17-004016-index.html,https://www.sec.gov/Archives/edgar/data/1634997/000156459017004016/agr-10k_20161231.htm,1620586326,14:52:06,20210509
17,2016-09-30,AGR,USD,2016-11-04 00:00:00,2016-11-04 16:06:58,Q3,1418000000,865000000.0,553000000.0,0.3899858956276446,0.0,0.0,0.0,3000000.0,336000000.0,1201000000.0,60000000.0,249000000.0,466000000,0.32863187588152326,217000000.0,0.1530324400564175,5000000.0,162000000.0,0.11424541607898449,53000000.0,109000000.0,0.0768688293370945,0.35218646615198396,0.35161307789810964,309495141,309999846,https://www.sec.gov/Archives/edgar/data/1634997/000156459016027641/0001564590-16-027641-index.html,https://www.sec.gov/Archives/edgar/data/1634997/000156459016027641/agr-10q_20160930.htm,1620586326,14:52:06,20210509
18,2016-06-30,AGR,USD,2016-08-04 00:00:00,2016-08-04 16:47:59,Q2,1439000000,779000000.0,660000000.0,0.4586518415566366,0.0,0.0,0.0,20000000.0,338000000.0,1117000000.0,68000000.0,255000000.0,577000000,0.4009728978457262,322000000.0,0.2237665045170257,20000000.0,274000000.0,0.19041000694927032,172000000.0,102000000.0,0.07088255733148019,0.32953414068680886,0.3293680381546394,309527868,309683965,https://www.sec.gov/Archives/edgar/data/1634997/000156459016022742/0001564590-16-022742-index.html,https://www.sec.gov/Archives/edgar/data/1634997/000156459016022742/agr-10q_20160630.htm,1620586326,14:52:06,20210509
19,2016-03-31,AGR,USD,2016-04-01 00:00:00,2016-04-01 15:24:43,Q1,1670000000,979000000.0,691000000.0,0.41377245508982036,0.0,0.0,0.0,49000000.0,342000000.0,1321000000.0,84000000.0,246000000.0,595000000,0.3562874251497006,349000000.0,0.2089820359281437,51000000.0,316000000.0,0.18922155688622755,104000000.0,212000000.0,0.12694610778443113,0.6848912015597169,0.6842947757780024,309538215,309808006,https://www.sec.gov/Archives/edgar/data/1634997/000156459016015808/0001564590-16-015808-index.html,https://www.sec.gov/Archives/edgar/data/1634997/000156459016015808/agr-10k_20151231.htm,1620586326,14:52:06,20210509
20,2015-12-31,AGR,USD,2016-04-01 00:00:00,2016-04-01 15:24:43,Q4,3140416000,1974602000.0,1165814000.0,0.37122916199637246,0.0,0.0,0.0,32697000.0,830376000.0,2804978000.0,196126000.0,670914000.0,1006352000,0.3204518127534696,335438000.0,0.10681323748191322,28686000.0,168347000.0,0.05360659224765127,-9566000.0,177913000.0,0.05665268550408608,0.5747690959579902,0.5747690959579902,309538215,309538215,https://www.sec.gov/Archives/edgar/data/1634997/000156459016015808/0001564590-16-015808-index.html,https://www.sec.gov/Archives/edgar/data/1634997/000156459016015808/agr-10k_20151231.htm,1620586326,14:52:06,20210509
21,2015-09-30,AGR,USD,2015-09-30,2015-09-30,Q3,330524000,214912000.0,115612000.0,0.34978397937819944,0.0,0.0,0.0,263000.0,75811000.0,290723000.0,23796000.0,37081000.0,76882000,0.23260640679648073,39801000.0,0.12041788190872675,6952000.0,22443000.0,0.06790127191973956,6811000.0,15632000.0,0.04729459887935521,0.2735258092738408,0.27215432292210734,57150000,57438000,,,1620586326,14:52:06,20210509
22,2015-06-30,AGR,USD,2015-06-30,2015-06-30,Q4,312007000,197808000.0,114199000.0,0.36601422403984524,0.0,0.0,0.0,584000.0,71214000.0,269022000.0,23621000.0,34363000.0,77348000,0.24790469444595795,42985000.0,0.1377693449185435,7469000.0,26896000.0,0.0862031941591054,11050000.0,15846000.0,0.05078732207931232,0.27824407374890253,0.27682954525602277,56950000,57241000,,,1620586326,14:52:06,20210509
23,2015-03-31,AGR,USD,2015-03-31,2015-03-31,Q4,584053000,392678000.0,191375000.0,0.3276671808894056,0.0,0.0,0.0,456000.0,84599000.0,477277000.0,23457000.0,34741000.0,141517000,0.24230164043331684,106776000.0,0.18281902498574615,-107000.0,83314000.0,0.14264801310839942,25705000.0,57609000.0,0.0986365963362914,1.012798649812767,1.007432148852826,56881000,57184000,,,1620586326,14:52:06,20210509
24,2014-09-30,AGR,USD,2014-09-30,2014-09-30,Q3,293026000,189829000.0,103197000.0,0.3521769399302451,0.0,0.0,0.0,520000.0,68475000.0,258304000.0,23022000.0,32860000.0,67582000,0.23063482421355103,34722000.0,0.11849460457433811,5743000.0,17490000.0,0.059687536259581064,4986000.0,12504000.0,0.04267198132588917,0.21992788672939934,0.21885775296238602,56855000,57133000,,,1620586326,14:52:06,20210509
25,2014-06-30,AGR,USD,2014-06-30,2014-06-30,Q4,334794000,231000000.0,103794000.0,0.31002347712324596,0.0,531000.0,0.0,841000.0,67584000.0,298584000.0,22840000.0,32360000.0,68570000,0.2048125115742815,36210000.0,0.10815606014444704,-243000.0,13043000.0,0.038958284796023826,3740000.0,9303000.0,0.027787236330400186,0.16366419197072588,0.16291898707575916,56842000,57102000,,,1620586326,14:52:06,20210509
26,2014-03-31,AGR,USD,2014-03-31,2014-03-31,Q4,571162000,381843000.0,189319000.0,0.33146287743232217,0.0,1906000.0,0.0,1266000.0,81760000.0,463603000.0,22627000.0,31988000.0,139547000,0.2443212258518599,107559000.0,0.1883160994603983,-2852000.0,82015000.0,0.14359323624470816,26550000.0,55465000.0,0.09710905137246525,0.98,0.97,56779000,57043000,,,1620586326,14:52:06,20210509
27,2013-09-30,AGR,USD,2013-09-30,2013-09-30,Q3,316478000,193126000.0,123352000.0,0.38976484937341616,0.0,0.0,0.0,5153000.0,83150000.0,276276000.0,21790000.0,51370000.0,91572000,0.2893471268145021,40202000.0,0.12702936697021594,-8460000.0,9343000.0,0.029521799303585082,4186000.0,5157000.0,0.016294971530406537,0.10113946145247014,0.10066170873104176,50989000,51231000,,,1620586326,14:52:06,20210509
28,2013-06-30,AGR,USD,2013-06-30,2013-06-30,Q4,319074000,202090000.0,116984000.0,0.3666359527883814,0.0,0.0,0.0,5204000.0,73749000.0,275839000.0,23213000.0,46278000.0,89513000,0.28053993744397854,43235000.0,0.13550148241473764,9052000.0,28465000.0,0.08921128014191065,10531000.0,17934000.0,0.056206397262077136,0.3518402260064349,0.3502665963555399,50972000,51201000,,,1620586326,14:52:06,20210509
29,2013-03-31,AGR,USD,2013-03-31,2013-03-31,Q4,548039000,365833000.0,182206000.0,0.3324690396121444,0.0,0.0,0.0,5361000.0,85973000.0,451806000.0,22711000.0,50708000.0,146941000,0.26812142931433713,96233000.0,0.17559516749720366,9173000.0,82094000.0,0.1497959086853308,30287000.0,51807000.0,0.09453159355447331,1.02,1.01,50888000,51157000,,,1620586326,14:52:06,20210509
30,2012-09-30,AGR,USD,2012-09-30,2012-09-30,Q3,323809000,121700000.0,202109000.0,0.6241611567312829,0.0,0.0,0.0,0.0,162983000.0,284683000.0,22743000.0,46889000.0,86015000,0.2656349885271873,39126000.0,0.12083048957873314,6771000.0,23189000.0,0.07161320408018307,10835000.0,15775000.0,0.04871699057160239,0.31053760900805133,0.309119767988713,50799000,51032000,,,1620586326,14:52:06,20210509
31,2012-06-30,AGR,USD,2012-06-30,2012-06-30,Q4,283508000,91545000.0,191963000.0,0.6770990589330812,0.0,0.0,0.0,0.0,155456000.0,247001000.0,23137000.0,43647000.0,80154000,0.2827221806792048,36507000.0,0.12876885308351088,4219000.0,17643000.0,0.06223104815384398,9546000.0,12012000.0,0.04236917476755506,0.24,0.23,50793000,51041000,,,1620586326,14:52:06,20210509
32,2012-03-31,AGR,USD,2012-03-31,2012-03-31,Q4,458338000,207511000.0,250827000.0,0.5472533370569318,0.0,0.0,0.0,0.0,163366000.0,370877000.0,23246000.0,47168000.0,134629000,0.29373300926390566,87461000.0,0.1908220570845097,8495000.0,73132000.0,0.15955910267095463,30543000.0,47076000.0,0.10271022695041651,0.93,0.92,50686000,50985000,,,1620586326,14:52:06,20210509
33,2011-09-30,AGR,USD,2011-09-30,2011-09-30,Q3,321427000,126868000.0,194559000.0,0.6052976258995044,0.0,0.0,0.0,0.0,160306000.0,287174000.0,23699000.0,39076000.0,73329000,0.22813578199715642,34253000.0,0.10656540987533716,7601000.0,18302000.0,0.05693983392807698,9629000.0,12194000.0,0.0379370743590302,0.24078352388286633,0.2394407681583443,50643000,50927000,,,1620586326,14:52:06,20210509
34,2011-06-30,AGR,USD,2011-06-30,2011-06-30,Q4,314049000,118455000.0,195594000.0,0.6228136373623224,0.0,0.0,0.0,0.0,155370000.0,273825000.0,23092000.0,35040000.0,75264000,0.2396568688325707,40224000.0,0.12808192352148867,4532000.0,22231000.0,0.07078831647290709,10708000.0,14170000.0,0.045120347461701835,0.27988464881093467,0.27854222362006603,50628000,50872000,,,1620586326,14:52:06,20210509
35,2011-03-31,AGR,USD,2011-03-31,2011-03-31,Q4,561053000,295628000.0,265425000.0,0.473083648068899,0.0,0.0,0.0,0.0,165610000.0,461238000.0,23474000.0,36804000.0,136619000,0.24350462434030296,99815000.0,0.17790654358857363,3943000.0,81006000.0,0.1443820815502279,31010000.0,52058000.0,0.09278624301090985,1.03,1.02,50518000,50805000,,,1620586326,14:52:06,20210509
36,2010-09-30,AGR,USD,2010-09-30,2010-09-30,Q3,236277000,89050000.0,147227000.0,0.623111855999526,0.0,0.0,0.0,0.0,105993000.0,195043000.0,11609000.0,28783000.0,70017000,0.2963343871811476,41234000.0,0.17451550510629474,-1995000.0,28745000.0,0.12165805389436975,12821000.0,16269000.0,0.06885562284945212,0.5056253107906514,0.5012169198065252,32176000,32459000,,,1620586326,14:52:06,20210509
37,2010-06-30,AGR,USD,2010-06-30,2010-06-30,Q4,207116000,68906000.0,138210000.0,0.6673072094864714,0.0,0.0,0.0,0.0,105997000.0,174903000.0,10467000.0,27429000.0,59642000,0.28796423260395143,32213000.0,0.15553119990729833,-2864000.0,19950000.0,0.09632283358118156,8927000.0,10126000.0,0.04889047683423782,0.34,0.33,30093000,30313000,,,1620586326,14:52:06,20210509
38,2010-03-31,AGR,USD,2010-03-31,2010-03-31,Q4,220280000,90824000.0,129456000.0,0.5876883965861631,0.0,0.0,0.0,0.0,96576000.0,187400000.0,10158000.0,27644000.0,60524000,0.2747593971309243,32880000.0,0.1492645723624478,2668000.0,26385000.0,0.11977937170873434,10341000.0,16052000.0,0.07287089159251861,0.5348349048745543,0.5300838782114787,30013000,30282000,,,1620586326,14:52:06,20210509
39,2009-09-30,AGR,USD,2009-09-30,2009-09-30,Q3,255212000,169042000.0,86170000.0,0.3376408632822908,0.0,0.0,0.0,0.0,44007000.0,213049000.0,10233000.0,26944000.0,69107000,0.2707827218155886,42163000.0,0.16520774885193487,3505000.0,35435000.0,0.13884535209943105,13682000.0,21740000.0,0.08518408225318559,0.7274552451062406,0.7216357963221138,29885000,30126000,,,1620586326,14:52:06,20210509
40,2009-06-30,AGR,USD,2009-06-30,2009-06-30,Q4,200365000,133653000.0,66712000.0,0.3329523619394605,0.0,0.0,0.0,0.0,35723000.0,169376000.0,10397000.0,23289000.0,54278000,0.2708956155017094,30989000.0,0.15466274049859008,2346000.0,22938000.0,0.11448107204352058,9154000.0,13769000.0,0.06871958675417364,0.5099818511796733,0.5035289815322728,26999000,27345000,,,1620586326,14:52:06,20210509
41,2009-03-31,AGR,USD,2009-03-31,2009-03-31,Q4,235509000,168463000.0,67046000.0,0.2846855109571184,0.0,0.0,0.0,0.0,38481000.0,206944000.0,9396000.0,24501000.0,53066000,0.22532472219745317,28565000.0,0.12129048146779953,1471000.0,20640000.0,0.08763996280396928,8563000.0,12042000.0,0.05113180388010649,0.48,0.47,25188000,25543000,,,1620586326,14:52:06,20210509
42,2008-09-30,AGR,USD,2008-09-30,2008-09-30,Q3,278717000,121371000.0,157346000.0,0.5645367882116986,0.0,0.0,0.0,0.0,113449000.0,234820000.0,0.0,0.0,70298000,0.25221999375710846,43897000.0,0.15749667225178227,925000.0,37678000.0,0.13518371681669938,16047000.0,21538000.0,0.07727551602521554,0.86,0.85,25135000,25429000,,,1620586326,14:52:06,20210509
43,2008-06-30,AGR,USD,2008-06-30,2008-06-30,Q4,216130000,91993000.0,124137000.0,0.5743626521075279,0.0,0.0,0.0,0.0,98417000.0,190410000.0,0.0,0.0,50154000,0.2320547818442604,25720000.0,0.11900245222782585,772000.0,19667000.0,0.09099615971868782,8379000.0,11271000.0,0.05214916948133068,0.45,0.44,25113000,25381000,,,1620586326,14:52:06,20210509
44,2008-03-31,AGR,USD,2008-03-31,2008-03-31,Q4,234624000,117526000.0,117098000.0,0.4990879023458811,0.0,0.0,0.0,0.0,98432000.0,215958000.0,0.0,0.0,43835000,0.18683084424440807,18666000.0,0.07955707855973813,17000.0,12330000.0,0.052552168576104744,5686000.0,6587000.0,0.02807470676486634,0.26295409181636725,0.2593409189338163,25050000,25399000,,,1620586326,14:52:06,20210509
45,2007-09-30,AGR,USD,2007-09-30,2007-09-30,Q3,267875000,125933000.0,141942000.0,0.5298814745683621,0.0,0.0,0.0,0.0,100190000.0,226123000.0,0.0,0.0,64580000,0.24108259449370043,41752000.0,0.15586374241717219,3022000.0,38720000.0,0.14454503033131125,15742000.0,20993000.0,0.0783686420905273,0.84,0.83,25012000,25288000,,,1620586326,14:52:06,20210509
46,2007-06-30,AGR,USD,2007-06-30,2007-06-30,Q4,216736000,111573000.0,105163000.0,0.4852124243319061,0.0,0.0,0.0,0.0,86773000.0,198346000.0,0.0,0.0,43276000,0.19967148973866825,18390000.0,0.08484977115015503,1603000.0,16283000.0,0.07512826664698066,6797000.0,9793000.0,0.045184002657611105,0.3917513401072086,0.38754996240452727,24998000,25269000,,,1620586326,14:52:06,20210509
47,2007-03-31,AGR,USD,2007-03-31,2007-03-31,Q4,274567000,176117000.0,98450000.0,0.35856457622365395,0.0,0.0,0.0,0.0,85780000.0,261897000.0,0.0,0.0,31546000,0.11489363251956718,12670000.0,0.04614538527936715,714000.0,9845000.0,0.0358564576223654,4422000.0,5356000.0,0.01950707841801819,0.22,0.21,24910000,25230000,,,1620586326,14:52:06,20210509
48,2006-09-30,AGR,USD,2006-09-30,2006-09-30,Q3,261144000,124699000.0,136445000.0,0.5224895077045615,0.0,0.0,0.0,0.0,96752000.0,221451000.0,0.0,0.0,55890000,0.2140198511166253,39693000.0,0.15199659957724473,5262000.0,38856000.0,0.14879147137211654,9199000.0,11799000.0,0.045181968569065346,0.48,0.47,24455000,24852000,,,1620586326,14:52:06,20210509
49,2006-06-30,AGR,USD,2006-06-30,2006-06-30,Q4,199734000,96571000.0,103163000.0,0.5165019475902951,0.0,0.0,0.0,0.0,82105000.0,178676000.0,0.0,0.0,41278000,0.20666486426947842,21058000.0,0.10543022219552005,2491000.0,18135000.0,0.09079575835861696,7884000.0,3000000.0,0.015019976568836553,0.1231274368971886,0.12154114167645748,24365000,24683000,,,1620586326,14:52:06,20210509
50,2006-03-31,AGR,USD,2006-03-31,2006-03-31,Q4,298487000,103146000.0,195341000.0,0.65443721167086,0.0,0.0,0.0,0.0,273702000.0,376848000.0,0.0,0.0,-84449000,-0.2829235444089692,-78361000.0,-0.2625273462495854,23450000.0,-61418000.0,-0.20576440514997302,-23630000.0,-37788000.0,-0.12659847832568924,-2.5891058581706066,-2.5674684060334285,14595000,14718000,,,1620586326,14:52:06,20210509
51,2005-09-30,AGR,USD,2005-09-30,2005-09-30,Q3,369391000,130919000.0,238472000.0,0.6455815111900398,0.0,0.0,0.0,0.0,202081000.0,333000000.0,0.0,0.0,67883000,0.18377004312503553,36391000.0,0.09851620640459567,2893000.0,32697000.0,0.08851596276032714,14143000.0,18452000.0,0.049952489367634835,1.27,1.26,14570000,14694000,,,1620586326,14:52:06,20210509
52,2005-06-30,AGR,USD,2005-06-30,2005-06-30,Q4,279887000,93911000.0,185976000.0,0.6644681603647187,0.0,0.0,0.0,0.0,176029000.0,269940000.0,0.0,0.0,23945000,0.08555238364054064,9947000.0,0.03553934266328911,2925000.0,7012000.0,0.025052967804864105,3653000.0,3359000.0,0.012001271941890835,0.23119278684011288,0.22958102658738294,14529000,14631000,,,1620586326,14:52:06,20210509
53,2005-03-31,AGR,USD,2005-03-31,2005-03-31,Q4,278540000,95167000.0,183373000.0,0.6583363251238601,0.0,0.0,0.0,0.0,168770000.0,263937000.0,0.0,0.0,35357000,0.12693688518704674,14603000.0,0.05242694047533568,-2336000.0,7570000.0,0.02717742514540102,4342000.0,3228000.0,0.011588999784591082,0.2225746397297111,0.2212019461385596,14503000,14593000,,,1620586326,14:52:06,20210509
54,2004-09-30,AGR,USD,2004-09-30,2004-09-30,Q3,323420000,119748000.0,203672000.0,0.6297446045389895,0.0,0.0,0.0,0.0,168548000.0,288296000.0,0.0,0.0,64041000,0.19801187310617774,35124000.0,0.10860181806938346,1034000.0,31951000.0,0.09879104569909096,15632000.0,16335000.0,0.05050708057634036,1.1348478532721968,1.1315461346633418,14394000,14436000,,,1620586326,14:52:06,20210509
55,2004-06-30,AGR,USD,2004-06-30,2004-06-30,Q4,260735000,81328000.0,179407000.0,0.6880817688457629,0.0,0.0,0.0,0.0,157592000.0,238920000.0,0.0,0.0,36908000,0.14155368477573016,21815000.0,0.0836673250618444,1431000.0,17526000.0,0.06721767311638253,7160000.0,58731000.0,0.22525169233129422,4.09,4.08,14359000,14392000,,,1620586326,14:52:06,20210509
56,2004-03-31,AGR,USD,2004-03-31,2004-03-31,Q4,249427000,87938000.0,161489000.0,0.6474399323248886,0.0,0.0,0.0,0.0,144963000.0,232901000.0,0.0,0.0,32616000,0.13076371042429247,16526000.0,0.06625585842751587,1400000.0,11758000.0,0.047140044983101266,6066000.0,7135000.0,0.02860556395257931,0.5,0.49,14335000,14426000,,,1620586326,14:52:06,20210509
57,2003-09-30,AGR,USD,2003-09-30,2003-09-30,Q3,292108000,77394000.0,214714000.0,0.7350500499815137,0.0,0.0,0.0,0.0,178265000.0,255659000.0,0.0,0.0,57348000,0.19632464704835198,36449000.0,0.12477919125802785,2098000.0,30986000.0,0.10607720432168924,14033000.0,16953000.0,0.05803675352951648,1.1859391395592864,1.1852758162623225,14295000,14303000,,,1620586326,14:52:06,20210509
58,2003-06-30,AGR,USD,2003-06-30,2003-06-30,Q4,262152000,62366000.0,199786000.0,0.7620998504684305,0.0,0.0,0.0,0.0,184271000.0,246637000.0,0.0,0.0,37597000,0.1434167963624157,15515000.0,0.059183221947572404,821000.0,9091000.0,0.03467835454240288,4790000.0,4301000.0,0.016406512252433704,0.3010639787204256,0.30072717102503144,14286000,14302000,,,1620586326,14:52:06,20210509
59,2003-03-31,AGR,USD,2003-03-31,2003-03-31,Q4,263629000,66482000.0,197147000.0,0.7478198528993396,0.0,0.0,0.0,0.0,178990000.0,245472000.0,0.0,0.0,46026000,0.17458625568507258,18157000.0,0.06887330301294622,-245000.0,11074000.0,0.04200600085726532,5808000.0,5266000.0,0.019975040682170778,0.37,0.37,14279000,14279000,,,1620586326,14:52:06,20210509
60,2002-09-30,AGR,USD,2002-09-30,2002-09-30,Q3,321083000,78164000.0,242919000.0,0.7565613875539969,0.0,0.0,0.0,0.0,196397000.0,274561000.0,0.0,0.0,75094000,0.2338772217775466,46522000.0,0.14489088491137805,2525000.0,39047000.0,0.12161030014046212,17240000.0,21807000.0,0.067917018341052,1.5287066246056782,1.5277427490542244,14265000,14274000,,,1620586326,14:52:06,20210509
61,2002-06-30,AGR,USD,2002-06-30,2002-06-30,Q4,284288000,62020000.0,222268000.0,0.7818409500225124,0.0,0.0,0.0,0.0,190780000.0,252800000.0,0.0,0.0,55371000,0.194770795812697,31488000.0,0.11076091850517784,-3746000.0,17384000.0,0.06114925709140027,8244000.0,9140000.0,0.03215049527239982,0.6412685048761664,0.6380899190170344,14253000,14324000,,,1620586326,14:52:06,20210509
62,2002-03-31,AGR,USD,2002-03-31,2002-03-31,Q4,258335000,63956000.0,194379000.0,0.7524299843226818,0.0,0.0,0.0,0.0,166937000.0,230893000.0,0.0,0.0,47690000,0.18460526061122187,27442000.0,0.10622641144250682,-209000.0,17518000.0,0.06781117541177153,7949000.0,9569000.0,0.03704105134805582,0.68,0.67,14165000,14256000,,,1620586326,14:52:06,20210509
63,2001-09-30,AGR,USD,2001-09-30,2001-09-30,Q3,313613000,77160000.0,236453000.0,0.7539642808174406,0.0,11885000.0,0.0,0.0,183545000.0,260705000.0,0.0,0.0,79700000,0.2541348732354845,52908000.0,0.1687047411937643,2698000.0,44756000.0,0.14271092078453382,19827000.0,24929000.0,0.07948968952179916,1.77,1.761642,14101000,14151000,,,1620586326,14:52:06,20210509
64,2001-06-30,AGR,USD,2001-06-30,2001-06-30,Q4,262509000,66873000.0,195636000.0,0.7452544484189113,0.0,11053000.0,0.0,0.0,158681000.0,225554000.0,0.0,0.0,56448000,0.21503262745277305,36955000.0,0.14077612577092594,1781000.0,28091000.0,0.10700966443055286,12871000.0,15220000.0,0.0579789645307399,1.08,1.07539,14093000,14153000,,,1620586326,14:52:06,20210509
65,2001-03-31,AGR,USD,2001-03-31,2001-03-31,Q4,242198000,69311000.0,172887000.0,0.7138250522299936,0.0,9244000.0,0.0,0.0,144041000.0,213352000.0,0.0,0.0,47124000,0.19456808066127715,28846000.0,0.11910090091577966,1224000.0,18918000.0,0.07810964582696801,9442000.0,9476000.0,0.03912501341877307,0.672820221527975,0.670297800099031,14084000,14137000,,,1620586326,14:52:06,20210509
66,2000-09-30,AGR,USD,2000-09-30,2000-09-30,Q3,247054000,74847000.0,172207000.0,0.6970419422474439,0.0,0.0,0.0,0.0,122817000.0,197664000.0,0.0,0.0,81046000,0.3280497381139346,49390000.0,0.1999158078800586,-2678000.0,36333000.0,0.14706501412646628,16626000.0,19707000.0,0.07976798594639228,1.4,1.396471,14070000,14112000,,,1620586326,14:52:06,20210509
67,2000-06-30,AGR,USD,2000-06-30,2000-06-30,Q4,164012000,74327000.0,89685000.0,0.5468197448967149,0.0,0.0,0.0,0.0,47903000.0,122230000.0,0.0,0.0,61418000,0.3744725995658854,41782000.0,0.2547496524644538,-709000.0,31914000.0,0.19458332317147525,14118000.0,17796000.0,0.10850425578616199,1.2642796248934356,1.2640102279991476,14076000,14079000,,,1620586326,14:52:06,20210509
68,2000-03-31,AGR,USD,2000-03-31,2000-03-31,Q4,180977000,68916000.0,112061000.0,0.6192002298634633,0.0,0.0,0.0,0.0,74762000.0,143678000.0,0.0,0.0,58383000,0.32259900429336325,37299000.0,0.2060980124546213,2402000.0,30711000.0,0.1696955966780309,13846000.0,16865000.0,0.09318863723014527,0.7192408944379969,0.7190875599642916,23448333,23453333,,,1620586326,14:52:06,20210509
69,1999-09-30,AGR,USD,1999-09-30,1999-09-30,Q3,199100000,59900000.0,139200000.0,0.6991461577096936,0.0,0.0,0.0,0.0,79600000.0,139500000.0,0.0,0.0,85600000,0.4299347061778001,59600000.0,0.299347061778001,300000.0,49800000.0,0.2501255650426921,24800000.0,25000000.0,0.12556504269211452,1.068,1.068,23408240,23408240,,,1620586326,14:52:06,20210509
70,1999-06-30,AGR,USD,1999-06-30,1999-06-30,Q4,164500000,47200000.0,117300000.0,0.7130699088145896,0.0,0.0,0.0,0.0,77000000.0,124200000.0,0.0,0.0,66600000,0.40486322188449847,40300000.0,0.24498480243161094,-2400000.0,28100000.0,0.17082066869300913,14100000.0,14000000.0,0.0851063829787234,0.594,0.594,23569024,23569024,,,1620586326,14:52:06,20210509
71,1999-03-31,AGR,USD,1999-03-31,1999-03-31,Q4,168700000,43000000.0,125700000.0,0.7451096621221103,0.0,0.0,0.0,0.0,87500000.0,130500000.0,0.0,0.0,67500000,0.4001185536455246,38200000.0,0.22643746295198577,-500000.0,24500000.0,0.14522821576763487,14600000.0,9900000.0,0.05868405453467694,0.42,0.42,23333333,23333333,,,1620586326,14:52:06,20210509
72,1998-09-30,AGR,USD,1998-09-30,1998-09-30,Q3,198600000,48800000.0,149800000.0,0.7542799597180262,0.0,0.0,0.0,0.0,88500000.0,137300000.0,0.0,0.0,88700000,0.44662638469284993,61300000.0,0.30866062437059416,1800000.0,49900000.0,0.2512588116817724,23700000.0,26200000.0,0.13192346424974824,1.122,1.122,23262032,23262032,,,1620586326,14:52:06,20210509
73,1998-06-30,AGR,USD,1998-06-30,1998-06-30,Q4,159800000,42400000.0,117400000.0,0.7346683354192741,0.0,0.0,0.0,0.0,85700000.0,128100000.0,0.0,0.0,62500000,0.3911138923654568,31700000.0,0.1983729662077597,-4500000.0,13800000.0,0.08635794743429287,8300000.0,5500000.0,0.0344180225281602,0.234,0.234,23076923,23076923,,,1620586326,14:52:06,20210509
74,1998-03-31,AGR,USD,1998-03-31,1998-03-31,Q4,162500000,46800000.0,115700000.0,0.712,0.0,0.0,0.0,0.0,82200000.0,129000000.0,0.0,0.0,59400000,0.36553846153846153,33500000.0,0.20615384615384616,400000.0,20400000.0,0.12553846153846154,11400000.0,9000000.0,0.055384615384615386,0.384,0.384,23177083,23177083,,,1620586326,14:52:06,20210509
75,1997-09-30,AGR,USD,1997-09-30,1997-09-30,Q3,196600000,52400000.0,144200000.0,0.7334689725330621,0.0,0.0,0.0,0.0,81700000.0,134100000.0,0.0,0.0,85700000,0.43591047812817907,62500000.0,0.3179043743641913,100000.0,44500000.0,0.22634791454730416,21100000.0,23400000.0,0.1190233977619532,1.008,1.008,23115079,23115079,,,1620586326,14:52:06,20210509
76,1997-06-30,AGR,USD,1997-06-30,1997-06-30,Q4,163800000,49900000.0,113900000.0,0.6953601953601953,0.0,0.0,0.0,0.0,89500000.0,139400000.0,0.0,0.0,52900000,0.322954822954823,24400000.0,0.14896214896214896,700000.0,7700000.0,0.04700854700854701,-800000.0,8500000.0,0.051892551892551896,0.366,0.366,22950820,22950820,,,1620586326,14:52:06,20210509
77,1997-03-31,AGR,USD,1997-03-31,1997-03-31,Q4,180300000,65800000.0,114500000.0,0.6350526899611758,0.0,0.0,0.0,0.0,80000000.0,145800000.0,0.0,0.0,56800000,0.31503050471436495,34500000.0,0.1913477537437604,800000.0,17600000.0,0.09761508596783139,9900000.0,7700000.0,0.04270660011092623,0.324,0.324,23456790,23456790,,,1620586326,14:52:06,20210509
78,1996-09-30,AGR,USD,1996-09-30,1996-09-30,Q3,209200000,60700000.0,148500000.0,0.7098470363288719,0.0,0.0,0.0,0.0,96100000.0,156800000.0,0.0,0.0,75200000,0.35946462715105165,52400000.0,0.25047801147227533,-100000.0,34700000.0,0.1658699808795411,16800000.0,17900000.0,0.0855640535372849,0.762,0.756,23359580,23544974,,,1620586326,14:52:06,20210509
79,1996-06-30,AGR,USD,1996-06-30,1996-06-30,Q4,168800000,45100000.0,123700000.0,0.7328199052132701,0.0,0.0,0.0,0.0,85800000.0,130900000.0,0.0,0.0,60400000,0.3578199052132701,37900000.0,0.2245260663507109,-300000.0,20000000.0,0.11848341232227488,11100000.0,8900000.0,0.052725118483412325,0.45,0.45,19555556,19555556,,,1620586326,14:52:06,20210509
80,1996-03-31,AGR,USD,1996-03-31,1996-03-31,Q4,170900000,42300000.0,128600000.0,0.7524868344060854,0.0,0.0,0.0,0.0,87600000.0,129900000.0,0.0,0.0,62600000,0.366296079578701,41000000.0,0.23990637799882972,-200000.0,23000000.0,0.13458162668227033,11300000.0,11700000.0,0.0684610883557636,0.492,0.492,23577236,23577236,,,1620586326,14:52:06,20210509
81,1995-09-30,AGR,USD,1995-09-30,1995-09-30,Q3,200300000,48100000.0,152200000.0,0.7598602096854717,0.0,0.0,0.0,0.0,79600000.0,127700000.0,0.0,0.0,97900000,0.4887668497254119,72600000.0,0.3624563155267099,-1400000.0,52500000.0,0.2621068397403894,26000000.0,26500000.0,0.1323015476784823,1.134,1.134,23280423,23280423,,,1620586326,14:52:06,20210509
82,1995-06-30,AGR,USD,1995-06-30,1995-06-30,Q4,163400000,46000000.0,117400000.0,0.7184822521419829,0.0,0.0,0.0,0.0,80700000.0,126700000.0,0.0,0.0,60900000,0.37270501835985315,36700000.0,0.22460220318237453,-900000.0,17500000.0,0.10709914320685435,9700000.0,7800000.0,0.04773561811505508,0.402,0.402,18656716,18656716,,,1620586326,14:52:06,20210509
83,1995-03-31,AGR,USD,1995-03-31,1995-03-31,Q4,165400000,49800000.0,115600000.0,0.6989117291414753,0.0,0.0,0.0,0.0,75400000.0,125200000.0,0.0,0.0,64700000,0.39117291414752114,40200000.0,0.2430471584038694,-300000.0,20600000.0,0.12454655380894801,11100000.0,9500000.0,0.05743651753325272,0.372,0.372,23655914,23655914,,,1620586326,14:52:06,20210509
84,1994-09-30,AGR,USD,1994-09-30,1994-09-30,Q3,184600000,44200000.0,140400000.0,0.7605633802816901,0.0,0.0,0.0,0.0,74900000.0,119100000.0,0.0,0.0,83900000,0.45449620801733476,65500000.0,0.35482123510292524,600000.0,45700000.0,0.24756229685807152,19900000.0,25800000.0,0.13976164680390032,1.068,1.068,23501873,23501873,,,1620586326,14:52:06,20210509
85,1994-06-30,AGR,USD,1994-06-30,1994-06-30,Q4,153400000,40300000.0,113100000.0,0.7372881355932204,0.0,0.0,0.0,0.0,79900000.0,120200000.0,0.0,0.0,51400000,0.3350717079530639,33200000.0,0.21642764015645372,-900000.0,12300000.0,0.08018252933507171,5900000.0,6400000.0,0.041720990873533245,0.24,0.24,23750000,23750000,,,1620586326,14:52:06,20210509
86,1994-03-31,AGR,USD,1994-03-31,1994-03-31,Q4,167600000,49900000.0,117700000.0,0.7022673031026253,0.0,0.0,0.0,0.0,74000000.0,123900000.0,0.0,0.0,64400000,0.38424821002386633,43700000.0,0.2607398568019093,200000.0,23700000.0,0.14140811455847255,10500000.0,11900000.0,0.07100238663484487,0.462,0.462,23376623,23376623,,,1620586326,14:52:06,20210509
87,1993-09-30,AGR,USD,1993-09-30,1993-09-30,Q3,189400000,0.0,0.0,0.0,0.0,0.0,0.0,0.0,0.0,0.0,0.0,0.0,189400000,1.0,189400000.0,1.0,0.0,0.0,0.0,0.0,22800000.0,0.12038014783526928,0.924,0.924,23484848,23484848,,,1620586326,14:52:06,20210509
88,1993-06-30,AGR,USD,1993-06-30,1993-06-30,Q4,151000000,0.0,0.0,0.0,0.0,0.0,0.0,0.0,0.0,0.0,0.0,0.0,151000000,1.0,151000000.0,1.0,0.0,0.0,0.0,0.0,10400000.0,0.06887417218543046,0.396,0.396,23484848,23484848,,,1620586326,14:52:06,20210509
89,1993-03-31,AGR,USD,1993-03-31,1993-03-31,Q4,161900000,0.0,0.0,0.0,0.0,0.0,0.0,0.0,0.0,0.0,0.0,0.0,161900000,1.0,161900000.0,1.0,0.0,0.0,0.0,0.0,12600000.0,0.07782581840642372,0.492,0.492,23373984,23373984,,,1620586326,14:52:06,20210509
90,1992-09-30,AGR,USD,1992-09-30,1992-09-30,Q3,175900000,0.0,0.0,0.0,0.0,0.0,0.0,0.0,0.0,0.0,0.0,0.0,175900000,1.0,175900000.0,1.0,0.0,0.0,0.0,0.0,16000000.0,0.09096077316657192,0.642,0.642,23208723,23208723,,,1620586326,14:52:06,20210509
91,1992-06-30,AGR,USD,1992-06-30,1992-06-30,Q4,160500000,0.0,0.0,0.0,0.0,0.0,0.0,0.0,0.0,0.0,0.0,0.0,160500000,1.0,160500000.0,1.0,0.0,0.0,0.0,0.0,21600000.0,0.13457943925233645,0.882,0.882,23242630,23242630,,,1620586326,14:52:06,20210509
92,1992-03-31,AGR,USD,1992-03-31,1992-03-31,Q4,176800000,0.0,0.0,0.0,0.0,0.0,0.0,0.0,0.0,0.0,0.0,0.0,176800000,1.0,176800000.0,1.0,0.0,0.0,0.0,0.0,13700000.0,0.07748868778280543,0.546,0.546,23076923,23076923,,,1620586326,14:52:06,20210509
93,1991-09-30,AGR,USD,1991-09-30,1991-09-30,Q3,167600000,0.0,0.0,0.0,0.0,0.0,0.0,0.0,0.0,0.0,0.0,0.0,167600000,1.0,167600000.0,1.0,0.0,0.0,0.0,0.0,13800000.0,0.08233890214797136,0.546,0.546,23260073,23260073,,,1620586326,14:52:06,20210509
94,1991-06-30,AGR,USD,1991-06-30,1991-06-30,Q4,151600000,0.0,0.0,0.0,0.0,0.0,0.0,0.0,0.0,0.0,0.0,0.0,151600000,1.0,151600000.0,1.0,0.0,0.0,0.0,0.0,9700000.0,0.06398416886543536,0.366,0.366,23497268,23497268,,,1620586326,14:52:06,20210509
95,1991-03-31,AGR,USD,1991-03-31,1991-03-31,Q4,169900000,0.0,0.0,0.0,0.0,0.0,0.0,0.0,0.0,0.0,0.0,0.0,169900000,1.0,169900000.0,1.0,0.0,0.0,0.0,0.0,19800000.0,0.11653914067098294,0.804,0.804,23134328,23134328,,,1620586326,14:52:06,20210509
96,1990-09-30,AGR,USD,1990-09-30,1990-09-30,Q3,162100000,0.0,0.0,0.0,0.0,0.0,0.0,0.0,0.0,0.0,0.0,0.0,162100000,1.0,162100000.0,1.0,0.0,0.0,0.0,0.0,23200000.0,0.1431215299198026,0.954,0.954,23060797,23060797,,,1620586326,14:52:06,20210509
97,1990-06-30,AGR,USD,1990-06-30,1990-06-30,Q4,125600000,0.0,0.0,0.0,0.0,0.0,0.0,0.0,0.0,0.0,0.0,0.0,125600000,1.0,125600000.0,1.0,0.0,0.0,0.0,0.0,9500000.0,0.07563694267515923,0.36,0.36,23055556,23055556,,,1620586326,14:52:06,20210509
98,1990-03-31,AGR,USD,1990-03-31,1990-03-31,Q4,137000000,0.0,0.0,0.0,0.0,0.0,0.0,0.0,0.0,0.0,0.0,0.0,137000000,1.0,137000000.0,1.0,0.0,0.0,0.0,0.0,9200000.0,0.06715328467153285,0.348,0.348,22988506,22988506,,,1620586326,14:52:06,20210509
99,1989-09-30,AGR,USD,1989-09-30,1989-09-30,Q3,144100000,0.0,0.0,0.0,0.0,0.0,0.0,0.0,0.0,0.0,0.0,0.0,144100000,1.0,144100000.0,1.0,0.0,0.0,0.0,0.0,-90800000.0,-0.630117973629424,-3.984,-3.984,23142570,23142570,,,1620586326,14:52:06,20210509
100,1989-06-30,AGR,USD,1989-06-30,1989-06-30,Q4,127700000,0.0,0.0,0.0,0.0,0.0,0.0,0.0,0.0,0.0,0.0,0.0,127700000,1.0,127700000.0,1.0,0.0,0.0,0.0,0.0,0.0,0.0,-0.09,-0.09,23146667,23146667,,,1620586326,14:52:06,20210509
101,1989-03-31,AGR,USD,1989-03-31,1989-03-31,Q4,128900000,0.0,0.0,0.0,0.0,0.0,0.0,0.0,0.0,0.0,0.0,0.0,128900000,1.0,128900000.0,1.0,0.0,0.0,0.0,0.0,0.0,0.0,0.3,0.3,23146667,23146667,,,1620586326,14:52:06,20210509
102,1988-09-30,AGR,USD,1988-09-30,1988-09-30,Q3,144600000,0.0,0.0,0.0,0.0,0.0,0.0,0.0,0.0,0.0,0.0,0.0,144600000,1.0,144600000.0,1.0,0.0,0.0,0.0,0.0,0.0,0.0,-0.222,-0.222,23146667,23146667,,,1620586326,14:52:06,20210509
103,1988-06-30,AGR,USD,1988-06-30,1988-06-30,Q4,120500000,0.0,0.0,0.0,0.0,0.0,0.0,0.0,0.0,0.0,0.0,0.0,120500000,1.0,120500000.0,1.0,0.0,0.0,0.0,0.0,0.0,0.0,0.954,0.954,23146667,23146667,,,1620586326,14:52:06,20210509
104,1988-03-31,AGR,USD,1988-03-31,1988-03-31,Q4,126700000,0.0,0.0,0.0,0.0,0.0,0.0,0.0,0.0,0.0,0.0,0.0,126700000,1.0,126700000.0,1.0,0.0,0.0,0.0,0.0,0.0,0.0,1.278,1.278,23146667,23146667,,,1620586326,14:52:06,20210509
105,1987-09-30,AGR,USD,1987-09-30,1987-09-30,Q3,134400000,0.0,0.0,0.0,0.0,0.0,0.0,0.0,0.0,0.0,0.0,0.0,134400000,1.0,134400000.0,1.0,0.0,0.0,0.0,0.0,0.0,0.0,1.122,1.122,23146667,23146667,,,1620586326,14:52:06,20210509
106,1987-06-30,AGR,USD,1987-06-30,1987-06-30,Q4,120000000,0.0,0.0,0.0,0.0,0.0,0.0,0.0,0.0,0.0,0.0,0.0,120000000,1.0,120000000.0,1.0,0.0,0.0,0.0,0.0,0.0,0.0,0.888,0.888,23145000,23145000,,,1620586326,14:52:06,20210509
107,1987-03-31,AGR,USD,1987-03-31,1987-03-31,Q4,121900000,0.0,0.0,0.0,0.0,0.0,0.0,0.0,0.0,0.0,0.0,0.0,121900000,1.0,121900000.0,1.0,0.0,0.0,0.0,0.0,0.0,0.0,1.098,1.098,23145000,23145000,,,1620586326,14:52:06,20210509
108,1986-09-30,AGR,USD,1986-09-30,1986-09-30,Q3,118700000,0.0,0.0,0.0,0.0,0.0,0.0,0.0,0.0,0.0,0.0,0.0,118700000,1.0,118700000.0,1.0,0.0,0.0,0.0,0.0,0.0,0.0,0.99,0.99,23073333,23073333,,,1620586326,14:52:06,20210509
109,1986-06-30,AGR,USD,1986-06-30,1986-06-30,Q4,112100000,0.0,0.0,0.0,0.0,0.0,0.0,0.0,0.0,0.0,0.0,0.0,112100000,1.0,112100000.0,1.0,0.0,0.0,0.0,0.0,0.0,0.0,0.774,0.774,23013333,23013333,,,1620586326,14:52:06,20210509
110,1986-03-31,AGR,USD,1986-03-31,1986-03-31,Q4,127300000,0.0,0.0,0.0,0.0,0.0,0.0,0.0,0.0,0.0,0.0,0.0,127300000,1.0,127300000.0,1.0,0.0,0.0,0.0,0.0,0.0,0.0,0.9,0.9,22866667,22866667,,,1620586326,14:52:06,20210509
111,1985-09-30,AGR,USD,1985-09-30,1985-09-30,Q3,129800000,0.0,0.0,0.0,0.0,0.0,0.0,0.0,0.0,0.0,0.0,0.0,129800000,1.0,129800000.0,1.0,0.0,0.0,0.0,0.0,0.0,0.0,0.93,0.93,22770000,22770000,,,1620586326,14:52:06,20210509
