,date,symbol,reportedCurrency,fillingDate,acceptedDate,period,revenue,costOfRevenue,grossProfit,grossProfitRatio,researchAndDevelopmentExpenses,generalAndAdministrativeExpenses,sellingAndMarketingExpenses,otherExpenses,operatingExpenses,costAndExpenses,interestExpense,depreciationAndAmortization,ebitda,ebitdaratio,operatingIncome,operatingIncomeRatio,totalOtherIncomeExpensesNet,incomeBeforeTax,incomeBeforeTaxRatio,incomeTaxExpense,netIncome,netIncomeRatio,eps,epsdiluted,weightedAverageShsOut,weightedAverageShsOutDil,link,finalLink,timestamp,est_time,est_date
0,2019-06-30,2008.HK,HKD,2019-06-30,2019-06-30,Q2,922057750,815707250.0,106350500.0,0.11534038947126685,0.0,288328500,0.0,3223000.0,0.0,1104035750,16193500.0,112804000.0,-69174000.0,-0.07502133136454849,-181978000.0,-0.19736074014886812,0.0,209174000.0,0.2268556389228332,63117000.0,30666250,0.03325849167256606,0.00615,0.00615,4993470000,4993470000,https://www1.hkexnews.hk/search/titlesearch.xhtml,https://www1.hkexnews.hk/search/titlesearch.xhtml,1620585437,14:37:17,20210509
1,2019-03-31,2008.HK,HKD,2019-03-31,2019-03-31,Q1,922057750,815707250.0,106350500.0,0.11534038947126685,0.0,288328500,0.0,3223000.0,0.0,1104035750,16193500.0,112804000.0,-69174000.0,-0.07502133136454849,-181978000.0,-0.19736074014886812,0.0,209174000.0,0.2268556389228332,63117000.0,30666250,0.03325849167256606,0.00615,0.00615,4993470000,4993470000,https://www1.hkexnews.hk/search/titlesearch.xhtml,https://www1.hkexnews.hk/search/titlesearch.xhtml,1620585437,14:37:17,20210509
2,2019-01-31,2008.HK,HKD,2019-01-31,2019-01-31,Q1,922057750,815707250.0,106350500.0,0.11534038947126685,0.0,288328500,0.0,3223000.0,0.0,1104035750,16193500.0,112804000.0,-69174000.0,-0.07502133136454849,-181978000.0,-0.19736074014886812,0.0,209174000.0,0.2268556389228332,63117000.0,30666250,0.03325849167256606,0.00615,0.00615,4993470000,4993470000,https://www1.hkexnews.hk/search/titlesearch.xhtml,https://www1.hkexnews.hk/search/titlesearch.xhtml,1620585437,14:37:17,20210509
3,2018-06-30,2008.HK,HKD,2018-06-30,2018-06-30,Q2,1015704000,744221500.0,271482500.0,0.2672850554886069,0.0,288157000,0.0,1299000.0,0.0,1032378500,9511000.0,55543000.0,38868500.0,0.03826754645054071,-16674500.0,-0.016416692264675535,0.0,194527750.0,0.19152011806589322,54192000.0,60947500,0.060005178674101906,0.0122,0.0122,4993470000,4993470000,https://www1.hkexnews.hk/search/titlesearch.xhtml,https://www1.hkexnews.hk/search/titlesearch.xhtml,1620585437,14:37:17,20210509
4,2018-03-31,2008.HK,HKD,2018-03-31,2018-03-31,Q1,1015704000,744221500.0,271482500.0,0.2672850554886069,0.0,288157000,0.0,1299000.0,0.0,1032378500,9511000.0,55543000.0,38868500.0,0.03826754645054071,-16674500.0,-0.016416692264675535,0.0,194527750.0,0.19152011806589322,54192000.0,60947500,0.060005178674101906,0.0122,0.0122,4993470000,4993470000,https://www1.hkexnews.hk/search/titlesearch.xhtml,https://www1.hkexnews.hk/search/titlesearch.xhtml,1620585437,14:37:17,20210509
5,2018-01-31,2008.HK,HKD,2018-01-31,2018-01-31,Q1,1015704000,744221500.0,271482500.0,0.2672850554886069,0.0,288157000,0.0,1299000.0,0.0,1032378500,9511000.0,55543000.0,38868500.0,0.03826754645054071,-16674500.0,-0.016416692264675535,0.0,194527750.0,0.19152011806589322,54192000.0,60947500,0.060005178674101906,0.0122,0.0122,4993470000,4993470000,https://www1.hkexnews.hk/search/titlesearch.xhtml,https://www1.hkexnews.hk/search/titlesearch.xhtml,1620585437,14:37:17,20210509
6,2017-06-30,2008.HK,HKD,2017-06-30,2017-06-30,Q2,989371750,704464500.0,284907250.0,0.2879678442405496,0.0,252925000,0.0,2050500.0,0.0,957389500,11076500.0,55380000.0,87362250.0,0.08830073225761702,31982250.0,0.03232581686307498,0.0,152608000.0,0.15424737971343935,22394750.0,71562000,0.07233074928609999,0.014330160801297127,0.014330132105467306,4993803000,4993813000,https://www1.hkexnews.hk/search/titlesearch.xhtml,https://www1.hkexnews.hk/search/titlesearch.xhtml,1620585437,14:37:17,20210509
7,2017-03-31,2008.HK,HKD,2017-03-31,2017-03-31,Q1,989371750,704464500.0,284907250.0,0.2879678442405496,0.0,252925000,0.0,2050500.0,0.0,957389500,11076500.0,55380000.0,87362250.0,0.08830073225761702,31982250.0,0.03232581686307498,0.0,152608000.0,0.15424737971343935,22394750.0,71562000,0.07233074928609999,0.014330160801297127,0.014330132105467306,4993803000,4993813000,https://www1.hkexnews.hk/search/titlesearch.xhtml,https://www1.hkexnews.hk/search/titlesearch.xhtml,1620585437,14:37:17,20210509
8,2017-01-31,2008.HK,HKD,2017-01-31,2017-01-31,Q1,989371750,704464500.0,284907250.0,0.2879678442405496,0.0,252925000,0.0,2050500.0,0.0,957389500,11076500.0,55380000.0,87362250.0,0.08830073225761702,31982250.0,0.03232581686307498,0.0,152608000.0,0.15424737971343935,22394750.0,71562000,0.07233074928609999,0.014330160801297127,0.014330132105467306,4993803000,4993813000,https://www1.hkexnews.hk/search/titlesearch.xhtml,https://www1.hkexnews.hk/search/titlesearch.xhtml,1620585437,14:37:17,20210509
9,2016-06-30,2008.HK,HKD,2016-06-30,2016-06-30,Q2,949568250,669545750.0,280022500.0,0.2948945481275306,0.0,234740000,0.0,-4000.0,4000.0,904285750,10292750.0,60980250.0,106262750.0,0.11190638482278657,45282500.0,0.0476874621703074,0.0,119955750.0,0.1263266226519263,20452250.0,57628750,0.06068942385131348,0.01152376791191915,0.01152241080534861,5000860000,5001449000,https://www1.hkexnews.hk/search/titlesearch.xhtml,https://www1.hkexnews.hk/search/titlesearch.xhtml,1620585437,14:37:17,20210509
10,2016-03-31,2008.HK,HKD,2016-03-31,2016-03-31,Q1,949568250,669545750.0,280022500.0,0.2948945481275306,0.0,234740000,0.0,-4000.0,4000.0,904285750,10292750.0,60980250.0,106262750.0,0.11190638482278657,45282500.0,0.0476874621703074,0.0,119955750.0,0.1263266226519263,20452250.0,57628750,0.06068942385131348,0.01152376791191915,0.01152241080534861,5000860000,5001449000,https://www1.hkexnews.hk/search/titlesearch.xhtml,https://www1.hkexnews.hk/search/titlesearch.xhtml,1620585437,14:37:17,20210509
11,2016-01-31,2008.HK,HKD,2016-01-31,2016-01-31,Q1,949568250,669545750.0,280022500.0,0.2948945481275306,0.0,234740000,0.0,-4000.0,4000.0,904285750,10292750.0,60980250.0,106262750.0,0.11190638482278657,45282500.0,0.0476874621703074,0.0,119955750.0,0.1263266226519263,20452250.0,57628750,0.06068942385131348,0.01152376791191915,0.01152241080534861,5000860000,5001449000,https://www1.hkexnews.hk/search/titlesearch.xhtml,https://www1.hkexnews.hk/search/titlesearch.xhtml,1620585437,14:37:17,20210509
12,2015-09-30,2008.HK,HKD,2015-09-30,2015-09-30,Q3,1050223750,743474250.0,306749500.0,0.29208014006539085,0.0,228132000,0.0,-2256750.0,2256750.0,971606250,12406250.0,69520250.0,148137750.0,0.14105351359650742,78617500.0,0.07485785767080587,0.0,72926750.0,0.06943925044544079,34969000.0,27587250,0.026267973848429917,0.005517443379067945,0.005515314470237124,5000006000,5001936000,https://www1.hkexnews.hk/search/titlesearch.xhtml,https://www1.hkexnews.hk/search/titlesearch.xhtml,1620585437,14:37:17,20210509
13,2015-06-30,2008.HK,HKD,2015-06-30,2015-06-30,Q2,1050223750,743474250.0,306749500.0,0.29208014006539085,0.0,228132000,0.0,-2256750.0,2256750.0,971606250,12406250.0,69520250.0,148137750.0,0.14105351359650742,78617500.0,0.07485785767080587,0.0,72926750.0,0.06943925044544079,34969000.0,27587250,0.026267973848429917,0.005517443379067945,0.005515314470237124,5000006000,5001936000,https://www1.hkexnews.hk/search/titlesearch.xhtml,https://www1.hkexnews.hk/search/titlesearch.xhtml,1620585437,14:37:17,20210509
14,2015-03-31,2008.HK,HKD,2015-03-31,2015-03-31,Q1,1050223750,743474250.0,306749500.0,0.29208014006539085,0.0,228132000,0.0,-2256750.0,2256750.0,971606250,12406250.0,69520250.0,148137750.0,0.14105351359650742,78617500.0,0.07485785767080587,0.0,72926750.0,0.06943925044544079,34969000.0,27587250,0.026267973848429917,0.005517443379067945,0.005515314470237124,5000006000,5001936000,https://www1.hkexnews.hk/search/titlesearch.xhtml,https://www1.hkexnews.hk/search/titlesearch.xhtml,1620585437,14:37:17,20210509
15,2015-01-31,2008.HK,HKD,2015-01-31,2015-01-31,Q1,1050223750,743474250.0,306749500.0,0.29208014006539085,0.0,228132000,0.0,-2256750.0,2256750.0,971606250,12406250.0,69520250.0,148137750.0,0.14105351359650742,78617500.0,0.07485785767080587,0.0,72926750.0,0.06943925044544079,34969000.0,27587250,0.026267973848429917,0.005517443379067945,0.005515314470237124,5000006000,5001936000,https://www1.hkexnews.hk/search/titlesearch.xhtml,https://www1.hkexnews.hk/search/titlesearch.xhtml,1620585437,14:37:17,20210509
16,2014-09-30,2008.HK,HKD,2014-09-30,2014-09-30,Q3,1154591250,729555500.0,425035750.0,0.36812659891541705,0.0,199590500,0.0,4131500.0,0.0,929146000,5244000.0,58532500.0,283977750.0,0.24595522441383477,225445250.0,0.19525979432115045,0.0,290445500.0,0.25155699040677815,62830500.0,165927500,0.14371103193446166,0.0332,0.033175,4997405000,5000739000,https://www1.hkexnews.hk/search/titlesearch.xhtml,https://www1.hkexnews.hk/search/titlesearch.xhtml,1620585437,14:37:17,20210509
17,2014-06-30,2008.HK,HKD,2014-06-30,2014-06-30,Q2,1154591250,729555500.0,425035750.0,0.36812659891541705,0.0,199590500,0.0,4131500.0,0.0,929146000,5244000.0,58532500.0,283977750.0,0.24595522441383477,225445250.0,0.19525979432115045,0.0,290445500.0,0.25155699040677815,62830500.0,165927500,0.14371103193446166,0.0332,0.033175,4997405000,5000739000,https://www1.hkexnews.hk/search/titlesearch.xhtml,https://www1.hkexnews.hk/search/titlesearch.xhtml,1620585437,14:37:17,20210509
18,2014-03-31,2008.HK,HKD,2014-03-31,2014-03-31,Q1,1154591250,729555500.0,425035750.0,0.36812659891541705,0.0,199590500,0.0,4131500.0,0.0,929146000,5244000.0,58532500.0,283977750.0,0.24595522441383477,225445250.0,0.19525979432115045,0.0,290445500.0,0.25155699040677815,62830500.0,165927500,0.14371103193446166,0.0332,0.033175,4997405000,5000739000,https://www1.hkexnews.hk/search/titlesearch.xhtml,https://www1.hkexnews.hk/search/titlesearch.xhtml,1620585437,14:37:17,20210509
19,2014-01-31,2008.HK,HKD,2014-01-31,2014-01-31,Q1,1154591250,729555500.0,425035750.0,0.36812659891541705,0.0,199590500,0.0,4131500.0,0.0,929146000,5244000.0,58532500.0,283977750.0,0.24595522441383477,225445250.0,0.19525979432115045,0.0,290445500.0,0.25155699040677815,62830500.0,165927500,0.14371103193446166,0.0332,0.033175,4997405000,5000739000,https://www1.hkexnews.hk/search/titlesearch.xhtml,https://www1.hkexnews.hk/search/titlesearch.xhtml,1620585437,14:37:17,20210509
20,2013-09-30,2008.HK,HKD,2013-09-30,2013-09-30,Q3,1201614500,712478250.0,489136250.0,0.4070658684628057,0.0,173757250,0.0,2862250.0,0.0,886235500,0.0,58071750.0,373450750.0,0.3107908151907288,315379000.0,0.2624627116267322,0.0,364104750.0,0.30301294633178943,73347750.0,233098500,0.1939877556404321,0.04665,0.046625,4995796000,5000193000,https://www1.hkexnews.hk/search/titlesearch.xhtml,https://www1.hkexnews.hk/search/titlesearch.xhtml,1620585437,14:37:17,20210509
21,2013-06-30,2008.HK,HKD,2013-06-30,2013-06-30,Q2,1201614500,712478250.0,489136250.0,0.4070658684628057,0.0,173757250,0.0,2862250.0,0.0,886235500,0.0,58071750.0,373450750.0,0.3107908151907288,315379000.0,0.2624627116267322,0.0,364104750.0,0.30301294633178943,73347750.0,233098500,0.1939877556404321,0.04665,0.046625,4995796000,5000193000,https://www1.hkexnews.hk/search/titlesearch.xhtml,https://www1.hkexnews.hk/search/titlesearch.xhtml,1620585437,14:37:17,20210509
22,2013-03-31,2008.HK,HKD,2013-03-31,2013-03-31,Q1,1201614500,712478250.0,489136250.0,0.4070658684628057,0.0,173757250,0.0,2862250.0,0.0,886235500,0.0,58071750.0,373450750.0,0.3107908151907288,315379000.0,0.2624627116267322,0.0,364104750.0,0.30301294633178943,73347750.0,233098500,0.1939877556404321,0.04665,0.046625,4995796000,5000193000,https://www1.hkexnews.hk/search/titlesearch.xhtml,https://www1.hkexnews.hk/search/titlesearch.xhtml,1620585437,14:37:17,20210509
23,2013-01-31,2008.HK,HKD,2013-01-31,2013-01-31,Q1,1201614500,712478250.0,489136250.0,0.4070658684628057,0.0,173757250,0.0,2862250.0,0.0,886235500,0.0,58071750.0,373450750.0,0.3107908151907288,315379000.0,0.2624627116267322,0.0,364104750.0,0.30301294633178943,73347750.0,233098500,0.1939877556404321,0.04665,0.046625,4995796000,5000193000,https://www1.hkexnews.hk/search/titlesearch.xhtml,https://www1.hkexnews.hk/search/titlesearch.xhtml,1620585437,14:37:17,20210509
24,2012-09-30,2008.HK,HKD,2012-09-30,2012-09-30,Q3,1084090000,647309000.0,436781000.0,0.40290105065077625,0.0,162265750,0.0,3147500.0,0.0,809574750,0.0,51652250.0,326167500.0,0.3008675478973148,274515250.0,0.2532218266011125,0.0,298835250.0,0.2756553883902628,62014000.0,208341750,0.19218123034065437,0.041725,0.041675,4993467000,4998230000,https://www1.hkexnews.hk/search/titlesearch.xhtml,https://www1.hkexnews.hk/search/titlesearch.xhtml,1620585437,14:37:17,20210509
25,2012-06-30,2008.HK,HKD,2012-06-30,2012-06-30,Q2,1084090000,647309000.0,436781000.0,0.40290105065077625,0.0,162265750,0.0,3147500.0,0.0,809574750,0.0,51652250.0,326167500.0,0.3008675478973148,274515250.0,0.2532218266011125,0.0,298835250.0,0.2756553883902628,62014000.0,208341750,0.19218123034065437,0.041725,0.041675,4993467000,4998230000,https://www1.hkexnews.hk/search/titlesearch.xhtml,https://www1.hkexnews.hk/search/titlesearch.xhtml,1620585437,14:37:17,20210509
26,2012-03-31,2008.HK,HKD,2012-03-31,2012-03-31,Q1,1084090000,647309000.0,436781000.0,0.40290105065077625,0.0,162265750,0.0,3147500.0,0.0,809574750,0.0,51652250.0,326167500.0,0.3008675478973148,274515250.0,0.2532218266011125,0.0,298835250.0,0.2756553883902628,62014000.0,208341750,0.19218123034065437,0.041725,0.041675,4993467000,4998230000,https://www1.hkexnews.hk/search/titlesearch.xhtml,https://www1.hkexnews.hk/search/titlesearch.xhtml,1620585437,14:37:17,20210509
27,2012-01-31,2008.HK,HKD,2012-01-31,2012-01-31,Q1,1084090000,647309000.0,436781000.0,0.40290105065077625,0.0,162265750,0.0,3147500.0,0.0,809574750,0.0,51652250.0,326167500.0,0.3008675478973148,274515250.0,0.2532218266011125,0.0,298835250.0,0.2756553883902628,62014000.0,208341750,0.19218123034065437,0.041725,0.041675,4993467000,4998230000,https://www1.hkexnews.hk/search/titlesearch.xhtml,https://www1.hkexnews.hk/search/titlesearch.xhtml,1620585437,14:37:17,20210509
28,2011-09-30,2008.HK,HKD,2011-09-30,2011-09-30,Q3,909861250,568372250.0,341489000.0,0.3753198633308101,0.0,113401750,0.0,0.0,0.0,875388250,0.0,35688500.0,70161500.0,0.07711230695889071,34473000.0,0.037888194491193024,0.0,38999250.0,0.04286285408901632,57365000.0,-16721250,-0.018377802109937093,-0.00335,-0.00335,4991068000,4991068000,https://www1.hkexnews.hk/search/titlesearch.xhtml,https://www1.hkexnews.hk/search/titlesearch.xhtml,1620585437,14:37:17,20210509
29,2011-06-30,2008.HK,HKD,2011-06-30,2011-06-30,Q2,909861250,568372250.0,341489000.0,0.3753198633308101,0.0,113401750,0.0,0.0,0.0,875388250,0.0,35688500.0,70161500.0,0.07711230695889071,34473000.0,0.037888194491193024,0.0,38999250.0,0.04286285408901632,57365000.0,-16721250,-0.018377802109937093,-0.00335,-0.00335,4991068000,4991068000,https://www1.hkexnews.hk/search/titlesearch.xhtml,https://www1.hkexnews.hk/search/titlesearch.xhtml,1620585437,14:37:17,20210509
30,2011-03-31,2008.HK,HKD,2011-03-31,2011-03-31,Q1,909861250,568372250.0,341489000.0,0.3753198633308101,0.0,113401750,0.0,0.0,0.0,875388250,0.0,35688500.0,70161500.0,0.07711230695889071,34473000.0,0.037888194491193024,0.0,38999250.0,0.04286285408901632,57365000.0,-16721250,-0.018377802109937093,-0.00335,-0.00335,4991068000,4991068000,https://www1.hkexnews.hk/search/titlesearch.xhtml,https://www1.hkexnews.hk/search/titlesearch.xhtml,1620585437,14:37:17,20210509
31,2011-01-31,2008.HK,HKD,2011-01-31,2011-01-31,Q1,909861250,568372250.0,341489000.0,0.3753198633308101,0.0,113401750,0.0,0.0,0.0,875388250,0.0,35688500.0,70161500.0,0.07711230695889071,34473000.0,0.037888194491193024,0.0,38999250.0,0.04286285408901632,57365000.0,-16721250,-0.018377802109937093,-0.00335,-0.00335,4991068000,4991068000,https://www1.hkexnews.hk/search/titlesearch.xhtml,https://www1.hkexnews.hk/search/titlesearch.xhtml,1620585437,14:37:17,20210509
32,2010-09-30,2008.HK,HKD,2010-09-30,2010-09-30,Q3,649578500,390028250.0,259550250.0,0.39956718087190385,0.0,78811250,0.0,8752750.0,0.0,468839500,10394250.0,34949500.0,215688500.0,0.3320437791583311,180739000.0,0.27824042821614325,-33968000.0,138228500.0,0.21279722158291878,27122500.0,105455500,0.16234450493666278,0.02115355799533703,0.021125674278524232,4985237000,4991817000,https://www1.hkexnews.hk/search/titlesearch.xhtml,https://www1.hkexnews.hk/search/titlesearch.xhtml,1620585437,14:37:17,20210509
33,2010-06-30,2008.HK,HKD,2010-06-30,2010-06-30,Q2,649578500,390028250.0,259550250.0,0.39956718087190385,0.0,78811250,0.0,8752750.0,0.0,468839500,10394250.0,34949500.0,215688500.0,0.3320437791583311,180739000.0,0.27824042821614325,-33968000.0,138228500.0,0.21279722158291878,27122500.0,105455500,0.16234450493666278,0.02115355799533703,0.021125674278524232,4985237000,4991817000,https://www1.hkexnews.hk/search/titlesearch.xhtml,https://www1.hkexnews.hk/search/titlesearch.xhtml,1620585437,14:37:17,20210509
34,2010-03-31,2008.HK,HKD,2010-03-31,2010-03-31,Q1,649578500,390028250.0,259550250.0,0.39956718087190385,0.0,78811250,0.0,8752750.0,0.0,468839500,10394250.0,34949500.0,215688500.0,0.3320437791583311,180739000.0,0.27824042821614325,-33968000.0,138228500.0,0.21279722158291878,27122500.0,105455500,0.16234450493666278,0.02115355799533703,0.021125674278524232,4985237000,4991817000,https://www1.hkexnews.hk/search/titlesearch.xhtml,https://www1.hkexnews.hk/search/titlesearch.xhtml,1620585437,14:37:17,20210509
35,2010-01-31,2008.HK,HKD,2010-01-31,2010-01-31,Q1,649578500,390028250.0,259550250.0,0.39956718087190385,0.0,78811250,0.0,8752750.0,0.0,468839500,10394250.0,34949500.0,215688500.0,0.3320437791583311,180739000.0,0.27824042821614325,-33968000.0,138228500.0,0.21279722158291878,27122500.0,105455500,0.16234450493666278,0.02115355799533703,0.021125674278524232,4985237000,4991817000,https://www1.hkexnews.hk/search/titlesearch.xhtml,https://www1.hkexnews.hk/search/titlesearch.xhtml,1620585437,14:37:17,20210509
36,2009-09-30,2008.HK,HKD,2009-09-30,2009-09-30,Q3,382626250,250753000.0,131873250.0,0.3446529086804682,0.0,50595750,0.0,13251250.0,0.0,301348750,945250.0,27418250.0,108695750.0,0.28407813107438395,81277500.0,0.2124200835671886,0.0,94680500.0,0.2474490445963914,19183750.0,74936500,0.1958477757341531,0.015116061636229732,0.01510165882159239,4957409000,4962137000,https://www1.hkexnews.hk/search/titlesearch.xhtml,https://www1.hkexnews.hk/search/titlesearch.xhtml,1620585437,14:37:17,20210509
37,2009-06-30,2008.HK,HKD,2009-06-30,2009-06-30,Q2,382626250,250753000.0,131873250.0,0.3446529086804682,0.0,50595750,0.0,13251250.0,0.0,301348750,945250.0,27418250.0,108695750.0,0.28407813107438395,81277500.0,0.2124200835671886,0.0,94680500.0,0.2474490445963914,19183750.0,74936500,0.1958477757341531,0.015116061636229732,0.01510165882159239,4957409000,4962137000,https://www1.hkexnews.hk/search/titlesearch.xhtml,https://www1.hkexnews.hk/search/titlesearch.xhtml,1620585437,14:37:17,20210509
38,2009-03-31,2008.HK,HKD,2009-03-31,2009-03-31,Q1,382626250,250753000.0,131873250.0,0.3446529086804682,0.0,50595750,0.0,13251250.0,0.0,301348750,945250.0,27418250.0,108695750.0,0.28407813107438395,81277500.0,0.2124200835671886,0.0,94680500.0,0.2474490445963914,19183750.0,74936500,0.1958477757341531,0.015116061636229732,0.01510165882159239,4957409000,4962137000,https://www1.hkexnews.hk/search/titlesearch.xhtml,https://www1.hkexnews.hk/search/titlesearch.xhtml,1620585437,14:37:17,20210509
39,2009-01-31,2008.HK,HKD,2009-01-31,2009-01-31,Q1,382626250,250753000.0,131873250.0,0.3446529086804682,0.0,50595750,0.0,13251250.0,0.0,301348750,945250.0,27418250.0,108695750.0,0.28407813107438395,81277500.0,0.2124200835671886,0.0,94680500.0,0.2474490445963914,19183750.0,74936500,0.1958477757341531,0.015116061636229732,0.01510165882159239,4957409000,4962137000,https://www1.hkexnews.hk/search/titlesearch.xhtml,https://www1.hkexnews.hk/search/titlesearch.xhtml,1620585437,14:37:17,20210509
40,2008-09-30,2008.HK,HKD,2008-09-30,2008-09-30,Q3,348014750,0.0,348014750.0,1.0,0.0,278012750,0.0,9926250.0,-358000.0,277654750,0.0,0.0,70360000.0,4.946201677089255,70360000.0,0.20217533883262132,0.0,83295750.0,0.2393454587772501,14398500.0,71706000,0.2060429909939162,0.0125,0.0125,4954316000,4954316000,https://www1.hkexnews.hk/search/titlesearch.xhtml,https://www1.hkexnews.hk/search/titlesearch.xhtml,1620585437,14:37:17,20210509
41,2008-06-30,2008.HK,HKD,2008-06-30,2008-06-30,Q2,348014750,0.0,348014750.0,1.0,0.0,278012750,0.0,9926250.0,-358000.0,277654750,0.0,0.0,70360000.0,4.946201677089255,70360000.0,0.20217533883262132,0.0,83295750.0,0.2393454587772501,14398500.0,71706000,0.2060429909939162,0.0125,0.0125,4954316000,4954316000,https://www1.hkexnews.hk/search/titlesearch.xhtml,https://www1.hkexnews.hk/search/titlesearch.xhtml,1620585437,14:37:17,20210509
42,2008-03-31,2008.HK,HKD,2008-03-31,2008-03-31,Q1,348014750,0.0,348014750.0,1.0,0.0,278012750,0.0,9926250.0,-358000.0,277654750,0.0,0.0,70360000.0,4.946201677089255,70360000.0,0.20217533883262132,0.0,83295750.0,0.2393454587772501,14398500.0,71706000,0.2060429909939162,0.0125,0.0125,4954316000,4954316000,https://www1.hkexnews.hk/search/titlesearch.xhtml,https://www1.hkexnews.hk/search/titlesearch.xhtml,1620585437,14:37:17,20210509
43,2008-01-31,2008.HK,HKD,2008-01-31,2008-01-31,Q1,348014750,0.0,348014750.0,1.0,0.0,278012750,0.0,9926250.0,-358000.0,277654750,0.0,0.0,70360000.0,4.946201677089255,70360000.0,0.20217533883262132,0.0,83295750.0,0.2393454587772501,14398500.0,71706000,0.2060429909939162,0.0125,0.0125,4954316000,4954316000,https://www1.hkexnews.hk/search/titlesearch.xhtml,https://www1.hkexnews.hk/search/titlesearch.xhtml,1620585437,14:37:17,20210509
44,2007-09-30,2008.HK,HKD,2007-09-30,2007-09-30,Q3,294666750,0.0,0.0,0.0,0.0,32075000,0.0,0.0,168880750.0,200955750,0.0,0.0,93711000.0,3.144420078752761,93711000.0,0.31802366571728913,0.0,82293500.0,0.2792765047294953,12660000.0,69633500,0.23631271597491063,0.0141,0.01405,4942358156,4959946619,https://www1.hkexnews.hk/search/titlesearch.xhtml,https://www1.hkexnews.hk/search/titlesearch.xhtml,1620585437,14:37:17,20210509
45,2007-06-30,2008.HK,HKD,2007-06-30,2007-06-30,Q2,294666750,0.0,0.0,0.0,0.0,32075000,0.0,0.0,168880750.0,200955750,0.0,0.0,93711000.0,3.144420078752761,93711000.0,0.31802366571728913,0.0,82293500.0,0.2792765047294953,12660000.0,69633500,0.23631271597491063,0.0141,0.01405,4942358156,4959946619,https://www1.hkexnews.hk/search/titlesearch.xhtml,https://www1.hkexnews.hk/search/titlesearch.xhtml,1620585437,14:37:17,20210509
46,2007-03-31,2008.HK,HKD,2007-03-31,2007-03-31,Q1,294666750,0.0,0.0,0.0,0.0,32075000,0.0,0.0,168880750.0,200955750,0.0,0.0,93711000.0,3.144420078752761,93711000.0,0.31802366571728913,0.0,82293500.0,0.2792765047294953,12660000.0,69633500,0.23631271597491063,0.0141,0.01405,4942358156,4959946619,https://www1.hkexnews.hk/search/titlesearch.xhtml,https://www1.hkexnews.hk/search/titlesearch.xhtml,1620585437,14:37:17,20210509
47,2007-01-31,2008.HK,HKD,2007-01-31,2007-01-31,Q1,294666750,0.0,0.0,0.0,0.0,32075000,0.0,0.0,168880750.0,200955750,0.0,0.0,93711000.0,3.144420078752761,93711000.0,0.31802366571728913,0.0,82293500.0,0.2792765047294953,12660000.0,69633500,0.23631271597491063,0.0141,0.01405,4942358156,4959946619,https://www1.hkexnews.hk/search/titlesearch.xhtml,https://www1.hkexnews.hk/search/titlesearch.xhtml,1620585437,14:37:17,20210509
48,2006-09-30,2008.HK,HKD,2006-09-30,2006-09-30,Q3,264416750,0.0,0.0,0.0,0.0,34332500,0.0,-379500.0,148038250.0,182370750,0.0,0.0,82046000.0,3.222786607512859,82046000.0,0.31029047895036904,0.0,61456250.0,0.23242192485914753,8734500.0,52721750,0.19938884355851133,0.01075,0.010725,4939186047,4950699301,https://www1.hkexnews.hk/search/titlesearch.xhtml,https://www1.hkexnews.hk/search/titlesearch.xhtml,1620585437,14:37:17,20210509
49,2006-06-30,2008.HK,HKD,2006-06-30,2006-06-30,Q2,264416750,0.0,0.0,0.0,0.0,34332500,0.0,-379500.0,148038250.0,182370750,0.0,0.0,82046000.0,3.222786607512859,82046000.0,0.31029047895036904,0.0,61456250.0,0.23242192485914753,8734500.0,52721750,0.19938884355851133,0.01075,0.010725,4939186047,4950699301,https://www1.hkexnews.hk/search/titlesearch.xhtml,https://www1.hkexnews.hk/search/titlesearch.xhtml,1620585437,14:37:17,20210509
50,2006-03-31,2008.HK,HKD,2006-03-31,2006-03-31,Q1,264416750,0.0,0.0,0.0,0.0,34332500,0.0,-379500.0,148038250.0,182370750,0.0,0.0,82046000.0,3.222786607512859,82046000.0,0.31029047895036904,0.0,61456250.0,0.23242192485914753,8734500.0,52721750,0.19938884355851133,0.01075,0.010725,4939186047,4950699301,https://www1.hkexnews.hk/search/titlesearch.xhtml,https://www1.hkexnews.hk/search/titlesearch.xhtml,1620585437,14:37:17,20210509
51,2006-01-31,2008.HK,HKD,2006-01-31,2006-01-31,Q1,264416750,0.0,0.0,0.0,0.0,34332500,0.0,-379500.0,148038250.0,182370750,0.0,0.0,82046000.0,3.222786607512859,82046000.0,0.31029047895036904,0.0,61456250.0,0.23242192485914753,8734500.0,52721750,0.19938884355851133,0.01075,0.010725,4939186047,4950699301,https://www1.hkexnews.hk/search/titlesearch.xhtml,https://www1.hkexnews.hk/search/titlesearch.xhtml,1620585437,14:37:17,20210509
52,2005-09-30,2008.HK,HKD,2005-09-30,2005-09-30,Q3,258692000,0.0,0.0,0.0,0.0,60712250,0.0,-476500.0,97585000.0,158297250,0.0,0.0,100394750.0,2.5767482861404605,100394750.0,0.38808602508001794,0.0,50854750.0,0.19658416186043634,5188750.0,45666000,0.17652652575263247,0.009175,0.009175,4945013624,4945013624,https://www1.hkexnews.hk/search/titlesearch.xhtml,https://www1.hkexnews.hk/search/titlesearch.xhtml,1620585437,14:37:17,20210509
53,2005-06-30,2008.HK,HKD,2005-06-30,2005-06-30,Q2,258692000,0.0,0.0,0.0,0.0,60712250,0.0,-476500.0,97585000.0,158297250,0.0,0.0,100394750.0,2.5767482861404605,100394750.0,0.38808602508001794,0.0,50854750.0,0.19658416186043634,5188750.0,45666000,0.17652652575263247,0.009175,0.009175,4945013624,4945013624,https://www1.hkexnews.hk/search/titlesearch.xhtml,https://www1.hkexnews.hk/search/titlesearch.xhtml,1620585437,14:37:17,20210509
54,2005-03-31,2008.HK,HKD,2005-03-31,2005-03-31,Q1,258692000,0.0,0.0,0.0,0.0,60712250,0.0,-476500.0,97585000.0,158297250,0.0,0.0,100394750.0,2.5767482861404605,100394750.0,0.38808602508001794,0.0,50854750.0,0.19658416186043634,5188750.0,45666000,0.17652652575263247,0.009175,0.009175,4945013624,4945013624,https://www1.hkexnews.hk/search/titlesearch.xhtml,https://www1.hkexnews.hk/search/titlesearch.xhtml,1620585437,14:37:17,20210509
55,2005-01-31,2008.HK,HKD,2005-01-31,2005-01-31,Q1,258692000,0.0,0.0,0.0,0.0,60712250,0.0,-476500.0,97585000.0,158297250,0.0,0.0,100394750.0,2.5767482861404605,100394750.0,0.38808602508001794,0.0,50854750.0,0.19658416186043634,5188750.0,45666000,0.17652652575263247,0.009175,0.009175,4945013624,4945013624,https://www1.hkexnews.hk/search/titlesearch.xhtml,https://www1.hkexnews.hk/search/titlesearch.xhtml,1620585437,14:37:17,20210509
56,2004-09-30,2008.HK,HKD,2004-09-30,2004-09-30,Q3,278262000,0.0,0.0,0.0,0.0,36515750,0.0,4379500.0,170596500.0,207112250,0.0,0.0,71149750.0,3.9109343321656085,71149750.0,0.25569337530816283,0.0,39013500.0,0.14020419604545356,1206500.0,37623500,0.13520890383882816,0.007625,0.0076,4934229508,4950460526,https://www1.hkexnews.hk/search/titlesearch.xhtml,https://www1.hkexnews.hk/search/titlesearch.xhtml,1620585437,14:37:17,20210509
57,2004-06-30,2008.HK,HKD,2004-06-30,2004-06-30,Q2,278262000,0.0,0.0,0.0,0.0,36515750,0.0,4379500.0,170596500.0,207112250,0.0,0.0,71149750.0,3.9109343321656085,71149750.0,0.25569337530816283,0.0,39013500.0,0.14020419604545356,1206500.0,37623500,0.13520890383882816,0.007625,0.0076,4934229508,4950460526,https://www1.hkexnews.hk/search/titlesearch.xhtml,https://www1.hkexnews.hk/search/titlesearch.xhtml,1620585437,14:37:17,20210509
58,2004-03-31,2008.HK,HKD,2004-03-31,2004-03-31,Q1,278262000,0.0,0.0,0.0,0.0,36515750,0.0,4379500.0,170596500.0,207112250,0.0,0.0,71149750.0,3.9109343321656085,71149750.0,0.25569337530816283,0.0,39013500.0,0.14020419604545356,1206500.0,37623500,0.13520890383882816,0.007625,0.0076,4934229508,4950460526,https://www1.hkexnews.hk/search/titlesearch.xhtml,https://www1.hkexnews.hk/search/titlesearch.xhtml,1620585437,14:37:17,20210509
59,2004-01-31,2008.HK,HKD,2004-01-31,2004-01-31,Q1,278262000,0.0,0.0,0.0,0.0,36515750,0.0,4379500.0,170596500.0,207112250,0.0,0.0,71149750.0,3.9109343321656085,71149750.0,0.25569337530816283,0.0,39013500.0,0.14020419604545356,1206500.0,37623500,0.13520890383882816,0.007625,0.0076,4934229508,4950460526,https://www1.hkexnews.hk/search/titlesearch.xhtml,https://www1.hkexnews.hk/search/titlesearch.xhtml,1620585437,14:37:17,20210509
60,2003-09-30,2008.HK,HKD,2003-09-30,2003-09-30,Q3,177492500,0.0,0.0,0.0,0.0,35516250,0.0,0.0,129793250.0,165309500,0.0,0.0,12183000.0,14.568866453254534,12183000.0,0.06863951997971746,0.0,-17925500.0,-0.10099299970421285,918000.0,-18056000,-0.10172824203839599,-0.00365,-0.00365,4946849315,4946849315,https://www1.hkexnews.hk/search/titlesearch.xhtml,https://www1.hkexnews.hk/search/titlesearch.xhtml,1620585437,14:37:17,20210509
61,2003-06-30,2008.HK,HKD,2003-06-30,2003-06-30,Q2,177492500,0.0,0.0,0.0,0.0,35516250,0.0,0.0,129793250.0,165309500,0.0,0.0,12183000.0,14.568866453254534,12183000.0,0.06863951997971746,0.0,-17925500.0,-0.10099299970421285,918000.0,-18056000,-0.10172824203839599,-0.00365,-0.00365,4946849315,4946849315,https://www1.hkexnews.hk/search/titlesearch.xhtml,https://www1.hkexnews.hk/search/titlesearch.xhtml,1620585437,14:37:17,20210509
62,2003-03-31,2008.HK,HKD,2003-03-31,2003-03-31,Q1,177492500,0.0,0.0,0.0,0.0,35516250,0.0,0.0,129793250.0,165309500,0.0,0.0,12183000.0,14.568866453254534,12183000.0,0.06863951997971746,0.0,-17925500.0,-0.10099299970421285,918000.0,-18056000,-0.10172824203839599,-0.00365,-0.00365,4946849315,4946849315,https://www1.hkexnews.hk/search/titlesearch.xhtml,https://www1.hkexnews.hk/search/titlesearch.xhtml,1620585437,14:37:17,20210509
63,2003-01-31,2008.HK,HKD,2003-01-31,2003-01-31,Q1,177492500,0.0,0.0,0.0,0.0,35516250,0.0,0.0,129793250.0,165309500,0.0,0.0,12183000.0,14.568866453254534,12183000.0,0.06863951997971746,0.0,-17925500.0,-0.10099299970421285,918000.0,-18056000,-0.10172824203839599,-0.00365,-0.00365,4946849315,4946849315,https://www1.hkexnews.hk/search/titlesearch.xhtml,https://www1.hkexnews.hk/search/titlesearch.xhtml,1620585437,14:37:17,20210509
64,2002-09-30,2008.HK,HKD,2002-09-30,2002-09-30,Q3,171260750,0.0,0.0,0.0,0.0,35089000,0.0,-7304000.0,141714750.0,177425000,0.0,621250.0,-5543000.0,-0.032365851486695,-6164250.0,-0.035993361000696306,0.0,-48557250.0,-0.2835281872816743,785250.0,-49929000,-0.29153790346007474,-0.010125,-0.010125,4931259259,4931259259,https://www1.hkexnews.hk/search/titlesearch.xhtml,https://www1.hkexnews.hk/search/titlesearch.xhtml,1620585437,14:37:17,20210509
65,2002-06-30,2008.HK,HKD,2002-06-30,2002-06-30,Q2,171260750,0.0,0.0,0.0,0.0,35089000,0.0,-7304000.0,141714750.0,177425000,0.0,621250.0,-5543000.0,-0.032365851486695,-6164250.0,-0.035993361000696306,0.0,-48557250.0,-0.2835281872816743,785250.0,-49929000,-0.29153790346007474,-0.010125,-0.010125,4931259259,4931259259,https://www1.hkexnews.hk/search/titlesearch.xhtml,https://www1.hkexnews.hk/search/titlesearch.xhtml,1620585437,14:37:17,20210509
66,2002-03-31,2008.HK,HKD,2002-03-31,2002-03-31,Q1,171260750,0.0,0.0,0.0,0.0,35089000,0.0,-7304000.0,141714750.0,177425000,0.0,621250.0,-5543000.0,-0.032365851486695,-6164250.0,-0.035993361000696306,0.0,-48557250.0,-0.2835281872816743,785250.0,-49929000,-0.29153790346007474,-0.010125,-0.010125,4931259259,4931259259,https://www1.hkexnews.hk/search/titlesearch.xhtml,https://www1.hkexnews.hk/search/titlesearch.xhtml,1620585437,14:37:17,20210509
67,2002-01-31,2008.HK,HKD,2002-01-31,2002-01-31,Q1,171260750,0.0,0.0,0.0,0.0,35089000,0.0,-7304000.0,141714750.0,177425000,0.0,621250.0,-5543000.0,-0.032365851486695,-6164250.0,-0.035993361000696306,0.0,-48557250.0,-0.2835281872816743,785250.0,-49929000,-0.29153790346007474,-0.010125,-0.010125,4931259259,4931259259,https://www1.hkexnews.hk/search/titlesearch.xhtml,https://www1.hkexnews.hk/search/titlesearch.xhtml,1620585437,14:37:17,20210509
68,2001-09-30,2008.HK,HKD,2001-09-30,2001-09-30,Q3,178421750,0.0,0.0,0.0,0.0,43977750,0.0,12596500.0,90098250.0,134076000,0.0,0.0,44345750.0,4.023423890677235,44345750.0,0.24854453002506702,0.0,12964500.0,0.07266210537672677,402000.0,13496000,0.0756410022881179,0.00275,0.002725,4907636364,4952660550,https://www1.hkexnews.hk/search/titlesearch.xhtml,https://www1.hkexnews.hk/search/titlesearch.xhtml,1620585437,14:37:17,20210509
69,2001-06-30,2008.HK,HKD,2001-06-30,2001-06-30,Q2,178421750,0.0,0.0,0.0,0.0,43977750,0.0,12596500.0,90098250.0,134076000,0.0,0.0,44345750.0,4.023423890677235,44345750.0,0.24854453002506702,0.0,12964500.0,0.07266210537672677,402000.0,13496000,0.0756410022881179,0.00275,0.002725,4907636364,4952660550,https://www1.hkexnews.hk/search/titlesearch.xhtml,https://www1.hkexnews.hk/search/titlesearch.xhtml,1620585437,14:37:17,20210509
70,2001-03-31,2008.HK,HKD,2001-03-31,2001-03-31,Q1,178421750,0.0,0.0,0.0,0.0,43977750,0.0,12596500.0,90098250.0,134076000,0.0,0.0,44345750.0,4.023423890677235,44345750.0,0.24854453002506702,0.0,12964500.0,0.07266210537672677,402000.0,13496000,0.0756410022881179,0.00275,0.002725,4907636364,4952660550,https://www1.hkexnews.hk/search/titlesearch.xhtml,https://www1.hkexnews.hk/search/titlesearch.xhtml,1620585437,14:37:17,20210509
71,2001-01-31,2008.HK,HKD,2001-01-31,2001-01-31,Q1,178421750,0.0,0.0,0.0,0.0,43977750,0.0,12596500.0,90098250.0,134076000,0.0,0.0,44345750.0,4.023423890677235,44345750.0,0.24854453002506702,0.0,12964500.0,0.07266210537672677,402000.0,13496000,0.0756410022881179,0.00275,0.002725,4907636364,4952660550,https://www1.hkexnews.hk/search/titlesearch.xhtml,https://www1.hkexnews.hk/search/titlesearch.xhtml,1620585437,14:37:17,20210509
72,2000-09-30,2008.HK,HKD,2000-09-30,2000-09-30,Q3,127835500,0.0,0.0,0.0,0.0,36659000,0.0,0.0,44660750.0,81319750,0.0,0.0,46515750.0,2.74821968903006,46515750.0,0.3638719291589582,0.0,0.0,0.0,0.0,12578750,0.09839794110399694,0.00259525,0.00259525,4847060000,4847060000,https://www1.hkexnews.hk/search/titlesearch.xhtml,https://www1.hkexnews.hk/search/titlesearch.xhtml,1620585437,14:37:17,20210509
73,2000-06-30,2008.HK,HKD,2000-06-30,2000-06-30,Q2,127835500,0.0,0.0,0.0,0.0,36659000,0.0,0.0,44660750.0,81319750,0.0,0.0,46515750.0,2.74821968903006,46515750.0,0.3638719291589582,0.0,0.0,0.0,0.0,12578750,0.09839794110399694,0.00259525,0.00259525,4847060000,4847060000,https://www1.hkexnews.hk/search/titlesearch.xhtml,https://www1.hkexnews.hk/search/titlesearch.xhtml,1620585437,14:37:17,20210509
74,2000-03-31,2008.HK,HKD,2000-03-31,2000-03-31,Q1,127835500,0.0,0.0,0.0,0.0,36659000,0.0,0.0,44660750.0,81319750,0.0,0.0,46515750.0,2.74821968903006,46515750.0,0.3638719291589582,0.0,0.0,0.0,0.0,12578750,0.09839794110399694,0.00259525,0.00259525,4847060000,4847060000,https://www1.hkexnews.hk/search/titlesearch.xhtml,https://www1.hkexnews.hk/search/titlesearch.xhtml,1620585437,14:37:17,20210509
75,2000-01-31,2008.HK,HKD,2000-01-31,2000-01-31,Q1,127835500,0.0,0.0,0.0,0.0,36659000,0.0,0.0,44660750.0,81319750,0.0,0.0,46515750.0,2.74821968903006,46515750.0,0.3638719291589582,0.0,0.0,0.0,0.0,12578750,0.09839794110399694,0.00259525,0.00259525,4847060000,4847060000,https://www1.hkexnews.hk/search/titlesearch.xhtml,https://www1.hkexnews.hk/search/titlesearch.xhtml,1620585437,14:37:17,20210509
76,1999-09-30,2008.HK,HKD,1999-09-30,1999-09-30,Q3,78665750,0.0,0.0,0.0,0.0,33066000,0.0,0.0,34529000.0,67595000,0.0,0.0,11070750.0,7.105729060813404,11070750.0,0.14073151276127158,0.0,0.0,0.0,0.0,-19616500,-0.24936519387408115,-0.0047565,-0.0047565,4124180328,4124180328,https://www1.hkexnews.hk/search/titlesearch.xhtml,https://www1.hkexnews.hk/search/titlesearch.xhtml,1620585437,14:37:17,20210509
77,1999-06-30,2008.HK,HKD,1999-06-30,1999-06-30,Q2,78665750,0.0,0.0,0.0,0.0,33066000,0.0,0.0,34529000.0,67595000,0.0,0.0,11070750.0,7.105729060813404,11070750.0,0.14073151276127158,0.0,0.0,0.0,0.0,-19616500,-0.24936519387408115,-0.0047565,-0.0047565,4124180328,4124180328,https://www1.hkexnews.hk/search/titlesearch.xhtml,https://www1.hkexnews.hk/search/titlesearch.xhtml,1620585437,14:37:17,20210509
78,1999-03-31,2008.HK,HKD,1999-03-31,1999-03-31,Q1,78665750,0.0,0.0,0.0,0.0,33066000,0.0,0.0,34529000.0,67595000,0.0,0.0,11070750.0,7.105729060813404,11070750.0,0.14073151276127158,0.0,0.0,0.0,0.0,-19616500,-0.24936519387408115,-0.0047565,-0.0047565,4124180328,4124180328,https://www1.hkexnews.hk/search/titlesearch.xhtml,https://www1.hkexnews.hk/search/titlesearch.xhtml,1620585437,14:37:17,20210509
79,1999-01-31,2008.HK,HKD,1999-01-31,1999-01-31,Q1,78665750,0.0,0.0,0.0,0.0,33066000,0.0,0.0,34529000.0,67595000,0.0,0.0,11070750.0,7.105729060813404,11070750.0,0.14073151276127158,0.0,0.0,0.0,0.0,-19616500,-0.24936519387408115,-0.0047565,-0.0047565,4124180328,4124180328,https://www1.hkexnews.hk/search/titlesearch.xhtml,https://www1.hkexnews.hk/search/titlesearch.xhtml,1620585437,14:37:17,20210509
