,date,symbol,reportedCurrency,fillingDate,acceptedDate,period,revenue,costOfRevenue,grossProfit,grossProfitRatio,researchAndDevelopmentExpenses,generalAndAdministrativeExpenses,sellingAndMarketingExpenses,otherExpenses,operatingExpenses,costAndExpenses,interestExpense,depreciationAndAmortization,ebitda,ebitdaratio,operatingIncome,operatingIncomeRatio,totalOtherIncomeExpensesNet,incomeBeforeTax,incomeBeforeTaxRatio,incomeTaxExpense,netIncome,netIncomeRatio,eps,epsdiluted,weightedAverageShsOut,weightedAverageShsOutDil,link,finalLink,timestamp,est_time,est_date
0,2019-03-31,BMS,USD,2019-04-26 00:00:00,2019-04-26 16:43:15,Q1,1001400000,799200000.0,202200000.0,0.2019173157579389,9700000.0,97100000.0,0.0,1800000.0,98200000.0,897400000.0,18500000.0,41200000.0,145200000,0.14499700419412823,104000000,0.10385460355502296,-5100000.0,80400000.0,0.08028759736369083,20000000.0,60400000.0,0.06031555821849411,0.6622807017543859,0.6565217391304348,91200000,92000000,https://www.sec.gov/Archives/edgar/data/11199/000001119919000012/0000011199-19-000012-index.html,https://www.sec.gov/Archives/edgar/data/11199/000001119919000012/bms-20190331x10q.htm,1620589513,15:45:13,20210509
1,2018-12-31,BMS,USD,2019-02-15 00:00:00,2019-02-15 16:55:29,Q4,1002800000,802400000.0,200400000.0,0.1998404467491025,9300000.0,93300000.0,0.0,700000.0,97600000.0,900000000.0,19600000.0,41100000.0,143900000,0.14349820502592742,102800000,0.10251296370163542,-10700000.0,72500000.0,0.07229756681292382,8700000.0,63800000.0,0.06362185879537295,0.71,0.7,91000000,91900000,https://www.sec.gov/Archives/edgar/data/11199/000001119919000006/0000011199-19-000006-index.html,https://www.sec.gov/Archives/edgar/data/11199/000001119919000006/bms-20181231x10kq4.htm,1620589513,15:45:13,20210509
2,2018-09-30,BMS,USD,2018-10-26 00:00:00,2018-10-26 16:02:16,Q3,1026400000,821400000.0,205000000.0,0.19972720187061574,9300000.0,90900000.0,0.0,500000.0,95800000.0,917200000.0,18900000.0,40800000.0,150000000,0.1461418550272798,109200000,0.1063912704598597,-15600000.0,74700000.0,0.07277864380358534,17200000.0,57500000.0,0.056021044427123926,0.6318681318681318,0.6277292576419214,91000000,91600000,https://www.sec.gov/Archives/edgar/data/11199/000001119918000045/0000011199-18-000045-index.html,https://www.sec.gov/Archives/edgar/data/11199/000001119918000045/bms-20180930x10q.htm,1620589513,15:45:13,20210509
3,2018-06-30,BMS,USD,2018-07-27 00:00:00,2018-07-27 12:51:29,Q2,1033300000,831600000.0,201700000.0,0.19519984515629538,9400000.0,96800000.0,0.0,700000.0,102000000.0,933600000.0,18700000.0,42500000.0,142200000,0.1376173424949192,99700000,0.09648698345107906,-20300000.0,60700000.0,0.058743830446143425,14000000.0,46700000.0,0.0451950062905255,0.5131868131868131,0.5120614035087719,91000000,91200000,https://www.sec.gov/Archives/edgar/data/11199/000001119918000038/0000011199-18-000038-index.html,https://www.sec.gov/Archives/edgar/data/11199/000001119918000038/bms-20180630x10q.htm,1620589513,15:45:13,20210509
4,2018-03-31,BMS,USD,2018-04-27 00:00:00,2018-04-27 15:23:31,Q1,1027400000,829400000.0,198000000.0,0.19271948608137046,10000000.0,96900000.0,0.0,900000.0,104100000.0,933500000.0,18900000.0,43200000.0,137100000,0.13344364415028226,93900000,0.09139575627798326,-12500000.0,62500000.0,0.0608331711115437,14900000.0,47600000.0,0.046330543118551684,0.5230769230769231,0.5219298245614035,91000000,91200000,https://www.sec.gov/Archives/edgar/data/11199/000001119918000027/0000011199-18-000027-index.html,https://www.sec.gov/Archives/edgar/data/11199/000001119918000027/bms-20180331x10q.htm,1620589513,15:45:13,20210509
5,2017-12-31,BMS,USD,2018-02-23 00:00:00,2018-02-23 16:49:53,Q4,1003600000,809900000.0,193700000.0,0.19300518134715025,9300000.0,93600000.0,0.0,600000.0,95900000.0,905800000.0,17100000.0,42300000.0,140100000,0.13959744918294142,97800000,0.09744918294141092,-225400000.0,-144700000.0,-0.14418094858509367,-104000000.0,-40700000.0,-0.04055400557991232,-0.44823788546255505,-0.44627192982456143,90800000,91200000,https://www.sec.gov/Archives/edgar/data/11199/000001119918000012/0000011199-18-000012-index.html,https://www.sec.gov/Archives/edgar/data/11199/000001119918000012/bms-20171231x10kq4.htm,1620589513,15:45:13,20210509
6,2017-09-30,BMS,USD,2017-10-27 00:00:00,2017-10-27 14:57:49,Q3,1035100000,827400000.0,207700000.0,0.20065694135832288,10000000.0,94600000.0,0.0,700000.0,96800000.0,924200000.0,16700000.0,42500000.0,153400000,0.14819824171577625,110900000,0.10713940682059704,-12200000.0,82000000.0,0.07921939909187518,26400000.0,55600000.0,0.053714616945222685,0.6116611661166117,0.6096491228070176,90900000,91200000,https://www.sec.gov/Archives/edgar/data/11199/000001119917000050/0000011199-17-000050-index.html,https://www.sec.gov/Archives/edgar/data/11199/000001119917000050/bms-20170930x10q.htm,1620589513,15:45:13,20210509
7,2017-06-30,BMS,USD,2017-07-28 00:00:00,2017-07-28 10:56:36,Q2,1012100000,826200000.0,185900000.0,0.18367750222310048,11100000.0,97600000.0,0.0,600000.0,105600000.0,931800000.0,16000000.0,43200000.0,123500000,0.12202351546289893,80300000,0.07933998616737477,-23200000.0,41100000.0,0.040608635510325064,13100000.0,28000000.0,0.027665250469321213,0.31,0.3,92000000,92300000,https://www.sec.gov/Archives/edgar/data/11199/000001119917000031/0000011199-17-000031-index.html,https://www.sec.gov/Archives/edgar/data/11199/000001119917000031/bms-20170630x10q.htm,1620589513,15:45:13,20210509
8,2017-03-31,BMS,USD,2017-04-28 00:00:00,2017-04-28 16:33:01,Q1,995400000,797500000.0,197900000.0,0.19881454691581274,12500000.0,94600000.0,0.0,900000.0,104100000.0,901600000.0,16000000.0,41800000.0,135600000,0.13622664255575648,93800000,0.09423347398030943,-3500000.0,74300000.0,0.07464335945348603,23200000.0,51100000.0,0.051336146272855133,0.553030303030303,0.5506465517241379,92400000,92800000,https://www.sec.gov/Archives/edgar/data/11199/000001119917000022/0000011199-17-000022-index.html,https://www.sec.gov/Archives/edgar/data/11199/000001119917000022/bms-20170331x10q.htm,1620589513,15:45:13,20210509
9,2016-12-31,BMS,USD,2017-02-17 00:00:00,2017-02-17 14:51:18,Q4,988000000,772400000.0,215600000.0,0.21821862348178137,11800000.0,96600000.0,0.0,700000.0,107100000.0,879500000.0,15700000.0,40700000.0,149200000,0.15101214574898786,108500000,0.10981781376518218,-3100000.0,89700000.0,0.09078947368421053,29200000.0,60500000.0,0.061234817813765184,0.65,0.64,93200000,93900000,https://www.sec.gov/Archives/edgar/data/11199/000001119917000011/0000011199-17-000011-index.html,https://www.sec.gov/Archives/edgar/data/11199/000001119917000011/bms-20161231x10kq4xcurrent.htm,1620589513,15:45:13,20210509
10,2016-09-30,BMS,USD,2016-10-28 00:00:00,2016-10-28 10:36:05,Q3,1027200000,802400000.0,224800000.0,0.21884735202492211,11600000.0,95800000.0,0.0,600000.0,104200000.0,906600000.0,15100000.0,40100000.0,160700000,0.15644470404984423,120600000,0.11740654205607477,-3800000.0,101700000.0,0.09900700934579439,33100000.0,68600000.0,0.06678348909657321,0.73,0.72,94300000,95000000,https://www.sec.gov/Archives/edgar/data/11199/000001119916000065/0000011199-16-000065-index.html,https://www.sec.gov/Archives/edgar/data/11199/000001119916000065/bms-20160930x10q.htm,1620589513,15:45:13,20210509
11,2016-06-30,BMS,USD,2016-07-29 00:00:00,2016-07-29 09:39:25,Q2,1021300000,804300000.0,217000000.0,0.21247429746401644,11600000.0,100400000.0,0.0,600000.0,108400000.0,912700000.0,14000000.0,40500000.0,149100000,0.14599040438656613,108600000,0.1063350631548027,-19000000.0,75600000.0,0.07402330363262509,24700000.0,50900000.0,0.04983844120238911,0.54,0.53,94700000,95700000,https://www.sec.gov/Archives/edgar/data/11199/000001119916000053/0000011199-16-000053-index.html,https://www.sec.gov/Archives/edgar/data/11199/000001119916000053/bms-20160630x10q.htm,1620589513,15:45:13,20210509
12,2016-03-31,BMS,USD,2016-04-29 00:00:00,2016-04-29 11:22:10,Q1,967900000,759100000.0,208800000.0,0.21572476495505735,11500000.0,99400000.0,0.0,-100000.0,108600000.0,867700000.0,15400000.0,40800000.0,141000000,0.1456762062196508,100200000,0.10352309122843269,-900000.0,83900000.0,0.08668250852360782,27700000.0,56200000.0,0.0580638495712367,0.5922023182297155,0.5860271115745568,94900000,95900000,https://www.sec.gov/Archives/edgar/data/11199/000001119916000044/0000011199-16-000044-index.html,https://www.sec.gov/Archives/edgar/data/11199/000001119916000044/bms-20160331x10q.htm,1620589513,15:45:13,20210509
13,2015-12-31,BMS,USD,2016-02-19 00:00:00,2016-02-19 12:00:10,Q4,982700000,769800000.0,212900000.0,0.2166480105830874,10300000.0,107900000.0,0.0,1200000.0,113500000.0,883300000.0,13200000.0,40000000.0,139400000,0.14185407550625828,99400000,0.10114989315152131,-1000000.0,85200000.0,0.08669990841558971,28400000.0,56800000.0,0.05779993894372647,0.59,0.58,95600000,97100000,https://www.sec.gov/Archives/edgar/data/11199/000001119916000036/0000011199-16-000036-index.html,https://www.sec.gov/Archives/edgar/data/11199/000001119916000036/bms-20151231x10kq4current.htm,1620589513,15:45:13,20210509
14,2015-09-30,BMS,USD,2015-10-30 00:00:00,2015-10-30 09:43:15,Q3,1018300000,796500000.0,221800000.0,0.2178140037317097,11000000.0,101800000.0,0.0,800000.0,111400000.0,907900000.0,12600000.0,38000000.0,148400000,0.14573308455268585,110400000,0.10841598743003045,-3800000.0,94000000.0,0.09231071393498969,31500000.0,62500000.0,0.061376804478051654,0.65,0.64,96400000,97700000,https://www.sec.gov/Archives/edgar/data/11199/000001119915000030/0000011199-15-000030-index.html,https://www.sec.gov/Archives/edgar/data/11199/000001119915000030/bms-20150930x10q.htm,1620589513,15:45:13,20210509
15,2015-06-30,BMS,USD,2015-07-29 00:00:00,2015-07-29 14:20:38,Q2,1030300000,809100000.0,221200000.0,0.21469474910220324,11500000.0,103900000.0,0.0,2200000.0,111700000.0,920800000.0,12800000.0,40400000.0,149900000,0.14549160438707173,109500000,0.10627972435213044,1900000.0,98600000.0,0.0957002814714161,33000000.0,65600000.0,0.06367077550228088,0.68,0.67,96900000,98100000,https://www.sec.gov/Archives/edgar/data/11199/000001119915000021/0000011199-15-000021-index.html,https://www.sec.gov/Archives/edgar/data/11199/000001119915000021/bms-20150630x10q.htm,1620589513,15:45:13,20210509
16,2015-03-31,BMS,USD,2015-05-01 00:00:00,2015-05-01 09:50:23,Q1,1040100000,822600000.0,217500000.0,0.20911450822036343,11300000.0,106400000.0,0.0,1800000.0,115100000.0,937700000.0,13100000.0,39700000.0,142100000,0.13662147870397076,102400000,0.09845207191616191,-3200000.0,86100000.0,0.08278050187481972,29100000.0,54400000.0,0.052302663205461015,0.5568065506653019,0.5506072874493927,97700000,98800000,https://www.sec.gov/Archives/edgar/data/11199/000001119915000012/0000011199-15-000012-index.html,https://www.sec.gov/Archives/edgar/data/11199/000001119915000012/bms-20150331x10q.htm,1620589513,15:45:13,20210509
17,2014-12-31,BMS,USD,2015-02-20,2015-02-20 11:27:22,Q4,1052700000,844200000.0,208500000.0,0.19806212596181247,10700000.0,101000000.0,0.0,1200000.0,110000000.0,954200000.0,12900000.0,41600000.0,140100000,0.13308634938728983,98500000,0.09356891802032868,1200000.0,86800000.0,0.08245464044837085,29600000.0,59100000.0,0.056141350812197205,0.6,0.59,99100000,100300000,https://www.sec.gov/Archives/edgar/data/11199/000001119915000006/0000011199-15-000006-index.htm,https://www.sec.gov/Archives/edgar/data/11199/000001119915000006/bms-20141231x10kq4.htm,1620589513,15:45:13,20210509
18,2014-09-30,BMS,USD,2014-10-31 00:00:00,2014-10-31 10:32:51,Q3,1098200000,877500000.0,220700000.0,0.2009652158076853,11200000.0,104600000.0,0.0,1200000.0,113400000.0,990900000.0,14000000.0,44200000.0,151500000,0.13795301402294663,107300000,0.09770533600437079,1200000.0,94500000.0,0.08604989983609543,33000000.0,17000000.0,0.015479876160990712,0.17017017017017017,0.16848364717542122,99900000,100900000,https://www.sec.gov/Archives/edgar/data/11199/000001119914000029/0000011199-14-000029-index.html,https://www.sec.gov/Archives/edgar/data/11199/000001119914000029/bms-20140930x10q.htm,1620589513,15:45:13,20210509
19,2014-06-30,BMS,USD,2014-08-01 00:00:00,2014-08-01 10:00:30,Q2,1241600000,995900000.0,245700000.0,0.19788981958762886,12600000.0,119800000.0,0.0,1500000.0,129900000.0,1125800000.0,17000000.0,47200000.0,163000000,0.13128221649484537,115800000,0.09326675257731959,1500000.0,100300000.0,0.08078286082474227,34500000.0,65800000.0,0.052996134020618556,0.66,0.65,100400000,101400000,https://www.sec.gov/Archives/edgar/data/11199/000001119914000023/0000011199-14-000023-index.html,https://www.sec.gov/Archives/edgar/data/11199/000001119914000023/bms-20140630x10q.htm,1620589513,15:45:13,20210509
20,2014-03-31,BMS,USD,2014-05-02 00:00:00,2014-05-02 11:08:43,Q1,1237800000,1023200000.0,214600000.0,0.17337211181127807,13100000.0,122700000.0,0.0,12600000.0,135400000.0,1158600000.0,16900000.0,47600000.0,126800000,0.10243981257068993,79200000,0.06398448860882211,12600000.0,74900000.0,0.06051058329293908,25700000.0,49200000.0,0.03974793989335919,0.48472906403940885,0.48046875,101500000,102400000,https://www.sec.gov/Archives/edgar/data/11199/000001119914000013/0000011199-14-000013-index.html,https://www.sec.gov/Archives/edgar/data/11199/000001119914000013/bms-2014331x10q.htm,1620589513,15:45:13,20210509
21,2013-12-31,BMS,USD,2014-02-21,2014-02-21 09:48:26,Q4,1219200000,988000000.0,231200000.0,0.18963254593175852,11200000.0,119500000.0,0.0,1500000.0,128600000.0,1116600000.0,17600000.0,46800000.0,149400000,0.12253937007874016,102600000,0.08415354330708662,1500000.0,86500000.0,0.07094816272965879,30300000.0,56200000.0,0.04609580052493438,0.55,0.54,102800000,103700000,https://www.sec.gov/Archives/edgar/data/11199/000001119914000006/0000011199-14-000006-index.htm,https://www.sec.gov/Archives/edgar/data/11199/000001119914000006/bms-20131231x10kq4.htm,1620589513,15:45:13,20210509
22,2013-09-30,BMS,USD,2013-11-01 00:00:00,2013-11-01 09:49:19,Q3,1258500000,1011200000.0,247300000.0,0.19650377433452523,11800000.0,127100000.0,0.0,3300000.0,151700000.0,1162900000.0,17000000.0,46500000.0,142100000,0.11291219705999206,95600000,0.07596344854986095,3300000.0,81900000.0,0.06507747318235996,27900000.0,54000000.0,0.04290822407628129,0.5242718446601942,0.5192307692307693,103000000,104000000,https://www.sec.gov/Archives/edgar/data/11199/000001119913000035/0000011199-13-000035-index.html,https://www.sec.gov/Archives/edgar/data/11199/000001119913000035/bms-2013930x10q.htm,1620589513,15:45:13,20210509
23,2013-06-30,BMS,USD,2013-08-02 00:00:00,2013-08-02 09:21:54,Q2,1297100000,1045300000.0,251800000.0,0.19412535656464422,11700000.0,132100000.0,0.0,7200000.0,161500000.0,1206800000.0,17000000.0,47800000.0,138100000,0.10646827538354792,90300000,0.06961683756071235,7200000.0,80500000.0,0.062061521856449,27400000.0,53100000.0,0.04093747590779431,0.5155339805825243,0.510576923076923,103000000,104000000,https://www.sec.gov/Archives/edgar/data/11199/000001119913000024/0000011199-13-000024-index.html,https://www.sec.gov/Archives/edgar/data/11199/000001119913000024/bms-2013630x10q.htm,1620589513,15:45:13,20210509
24,2013-03-31,BMS,USD,2013-05-06 00:00:00,2013-05-06 16:35:38,Q1,1255000000,1013200000.0,241800000.0,0.19266932270916334,11300000.0,130600000.0,0.0,-4100000.0,149700000.0,1162900000.0,16600000.0,49200000.0,141300000,0.11258964143426295,92100000,0.07338645418326693,-4100000.0,71400000.0,0.056892430278884465,22100000.0,49300000.0,0.039282868525896415,0.48,0.47,103300000,104400000,https://www.sec.gov/Archives/edgar/data/11199/000001119913000018/0000011199-13-000018-index.html,https://www.sec.gov/Archives/edgar/data/11199/000001119913000018/bms-2013331x10q.htm,1620589513,15:45:13,20210509
25,2012-12-31,BMS,USD,2013-02-28 00:00:00,2013-02-28 11:35:02,Q4,1233900000,997800000.0,236100000.0,0.1913445173839047,10100000.0,125100000.0,0.0,1800000.0,151800000.0,1149600000.0,16100000.0,47100000.0,131400000,0.10649161196207148,84300000,0.06831996109895454,1800000.0,70000000.0,0.05673069130399546,29900000.0,40100000.0,0.0324985817327174,0.3848368522072937,0.3819047619047619,104200000,105000000,https://www.sec.gov/Archives/edgar/data/11199/000001119913000011/0000011199-13-000011-index.html,https://www.sec.gov/Archives/edgar/data/11199/000001119913000011/bms-20121231x10k.htm,1620589513,15:45:13,20210509
26,2012-09-30,BMS,USD,2012-11-09 00:00:00,2012-11-09 10:31:05,Q3,1287800000,1040700000.0,247100000.0,0.19187762074856343,10200000.0,149800000.0,0.0,0.0,157200000.0,1197900000.0,19800000.0,50200000.0,140100000,0.1087901848113061,89900000,0.06980897654915359,1300000.0,74200000.0,0.05761764249107004,26800000.0,47400000.0,0.03680695760211213,0.46,0.45,104200000,104900000,https://www.sec.gov/Archives/edgar/data/11199/000001119912000011/0000011199-12-000011-index.html,https://www.sec.gov/Archives/edgar/data/11199/000001119912000011/bms-2012930x10q.htm,1620589513,15:45:13,20210509
27,2012-06-30,BMS,USD,2012-08-09 00:00:00,2012-08-09 12:59:14,Q2,1312700000,1079400000.0,233300000.0,0.17772529900205683,10400000.0,143700000.0,0.0,0.0,150500000.0,1229900000.0,17300000.0,52022000.0,134822000,0.10270587339072142,82800000,0.06307610268911404,1000000.0,66500000.0,0.05065894720804449,24200000.0,42300000.0,0.03222366115639522,0.41,0.4,104300000,105100000,https://www.sec.gov/Archives/edgar/data/11199/000110465912056396/0001104659-12-056396-index.html,https://www.sec.gov/Archives/edgar/data/11199/000110465912056396/a12-13787_110q.htm,1620589513,15:45:13,20210509
28,2012-03-31,BMS,USD,2012-05-10,2012-05-10 10:38:11,Q1,1304822000,1073847000.0,230975000.0,0.17701648194159816,10903000.0,137594000.0,0.0,0.0,142462000.0,1216309000.0,20456000.0,54978000.0,143491000,0.10996978898271181,88513000,0.06783530627166004,-187000.0,67870000.0,0.05201475756846528,23900000.0,43970000.0,0.03369808295690906,0.4213623121741797,0.4188337048255891,104352000,104982000,https://www.sec.gov/Archives/edgar/data/11199/000110465912035636/0001104659-12-035636-index.htm,https://www.sec.gov/Archives/edgar/data/11199/000110465912035636/a12-8525_110q.htm,1620589513,15:45:13,20210509
29,2011-12-31,BMS,USD,2012-02-29 00:00:00,2012-02-29 10:52:16,Q4,1270147000,1051440000.0,218707000.0,0.17219030553156445,10535000.0,118830000.0,0.0,0.0,143286000.0,1194726000.0,21964000.0,53648000.0,129069000,0.10161737184751056,75421000,0.059379741085087,-19097000.0,34360000.0,0.02705198689600495,11600000.0,22760000.0,0.01791918573204519,0.2181079423489727,0.2181079423489727,104352000,104352000,https://www.sec.gov/Archives/edgar/data/11199/000110465912014367/0001104659-12-014367-index.html,https://www.sec.gov/Archives/edgar/data/11199/000110465912014367/a11-32059_110k.htm,1620589513,15:45:13,20210509
30,2011-09-30,BMS,USD,2011-11-07 00:00:00,2011-11-07 12:13:47,Q3,1357875000,1134223000.0,223652000.0,0.16470735524256652,10643000.0,111629000.0,0.0,0.0,119469000.0,1253692000.0,18399000.0,54579000.0,158762000,0.11691945134861456,104183000,0.07672502991807051,1423000.0,87207000.0,0.06422314277823805,31000000.0,55859000.0,0.04113707079075762,0.532792201598596,0.5303791338694822,104842000,105319000,https://www.sec.gov/Archives/edgar/data/11199/000110465911061502/0001104659-11-061502-index.html,https://www.sec.gov/Archives/edgar/data/11199/000110465911061502/a11-25713_110q.htm,1620589513,15:45:13,20210509
31,2011-06-30,BMS,USD,2011-08-09 00:00:00,2011-08-09 10:29:53,Q2,1370220000,1136244000.0,233976000.0,0.17075798047028945,9986000.0,122723000.0,0.0,0.0,128652000.0,1264896000.0,18110000.0,56504000.0,161828000,0.11810366218563442,105324000,0.07686648859307264,346000.0,87560000.0,0.06390214710046561,32000000.0,54252000.0,0.03959364189692166,0.5082535459331847,0.5063182454503034,106742000,107150000,https://www.sec.gov/Archives/edgar/data/11199/000110465911045189/0001104659-11-045189-index.html,https://www.sec.gov/Archives/edgar/data/11199/000110465911045189/a11-13929_110q.htm,1620589513,15:45:13,20210509
32,2011-03-31,BMS,USD,2011-05-10 00:00:00,2011-05-10 11:51:14,Q1,1324428000,1094575000.0,229853000.0,0.17354888298948679,7587000.0,126175000.0,0.0,0.0,126701000.0,1221276000.0,18336000.0,55593000.0,158745000,0.11985929019924073,103152000,0.07788418849495782,-1720000.0,83096000.0,0.06274104745595835,30300000.0,51210000.0,0.03866574853446167,0.47,0.47,108957447,108957447,https://www.sec.gov/Archives/edgar/data/11199/000110465911027668/0001104659-11-027668-index.html,https://www.sec.gov/Archives/edgar/data/11199/000110465911027668/a11-9295_110q.htm,1620589513,15:45:13,20210509
33,2010-12-31,BMS,USD,2011-03-01,2011-03-01 11:46:36,Q4,1248757000,1017630000.0,231127000.0,0.18508564916953418,9492000.0,121670000.0,0.0,0.0,127911000.0,1145541000.0,18466000.0,53490000.0,156706000,0.12548958684515882,103216000,0.08265499212416827,322000.0,85072000.0,0.0681253438419164,30400000.0,53270000.0,0.042658419532383,0.4889064627220937,0.4889064627220937,108957447,108957447,https://www.sec.gov/Archives/edgar/data/11199/000110465911011309/0001104659-11-011309-index.htm,https://www.sec.gov/Archives/edgar/data/11199/000110465911011309/a11-2092_110k.htm,1620589513,15:45:13,20210509
34,2010-09-30,BMS,USD,2010-11-09 00:00:00,2010-11-09 12:56:23,Q3,1294341000,1052084000.0,242257000.0,0.187166287709344,10496000.0,114040000.0,0.0,0.0,124536000.0,1176620000.0,18345000.0,54393000.0,172114000,0.13297423167465142,117721000,0.0909505300380657,25000.0,99401000.0,0.07679660923975985,35800000.0,61419000.0,0.047451946589036426,0.55,0.55,111670909,111670909,https://www.sec.gov/Archives/edgar/data/11199/000110465910057201/0001104659-10-057201-index.html,https://www.sec.gov/Archives/edgar/data/11199/000110465910057201/a10-17314_110q.htm,1620589513,15:45:13,20210509
35,2010-06-30,BMS,USD,2010-08-09 00:00:00,2010-08-09 10:29:19,Q2,1270215000,1039896000.0,230319000.0,0.18132284691961598,8725000.0,112060000.0,0.0,0.0,117980000.0,1157876000.0,18540000.0,59067000.0,171406000,0.13494250973260433,112339000,0.08844093322783939,-832000.0,93799000.0,0.07384497899961817,33800000.0,60022000.0,0.047253417728494784,0.54,0.54,111151852,111151852,https://www.sec.gov/Archives/edgar/data/11199/000110465910042993/0001104659-10-042993-index.html,https://www.sec.gov/Archives/edgar/data/11199/000110465910042993/a10-12655_110q.htm,1620589513,15:45:13,20210509
36,2010-03-31,BMS,USD,2010-05-10 00:00:00,2010-05-10 17:15:39,Q1,1021729000,835888000.0,185841000.0,0.1818887395777158,5625000.0,106987000.0,0.0,0.0,121048000.0,956936000.0,18137000.0,42717000.0,107510000,0.10522359647225439,64793000,0.06341505428543186,3039000.0,49695000.0,0.04863814181646992,17900000.0,30783000.0,0.030128341272490065,0.28,0.28,109939286,109939286,https://www.sec.gov/Archives/edgar/data/11199/000110465910027335/0001104659-10-027335-index.html,https://www.sec.gov/Archives/edgar/data/11199/000110465910027335/a10-5800_110q.htm,1620589513,15:45:13,20210509
37,2009-12-31,BMS,USD,2010-03-01 00:00:00,2010-03-01 12:51:33,Q4,905884000,728237000.0,177647000.0,0.19610347461705913,5930000.0,97639000.0,0.0,0.0,103569000.0,831806000.0,16773000.0,40898000.0,114976000,0.12692132767550812,74078000,0.0817742669039303,-14076000.0,43229000.0,0.04772023791125574,16200000.0,26150000.0,0.028866830631736513,0.23785855767700728,0.23785855767700728,109939286,109939286,https://www.sec.gov/Archives/edgar/data/11199/000110465910010599/0001104659-10-010599-index.html,https://www.sec.gov/Archives/edgar/data/11199/000110465910010599/a09-35833_110k.htm,1620589513,15:45:13,20210509
38,2009-09-30,BMS,USD,2009-09-30,2009-09-30,Q3,898930000,718814000.0,180116000.0,0.20036710311147699,5837000.0,95814000.0,0.0,0.0,106785000.0,825599000.0,13395000.0,40236000.0,113567000,0.1263357547306242,73331000,0.08157587353854026,-5134000.0,59936000.0,0.06667482451358837,21500000.0,35840000.0,0.03986962277374211,0.33,0.33,108606061,108606061,,,1620589513,15:45:13,20210509
39,2009-06-30,BMS,USD,2009-08-10 00:00:00,2009-08-10 15:44:38,Q2,866379000,688000000.0,178379000.0,0.2058902628064623,6533000.0,88718000.0,0.0,0.0,95251000.0,783251000.0,5861000.0,39775000.0,122903000,0.14185823986961826,83128000,0.09594877068811686,1230000.0,78497000.0,0.09060353494255978,28800000.0,49697000.0,0.057361731990272155,0.47,0.47,103236170,103236170,https://www.sec.gov/Archives/edgar/data/11199/000110465909048606/0001104659-09-048606-index.html,https://www.sec.gov/Archives/edgar/data/11199/000110465909048606/a09-18468_110q.htm,1620589513,15:45:13,20210509
40,2009-03-31,BMS,USD,2009-05-11 00:00:00,2009-05-11 09:44:57,Q1,843393000,679361000.0,164032000.0,0.19449058742484227,6042000.0,0.0,0.0,0.0,94797000.0,774158000.0,6023000.0,38365000.0,107600000,0.12757990640187908,69235000,0.06953816311019892,-4564000.0,58648000.0,0.06953816311019892,21300000.0,36710000.0,0.04352656472131023,0.36,0.36,99867000,99976000,https://www.sec.gov/Archives/edgar/data/11199/000110465909031285/0001104659-09-031285-index.html,https://www.sec.gov/Archives/edgar/data/11199/000110465909031285/a09-11052_110q.htm,1620589513,15:45:13,20210509
41,2008-12-31,BMS,USD,2009-02-27 00:00:00,2009-02-27 11:33:13,Q4,867874000,721273000.0,146601000.0,0.1689196818893065,6023000.0,79976000.0,0.0,0.0,85999000.0,807272000.0,9037000.0,37528000.0,98130000,0.11306940869296696,60602000,0.06982810868858844,1379000.0,51705000.0,0.05957662056934532,18500000.0,33205000.0,0.03826016218944225,0.3324922146454785,0.3324922146454785,99867000,99867000,https://www.sec.gov/Archives/edgar/data/11199/000110465909012842/0001104659-09-012842-index.html,https://www.sec.gov/Archives/edgar/data/11199/000110465909012842/a09-1350_110k.htm,1620589513,15:45:13,20210509
42,2008-09-30,BMS,USD,2008-09-30,2008-09-30,Q3,984258000,818333000.0,165925000.0,0.16857876694931614,6222000.0,0.0,0.0,0.0,92004000.0,910337000.0,10242000.0,40724000.0,114645000,0.11647860621910108,73921000,0.07087877365487505,8028000.0,69763000.0,0.07087877365487505,25500000.0,44263000.0,0.04497093241812614,0.44,0.44,99664000,101015000,,,1620589513,15:45:13,20210509
43,2008-06-30,BMS,USD,2008-08-05 00:00:00,2008-08-05 13:00:19,Q2,979959000,807422000.0,172537000.0,0.17606552927214303,6937000.0,0.0,0.0,0.0,95172000.0,902594000.0,11105000.0,41914000.0,119279000,0.12171835760475694,77365000,0.07542458408974254,9141000.0,73913000.0,0.07542458408974254,27500000.0,46413000.0,0.047362185560824485,0.47,0.46,99643000,100829000,https://www.sec.gov/Archives/edgar/data/11199/000110465908049877/0001104659-08-049877-index.html,https://www.sec.gov/Archives/edgar/data/11199/000110465908049877/a08-18640_110q.htm,1620589513,15:45:13,20210509
44,2008-03-31,BMS,USD,2008-03-31,2008-03-31,Q3,947282000,784313000.0,162969000.0,0.1720385270700805,5828000.0,0.0,0.0,0.0,94572000.0,878885000.0,9029000.0,41838000.0,110235000,0.11636978217679635,68397000,0.07086907594570571,9105000.0,67133000.0,0.07086907594570571,24800000.0,42333000.0,0.04468890995500812,0.42,0.42,100117000,100919000,,,1620589513,15:45:13,20210509
45,2007-12-31,BMS,USD,2008-02-29,2008-02-29 08:38:11,Q4,912672000,751696000.0,160976000.0,0.176378808597174,6782000.0,85541000.0,0.0,0.0,92323000.0,844019000.0,12020000.0,39286000.0,107939000,0.11826702254479156,68653000,0.0752219855545037,8939000.0,64633000.0,0.07081733634865538,21900000.0,42733000.0,0.046821859331720485,0.41917700720976997,0.41917700720976997,101945000,101945000,https://www.sec.gov/Archives/edgar/data/11199/000110465908014023/0001104659-08-014023-index.htm,https://www.sec.gov/Archives/edgar/data/11199/000110465908014023/a08-2555_110k.htm,1620589513,15:45:13,20210509
46,2007-09-30,BMS,USD,2007-11-09 00:00:00,2007-11-09 09:47:29,Q3,905659000,744747000.0,160912000.0,0.17767393687911234,6501000.0,0.0,0.0,0.0,90542000.0,835289000.0,13105000.0,40134000.0,110504000,0.12201501889784123,70370000,0.0714827545466892,8608000.0,64739000.0,0.0714827545466892,23700000.0,41039000.0,0.04531396474832139,0.4,0.4,101945000,102935000,https://www.sec.gov/Archives/edgar/data/11199/000110465907081520/0001104659-07-081520-index.html,https://www.sec.gov/Archives/edgar/data/11199/000110465907081520/a07-25480_110q.htm,1620589513,15:45:13,20210509
47,2007-06-30,BMS,USD,2007-08-08 00:00:00,2007-08-08 15:04:29,Q2,921820000,744907000.0,176913000.0,0.19191707708663297,6475000.0,0.0,0.0,0.0,92968000.0,837875000.0,12653000.0,39449000.0,123394000,0.13385910481438892,83945000,0.08561975222928554,8723000.0,78926000.0,0.08561975222928554,29400000.0,49526000.0,0.053726324011195245,0.47,0.47,104511000,105593000,https://www.sec.gov/Archives/edgar/data/11199/000110465907060168/0001104659-07-060168-index.html,https://www.sec.gov/Archives/edgar/data/11199/000110465907060168/a07-18782_110q.htm,1620589513,15:45:13,20210509
48,2007-03-31,BMS,USD,2007-05-10 00:00:00,2007-05-10 12:22:44,Q1,909130000,731979000.0,177151000.0,0.19485772111799193,6225000.0,0.0,0.0,0.0,91701000.0,823680000.0,12490000.0,39677000.0,125127000,0.13763378174738486,85450000,0.08530793175893436,5185000.0,77556000.0,0.08530793175893436,29300000.0,48256000.0,0.05307931758934366,0.46,0.45,105053000,106535000,https://www.sec.gov/Archives/edgar/data/11199/000110465907038036/0001104659-07-038036-index.html,https://www.sec.gov/Archives/edgar/data/11199/000110465907038036/a07-10728_110q.htm,1620589513,15:45:13,20210509
49,2006-12-31,BMS,USD,2007-03-01,2007-03-01 17:14:59,Q4,900597000,731565000.0,169032000.0,0.18768883307406087,6145000.0,86663000.0,0.0,0.0,92808000.0,824373000.0,11724000.0,34300000.0,110524000,0.12272303816246334,76224000,0.08463719066352653,1598000.0,65005000.0,0.0721798984451425,23400000.0,41605000.0,0.04619713367910397,0.3960381902468278,0.3960381902468278,105053000,105053000,https://www.sec.gov/Archives/edgar/data/11199/000110465907015628/0001104659-07-015628-index.htm,https://www.sec.gov/Archives/edgar/data/11199/000110465907015628/a07-5529_110k.htm,1620589513,15:45:13,20210509
50,2006-09-30,BMS,USD,2006-11-08,2006-11-08 13:09:30,Q3,903332000,729262000.0,174070000.0,0.19269770139882125,6088000.0,0.0,0.0,0.0,87279000.0,816541000.0,11653000.0,40083000.0,126874000,0.1404511298171658,86791000,0.08699016529913697,4428000.0,78581000.0,0.08699016529913697,30600000.0,47981000.0,0.05311557655435654,0.46,0.45,104836000,106688000,https://www.sec.gov/Archives/edgar/data/11199/000110465906072629/0001104659-06-072629-index.htm,https://www.sec.gov/Archives/edgar/data/11199/000110465906072629/a06-21578_110q.htm,1620589513,15:45:13,20210509
51,2006-06-30,BMS,USD,2006-08-09,2006-08-09 16:10:16,Q2,933785000,747521000.0,186264000.0,0.1994720412086294,6650000.0,0.0,0.0,0.0,91502000.0,839023000.0,13077000.0,39128000.0,133890000,0.14338418372537576,94762000,0.08589450462365533,-468000.0,80207000.0,0.08589450462365533,31300000.0,48907000.0,0.05237501137842223,0.47,0.46,104829000,106665000,https://www.sec.gov/Archives/edgar/data/11199/000110465906053124/0001104659-06-053124-index.htm,https://www.sec.gov/Archives/edgar/data/11199/000110465906053124/a06-15228_110q.htm,1620589513,15:45:13,20210509
52,2006-03-31,BMS,USD,2006-05-10,2006-05-10 16:42:02,Q1,901649000,734302000.0,167347000.0,0.18560104874513253,6141000.0,0.0,0.0,0.0,89844000.0,824146000.0,12798000.0,38864000.0,116367000,0.12906019970077048,77503000,0.06876622721258493,-2250000.0,62003000.0,0.06876622721258493,24200000.0,37803000.0,0.04192651464150684,0.36,0.35,104959000,106739000,https://www.sec.gov/Archives/edgar/data/11199/000110465906033365/0001104659-06-033365-index.htm,https://www.sec.gov/Archives/edgar/data/11199/000110465906033365/a06-9298_110q.htm,1620589513,15:45:13,20210509
53,2005-12-31,BMS,USD,2006-03-15,2006-03-15 11:06:55,Q4,892048000,712329000.0,179719000.0,0.20146785823184402,5761000.0,80369000.0,0.0,0.0,86130000.0,798459000.0,10567000.0,33228000.0,126817000,0.14216387458970817,93589000,0.10491475795024482,1019000.0,82201000.0,0.09214862877333956,37300000.0,44901000.0,0.0503347353505641,0.42779561543078726,0.42779561543078726,104959000,104959000,https://www.sec.gov/Archives/edgar/data/11199/000110465906016718/0001104659-06-016718-index.htm,https://www.sec.gov/Archives/edgar/data/11199/000110465906016718/a06-1975_110k.htm,1620589513,15:45:13,20210509
54,2005-09-30,BMS,USD,2005-11-07,2005-11-07 12:49:01,Q3,870145000,697410000.0,172735000.0,0.19851289152957266,5933000.0,0.0,0.0,0.0,88781000.0,786191000.0,9830000.0,38158000.0,122112000,0.14033523148440777,83954000,0.08408713490280356,748000.0,73168000.0,0.08408713490280356,29000000.0,44168000.0,0.050759356199254146,0.42,0.41,106267000,107637000,https://www.sec.gov/Archives/edgar/data/11199/000110465905052987/0001104659-05-052987-index.htm,https://www.sec.gov/Archives/edgar/data/11199/000110465905052987/a05-17998_110q.htm,1620589513,15:45:13,20210509
55,2005-06-30,BMS,USD,2005-08-09,2005-08-09 08:24:18,Q2,879888000,711988000.0,167900000.0,0.19081974069427018,5986000.0,0.0,0.0,0.0,87445000.0,799433000.0,9902000.0,39290000.0,119745000,0.1360911843325514,80455000,0.07743712836179151,-1354000.0,68136000.0,0.07743712836179151,26900000.0,41236000.0,0.04686505555252487,0.38,0.38,107164000,108540000,https://www.sec.gov/Archives/edgar/data/11199/000110465905037506/0001104659-05-037506-index.htm,https://www.sec.gov/Archives/edgar/data/11199/000110465905037506/a05-12626_110q.htm,1620589513,15:45:13,20210509
56,2005-03-31,BMS,USD,2005-05-10,2005-05-10 13:41:05,Q1,831869000,676599000.0,155270000.0,0.1866519848678097,5848000.0,0.0,0.0,0.0,92053000.0,768652000.0,8438000.0,40103000.0,103320000,0.12420224819052038,63217000,0.06362059410796651,-525000.0,52924000.0,0.06362059410796651,20700000.0,32224000.0,0.038736868425196753,0.3,0.3,107020000,108411000,https://www.sec.gov/Archives/edgar/data/11199/000110465905022015/0001104659-05-022015-index.htm,https://www.sec.gov/Archives/edgar/data/11199/000110465905022015/a05-7940_110q.htm,1620589513,15:45:13,20210509
57,2004-12-31,BMS,USD,2005-03-11 00:00:00,2005-03-11 17:04:20,Q4,725571000,575087000.0,150484000.0,0.20740079192801256,5014000.0,73478000.0,0.0,0.0,78492000.0,653579000.0,4917000.0,30901000.0,102893000,0.14180969195295842,71992000,0.09922116512374392,10298000.0,77242000.0,0.10645684571186004,29900000.0,47342000.0,0.06524792198144634,0.4423659129134741,0.4423659129134741,107020000,107020000,https://www.sec.gov/Archives/edgar/data/11199/000110465905010653/0001104659-05-010653-index.html,https://www.sec.gov/Archives/edgar/data/11199/000110465905010653/a05-1892_110k.htm,1620589513,15:45:13,20210509
58,2004-09-30,BMS,USD,2004-11-09 00:00:00,2004-11-09 13:12:28,Q3,711862000,565054000.0,146808000.0,0.20623098297141862,5369000.0,0.0,0.0,0.0,74995000.0,640049000.0,4061000.0,32484000.0,104297000,0.14651294773425186,71813000,0.10047874447575514,3934000.0,71527000.0,0.10047874447575514,27700000.0,43827000.0,0.06156670815410852,0.41,0.41,106934000,108053000,https://www.sec.gov/Archives/edgar/data/11199/000110465904034588/0001104659-04-034588-index.html,https://www.sec.gov/Archives/edgar/data/11199/000110465904034588/a04-12473_110q.htm,1620589513,15:45:13,20210509
59,2004-06-30,BMS,USD,2004-08-06 00:00:00,2004-08-06 13:29:00,Q2,712924000,558474000.0,154450000.0,0.21664300823089136,5695000.0,0.0,0.0,0.0,77601000.0,636075000.0,3925000.0,32966000.0,109815000,0.15403465165992447,76849000,0.10501960938332838,2071000.0,74871000.0,0.10501960938332838,29100000.0,45771000.0,0.06420179430065477,0.43,0.42,106893000,107963000,https://www.sec.gov/Archives/edgar/data/11199/000110465904022932/0001104659-04-022932-index.html,https://www.sec.gov/Archives/edgar/data/11199/000110465904022932/a04-9011_110q.htm,1620589513,15:45:13,20210509
60,2004-03-31,BMS,USD,2004-05-06 00:00:00,2004-05-06 17:04:50,Q1,684037000,540079000.0,143958000.0,0.21045352809862625,5060000.0,0.0,0.0,0.0,75041000.0,615120000.0,2600000.0,34495000.0,103412000,0.15117895669386305,68917000,0.10237311724365787,3785000.0,70027000.0,0.10237311724365787,27000000.0,43027000.0,0.0629015681900248,0.4,0.4,106799000,107531000,https://www.sec.gov/Archives/edgar/data/11199/000110465904013013/0001104659-04-013013-index.html,https://www.sec.gov/Archives/edgar/data/11199/000110465904013013/a04-5457_110q.htm,1620589513,15:45:13,20210509
61,2003-12-31,BMS,USD,2004-03-15,2004-03-15 16:08:45,Q4,664311000,529917000.0,134394000.0,0.2023058477128935,5150000.0,63478000.0,0.0,0.0,68628000.0,598545000.0,2722000.0,30461000.0,96227000,0.14485233572829592,65766000,0.09899881230327362,-783000.0,62066000.0,0.09342913183734727,23900000.0,38166000.0,0.05745200666555273,0.35736289665633575,0.35736289665633575,106799000,106799000,https://www.sec.gov/Archives/edgar/data/11199/000110465904007445/0001104659-04-007445-index.htm,https://www.sec.gov/Archives/edgar/data/11199/000110465904007445/a04-3482_110k.htm,1620589513,15:45:13,20210509
62,2003-09-30,BMS,USD,2003-11-10 00:00:00,2003-11-10 14:47:04,Q3,661983000,530329000.0,131654000.0,0.19887821892707214,5202000.0,0.0,0.0,0.0,68094000.0,598423000.0,3181000.0,32155000.0,95715000,0.14458830513774523,63560000,0.08536775113560319,-3580000.0,56512000.0,0.08536775113560319,21800000.0,34712000.0,0.052436391871090345,0.325,0.32,106226000,107796000,https://www.sec.gov/Archives/edgar/data/11199/000110465903025311/0001104659-03-025311-index.html,https://www.sec.gov/Archives/edgar/data/11199/000110465903025311/a03-5050_110q.htm,1620589513,15:45:13,20210509
63,2003-06-30,BMS,USD,2003-08-14 00:00:00,2003-08-14 07:40:05,Q2,670165000,533932000.0,136233000.0,0.20328277364529632,6046000.0,0.0,0.0,0.0,70535000.0,604467000.0,3235000.0,32376000.0,98074000,0.14634306476763184,65698000,0.09474233957309021,1211000.0,63493000.0,0.09474233957309021,24700000.0,38793000.0,0.057885744555445304,0.365,0.36,106212000,107658000,https://www.sec.gov/Archives/edgar/data/11199/000110465903018361/0001104659-03-018361-index.html,https://www.sec.gov/Archives/edgar/data/11199/000110465903018361/a03-2372_110q.htm,1620589513,15:45:13,20210509
64,2003-03-31,BMS,USD,2003-05-06 00:00:00,2003-05-06 14:34:17,Q1,638559000,507359000.0,131200000.0,0.2054626119121334,5056000.0,0.0,0.0,0.0,70886000.0,578245000.0,3426000.0,33197000.0,93511000,0.14644065779356333,60314000,0.08953597083433168,493000.0,57174000.0,0.08953597083433168,21700000.0,35474000.0,0.05555320651654742,0.335,0.33,106048000,107614000,https://www.sec.gov/Archives/edgar/data/11199/000110465903008242/0001104659-03-008242-index.html,https://www.sec.gov/Archives/edgar/data/11199/000110465903008242/j0213_10q.htm,1620589513,15:45:13,20210509
65,2002-12-31,BMS,USD,2003-03-26 00:00:00,2003-03-26 13:31:28,Q4,630568000,494188000.0,136380000.0,0.21628119409801957,4358000.0,59324000.0,0.0,0.0,63682000.0,557870000.0,3772000.0,30553000.0,103251000,0.16374284771824768,72698000,0.1152897070577638,1147000.0,69881000.0,0.11082230623818526,26600000.0,43281000.0,0.06863811674553735,0.4081265087507544,0.4081265087507544,106048000,106048000,https://www.sec.gov/Archives/edgar/data/11199/000110465903004994/0001104659-03-004994-index.html,https://www.sec.gov/Archives/edgar/data/11199/000110465903004994/j8757_10k.htm,1620589513,15:45:13,20210509
66,2002-09-30,BMS,USD,2002-11-07 00:00:00,2002-11-07 17:12:33,Q3,601019000,468740000.0,132279000.0,0.22009121175869648,4772000.0,54478000.0,0.0,0.0,59250000.0,527990000.0,3827000.0,30063000.0,103092000,0.171528687113053,73029000,0.12150863783008524,955000.0,69848000.0,0.1162159598947787,26500000.0,43348000.0,0.07212417577480912,0.41,0.405,105884000,107498000,https://www.sec.gov/Archives/edgar/data/11199/000110465902005337/0001104659-02-005337-index.html,https://www.sec.gov/Archives/edgar/data/11199/000110465902005337/j5164_10q.htm,1620589513,15:45:13,20210509
67,2002-06-30,BMS,USD,2002-08-06 00:00:00,2002-08-06 12:29:34,Q2,584774000,444734000.0,140040000.0,0.23947713133620852,4724000.0,60438000.0,0.0,0.0,65162000.0,509896000.0,3774000.0,29209000.0,104087000,0.17799525970716892,74878000,0.12804604855893045,146000.0,70993000.0,0.12140245633355792,27000000.0,43993000.0,0.07523077291398045,0.415,0.41,105884000,107546000,https://www.sec.gov/Archives/edgar/data/11199/000110465902003192/0001104659-02-003192-index.html,https://www.sec.gov/Archives/edgar/data/11199/000110465902003192/j4559_10q.htm,1620589513,15:45:13,20210509
68,2002-03-31,BMS,USD,2002-05-02 00:00:00,2002-05-02 09:16:19,Q1,552677000,432453000.0,120224000.0,0.2175303115562978,3592000.0,55085000.0,0.0,0.0,58677000.0,491130000.0,4072000.0,29406000.0,90953000,0.16456809311767995,61547000,0.11136160904108548,-1042000.0,56293000.0,0.10185515228605496,21400000.0,34893000.0,0.06313452522902166,0.33,0.325,107206000,107363077,https://www.sec.gov/Archives/edgar/data/11199/000110465902001626/0001104659-02-001626-index.html,https://www.sec.gov/Archives/edgar/data/11199/000110465902001626/j3408_10q.htm,1620589513,15:45:13,20210509
69,2001-12-31,BMS,USD,2002-03-20,2002-03-20 00:00:00,Q4,558570000,437989000.0,120581000.0,0.21587446515208478,2083000.0,50644000.0,0.0,0.0,52727000.0,490716000.0,4401000.0,29373000.0,97227000,0.17406412804124818,67854000,0.12147806004618937,-7000.0,63288000.0,0.11330361458724958,24200000.0,39088000.0,0.06997869559768695,0.3646064585937354,0.3646064585937354,107206000,107206000,https://www.sec.gov/Archives/edgar/data/11199/000110465902000803/0001104659-02-000803-index.htm,https://www.sec.gov/Archives/edgar/data/11199/000110465902000803/j3012_10k405.htm,1620589513,15:45:13,20210509
70,2001-09-30,BMS,USD,2001-11-09 00:00:00,2001-11-09 00:00:00,Q3,575570000,458000000.0,117570000.0,0.20426707437844224,3042000.0,47476000.0,0.0,0.0,50518000.0,508518000.0,7017000.0,31442000.0,98494000,0.171124276803864,67052000,0.1164966902375037,-1298000.0,58561000.0,0.10174435776708307,22500000.0,36061000.0,0.06265267473982314,0.34,0.34,106406000,106406000,https://www.sec.gov/Archives/edgar/data/11199/000110465901502663/0001104659-01-502663-index.html,https://www.sec.gov/Archives/edgar/data/11199/000110465901502663/j1911_10q.htm,1620589513,15:45:13,20210509
71,2001-06-30,BMS,USD,2001-08-14 00:00:00,2001-08-14 00:00:00,Q2,581569000,459245000.0,122324000.0,0.21033445730429234,2704000.0,52944000.0,0.0,0.0,55648000.0,514893000.0,8244000.0,31385000.0,98061000,0.1686145582037557,66676000,0.11464847679295148,-922000.0,57389000.0,0.09867960637516786,21900000.0,35489000.0,0.06102285369405866,0.3359937135499508,0.3352953403121575,105624000,105844000,https://www.sec.gov/Archives/edgar/data/11199/000110465901501720/0001104659-01-501720-index.html,https://www.sec.gov/Archives/edgar/data/11199/000110465901501720/j1372_10q.htm,1620589513,15:45:13,20210509
72,2001-03-31,BMS,USD,2001-05-09 00:00:00,2001-05-09 00:00:00,Q1,577395000,428261000.0,149134000.0,0.2582876540323349,2484000.0,56094000.0,0.0,0.0,90525000.0,518786000.0,10681000.0,31947000.0,90556000,0.15683544194182492,58609000,0.10150590150590151,358000.0,48187000.0,0.08345586643458984,18500000.0,29687000.0,0.05141540886221737,0.28,0.28,105918000,105918000,https://www.sec.gov/Archives/edgar/data/11199/000110465901500406/0001104659-01-500406-index.html,https://www.sec.gov/Archives/edgar/data/11199/000110465901500406/j0572_10q.htm,1620589513,15:45:13,20210509
73,2000-12-31,BMS,USD,2001-03-09,2001-03-09 00:00:00,Q4,609339000,464364000.0,144975000.0,0.2379217479924968,2682000.0,47487000.0,0.0,0.0,78314000.0,542678000.0,11325000.0,28145000.0,94806000,0.15558826859925262,66661000,0.1093988732052273,-440000.0,54744000.0,0.08984161525850143,21300000.0,33444000.0,0.054885704016975775,0.31575369625559396,0.31575369625559396,105918000,105918000,https://www.sec.gov/Archives/edgar/data/11199/000110465901500012/0001104659-01-500012-index.htm,https://www.sec.gov/Archives/edgar/data/11199/000110465901500012/j0024_10k.htm,1620589513,15:45:13,20210509
74,2000-09-30,BMS,USD,2000-11-13 00:00:00,2000-11-13 00:00:00,Q3,529266000,393006000.0,136260000.0,0.25745088481028444,2374000.0,46020000.0,0.0,0.0,75778000.0,468784000.0,8178000.0,27384000.0,87866000,0.166014820525029,60482000,0.11427524156095423,-198000.0,51965000.0,0.0981831442034818,19800000.0,32165000.0,0.060772843900798464,0.305,0.3,107286000,107286000,https://www.sec.gov/Archives/edgar/data/11199/000091205700049151/0000912057-00-049151-index.html,https://www.sec.gov/Archives/edgar/data/11199/000091205700049151/a2030037z10-q.htm,1620589513,15:45:13,20210509
75,2000-06-30,BMS,USD,2000-06-30,2000-06-30,Q2,525230000,384966000.0,140264000.0,0.2670525293680864,2448000.0,47914000.0,0.0,0.0,76561000.0,461527000.0,6383000.0,26199000.0,89902000,0.17116691735049408,63703000,0.12128591283818517,-113000.0,57050000.0,0.10861908116444224,21700000.0,35350000.0,0.06730384783808999,0.335,0.33,107234000,107234000,,,1620589513,15:45:13,20210509
76,2000-03-31,BMS,USD,2000-03-31,2000-03-31,Q3,500748000,366793000.0,133955000.0,0.2675098053312245,2576000.0,50854000.0,0.0,0.0,79832000.0,446625000.0,5723000.0,26402000.0,80525000,0.16080942909407525,54123000,0.10808430587840591,-611000.0,47743000.0,0.09534336632397933,18100000.0,29643000.0,0.059197440628819285,0.275,0.275,107374000,107374000,,,1620589513,15:45:13,20210509
77,1999-09-30,BMS,USD,1999-09-30,1999-09-30,Q3,492200000,361600000.0,130600000.0,0.26533929297033726,2700000.0,46300000.0,0.0,0.0,73700000.0,435300000.0,5300000.0,24700000.0,81600000,0.16578626574563185,56900000,0.1156034132466477,-800000.0,50000000.0,0.10158472165786266,18800000.0,31200000.0,0.0633888663145063,0.3,0.295,104000000,105762712,,,1620589513,15:45:13,20210509
78,1999-06-30,BMS,USD,1999-06-30,1999-06-30,Q2,481300000,348000000.0,133300000.0,0.2769582381051319,3700000.0,48000000.0,0.0,0.0,76700000.0,424700000.0,5200000.0,25000000.0,81600000,0.1695408269270725,56600000,0.11759817161853314,900000.0,51300000.0,0.10658632869312279,19700000.0,31600000.0,0.06565551630999376,0.3,0.3,105333333,105333333,,,1620589513,15:45:13,20210509
79,1999-03-31,BMS,USD,1999-03-31,1999-03-31,Q3,450600000,329000000.0,121600000.0,0.2698624056813138,2500000.0,50800000.0,0.0,0.0,78900000.0,407900000.0,5100000.0,25600000.0,68300000,0.1515756768752774,42700000,0.09476253883710609,-6200000.0,30400000.0,0.06746560142032845,11900000.0,18500000.0,0.04105636928539725,0.175,0.175,105714286,105714286,,,1620589513,15:45:13,20210509
80,1998-09-30,BMS,USD,1998-09-30,1998-09-30,Q3,465500000,342500000.0,123000000.0,0.26423200859291085,3000000.0,45100000.0,0.0,0.0,70700000.0,413200000.0,5500000.0,22600000.0,74900000,0.16090225563909774,52300000,0.11235230934479055,-500000.0,45600000.0,0.09795918367346938,17800000.0,27800000.0,0.05972073039742213,0.26,0.26,106923077,106923077,,,1620589513,15:45:13,20210509
81,1998-06-30,BMS,USD,1998-06-30,1998-06-30,Q2,470600000,342500000.0,128100000.0,0.2722056948576286,3100000.0,46400000.0,0.0,0.0,72300000.0,414800000.0,5600000.0,22800000.0,78600000,0.167020824479388,55800000,0.11857203569910753,200000.0,49400000.0,0.10497237569060773,19200000.0,30200000.0,0.06417339566510838,0.285,0.28,105964912,107857143,,,1620589513,15:45:13,20210509
82,1998-03-31,BMS,USD,1998-03-31,1998-03-31,Q3,451500000,337700000.0,113800000.0,0.2520487264673311,2900000.0,46600000.0,0.0,0.0,72400000.0,410100000.0,5200000.0,22900000.0,64300000,0.1424141749723145,41400000,0.09169435215946845,800000.0,35800000.0,0.07929125138427465,13900000.0,21900000.0,0.04850498338870432,0.205,0.205,106829268,106829268,,,1620589513,15:45:13,20210509
83,1997-09-30,BMS,USD,1997-09-30,1997-09-30,Q3,465500000,353000000.0,112500000.0,0.24167561761546724,2500000.0,43500000.0,0.0,0.0,65500000.0,418500000.0,4900000.0,19500000.0,66500000,0.14285714285714285,47000000,0.10096670247046187,400000.0,41200000.0,0.08850698174006445,15800000.0,25400000.0,0.05456498388829216,0.235,0.235,108085106,108085106,,,1620589513,15:45:13,20210509
84,1997-06-30,BMS,USD,1997-06-30,1997-06-30,Q2,481300000,358400000.0,122900000.0,0.25535009349677956,3300000.0,47300000.0,0.0,0.0,71300000.0,429700000.0,4900000.0,20700000.0,72300000,0.15021815915229586,51600000,0.10720964055682526,200000.0,45700000.0,0.09495117390400998,17700000.0,28000000.0,0.0581757739455641,0.26,0.26,107692308,107692308,,,1620589513,15:45:13,20210509
85,1997-03-31,BMS,USD,1997-03-31,1997-03-31,Q3,475500000,359600000.0,115900000.0,0.2437434279705573,3400000.0,54400000.0,0.0,0.0,78300000.0,437900000.0,4400000.0,20500000.0,58100000,0.12218717139852786,37600000,0.07907465825446898,200000.0,32200000.0,0.06771819137749738,12300000.0,19900000.0,0.04185068349106204,0.185,0.185,107567568,107567568,,,1620589513,15:45:13,20210509
86,1996-09-30,BMS,USD,1996-09-30,1996-09-30,Q3,423100000,313500000.0,109600000.0,0.2590404159773103,0.0,49500000.0,0.0,0.0,66500000.0,380000000.0,3700000.0,17000000.0,60100000,0.14204679744741197,43100000,0.10186717088158828,200000.0,38500000.0,0.0909950366343654,14500000.0,24000000.0,0.05672417868116285,0.225,0.225,106666667,106666667,,,1620589513,15:45:13,20210509
87,1996-06-30,BMS,USD,1996-06-30,1996-06-30,Q2,411900000,298400000.0,113500000.0,0.2755523185239136,0.0,51200000.0,0.0,0.0,68800000.0,367200000.0,3500000.0,17600000.0,62300000,0.15125030347171645,44700000,0.10852148579752367,300000.0,40400000.0,0.09808205875212431,15200000.0,25200000.0,0.06117989803350328,0.235,0.235,107234043,107234043,,,1620589513,15:45:13,20210509
88,1996-03-31,BMS,USD,1996-03-31,1996-03-31,Q3,385500000,285800000.0,99700000.0,0.2586251621271077,0.0,48800000.0,0.0,0.0,65700000.0,351500000.0,2700000.0,16900000.0,50900000,0.13203631647211414,34000000,0.08819714656290532,4500000.0,34900000.0,0.09053177691309987,13200000.0,21700000.0,0.0562905317769131,0.205,0.205,105853659,105853659,,,1620589513,15:45:13,20210509
89,1995-09-30,BMS,USD,1995-09-30,1995-09-30,Q3,372500000,278300000.0,94200000.0,0.25288590604026845,0.0,45500000.0,0.0,0.0,60000000.0,338300000.0,2700000.0,14500000.0,48700000,0.13073825503355704,34200000,0.09181208053691275,2300000.0,32900000.0,0.08832214765100671,12100000.0,20800000.0,0.05583892617449664,0.2,0.2,104000000,104000000,,,1620589513,15:45:13,20210509
90,1995-06-30,BMS,USD,1995-06-30,1995-06-30,Q2,383200000,284800000.0,98400000.0,0.2567849686847599,0.0,46100000.0,0.0,0.0,61000000.0,345800000.0,2700000.0,14900000.0,52300000,0.136482254697286,37400000,0.0975991649269311,300000.0,33800000.0,0.08820459290187892,12700000.0,21100000.0,0.05506263048016701,0.205,0.205,102926829,102926829,,,1620589513,15:45:13,20210509
91,1995-03-31,BMS,USD,1995-03-31,1995-03-31,Q3,368600000,275800000.0,92800000.0,0.25176342919153555,0.0,48600000.0,0.0,0.0,63500000.0,339300000.0,3000000.0,14900000.0,44200000,0.11991318502441671,29300000,0.07948996201844818,500000.0,25800000.0,0.06999457406402604,9700000.0,16100000.0,0.043678784590341836,0.155,0.155,103870968,103870968,,,1620589513,15:45:13,20210509
92,1994-09-30,BMS,USD,1994-09-30,1994-09-30,Q3,356200000,265400000.0,90800000.0,0.2549129702414374,0.0,45100000.0,0.0,0.0,58800000.0,324200000.0,2100000.0,13700000.0,45700000,0.1282987085906794,32000000,0.08983717012914093,500000.0,29600000.0,0.08309938236945537,11300000.0,18300000.0,0.05137563166760247,0.175,0.175,104571429,104571429,,,1620589513,15:45:13,20210509
93,1994-06-30,BMS,USD,1994-06-30,1994-06-30,Q2,337700000,248700000.0,89000000.0,0.2635475273911756,0.0,42900000.0,0.0,0.0,56500000.0,305200000.0,1900000.0,13600000.0,46100000,0.1365116967722831,32500000,0.09623926562037312,300000.0,30100000.0,0.08913236600533017,11400000.0,18700000.0,0.05537459283387622,0.18,0.18,103888889,103888889,,,1620589513,15:45:13,20210509
94,1994-03-31,BMS,USD,1994-03-31,1994-03-31,Q3,323300000,237600000.0,85700000.0,0.26507887411073305,0.0,48300000.0,0.0,0.0,61600000.0,299200000.0,1600000.0,13300000.0,37400000,0.11568202907516238,24100000,0.0745437673987009,200000.0,22000000.0,0.06804825239715434,8400000.0,13600000.0,0.04206619239096814,0.13,0.13,104615385,104615385,,,1620589513,15:45:13,20210509
95,1993-09-30,BMS,USD,1993-09-30,1993-09-30,Q3,299500000,222600000.0,76900000.0,0.2567612687813022,0.0,40300000.0,0.0,0.0,51400000.0,274000000.0,1700000.0,11200000.0,36700000,0.12253756260434057,25500000,0.08514190317195326,-20500000.0,2900000.0,0.009682804674457429,1900000.0,1000000.0,0.00333889816360601,0.01,0.01,100000000,100000000,,,1620589513,15:45:13,20210509
96,1993-06-30,BMS,USD,1993-06-30,1993-06-30,Q2,303200000,221900000.0,81300000.0,0.26813984168865435,0.0,43000000.0,0.0,0.0,55800000.0,277700000.0,1900000.0,12700000.0,38200000,0.12598944591029024,25500000,0.08410290237467019,1400000.0,24500000.0,0.0808047493403694,9000000.0,15500000.0,0.05112137203166227,0.15,0.15,103333333,103333333,,,1620589513,15:45:13,20210509
97,1993-03-31,BMS,USD,1993-03-31,1993-03-31,Q3,292600000,216000000.0,76600000.0,0.2617908407382092,0.0,45300000.0,0.0,0.0,58100000.0,274100000.0,1900000.0,12800000.0,31300000,0.10697197539302802,18500000,0.06322624743677376,1000000.0,16900000.0,0.05775803144224197,6200000.0,10700000.0,0.036568694463431306,0.105,0.105,101904762,101904762,,,1620589513,15:45:13,20210509
98,1992-09-30,BMS,USD,1992-09-30,1992-09-30,Q3,292600000,213000000.0,79600000.0,0.27204374572795625,0.0,42100000.0,0.0,0.0,54400000.0,267400000.0,1800000.0,12300000.0,37500000,0.1281613123718387,25200000,0.0861244019138756,200000.0,22800000.0,0.07792207792207792,8300000.0,14500000.0,0.04955570745044429,0.14,0.14,103571429,103571429,,,1620589513,15:45:13,20210509
99,1992-06-30,BMS,USD,1992-06-30,1992-06-30,Q2,297500000,214400000.0,83100000.0,0.27932773109243697,0.0,44000000.0,0.0,0.0,56400000.0,270800000.0,1900000.0,12400000.0,39100000,0.13142857142857142,26700000,0.08974789915966387,600000.0,24500000.0,0.08235294117647059,9000000.0,15500000.0,0.052100840336134456,0.15,0.15,103333333,103333333,,,1620589513,15:45:13,20210509
100,1992-03-31,BMS,USD,1992-03-31,1992-03-31,Q3,289600000,211600000.0,78000000.0,0.26933701657458564,0.0,45400000.0,0.0,0.0,58000000.0,269600000.0,2000000.0,12600000.0,32600000,0.11256906077348067,20000000,0.06906077348066299,-300000.0,16900000.0,0.05835635359116022,6200000.0,10700000.0,0.0369475138121547,0.105,0.105,101904762,101904762,,,1620589513,15:45:13,20210509
101,1991-09-30,BMS,USD,1991-09-30,1991-09-30,Q3,284600000,207600000.0,77000000.0,0.27055516514406186,0.0,39600000.0,0.0,0.0,51600000.0,259200000.0,2800000.0,12000000.0,37400000,0.1314125087842586,25400000,0.08924806746310611,200000.0,22100000.0,0.07765284609978917,8400000.0,13700000.0,0.04813773717498243,0.135,0.135,101481481,101481481,,,1620589513,15:45:13,20210509
102,1991-06-30,BMS,USD,1991-06-30,1991-06-30,Q2,286900000,209000000.0,77900000.0,0.271523178807947,0.0,42300000.0,0.0,0.0,54600000.0,263600000.0,2900000.0,12300000.0,35600000,0.1240850470547229,23300000,0.08121296619031021,1500000.0,21300000.0,0.07424189613105611,8100000.0,13200000.0,0.04600906239107703,0.13,0.13,101538462,101538462,,,1620589513,15:45:13,20210509
103,1991-03-31,BMS,USD,1991-03-31,1991-03-31,Q3,279300000,207600000.0,71700000.0,0.25671321160042965,0.0,45000000.0,0.0,0.0,57500000.0,265100000.0,3900000.0,12500000.0,26700000,0.09559613319011816,14200000,0.05084138918725385,3500000.0,13200000.0,0.047261009667024706,5000000.0,8200000.0,0.029359112065878983,0.08,0.08,102500000,102500000,,,1620589513,15:45:13,20210509
104,1990-09-30,BMS,USD,1990-09-30,1990-09-30,Q3,271700000,196400000.0,75300000.0,0.2771439087228561,0.0,42100000.0,0.0,0.0,52900000.0,249300000.0,2900000.0,10800000.0,33200000,0.1221935958778064,22400000,0.08244387191755613,900000.0,19800000.0,0.0728744939271255,7400000.0,12400000.0,0.045638571954361426,0.12,0.12,103333333,103333333,,,1620589513,15:45:13,20210509
105,1990-06-30,BMS,USD,1990-06-30,1990-06-30,Q2,281400000,203600000.0,77800000.0,0.27647476901208246,0.0,42400000.0,0.0,0.0,53600000.0,257200000.0,2300000.0,11200000.0,35400000,0.1257995735607676,24200000,0.08599857853589196,900000.0,22100000.0,0.07853589196872779,8300000.0,13800000.0,0.04904051172707889,0.135,0.135,102222222,102222222,,,1620589513,15:45:13,20210509
106,1990-03-31,BMS,USD,1990-03-31,1990-03-31,Q3,271800000,200700000.0,71100000.0,0.26158940397350994,0.0,41800000.0,0.0,0.0,52900000.0,253600000.0,2400000.0,11100000.0,29300000,0.10779985283296542,18200000,0.06696100073583518,200000.0,15200000.0,0.05592347314201619,5800000.0,9400000.0,0.034584253127299486,0.09,0.09,104444444,104444444,,,1620589513,15:45:13,20210509
107,1989-09-30,BMS,USD,1989-09-30,1989-09-30,Q3,262200000,192500000.0,69700000.0,0.2658276125095347,0.0,37400000.0,0.0,0.0,47000000.0,239500000.0,2800000.0,9500000.0,32200000,0.12280701754385964,22700000,0.08657513348588863,100000.0,19500000.0,0.07437070938215103,7400000.0,12100000.0,0.046147978642257816,0.115,0.115,105217391,105217391,,,1620589513,15:45:13,20210509
108,1989-06-30,BMS,USD,1989-06-30,1989-06-30,Q2,280500000,207100000.0,73400000.0,0.26167557932263813,0.0,38900000.0,0.0,0.0,48600000.0,255700000.0,3800000.0,0.0,34200000,0.12192513368983957,24800000,0.08841354723707665,300000.0,20400000.0,0.07272727272727272,7900000.0,12500000.0,0.044563279857397504,0.12,0.12,104166667,104166667,,,1620589513,15:45:13,20210509
109,1989-03-31,BMS,USD,1989-03-31,1989-03-31,Q3,265100000,0.0,0.0,0.0,0.0,0.0,0.0,0.0,0.0,0.0,0.0,0.0,265100000,1.0,265100000,1.0,0.0,0.0,0.0,0.0,0.0,0.0,0.075,0.075,106800000,106800000,,,1620589513,15:45:13,20210509
110,1988-09-30,BMS,USD,1988-09-30,1988-09-30,Q3,276800000,0.0,0.0,0.0,0.0,0.0,0.0,0.0,0.0,0.0,0.0,0.0,276800000,1.0,276800000,1.0,0.0,0.0,0.0,0.0,0.0,0.0,0.1,0.1,107104000,107104000,,,1620589513,15:45:13,20210509
111,1988-06-30,BMS,USD,1988-06-30,1988-06-30,Q2,275800000,0.0,0.0,0.0,0.0,0.0,0.0,0.0,0.0,0.0,0.0,0.0,275800000,1.0,275800000,1.0,0.0,0.0,0.0,0.0,0.0,0.0,0.095,0.095,107088000,107088000,,,1620589513,15:45:13,20210509
112,1988-03-31,BMS,USD,1988-03-31,1988-03-31,Q3,245900000,0.0,0.0,0.0,0.0,0.0,0.0,0.0,0.0,0.0,0.0,0.0,245900000,1.0,245900000,1.0,0.0,0.0,0.0,0.0,0.0,0.0,0.065,0.065,107160000,107160000,,,1620589513,15:45:13,20210509
113,1987-09-30,BMS,USD,1987-09-30,1987-09-30,Q3,226000000,0.0,0.0,0.0,0.0,0.0,0.0,0.0,0.0,0.0,0.0,0.0,226000000,1.0,226000000,1.0,0.0,0.0,0.0,0.0,0.0,0.0,0.08,0.08,109072000,109072000,,,1620589513,15:45:13,20210509
114,1987-06-30,BMS,USD,1987-06-30,1987-06-30,Q2,236400000,0.0,0.0,0.0,0.0,0.0,0.0,0.0,0.0,0.0,0.0,0.0,236400000,1.0,236400000,1.0,0.0,0.0,0.0,0.0,0.0,0.0,0.075,0.075,108952000,108952000,,,1620589513,15:45:13,20210509
115,1987-03-31,BMS,USD,1987-03-31,1987-03-31,Q3,226000000,0.0,0.0,0.0,0.0,0.0,0.0,0.0,0.0,0.0,0.0,0.0,226000000,1.0,226000000,1.0,0.0,0.0,0.0,0.0,0.0,0.0,0.05,0.05,101656000,101656000,,,1620589513,15:45:13,20210509
116,1986-09-30,BMS,USD,1986-09-30,1986-09-30,Q3,215900000,0.0,0.0,0.0,0.0,0.0,0.0,0.0,0.0,0.0,0.0,0.0,215900000,1.0,215900000,1.0,0.0,0.0,0.0,0.0,0.0,0.0,0.065,0.065,103384000,103384000,,,1620589513,15:45:13,20210509
117,1986-06-30,BMS,USD,1986-06-30,1986-06-30,Q2,215800000,0.0,0.0,0.0,0.0,0.0,0.0,0.0,0.0,0.0,0.0,0.0,215800000,1.0,215800000,1.0,0.0,0.0,0.0,0.0,0.0,0.0,0.055,0.055,103520000,103520000,,,1620589513,15:45:13,20210509
118,1986-03-31,BMS,USD,1986-03-31,1986-03-31,Q3,204200000,0.0,0.0,0.0,0.0,0.0,0.0,0.0,0.0,0.0,0.0,0.0,204200000,1.0,204200000,1.0,0.0,0.0,0.0,0.0,0.0,0.0,0.04,0.04,103232000,103232000,,,1620589513,15:45:13,20210509
119,1985-09-30,BMS,USD,1985-09-30,1985-09-30,Q3,196100000,0.0,0.0,0.0,0.0,0.0,0.0,0.0,0.0,0.0,0.0,0.0,196100000,1.0,196100000,1.0,0.0,0.0,0.0,0.0,0.0,0.0,0.05,0.05,103072000,103072000,,,1620589513,15:45:13,20210509
