,date,symbol,reportedCurrency,fillingDate,acceptedDate,period,revenue,costOfRevenue,grossProfit,grossProfitRatio,researchAndDevelopmentExpenses,generalAndAdministrativeExpenses,sellingAndMarketingExpenses,otherExpenses,operatingExpenses,costAndExpenses,interestExpense,depreciationAndAmortization,ebitda,ebitdaratio,operatingIncome,operatingIncomeRatio,totalOtherIncomeExpensesNet,incomeBeforeTax,incomeBeforeTaxRatio,incomeTaxExpense,netIncome,netIncomeRatio,eps,epsdiluted,weightedAverageShsOut,weightedAverageShsOutDil,link,finalLink,timestamp,est_time,est_date
0,2020-09-30,TAO.AX,AUD,2020-09-30,2020-09-30,Q3,0.0,0.0,0.0,0.0,0.0,192138.75,0.0,9342.0,0.0,0.0,0.0,8202.0,-192138.75,0.0,-200340.75,0.0,9342.0,-186529.75,0.0,0.0,-186529.75,0.0,-0.006035863164698583,-0.006035863164698583,30903575.0,30903575.0,,,1620598587,18:16:27,20210509
1,2020-06-30,TAO.AX,AUD,2020-06-30,2020-06-30,Q2,0.0,0.0,0.0,0.0,0.0,192138.75,0.0,9342.0,0.0,0.0,0.0,8202.0,-192138.75,0.0,-200340.75,0.0,9342.0,-186529.75,0.0,0.0,-186529.75,0.0,-0.006035863164698583,-0.006035863164698583,30903575.0,30903575.0,,,1620598587,18:16:27,20210509
2,2020-03-31,TAO.AX,AUD,2020-03-31,2020-03-31,Q1,0.0,0.0,0.0,0.0,0.0,192138.75,0.0,9342.0,0.0,0.0,0.0,8202.0,-192138.75,0.0,-200340.75,0.0,9342.0,-186529.75,0.0,0.0,-186529.75,0.0,-0.006035863164698583,-0.006035863164698583,30903575.0,30903575.0,,,1620598587,18:16:27,20210509
3,2020-01-31,TAO.AX,AUD,2020-01-31,2020-01-31,Q1,0.0,0.0,0.0,0.0,0.0,192138.75,0.0,9342.0,0.0,0.0,0.0,8202.0,-192138.75,0.0,-200340.75,0.0,9342.0,-186529.75,0.0,0.0,-186529.75,0.0,-0.006035863164698583,-0.006035863164698583,30903575.0,30903575.0,,,1620598587,18:16:27,20210509
4,2019-06-30,TAO.AX,AUD,2019-06-30,2019-06-30,Q2,0.0,0.0,0.0,0.0,0.0,203428.25,0.0,0.0,-0.25,0.0,0.0,0.0,-203428.0,0.0,-203428.0,0.0,0.0,-192408.5,0.0,0.0,-192408.5,0.0,-0.006225,-0.006225,30903575.0,30903575.0,,,1620598587,18:16:27,20210509
5,2019-03-31,TAO.AX,AUD,2019-03-31,2019-03-31,Q1,0.0,0.0,0.0,0.0,0.0,203428.25,0.0,0.0,-0.25,0.0,0.0,0.0,-203428.0,0.0,-203428.0,0.0,0.0,-192408.5,0.0,0.0,-192408.5,0.0,-0.006225,-0.006225,30903575.0,30903575.0,,,1620598587,18:16:27,20210509
6,2019-01-31,TAO.AX,AUD,2019-01-31,2019-01-31,Q1,0.0,0.0,0.0,0.0,0.0,203428.25,0.0,0.0,-0.25,0.0,0.0,0.0,-203428.0,0.0,-203428.0,0.0,0.0,-192408.5,0.0,0.0,-192408.5,0.0,-0.006225,-0.006225,30903575.0,30903575.0,,,1620598587,18:16:27,20210509
7,2018-06-30,TAO.AX,AUD,2018-06-30,2018-06-30,Q2,0.0,0.0,0.0,0.0,0.0,328847.0,0.0,0.0,0.0,0.0,0.0,0.0,-328847.0,0.0,-328847.0,0.0,0.0,-328097.25,0.0,0.0,-328097.25,0.0,-0.037375,-0.037375,8778082.0,8778082.0,,,1620598587,18:16:27,20210509
8,2018-03-31,TAO.AX,AUD,2018-03-31,2018-03-31,Q1,0.0,0.0,0.0,0.0,0.0,328847.0,0.0,0.0,0.0,0.0,0.0,0.0,-328847.0,0.0,-328847.0,0.0,0.0,-328097.25,0.0,0.0,-328097.25,0.0,-0.037375,-0.037375,8778082.0,8778082.0,,,1620598587,18:16:27,20210509
9,2018-01-31,TAO.AX,AUD,2018-01-31,2018-01-31,Q1,0.0,0.0,0.0,0.0,0.0,328847.0,0.0,0.0,0.0,0.0,0.0,0.0,-328847.0,0.0,-328847.0,0.0,0.0,-328097.25,0.0,0.0,-328097.25,0.0,-0.037375,-0.037375,8778082.0,8778082.0,,,1620598587,18:16:27,20210509
