,date,symbol,reportedCurrency,fillingDate,acceptedDate,period,revenue,costOfRevenue,grossProfit,grossProfitRatio,researchAndDevelopmentExpenses,generalAndAdministrativeExpenses,sellingAndMarketingExpenses,otherExpenses,operatingExpenses,costAndExpenses,interestExpense,depreciationAndAmortization,ebitda,ebitdaratio,operatingIncome,operatingIncomeRatio,totalOtherIncomeExpensesNet,incomeBeforeTax,incomeBeforeTaxRatio,incomeTaxExpense,netIncome,netIncomeRatio,eps,epsdiluted,weightedAverageShsOut,weightedAverageShsOutDil,link,finalLink,timestamp,est_time,est_date
0,2019-06-30,1105.HK,HKD,2019-06-30,2019-06-30,Q2,315444750,198664000,116780750,0.3702098386484479,0.0,68795000,53392250.0,-34750.0,0.0,320851250,604500.0,29385250.0,23978750.0,0.07601568895979406,-5406500.0,-0.017139293014069818,0.0,-4191750.0,-0.013288380928831436,1477250.0,-5669000.0,-0.017971451418988586,-0.006525,-0.006525,867353412,867353412,https://www1.hkexnews.hk/search/titlesearch.xhtml,https://www1.hkexnews.hk/search/titlesearch.xhtml,1620585077,14:31:17,20210509
1,2019-03-31,1105.HK,HKD,2019-03-31,2019-03-31,Q1,315444750,198664000,116780750,0.3702098386484479,0.0,68795000,53392250.0,-34750.0,0.0,320851250,604500.0,29385250.0,23978750.0,0.07601568895979406,-5406500.0,-0.017139293014069818,0.0,-4191750.0,-0.013288380928831436,1477250.0,-5669000.0,-0.017971451418988586,-0.006525,-0.006525,867353412,867353412,https://www1.hkexnews.hk/search/titlesearch.xhtml,https://www1.hkexnews.hk/search/titlesearch.xhtml,1620585077,14:31:17,20210509
2,2019-01-31,1105.HK,HKD,2019-01-31,2019-01-31,Q1,315444750,198664000,116780750,0.3702098386484479,0.0,68795000,53392250.0,-34750.0,0.0,320851250,604500.0,29385250.0,23978750.0,0.07601568895979406,-5406500.0,-0.017139293014069818,0.0,-4191750.0,-0.013288380928831436,1477250.0,-5669000.0,-0.017971451418988586,-0.006525,-0.006525,867353412,867353412,https://www1.hkexnews.hk/search/titlesearch.xhtml,https://www1.hkexnews.hk/search/titlesearch.xhtml,1620585077,14:31:17,20210509
3,2018-06-30,1105.HK,HKD,2018-06-30,2018-06-30,Q2,357926000,223850250,134075750,0.37459069751848145,0.0,70159000,58794000.0,498250.0,0.0,352803250,250.0,21672500.0,26795250.0,0.07486254141917603,5122750.0,0.014312315953576996,0.0,11258750.0,0.03145552432625738,5198000.0,6060750.0,0.016932969384733158,0.007,0.007,865821429,865821429,https://www1.hkexnews.hk/search/titlesearch.xhtml,https://www1.hkexnews.hk/search/titlesearch.xhtml,1620585077,14:31:17,20210509
4,2018-03-31,1105.HK,HKD,2018-03-31,2018-03-31,Q1,357926000,223850250,134075750,0.37459069751848145,0.0,70159000,58794000.0,498250.0,0.0,352803250,250.0,21672500.0,26795250.0,0.07486254141917603,5122750.0,0.014312315953576996,0.0,11258750.0,0.03145552432625738,5198000.0,6060750.0,0.016932969384733158,0.007,0.007,865821429,865821429,https://www1.hkexnews.hk/search/titlesearch.xhtml,https://www1.hkexnews.hk/search/titlesearch.xhtml,1620585077,14:31:17,20210509
5,2018-01-31,1105.HK,HKD,2018-01-31,2018-01-31,Q1,357926000,223850250,134075750,0.37459069751848145,0.0,70159000,58794000.0,498250.0,0.0,352803250,250.0,21672500.0,26795250.0,0.07486254141917603,5122750.0,0.014312315953576996,0.0,11258750.0,0.03145552432625738,5198000.0,6060750.0,0.016932969384733158,0.007,0.007,865821429,865821429,https://www1.hkexnews.hk/search/titlesearch.xhtml,https://www1.hkexnews.hk/search/titlesearch.xhtml,1620585077,14:31:17,20210509
6,2017-06-30,1105.HK,HKD,2017-06-30,2017-06-30,Q2,377966000,232250000,145716000,0.3855267405004683,0.0,77831000,60060000.0,-1271750.0,0.0,370141000,2750.0,19344500.0,27169500.0,0.07188344983411206,7825000.0,0.020702920368498755,0.0,16218750.0,0.04291060571585804,5881500.0,10337250.0,0.027349682246551276,0.011925,0.011925,866106337,866106337,https://www1.hkexnews.hk/search/titlesearch.xhtml,https://www1.hkexnews.hk/search/titlesearch.xhtml,1620585077,14:31:17,20210509
7,2017-03-31,1105.HK,HKD,2017-03-31,2017-03-31,Q1,377966000,232250000,145716000,0.3855267405004683,0.0,77831000,60060000.0,-1271750.0,0.0,370141000,2750.0,19344500.0,27169500.0,0.07188344983411206,7825000.0,0.020702920368498755,0.0,16218750.0,0.04291060571585804,5881500.0,10337250.0,0.027349682246551276,0.011925,0.011925,866106337,866106337,https://www1.hkexnews.hk/search/titlesearch.xhtml,https://www1.hkexnews.hk/search/titlesearch.xhtml,1620585077,14:31:17,20210509
8,2017-01-31,1105.HK,HKD,2017-01-31,2017-01-31,Q1,377966000,232250000,145716000,0.3855267405004683,0.0,77831000,60060000.0,-1271750.0,0.0,370141000,2750.0,19344500.0,27169500.0,0.07188344983411206,7825000.0,0.020702920368498755,0.0,16218750.0,0.04291060571585804,5881500.0,10337250.0,0.027349682246551276,0.011925,0.011925,866106337,866106337,https://www1.hkexnews.hk/search/titlesearch.xhtml,https://www1.hkexnews.hk/search/titlesearch.xhtml,1620585077,14:31:17,20210509
9,2016-06-30,1105.HK,HKD,2016-06-30,2016-06-30,Q2,402241500,252658500,149583000,0.37187361323980744,0.0,76894000,63294500.0,-1260000.0,0.0,392847000,7250.0,18812250.0,28206750.0,0.07012391809398086,9394500.0,0.023355372332292915,0.0,11096000.0,0.027585418212690636,2640500.0,8455500.0,0.021020953829975274,0.009762750443038707,0.009762729995480406,866098140,866099954,https://www1.hkexnews.hk/search/titlesearch.xhtml,https://www1.hkexnews.hk/search/titlesearch.xhtml,1620585077,14:31:17,20210509
10,2016-03-31,1105.HK,HKD,2016-03-31,2016-03-31,Q1,402241500,252658500,149583000,0.37187361323980744,0.0,76894000,63294500.0,-1260000.0,0.0,392847000,7250.0,18812250.0,28206750.0,0.07012391809398086,9394500.0,0.023355372332292915,0.0,11096000.0,0.027585418212690636,2640500.0,8455500.0,0.021020953829975274,0.009762750443038707,0.009762729995480406,866098140,866099954,https://www1.hkexnews.hk/search/titlesearch.xhtml,https://www1.hkexnews.hk/search/titlesearch.xhtml,1620585077,14:31:17,20210509
11,2016-01-31,1105.HK,HKD,2016-01-31,2016-01-31,Q1,402241500,252658500,149583000,0.37187361323980744,0.0,76894000,63294500.0,-1260000.0,0.0,392847000,7250.0,18812250.0,28206750.0,0.07012391809398086,9394500.0,0.023355372332292915,0.0,11096000.0,0.027585418212690636,2640500.0,8455500.0,0.021020953829975274,0.009762750443038707,0.009762729995480406,866098140,866099954,https://www1.hkexnews.hk/search/titlesearch.xhtml,https://www1.hkexnews.hk/search/titlesearch.xhtml,1620585077,14:31:17,20210509
12,2015-09-30,1105.HK,HKD,2015-09-30,2015-09-30,Q3,466050000,292416500,173633500,0.37256410256410255,0.0,84029250,71197250.0,-3495000.0,0.0,447643000,51750.0,20551500.0,38958500.0,0.08359296212852699,18407000.0,0.03949576225726854,0.0,14068500.0,0.030186675249436756,-1501500.0,15570000.0,0.03340843257161249,0.0182,0.018125,855403330,858834150,https://www1.hkexnews.hk/search/titlesearch.xhtml,https://www1.hkexnews.hk/search/titlesearch.xhtml,1620585077,14:31:17,20210509
13,2015-06-30,1105.HK,HKD,2015-06-30,2015-06-30,Q2,466050000,292416500,173633500,0.37256410256410255,0.0,84029250,71197250.0,-3495000.0,0.0,447643000,51750.0,20551500.0,38958500.0,0.08359296212852699,18407000.0,0.03949576225726854,0.0,14068500.0,0.030186675249436756,-1501500.0,15570000.0,0.03340843257161249,0.0182,0.018125,855403330,858834150,https://www1.hkexnews.hk/search/titlesearch.xhtml,https://www1.hkexnews.hk/search/titlesearch.xhtml,1620585077,14:31:17,20210509
14,2015-03-31,1105.HK,HKD,2015-03-31,2015-03-31,Q1,466050000,292416500,173633500,0.37256410256410255,0.0,84029250,71197250.0,-3495000.0,0.0,447643000,51750.0,20551500.0,38958500.0,0.08359296212852699,18407000.0,0.03949576225726854,0.0,14068500.0,0.030186675249436756,-1501500.0,15570000.0,0.03340843257161249,0.0182,0.018125,855403330,858834150,https://www1.hkexnews.hk/search/titlesearch.xhtml,https://www1.hkexnews.hk/search/titlesearch.xhtml,1620585077,14:31:17,20210509
15,2015-01-31,1105.HK,HKD,2015-01-31,2015-01-31,Q1,466050000,292416500,173633500,0.37256410256410255,0.0,84029250,71197250.0,-3495000.0,0.0,447643000,51750.0,20551500.0,38958500.0,0.08359296212852699,18407000.0,0.03949576225726854,0.0,14068500.0,0.030186675249436756,-1501500.0,15570000.0,0.03340843257161249,0.0182,0.018125,855403330,858834150,https://www1.hkexnews.hk/search/titlesearch.xhtml,https://www1.hkexnews.hk/search/titlesearch.xhtml,1620585077,14:31:17,20210509
16,2014-09-30,1105.HK,HKD,2014-09-30,2014-09-30,Q3,496669750,316588750,180081000,0.36257694373373855,0.0,79974750,73140500.0,1759000.0,0.0,469704000,55250.0,19769750.0,46735500.0,0.09409773798384137,26965750.0,0.05429311932123911,0.0,34718500.0,0.06990258617522005,6176750.0,28541750.0,0.05746625398466486,0.03405,0.033725,838146591,846318693,https://www1.hkexnews.hk/search/titlesearch.xhtml,https://www1.hkexnews.hk/search/titlesearch.xhtml,1620585077,14:31:17,20210509
17,2014-06-30,1105.HK,HKD,2014-06-30,2014-06-30,Q2,496669750,316588750,180081000,0.36257694373373855,0.0,79974750,73140500.0,1759000.0,0.0,469704000,55250.0,19769750.0,46735500.0,0.09409773798384137,26965750.0,0.05429311932123911,0.0,34718500.0,0.06990258617522005,6176750.0,28541750.0,0.05746625398466486,0.03405,0.033725,838146591,846318693,https://www1.hkexnews.hk/search/titlesearch.xhtml,https://www1.hkexnews.hk/search/titlesearch.xhtml,1620585077,14:31:17,20210509
18,2014-03-31,1105.HK,HKD,2014-03-31,2014-03-31,Q1,496669750,316588750,180081000,0.36257694373373855,0.0,79974750,73140500.0,1759000.0,0.0,469704000,55250.0,19769750.0,46735500.0,0.09409773798384137,26965750.0,0.05429311932123911,0.0,34718500.0,0.06990258617522005,6176750.0,28541750.0,0.05746625398466486,0.03405,0.033725,838146591,846318693,https://www1.hkexnews.hk/search/titlesearch.xhtml,https://www1.hkexnews.hk/search/titlesearch.xhtml,1620585077,14:31:17,20210509
19,2014-01-31,1105.HK,HKD,2014-01-31,2014-01-31,Q1,496669750,316588750,180081000,0.36257694373373855,0.0,79974750,73140500.0,1759000.0,0.0,469704000,55250.0,19769750.0,46735500.0,0.09409773798384137,26965750.0,0.05429311932123911,0.0,34718500.0,0.06990258617522005,6176750.0,28541750.0,0.05746625398466486,0.03405,0.033725,838146591,846318693,https://www1.hkexnews.hk/search/titlesearch.xhtml,https://www1.hkexnews.hk/search/titlesearch.xhtml,1620585077,14:31:17,20210509
20,2013-09-30,1105.HK,HKD,2013-09-30,2013-09-30,Q3,508915250,331460500,177454750,0.3486921447136827,0.0,81167250,74141250.0,1571750.0,0.0,486769000,77250.0,19758250.0,41904500.0,0.08234082197379623,22146250.0,0.04351657766199775,0.0,31086500.0,0.06108384451045631,4720000.0,26415500.0,0.05190549900007909,0.031525,0.031225,837681914,846299254,https://www1.hkexnews.hk/search/titlesearch.xhtml,https://www1.hkexnews.hk/search/titlesearch.xhtml,1620585077,14:31:17,20210509
21,2013-06-30,1105.HK,HKD,2013-06-30,2013-06-30,Q2,508915250,331460500,177454750,0.3486921447136827,0.0,81167250,74141250.0,1571750.0,0.0,486769000,77250.0,19758250.0,41904500.0,0.08234082197379623,22146250.0,0.04351657766199775,0.0,31086500.0,0.06108384451045631,4720000.0,26415500.0,0.05190549900007909,0.031525,0.031225,837681914,846299254,https://www1.hkexnews.hk/search/titlesearch.xhtml,https://www1.hkexnews.hk/search/titlesearch.xhtml,1620585077,14:31:17,20210509
22,2013-03-31,1105.HK,HKD,2013-03-31,2013-03-31,Q1,508915250,331460500,177454750,0.3486921447136827,0.0,81167250,74141250.0,1571750.0,0.0,486769000,77250.0,19758250.0,41904500.0,0.08234082197379623,22146250.0,0.04351657766199775,0.0,31086500.0,0.06108384451045631,4720000.0,26415500.0,0.05190549900007909,0.031525,0.031225,837681914,846299254,https://www1.hkexnews.hk/search/titlesearch.xhtml,https://www1.hkexnews.hk/search/titlesearch.xhtml,1620585077,14:31:17,20210509
23,2013-01-31,1105.HK,HKD,2013-01-31,2013-01-31,Q1,508915250,331460500,177454750,0.3486921447136827,0.0,81167250,74141250.0,1571750.0,0.0,486769000,77250.0,19758250.0,41904500.0,0.08234082197379623,22146250.0,0.04351657766199775,0.0,31086500.0,0.06108384451045631,4720000.0,26415500.0,0.05190549900007909,0.031525,0.031225,837681914,846299254,https://www1.hkexnews.hk/search/titlesearch.xhtml,https://www1.hkexnews.hk/search/titlesearch.xhtml,1620585077,14:31:17,20210509
24,2012-09-30,1105.HK,HKD,2012-09-30,2012-09-30,Q3,552727000,376542500,176184500,0.31875500925411643,0.0,80466500,74472000.0,-492000.0,0.0,531481000,149500.0,20812500.0,42058500.0,0.07609271846680188,21246000.0,0.03843850580847326,0.0,33945500.0,0.06141458622430241,3916750.0,30057250.0,0.05437991992430259,0.035775,0.035425,840169588,848517012,https://www1.hkexnews.hk/search/titlesearch.xhtml,https://www1.hkexnews.hk/search/titlesearch.xhtml,1620585077,14:31:17,20210509
25,2012-06-30,1105.HK,HKD,2012-06-30,2012-06-30,Q2,552727000,376542500,176184500,0.31875500925411643,0.0,80466500,74472000.0,-492000.0,0.0,531481000,149500.0,20812500.0,42058500.0,0.07609271846680188,21246000.0,0.03843850580847326,0.0,33945500.0,0.06141458622430241,3916750.0,30057250.0,0.05437991992430259,0.035775,0.035425,840169588,848517012,https://www1.hkexnews.hk/search/titlesearch.xhtml,https://www1.hkexnews.hk/search/titlesearch.xhtml,1620585077,14:31:17,20210509
26,2012-03-31,1105.HK,HKD,2012-03-31,2012-03-31,Q1,552727000,376542500,176184500,0.31875500925411643,0.0,80466500,74472000.0,-492000.0,0.0,531481000,149500.0,20812500.0,42058500.0,0.07609271846680188,21246000.0,0.03843850580847326,0.0,33945500.0,0.06141458622430241,3916750.0,30057250.0,0.05437991992430259,0.035775,0.035425,840169588,848517012,https://www1.hkexnews.hk/search/titlesearch.xhtml,https://www1.hkexnews.hk/search/titlesearch.xhtml,1620585077,14:31:17,20210509
27,2012-01-31,1105.HK,HKD,2012-01-31,2012-01-31,Q1,552727000,376542500,176184500,0.31875500925411643,0.0,80466500,74472000.0,-492000.0,0.0,531481000,149500.0,20812500.0,42058500.0,0.07609271846680188,21246000.0,0.03843850580847326,0.0,33945500.0,0.06141458622430241,3916750.0,30057250.0,0.05437991992430259,0.035775,0.035425,840169588,848517012,https://www1.hkexnews.hk/search/titlesearch.xhtml,https://www1.hkexnews.hk/search/titlesearch.xhtml,1620585077,14:31:17,20210509
28,2011-09-30,1105.HK,HKD,2011-09-30,2011-09-30,Q3,597725750,411125250,186600500,0.3121841413056071,0.0,79761000,70379250.0,-1860000.0,100750.0,561366250,134250.0,20373750.0,56733250.0,0.09491518476491936,36359500.0,0.060829736714538396,0.0,34618500.0,0.05791702967456229,-38250.0,34667000.0,0.05799817056568167,0.03985,0.039,869859034,888999115,https://www1.hkexnews.hk/search/titlesearch.xhtml,https://www1.hkexnews.hk/search/titlesearch.xhtml,1620585077,14:31:17,20210509
29,2011-06-30,1105.HK,HKD,2011-06-30,2011-06-30,Q2,597725750,411125250,186600500,0.3121841413056071,0.0,79761000,70379250.0,-1860000.0,100750.0,561366250,134250.0,20373750.0,56733250.0,0.09491518476491936,36359500.0,0.060829736714538396,0.0,34618500.0,0.05791702967456229,-38250.0,34667000.0,0.05799817056568167,0.03985,0.039,869859034,888999115,https://www1.hkexnews.hk/search/titlesearch.xhtml,https://www1.hkexnews.hk/search/titlesearch.xhtml,1620585077,14:31:17,20210509
30,2011-03-31,1105.HK,HKD,2011-03-31,2011-03-31,Q1,597725750,411125250,186600500,0.3121841413056071,0.0,79761000,70379250.0,-1860000.0,100750.0,561366250,134250.0,20373750.0,56733250.0,0.09491518476491936,36359500.0,0.060829736714538396,0.0,34618500.0,0.05791702967456229,-38250.0,34667000.0,0.05799817056568167,0.03985,0.039,869859034,888999115,https://www1.hkexnews.hk/search/titlesearch.xhtml,https://www1.hkexnews.hk/search/titlesearch.xhtml,1620585077,14:31:17,20210509
31,2011-01-31,1105.HK,HKD,2011-01-31,2011-01-31,Q1,597725750,411125250,186600500,0.3121841413056071,0.0,79761000,70379250.0,-1860000.0,100750.0,561366250,134250.0,20373750.0,56733250.0,0.09491518476491936,36359500.0,0.060829736714538396,0.0,34618500.0,0.05791702967456229,-38250.0,34667000.0,0.05799817056568167,0.03985,0.039,869859034,888999115,https://www1.hkexnews.hk/search/titlesearch.xhtml,https://www1.hkexnews.hk/search/titlesearch.xhtml,1620585077,14:31:17,20210509
32,2010-09-30,1105.HK,HKD,2010-09-30,2010-09-30,Q3,727415250,535767750,191647500,0.26346368185159713,0.0,80536000,70329250.0,-986250.0,-14537000.0,672096000,532500.0,19166750.0,74486000.0,0.10239818315604464,55319250.0,0.0760490655096934,0.0,61431250.0,0.08445141891100029,2121000.0,60110750.0,0.0826360871592945,0.0703,0.068275,855041230,880274821,https://www1.hkexnews.hk/search/titlesearch.xhtml,https://www1.hkexnews.hk/search/titlesearch.xhtml,1620585077,14:31:17,20210509
33,2010-06-30,1105.HK,HKD,2010-06-30,2010-06-30,Q2,727415250,535767750,191647500,0.26346368185159713,0.0,80536000,70329250.0,-986250.0,-14537000.0,672096000,532500.0,19166750.0,74486000.0,0.10239818315604464,55319250.0,0.0760490655096934,0.0,61431250.0,0.08445141891100029,2121000.0,60110750.0,0.0826360871592945,0.0703,0.068275,855041230,880274821,https://www1.hkexnews.hk/search/titlesearch.xhtml,https://www1.hkexnews.hk/search/titlesearch.xhtml,1620585077,14:31:17,20210509
34,2010-03-31,1105.HK,HKD,2010-03-31,2010-03-31,Q1,727415250,535767750,191647500,0.26346368185159713,0.0,80536000,70329250.0,-986250.0,-14537000.0,672096000,532500.0,19166750.0,74486000.0,0.10239818315604464,55319250.0,0.0760490655096934,0.0,61431250.0,0.08445141891100029,2121000.0,60110750.0,0.0826360871592945,0.0703,0.068275,855041230,880274821,https://www1.hkexnews.hk/search/titlesearch.xhtml,https://www1.hkexnews.hk/search/titlesearch.xhtml,1620585077,14:31:17,20210509
35,2010-01-31,1105.HK,HKD,2010-01-31,2010-01-31,Q1,727415250,535767750,191647500,0.26346368185159713,0.0,80536000,70329250.0,-986250.0,-14537000.0,672096000,532500.0,19166750.0,74486000.0,0.10239818315604464,55319250.0,0.0760490655096934,0.0,61431250.0,0.08445141891100029,2121000.0,60110750.0,0.0826360871592945,0.0703,0.068275,855041230,880274821,https://www1.hkexnews.hk/search/titlesearch.xhtml,https://www1.hkexnews.hk/search/titlesearch.xhtml,1620585077,14:31:17,20210509
36,2009-09-30,1105.HK,HKD,2009-09-30,2009-09-30,Q3,643741000,488678000,155063000,0.24087793072058483,0.0,75892750,61615500.0,-248500.0,-7544000.0,618642250,474000.0,20244000.0,45342750.0,0.07043632454667327,25098750.0,0.03898889460202162,0.0,27620500.0,0.042906230922063374,-1013500.0,30284750.0,0.047044929560180256,0.035,0.035,845837537,845837537,https://www1.hkexnews.hk/search/titlesearch.xhtml,https://www1.hkexnews.hk/search/titlesearch.xhtml,1620585077,14:31:17,20210509
37,2009-06-30,1105.HK,HKD,2009-06-30,2009-06-30,Q2,643741000,488678000,155063000,0.24087793072058483,0.0,75892750,61615500.0,-248500.0,-7544000.0,618642250,474000.0,20244000.0,45342750.0,0.07043632454667327,25098750.0,0.03898889460202162,0.0,27620500.0,0.042906230922063374,-1013500.0,30284750.0,0.047044929560180256,0.035,0.035,845837537,845837537,https://www1.hkexnews.hk/search/titlesearch.xhtml,https://www1.hkexnews.hk/search/titlesearch.xhtml,1620585077,14:31:17,20210509
38,2009-03-31,1105.HK,HKD,2009-03-31,2009-03-31,Q1,643741000,488678000,155063000,0.24087793072058483,0.0,75892750,61615500.0,-248500.0,-7544000.0,618642250,474000.0,20244000.0,45342750.0,0.07043632454667327,25098750.0,0.03898889460202162,0.0,27620500.0,0.042906230922063374,-1013500.0,30284750.0,0.047044929560180256,0.035,0.035,845837537,845837537,https://www1.hkexnews.hk/search/titlesearch.xhtml,https://www1.hkexnews.hk/search/titlesearch.xhtml,1620585077,14:31:17,20210509
39,2009-01-31,1105.HK,HKD,2009-01-31,2009-01-31,Q1,643741000,488678000,155063000,0.24087793072058483,0.0,75892750,61615500.0,-248500.0,-7544000.0,618642250,474000.0,20244000.0,45342750.0,0.07043632454667327,25098750.0,0.03898889460202162,0.0,27620500.0,0.042906230922063374,-1013500.0,30284750.0,0.047044929560180256,0.035,0.035,845837537,845837537,https://www1.hkexnews.hk/search/titlesearch.xhtml,https://www1.hkexnews.hk/search/titlesearch.xhtml,1620585077,14:31:17,20210509
40,2008-09-30,1105.HK,HKD,2008-09-30,2008-09-30,Q3,608195000,476186250,132008750,0.21705004151629,0.0,78168500,65561250.0,0.0,45396500.0,665312500,2139000.0,27217500.0,-29900000.0,-0.04916186420473697,-57117500.0,-0.0939131364118416,0.0,-38065000.0,-0.06258683481449206,-2561500.0,-35496000.0,-0.058362860595697105,-0.0419,-0.04190575,847046111,847046111,https://www1.hkexnews.hk/search/titlesearch.xhtml,https://www1.hkexnews.hk/search/titlesearch.xhtml,1620585077,14:31:17,20210509
41,2008-06-30,1105.HK,HKD,2008-06-30,2008-06-30,Q2,608195000,476186250,132008750,0.21705004151629,0.0,78168500,65561250.0,0.0,45396500.0,665312500,2139000.0,27217500.0,-29900000.0,-0.04916186420473697,-57117500.0,-0.0939131364118416,0.0,-38065000.0,-0.06258683481449206,-2561500.0,-35496000.0,-0.058362860595697105,-0.0419,-0.04190575,847046111,847046111,https://www1.hkexnews.hk/search/titlesearch.xhtml,https://www1.hkexnews.hk/search/titlesearch.xhtml,1620585077,14:31:17,20210509
42,2008-03-31,1105.HK,HKD,2008-03-31,2008-03-31,Q1,608195000,476186250,132008750,0.21705004151629,0.0,78168500,65561250.0,0.0,45396500.0,665312500,2139000.0,27217500.0,-29900000.0,-0.04916186420473697,-57117500.0,-0.0939131364118416,0.0,-38065000.0,-0.06258683481449206,-2561500.0,-35496000.0,-0.058362860595697105,-0.0419,-0.04190575,847046111,847046111,https://www1.hkexnews.hk/search/titlesearch.xhtml,https://www1.hkexnews.hk/search/titlesearch.xhtml,1620585077,14:31:17,20210509
43,2008-01-31,1105.HK,HKD,2008-01-31,2008-01-31,Q1,608195000,476186250,132008750,0.21705004151629,0.0,78168500,65561250.0,0.0,45396500.0,665312500,2139000.0,27217500.0,-29900000.0,-0.04916186420473697,-57117500.0,-0.0939131364118416,0.0,-38065000.0,-0.06258683481449206,-2561500.0,-35496000.0,-0.058362860595697105,-0.0419,-0.04190575,847046111,847046111,https://www1.hkexnews.hk/search/titlesearch.xhtml,https://www1.hkexnews.hk/search/titlesearch.xhtml,1620585077,14:31:17,20210509
44,2007-09-30,1105.HK,HKD,2007-09-30,2007-09-30,Q3,563555750,410749750,152806000,0.27114619982140187,0.0,76296500,0.0,0.0,70266750.0,557313000,0.0,13177500.0,19420250.0,0.03446021090193827,6242750.0,0.011077431114845337,0.0,45517750.0,0.08076885028677287,5613500.0,39904250.0,0.07080799015891506,0.0463,0.045125,861862851,884304709,https://www1.hkexnews.hk/search/titlesearch.xhtml,https://www1.hkexnews.hk/search/titlesearch.xhtml,1620585077,14:31:17,20210509
45,2007-06-30,1105.HK,HKD,2007-06-30,2007-06-30,Q2,563555750,410749750,152806000,0.27114619982140187,0.0,76296500,0.0,0.0,70266750.0,557313000,0.0,13177500.0,19420250.0,0.03446021090193827,6242750.0,0.011077431114845337,0.0,45517750.0,0.08076885028677287,5613500.0,39904250.0,0.07080799015891506,0.0463,0.045125,861862851,884304709,https://www1.hkexnews.hk/search/titlesearch.xhtml,https://www1.hkexnews.hk/search/titlesearch.xhtml,1620585077,14:31:17,20210509
46,2007-03-31,1105.HK,HKD,2007-03-31,2007-03-31,Q1,563555750,410749750,152806000,0.27114619982140187,0.0,76296500,0.0,0.0,70266750.0,557313000,0.0,13177500.0,19420250.0,0.03446021090193827,6242750.0,0.011077431114845337,0.0,45517750.0,0.08076885028677287,5613500.0,39904250.0,0.07080799015891506,0.0463,0.045125,861862851,884304709,https://www1.hkexnews.hk/search/titlesearch.xhtml,https://www1.hkexnews.hk/search/titlesearch.xhtml,1620585077,14:31:17,20210509
47,2007-01-31,1105.HK,HKD,2007-01-31,2007-01-31,Q1,563555750,410749750,152806000,0.27114619982140187,0.0,76296500,0.0,0.0,70266750.0,557313000,0.0,13177500.0,19420250.0,0.03446021090193827,6242750.0,0.011077431114845337,0.0,45517750.0,0.08076885028677287,5613500.0,39904250.0,0.07080799015891506,0.0463,0.045125,861862851,884304709,https://www1.hkexnews.hk/search/titlesearch.xhtml,https://www1.hkexnews.hk/search/titlesearch.xhtml,1620585077,14:31:17,20210509
48,2006-09-30,1105.HK,HKD,2006-09-30,2006-09-30,Q3,493598500,359686750,133911750,0.2712969143949992,0.0,76447000,0.0,0.0,68451750.0,504585500,0.0,9316500.0,-1670500.0,-0.0033843295715039654,-10987000.0,-0.022258981743258945,0.0,47593750.0,0.09642199074754076,3058250.0,44535500.0,0.09022616559815315,0.05015,0.04935,888045862,902441743,https://www1.hkexnews.hk/search/titlesearch.xhtml,https://www1.hkexnews.hk/search/titlesearch.xhtml,1620585077,14:31:17,20210509
49,2006-06-30,1105.HK,HKD,2006-06-30,2006-06-30,Q2,493598500,359686750,133911750,0.2712969143949992,0.0,76447000,0.0,0.0,68451750.0,504585500,0.0,9316500.0,-1670500.0,-0.0033843295715039654,-10987000.0,-0.022258981743258945,0.0,47593750.0,0.09642199074754076,3058250.0,44535500.0,0.09022616559815315,0.05015,0.04935,888045862,902441743,https://www1.hkexnews.hk/search/titlesearch.xhtml,https://www1.hkexnews.hk/search/titlesearch.xhtml,1620585077,14:31:17,20210509
50,2006-03-31,1105.HK,HKD,2006-03-31,2006-03-31,Q1,493598500,359686750,133911750,0.2712969143949992,0.0,76447000,0.0,0.0,68451750.0,504585500,0.0,9316500.0,-1670500.0,-0.0033843295715039654,-10987000.0,-0.022258981743258945,0.0,47593750.0,0.09642199074754076,3058250.0,44535500.0,0.09022616559815315,0.05015,0.04935,888045862,902441743,https://www1.hkexnews.hk/search/titlesearch.xhtml,https://www1.hkexnews.hk/search/titlesearch.xhtml,1620585077,14:31:17,20210509
51,2006-01-31,1105.HK,HKD,2006-01-31,2006-01-31,Q1,493598500,359686750,133911750,0.2712969143949992,0.0,76447000,0.0,0.0,68451750.0,504585500,0.0,9316500.0,-1670500.0,-0.0033843295715039654,-10987000.0,-0.022258981743258945,0.0,47593750.0,0.09642199074754076,3058250.0,44535500.0,0.09022616559815315,0.05015,0.04935,888045862,902441743,https://www1.hkexnews.hk/search/titlesearch.xhtml,https://www1.hkexnews.hk/search/titlesearch.xhtml,1620585077,14:31:17,20210509
52,2005-09-30,1105.HK,HKD,2005-09-30,2005-09-30,Q3,456130500,331356250,124774250,0.2735494556930528,0.0,72758000,0.0,0.0,62648500.0,466762750,0.0,10442750.0,-189500.0,-0.0004154512798420627,-10632250.0,-0.02330966686069009,0.0,53472750.0,0.11723125289801932,-1720500.0,55193250.0,0.12100319974217905,0.06015,0.06015,917593516,917593516,https://www1.hkexnews.hk/search/titlesearch.xhtml,https://www1.hkexnews.hk/search/titlesearch.xhtml,1620585077,14:31:17,20210509
53,2005-06-30,1105.HK,HKD,2005-06-30,2005-06-30,Q2,456130500,331356250,124774250,0.2735494556930528,0.0,72758000,0.0,0.0,62648500.0,466762750,0.0,10442750.0,-189500.0,-0.0004154512798420627,-10632250.0,-0.02330966686069009,0.0,53472750.0,0.11723125289801932,-1720500.0,55193250.0,0.12100319974217905,0.06015,0.06015,917593516,917593516,https://www1.hkexnews.hk/search/titlesearch.xhtml,https://www1.hkexnews.hk/search/titlesearch.xhtml,1620585077,14:31:17,20210509
54,2005-03-31,1105.HK,HKD,2005-03-31,2005-03-31,Q1,456130500,331356250,124774250,0.2735494556930528,0.0,72758000,0.0,0.0,62648500.0,466762750,0.0,10442750.0,-189500.0,-0.0004154512798420627,-10632250.0,-0.02330966686069009,0.0,53472750.0,0.11723125289801932,-1720500.0,55193250.0,0.12100319974217905,0.06015,0.06015,917593516,917593516,https://www1.hkexnews.hk/search/titlesearch.xhtml,https://www1.hkexnews.hk/search/titlesearch.xhtml,1620585077,14:31:17,20210509
55,2005-01-31,1105.HK,HKD,2005-01-31,2005-01-31,Q1,456130500,331356250,124774250,0.2735494556930528,0.0,72758000,0.0,0.0,62648500.0,466762750,0.0,10442750.0,-189500.0,-0.0004154512798420627,-10632250.0,-0.02330966686069009,0.0,53472750.0,0.11723125289801932,-1720500.0,55193250.0,0.12100319974217905,0.06015,0.06015,917593516,917593516,https://www1.hkexnews.hk/search/titlesearch.xhtml,https://www1.hkexnews.hk/search/titlesearch.xhtml,1620585077,14:31:17,20210509
56,2004-09-30,1105.HK,HKD,2004-09-30,2004-09-30,Q3,360267500,255437250,104830250,0.29097892538183434,0.0,73511250,0.0,0.0,30459500.0,359408000,0.0,11135250.0,11994750.0,0.033294010700382355,859500.0,0.0023857272720964285,0.0,4122750.0,0.011443580117551541,3103750.0,1175250.0,0.0032621593676920623,0.0013,0.0013,904038462,904038462,https://www1.hkexnews.hk/search/titlesearch.xhtml,https://www1.hkexnews.hk/search/titlesearch.xhtml,1620585077,14:31:17,20210509
57,2004-06-30,1105.HK,HKD,2004-06-30,2004-06-30,Q2,360267500,255437250,104830250,0.29097892538183434,0.0,73511250,0.0,0.0,30459500.0,359408000,0.0,11135250.0,11994750.0,0.033294010700382355,859500.0,0.0023857272720964285,0.0,4122750.0,0.011443580117551541,3103750.0,1175250.0,0.0032621593676920623,0.0013,0.0013,904038462,904038462,https://www1.hkexnews.hk/search/titlesearch.xhtml,https://www1.hkexnews.hk/search/titlesearch.xhtml,1620585077,14:31:17,20210509
58,2004-03-31,1105.HK,HKD,2004-03-31,2004-03-31,Q1,360267500,255437250,104830250,0.29097892538183434,0.0,73511250,0.0,0.0,30459500.0,359408000,0.0,11135250.0,11994750.0,0.033294010700382355,859500.0,0.0023857272720964285,0.0,4122750.0,0.011443580117551541,3103750.0,1175250.0,0.0032621593676920623,0.0013,0.0013,904038462,904038462,https://www1.hkexnews.hk/search/titlesearch.xhtml,https://www1.hkexnews.hk/search/titlesearch.xhtml,1620585077,14:31:17,20210509
59,2004-01-31,1105.HK,HKD,2004-01-31,2004-01-31,Q1,360267500,255437250,104830250,0.29097892538183434,0.0,73511250,0.0,0.0,30459500.0,359408000,0.0,11135250.0,11994750.0,0.033294010700382355,859500.0,0.0023857272720964285,0.0,4122750.0,0.011443580117551541,3103750.0,1175250.0,0.0032621593676920623,0.0013,0.0013,904038462,904038462,https://www1.hkexnews.hk/search/titlesearch.xhtml,https://www1.hkexnews.hk/search/titlesearch.xhtml,1620585077,14:31:17,20210509
60,2003-09-30,1105.HK,HKD,2003-09-30,2003-09-30,Q3,295389500,189337750,106051750,0.3590234250032584,0.0,76635750,0.0,0.0,28330000.0,294303500,0.0,9716000.0,10802000.0,0.03656866611710978,1086000.0,0.003676501703682765,0.0,9130500.0,0.03091003573248203,6705250.0,3092000.0,0.010467535237373028,0.0034,0.00335,909411765,922985075,https://www1.hkexnews.hk/search/titlesearch.xhtml,https://www1.hkexnews.hk/search/titlesearch.xhtml,1620585077,14:31:17,20210509
61,2003-06-30,1105.HK,HKD,2003-06-30,2003-06-30,Q2,295389500,189337750,106051750,0.3590234250032584,0.0,76635750,0.0,0.0,28330000.0,294303500,0.0,9716000.0,10802000.0,0.03656866611710978,1086000.0,0.003676501703682765,0.0,9130500.0,0.03091003573248203,6705250.0,3092000.0,0.010467535237373028,0.0034,0.00335,909411765,922985075,https://www1.hkexnews.hk/search/titlesearch.xhtml,https://www1.hkexnews.hk/search/titlesearch.xhtml,1620585077,14:31:17,20210509
62,2003-03-31,1105.HK,HKD,2003-03-31,2003-03-31,Q1,295389500,189337750,106051750,0.3590234250032584,0.0,76635750,0.0,0.0,28330000.0,294303500,0.0,9716000.0,10802000.0,0.03656866611710978,1086000.0,0.003676501703682765,0.0,9130500.0,0.03091003573248203,6705250.0,3092000.0,0.010467535237373028,0.0034,0.00335,909411765,922985075,https://www1.hkexnews.hk/search/titlesearch.xhtml,https://www1.hkexnews.hk/search/titlesearch.xhtml,1620585077,14:31:17,20210509
63,2003-01-31,1105.HK,HKD,2003-01-31,2003-01-31,Q1,295389500,189337750,106051750,0.3590234250032584,0.0,76635750,0.0,0.0,28330000.0,294303500,0.0,9716000.0,10802000.0,0.03656866611710978,1086000.0,0.003676501703682765,0.0,9130500.0,0.03091003573248203,6705250.0,3092000.0,0.010467535237373028,0.0034,0.00335,909411765,922985075,https://www1.hkexnews.hk/search/titlesearch.xhtml,https://www1.hkexnews.hk/search/titlesearch.xhtml,1620585077,14:31:17,20210509
64,2002-09-30,1105.HK,HKD,2002-09-30,2002-09-30,Q3,273533250,166293250,107240000,0.3920547136408462,0.0,83306250,0.0,0.0,-36898500.0,212701000,0.0,9789250.0,70621500.0,0.258182506148704,60832250.0,0.22239435242333427,0.0,50887500.0,0.1860377120514599,6053000.0,38692000.0,0.14145263875598305,0.0497,0.0297,778511066,1302760943,https://www1.hkexnews.hk/search/titlesearch.xhtml,https://www1.hkexnews.hk/search/titlesearch.xhtml,1620585077,14:31:17,20210509
65,2002-06-30,1105.HK,HKD,2002-06-30,2002-06-30,Q2,273533250,166293250,107240000,0.3920547136408462,0.0,83306250,0.0,0.0,-36898500.0,212701000,0.0,9789250.0,70621500.0,0.258182506148704,60832250.0,0.22239435242333427,0.0,50887500.0,0.1860377120514599,6053000.0,38692000.0,0.14145263875598305,0.0497,0.0297,778511066,1302760943,https://www1.hkexnews.hk/search/titlesearch.xhtml,https://www1.hkexnews.hk/search/titlesearch.xhtml,1620585077,14:31:17,20210509
66,2002-03-31,1105.HK,HKD,2002-03-31,2002-03-31,Q1,273533250,166293250,107240000,0.3920547136408462,0.0,83306250,0.0,0.0,-36898500.0,212701000,0.0,9789250.0,70621500.0,0.258182506148704,60832250.0,0.22239435242333427,0.0,50887500.0,0.1860377120514599,6053000.0,38692000.0,0.14145263875598305,0.0497,0.0297,778511066,1302760943,https://www1.hkexnews.hk/search/titlesearch.xhtml,https://www1.hkexnews.hk/search/titlesearch.xhtml,1620585077,14:31:17,20210509
67,2002-01-31,1105.HK,HKD,2002-01-31,2002-01-31,Q1,273533250,166293250,107240000,0.3920547136408462,0.0,83306250,0.0,0.0,-36898500.0,212701000,0.0,9789250.0,70621500.0,0.258182506148704,60832250.0,0.22239435242333427,0.0,50887500.0,0.1860377120514599,6053000.0,38692000.0,0.14145263875598305,0.0497,0.0297,778511066,1302760943,https://www1.hkexnews.hk/search/titlesearch.xhtml,https://www1.hkexnews.hk/search/titlesearch.xhtml,1620585077,14:31:17,20210509
