,date,symbol,reportedCurrency,fillingDate,acceptedDate,period,revenue,costOfRevenue,grossProfit,grossProfitRatio,researchAndDevelopmentExpenses,generalAndAdministrativeExpenses,sellingAndMarketingExpenses,otherExpenses,operatingExpenses,costAndExpenses,interestExpense,depreciationAndAmortization,ebitda,ebitdaratio,operatingIncome,operatingIncomeRatio,totalOtherIncomeExpensesNet,incomeBeforeTax,incomeBeforeTaxRatio,incomeTaxExpense,netIncome,netIncomeRatio,eps,epsdiluted,weightedAverageShsOut,weightedAverageShsOutDil,link,finalLink,timestamp,est_time,est_date
0,2019-06-30,SMS.L,GBP,2019-06-30,2019-06-30,Q2,28570250.0,18054250.0,10516000.0,0.36807518310130294,0.0,1068000.0,0.0,0.0,0.0,23757500.0,2103000.0,1282250.0,6095000.0,0.21333380001925079,4812750.0,0.16845319869444614,0.0,1365500.0,0.04779447152195028,366250.0,999250.0,0.03497519272669997,0.0089,0.008825,112446154,113269412,https://find-and-update.company-information.service.gov.uk/search/companies?q=Smart+Metering+Systems+PLC,https://find-and-update.company-information.service.gov.uk/search/companies?q=Smart+Metering+Systems+PLC,1620598062,18:07:42,20210509
1,2019-03-31,SMS.L,GBP,2019-03-31,2019-03-31,Q1,28570250.0,18054250.0,10516000.0,0.36807518310130294,0.0,1068000.0,0.0,0.0,0.0,23757500.0,2103000.0,1282250.0,6095000.0,0.21333380001925079,4812750.0,0.16845319869444614,0.0,1365500.0,0.04779447152195028,366250.0,999250.0,0.03497519272669997,0.0089,0.008825,112446154,113269412,https://find-and-update.company-information.service.gov.uk/search/companies?q=Smart+Metering+Systems+PLC,https://find-and-update.company-information.service.gov.uk/search/companies?q=Smart+Metering+Systems+PLC,1620598062,18:07:42,20210509
2,2019-01-31,SMS.L,GBP,2019-01-31,2019-01-31,Q1,28570250.0,18054250.0,10516000.0,0.36807518310130294,0.0,1068000.0,0.0,0.0,0.0,23757500.0,2103000.0,1282250.0,6095000.0,0.21333380001925079,4812750.0,0.16845319869444614,0.0,1365500.0,0.04779447152195028,366250.0,999250.0,0.03497519272669997,0.0089,0.008825,112446154,113269412,https://find-and-update.company-information.service.gov.uk/search/companies?q=Smart+Metering+Systems+PLC,https://find-and-update.company-information.service.gov.uk/search/companies?q=Smart+Metering+Systems+PLC,1620598062,18:07:42,20210509
3,2018-06-30,SMS.L,GBP,2018-06-30,2018-06-30,Q2,24623000.0,14236250.0,10386750.0,0.42183121471794666,76750.0,451500.0,0.0,0.0,0.0,19137250.0,1240500.0,1000750.0,6486500.0,0.26343256305080615,5485750.0,0.22278966819640172,0.0,1337750.0,0.05432928562725907,221750.0,1116000.0,0.0453234780489786,0.009925,0.009825,112408338,113465235,https://find-and-update.company-information.service.gov.uk/search/companies?q=Smart+Metering+Systems+PLC,https://find-and-update.company-information.service.gov.uk/search/companies?q=Smart+Metering+Systems+PLC,1620598062,18:07:42,20210509
4,2018-03-31,SMS.L,GBP,2018-03-31,2018-03-31,Q1,24623000.0,14236250.0,10386750.0,0.42183121471794666,76750.0,451500.0,0.0,0.0,0.0,19137250.0,1240500.0,1000750.0,6486500.0,0.26343256305080615,5485750.0,0.22278966819640172,0.0,1337750.0,0.05432928562725907,221750.0,1116000.0,0.0453234780489786,0.009925,0.009825,112408338,113465235,https://find-and-update.company-information.service.gov.uk/search/companies?q=Smart+Metering+Systems+PLC,https://find-and-update.company-information.service.gov.uk/search/companies?q=Smart+Metering+Systems+PLC,1620598062,18:07:42,20210509
5,2018-01-31,SMS.L,GBP,2018-01-31,2018-01-31,Q1,24623000.0,14236250.0,10386750.0,0.42183121471794666,76750.0,451500.0,0.0,0.0,0.0,19137250.0,1240500.0,1000750.0,6486500.0,0.26343256305080615,5485750.0,0.22278966819640172,0.0,1337750.0,0.05432928562725907,221750.0,1116000.0,0.0453234780489786,0.009925,0.009825,112408338,113465235,https://find-and-update.company-information.service.gov.uk/search/companies?q=Smart+Metering+Systems+PLC,https://find-and-update.company-information.service.gov.uk/search/companies?q=Smart+Metering+Systems+PLC,1620598062,18:07:42,20210509
6,2017-06-30,SMS.L,GBP,2017-06-30,2017-06-30,Q2,19898250.0,9791000.0,10107250.0,0.5079466787280289,0.0,5317500.0,0.0,0.0,0.0,14247000.0,1034250.0,4053000.0,9704250.0,0.4876936414006257,5651250.0,0.2840073875843353,0.0,4491250.0,0.22571080371389443,826500.0,3664750.0,0.18417448770620531,0.040425,0.039725,90655868,92271148,https://find-and-update.company-information.service.gov.uk/search/companies?q=Smart+Metering+Systems+PLC,https://find-and-update.company-information.service.gov.uk/search/companies?q=Smart+Metering+Systems+PLC,1620598062,18:07:42,20210509
7,2017-03-31,SMS.L,GBP,2017-03-31,2017-03-31,Q1,19898250.0,9791000.0,10107250.0,0.5079466787280289,0.0,5317500.0,0.0,0.0,0.0,14247000.0,1034250.0,4053000.0,9704250.0,0.4876936414006257,5651250.0,0.2840073875843353,0.0,4491250.0,0.22571080371389443,826500.0,3664750.0,0.18417448770620531,0.040425,0.039725,90655868,92271148,https://find-and-update.company-information.service.gov.uk/search/companies?q=Smart+Metering+Systems+PLC,https://find-and-update.company-information.service.gov.uk/search/companies?q=Smart+Metering+Systems+PLC,1620598062,18:07:42,20210509
8,2017-01-31,SMS.L,GBP,2017-01-31,2017-01-31,Q1,19898250.0,9791000.0,10107250.0,0.5079466787280289,0.0,5317500.0,0.0,0.0,0.0,14247000.0,1034250.0,4053000.0,9704250.0,0.4876936414006257,5651250.0,0.2840073875843353,0.0,4491250.0,0.22571080371389443,826500.0,3664750.0,0.18417448770620531,0.040425,0.039725,90655868,92271148,https://find-and-update.company-information.service.gov.uk/search/companies?q=Smart+Metering+Systems+PLC,https://find-and-update.company-information.service.gov.uk/search/companies?q=Smart+Metering+Systems+PLC,1620598062,18:07:42,20210509
9,2016-06-30,SMS.L,GBP,2016-06-30,2016-06-30,Q2,16797000.0,7564250.0,9232750.0,0.549666607132226,0.0,4359500.0,0.0,0.0,0.0,11655000.0,593250.0,2992000.0,8134000.0,0.48425314044174556,5142000.0,0.3061260939453474,0.0,4560750.0,0.27152170030362566,749500.0,3811250.0,0.2269006370185152,0.043325,0.04255,87955744,89560367,https://find-and-update.company-information.service.gov.uk/search/companies?q=Smart+Metering+Systems+PLC,https://find-and-update.company-information.service.gov.uk/search/companies?q=Smart+Metering+Systems+PLC,1620598062,18:07:42,20210509
10,2016-03-31,SMS.L,GBP,2016-03-31,2016-03-31,Q1,16797000.0,7564250.0,9232750.0,0.549666607132226,0.0,4359500.0,0.0,0.0,0.0,11655000.0,593250.0,2992000.0,8134000.0,0.48425314044174556,5142000.0,0.3061260939453474,0.0,4560750.0,0.27152170030362566,749500.0,3811250.0,0.2269006370185152,0.043325,0.04255,87955744,89560367,https://find-and-update.company-information.service.gov.uk/search/companies?q=Smart+Metering+Systems+PLC,https://find-and-update.company-information.service.gov.uk/search/companies?q=Smart+Metering+Systems+PLC,1620598062,18:07:42,20210509
11,2016-01-31,SMS.L,GBP,2016-01-31,2016-01-31,Q1,16797000.0,7564250.0,9232750.0,0.549666607132226,0.0,4359500.0,0.0,0.0,0.0,11655000.0,593250.0,2992000.0,8134000.0,0.48425314044174556,5142000.0,0.3061260939453474,0.0,4560750.0,0.27152170030362566,749500.0,3811250.0,0.2269006370185152,0.043325,0.04255,87955744,89560367,https://find-and-update.company-information.service.gov.uk/search/companies?q=Smart+Metering+Systems+PLC,https://find-and-update.company-information.service.gov.uk/search/companies?q=Smart+Metering+Systems+PLC,1620598062,18:07:42,20210509
12,2015-09-30,SMS.L,GBP,2015-09-30,2015-09-30,Q3,13486250.0,4356750.0,9129500.0,0.676948744091204,0.0,4621000.0,0.0,0.0,0.0,8591250.0,535500.0,2068750.0,6963750.0,0.5163592547965521,4895000.0,0.36296227639262213,0.0,4366250.0,0.3237556770785059,615750.0,3750500.0,0.2780980628417833,0.04365,0.04195,85928114,89391389,https://find-and-update.company-information.service.gov.uk/search/companies?q=Smart+Metering+Systems+PLC,https://find-and-update.company-information.service.gov.uk/search/companies?q=Smart+Metering+Systems+PLC,1620598062,18:07:42,20210509
13,2015-06-30,SMS.L,GBP,2015-06-30,2015-06-30,Q2,13486250.0,4356750.0,9129500.0,0.676948744091204,0.0,4621000.0,0.0,0.0,0.0,8591250.0,535500.0,2068750.0,6963750.0,0.5163592547965521,4895000.0,0.36296227639262213,0.0,4366250.0,0.3237556770785059,615750.0,3750500.0,0.2780980628417833,0.04365,0.04195,85928114,89391389,https://find-and-update.company-information.service.gov.uk/search/companies?q=Smart+Metering+Systems+PLC,https://find-and-update.company-information.service.gov.uk/search/companies?q=Smart+Metering+Systems+PLC,1620598062,18:07:42,20210509
14,2015-03-31,SMS.L,GBP,2015-03-31,2015-03-31,Q1,13486250.0,4356750.0,9129500.0,0.676948744091204,0.0,4621000.0,0.0,0.0,0.0,8591250.0,535500.0,2068750.0,6963750.0,0.5163592547965521,4895000.0,0.36296227639262213,0.0,4366250.0,0.3237556770785059,615750.0,3750500.0,0.2780980628417833,0.04365,0.04195,85928114,89391389,https://find-and-update.company-information.service.gov.uk/search/companies?q=Smart+Metering+Systems+PLC,https://find-and-update.company-information.service.gov.uk/search/companies?q=Smart+Metering+Systems+PLC,1620598062,18:07:42,20210509
15,2015-01-31,SMS.L,GBP,2015-01-31,2015-01-31,Q1,13486250.0,4356750.0,9129500.0,0.676948744091204,0.0,4621000.0,0.0,0.0,0.0,8591250.0,535500.0,2068750.0,6963750.0,0.5163592547965521,4895000.0,0.36296227639262213,0.0,4366250.0,0.3237556770785059,615750.0,3750500.0,0.2780980628417833,0.04365,0.04195,85928114,89391389,https://find-and-update.company-information.service.gov.uk/search/companies?q=Smart+Metering+Systems+PLC,https://find-and-update.company-information.service.gov.uk/search/companies?q=Smart+Metering+Systems+PLC,1620598062,18:07:42,20210509
16,2014-09-30,SMS.L,GBP,2014-09-30,2014-09-30,Q3,10596500.0,3691500.0,6905000.0,0.6516302552729675,0.0,3708000.0,0.0,0.0,0.0,7345750.0,434500.0,1420250.0,4671000.0,0.4408059264851602,3250750.0,0.3067758222054452,0.0,2754500.0,0.25994432123814465,56250.0,2698250.0,0.25463596470532723,0.031775,0.030575,84887262,88257879,https://find-and-update.company-information.service.gov.uk/search/companies?q=Smart+Metering+Systems+PLC,https://find-and-update.company-information.service.gov.uk/search/companies?q=Smart+Metering+Systems+PLC,1620598062,18:07:42,20210509
17,2014-06-30,SMS.L,GBP,2014-06-30,2014-06-30,Q2,10596500.0,3691500.0,6905000.0,0.6516302552729675,0.0,3708000.0,0.0,0.0,0.0,7345750.0,434500.0,1420250.0,4671000.0,0.4408059264851602,3250750.0,0.3067758222054452,0.0,2754500.0,0.25994432123814465,56250.0,2698250.0,0.25463596470532723,0.031775,0.030575,84887262,88257879,https://find-and-update.company-information.service.gov.uk/search/companies?q=Smart+Metering+Systems+PLC,https://find-and-update.company-information.service.gov.uk/search/companies?q=Smart+Metering+Systems+PLC,1620598062,18:07:42,20210509
18,2014-03-31,SMS.L,GBP,2014-03-31,2014-03-31,Q1,10596500.0,3691500.0,6905000.0,0.6516302552729675,0.0,3708000.0,0.0,0.0,0.0,7345750.0,434500.0,1420250.0,4671000.0,0.4408059264851602,3250750.0,0.3067758222054452,0.0,2754500.0,0.25994432123814465,56250.0,2698250.0,0.25463596470532723,0.031775,0.030575,84887262,88257879,https://find-and-update.company-information.service.gov.uk/search/companies?q=Smart+Metering+Systems+PLC,https://find-and-update.company-information.service.gov.uk/search/companies?q=Smart+Metering+Systems+PLC,1620598062,18:07:42,20210509
19,2014-01-31,SMS.L,GBP,2014-01-31,2014-01-31,Q1,10596500.0,3691500.0,6905000.0,0.6516302552729675,0.0,3708000.0,0.0,0.0,0.0,7345750.0,434500.0,1420250.0,4671000.0,0.4408059264851602,3250750.0,0.3067758222054452,0.0,2754500.0,0.25994432123814465,56250.0,2698250.0,0.25463596470532723,0.031775,0.030575,84887262,88257879,https://find-and-update.company-information.service.gov.uk/search/companies?q=Smart+Metering+Systems+PLC,https://find-and-update.company-information.service.gov.uk/search/companies?q=Smart+Metering+Systems+PLC,1620598062,18:07:42,20210509
20,2013-09-30,SMS.L,GBP,2013-09-30,2013-09-30,Q3,6979000.0,2525250.0,4453750.0,0.6381644934804414,0.0,2312000.0,0.0,0.0,0.0,4837250.0,280500.0,754000.0,2895750.0,0.4149233414529302,2141750.0,0.3068849405358934,0.0,1867750.0,0.26762430147585614,224000.0,1643750.0,0.23552801260925635,0.01965,0.018575,83606102,88504796,https://find-and-update.company-information.service.gov.uk/search/companies?q=Smart+Metering+Systems+PLC,https://find-and-update.company-information.service.gov.uk/search/companies?q=Smart+Metering+Systems+PLC,1620598062,18:07:42,20210509
21,2013-06-30,SMS.L,GBP,2013-06-30,2013-06-30,Q2,6979000.0,2525250.0,4453750.0,0.6381644934804414,0.0,2312000.0,0.0,0.0,0.0,4837250.0,280500.0,754000.0,2895750.0,0.4149233414529302,2141750.0,0.3068849405358934,0.0,1867750.0,0.26762430147585614,224000.0,1643750.0,0.23552801260925635,0.01965,0.018575,83606102,88504796,https://find-and-update.company-information.service.gov.uk/search/companies?q=Smart+Metering+Systems+PLC,https://find-and-update.company-information.service.gov.uk/search/companies?q=Smart+Metering+Systems+PLC,1620598062,18:07:42,20210509
22,2013-03-31,SMS.L,GBP,2013-03-31,2013-03-31,Q1,6979000.0,2525250.0,4453750.0,0.6381644934804414,0.0,2312000.0,0.0,0.0,0.0,4837250.0,280500.0,754000.0,2895750.0,0.4149233414529302,2141750.0,0.3068849405358934,0.0,1867750.0,0.26762430147585614,224000.0,1643750.0,0.23552801260925635,0.01965,0.018575,83606102,88504796,https://find-and-update.company-information.service.gov.uk/search/companies?q=Smart+Metering+Systems+PLC,https://find-and-update.company-information.service.gov.uk/search/companies?q=Smart+Metering+Systems+PLC,1620598062,18:07:42,20210509
23,2013-01-31,SMS.L,GBP,2013-01-31,2013-01-31,Q1,6979000.0,2525250.0,4453750.0,0.6381644934804414,0.0,2312000.0,0.0,0.0,0.0,4837250.0,280500.0,754000.0,2895750.0,0.4149233414529302,2141750.0,0.3068849405358934,0.0,1867750.0,0.26762430147585614,224000.0,1643750.0,0.23552801260925635,0.01965,0.018575,83606102,88504796,https://find-and-update.company-information.service.gov.uk/search/companies?q=Smart+Metering+Systems+PLC,https://find-and-update.company-information.service.gov.uk/search/companies?q=Smart+Metering+Systems+PLC,1620598062,18:07:42,20210509
24,2012-09-30,SMS.L,GBP,2012-09-30,2012-09-30,Q3,5257250.0,1939750.0,3317500.0,0.6310333349184459,0.0,1834250.0,0.0,0.0,0.0,3774000.0,184750.0,459250.0,1942500.0,0.3694897522468971,1483250.0,0.28213419563459985,0.0,1306750.0,0.2485615102953065,228500.0,1078250.0,0.20509772219316183,0.01295,0.0125,83339747,86297658,https://find-and-update.company-information.service.gov.uk/search/companies?q=Smart+Metering+Systems+PLC,https://find-and-update.company-information.service.gov.uk/search/companies?q=Smart+Metering+Systems+PLC,1620598062,18:07:42,20210509
25,2012-06-30,SMS.L,GBP,2012-06-30,2012-06-30,Q2,5257250.0,1939750.0,3317500.0,0.6310333349184459,0.0,1834250.0,0.0,0.0,0.0,3774000.0,184750.0,459250.0,1942500.0,0.3694897522468971,1483250.0,0.28213419563459985,0.0,1306750.0,0.2485615102953065,228500.0,1078250.0,0.20509772219316183,0.01295,0.0125,83339747,86297658,https://find-and-update.company-information.service.gov.uk/search/companies?q=Smart+Metering+Systems+PLC,https://find-and-update.company-information.service.gov.uk/search/companies?q=Smart+Metering+Systems+PLC,1620598062,18:07:42,20210509
26,2012-03-31,SMS.L,GBP,2012-03-31,2012-03-31,Q1,5257250.0,1939750.0,3317500.0,0.6310333349184459,0.0,1834250.0,0.0,0.0,0.0,3774000.0,184750.0,459250.0,1942500.0,0.3694897522468971,1483250.0,0.28213419563459985,0.0,1306750.0,0.2485615102953065,228500.0,1078250.0,0.20509772219316183,0.01295,0.0125,83339747,86297658,https://find-and-update.company-information.service.gov.uk/search/companies?q=Smart+Metering+Systems+PLC,https://find-and-update.company-information.service.gov.uk/search/companies?q=Smart+Metering+Systems+PLC,1620598062,18:07:42,20210509
27,2012-01-31,SMS.L,GBP,2012-01-31,2012-01-31,Q1,5257250.0,1939750.0,3317500.0,0.6310333349184459,0.0,1834250.0,0.0,0.0,0.0,3774000.0,184750.0,459250.0,1942500.0,0.3694897522468971,1483250.0,0.28213419563459985,0.0,1306750.0,0.2485615102953065,228500.0,1078250.0,0.20509772219316183,0.01295,0.0125,83339747,86297658,https://find-and-update.company-information.service.gov.uk/search/companies?q=Smart+Metering+Systems+PLC,https://find-and-update.company-information.service.gov.uk/search/companies?q=Smart+Metering+Systems+PLC,1620598062,18:07:42,20210509
28,2011-09-30,SMS.L,GBP,2011-09-30,2011-09-30,Q3,3991000.0,1777250.0,2213750.0,0.5546855424705588,0.0,1093250.0,0.0,0.0,876500.0,2957500.0,133750.0,297500.0,1331000.0,0.33350037584565273,1033500.0,0.25895765472312704,0.0,827750.0,0.20740415935855674,280250.0,547500.0,0.13718366324229517,0.007325,0.00725,74709610,75438187,https://find-and-update.company-information.service.gov.uk/search/companies?q=Smart+Metering+Systems+PLC,https://find-and-update.company-information.service.gov.uk/search/companies?q=Smart+Metering+Systems+PLC,1620598062,18:07:42,20210509
29,2011-06-30,SMS.L,GBP,2011-06-30,2011-06-30,Q2,3991000.0,1777250.0,2213750.0,0.5546855424705588,0.0,1093250.0,0.0,0.0,876500.0,2957500.0,133750.0,297500.0,1331000.0,0.33350037584565273,1033500.0,0.25895765472312704,0.0,827750.0,0.20740415935855674,280250.0,547500.0,0.13718366324229517,0.007325,0.00725,74709610,75438187,https://find-and-update.company-information.service.gov.uk/search/companies?q=Smart+Metering+Systems+PLC,https://find-and-update.company-information.service.gov.uk/search/companies?q=Smart+Metering+Systems+PLC,1620598062,18:07:42,20210509
30,2011-03-31,SMS.L,GBP,2011-03-31,2011-03-31,Q1,3991000.0,1777250.0,2213750.0,0.5546855424705588,0.0,1093250.0,0.0,0.0,876500.0,2957500.0,133750.0,297500.0,1331000.0,0.33350037584565273,1033500.0,0.25895765472312704,0.0,827750.0,0.20740415935855674,280250.0,547500.0,0.13718366324229517,0.007325,0.00725,74709610,75438187,https://find-and-update.company-information.service.gov.uk/search/companies?q=Smart+Metering+Systems+PLC,https://find-and-update.company-information.service.gov.uk/search/companies?q=Smart+Metering+Systems+PLC,1620598062,18:07:42,20210509
31,2011-01-31,SMS.L,GBP,2011-01-31,2011-01-31,Q1,3991000.0,1777250.0,2213750.0,0.5546855424705588,0.0,1093250.0,0.0,0.0,876500.0,2957500.0,133750.0,297500.0,1331000.0,0.33350037584565273,1033500.0,0.25895765472312704,0.0,827750.0,0.20740415935855674,280250.0,547500.0,0.13718366324229517,0.007325,0.00725,74709610,75438187,https://find-and-update.company-information.service.gov.uk/search/companies?q=Smart+Metering+Systems+PLC,https://find-and-update.company-information.service.gov.uk/search/companies?q=Smart+Metering+Systems+PLC,1620598062,18:07:42,20210509
32,2010-09-30,SMS.L,GBP,2010-09-30,2010-09-30,Q3,3092000.0,1719000.0,1373000.0,0.44404915912031045,0.0,0.0,0.0,0.0,750000.0,2682250.0,62500.0,212000.0,621750.0,0.20108344113842172,409750.0,0.13251940491591202,0.0,214250.0,0.06929172056921086,91750.0,122500.0,0.03961836998706339,0.00175,0.00175,66673000,66673000,https://find-and-update.company-information.service.gov.uk/search/companies?q=Smart+Metering+Systems+PLC,https://find-and-update.company-information.service.gov.uk/search/companies?q=Smart+Metering+Systems+PLC,1620598062,18:07:42,20210509
33,2010-06-30,SMS.L,GBP,2010-06-30,2010-06-30,Q2,3092000.0,1719000.0,1373000.0,0.44404915912031045,0.0,0.0,0.0,0.0,750000.0,2682250.0,62500.0,212000.0,621750.0,0.20108344113842172,409750.0,0.13251940491591202,0.0,214250.0,0.06929172056921086,91750.0,122500.0,0.03961836998706339,0.00175,0.00175,66673000,66673000,https://find-and-update.company-information.service.gov.uk/search/companies?q=Smart+Metering+Systems+PLC,https://find-and-update.company-information.service.gov.uk/search/companies?q=Smart+Metering+Systems+PLC,1620598062,18:07:42,20210509
34,2010-03-31,SMS.L,GBP,2010-03-31,2010-03-31,Q1,3092000.0,1719000.0,1373000.0,0.44404915912031045,0.0,0.0,0.0,0.0,750000.0,2682250.0,62500.0,212000.0,621750.0,0.20108344113842172,409750.0,0.13251940491591202,0.0,214250.0,0.06929172056921086,91750.0,122500.0,0.03961836998706339,0.00175,0.00175,66673000,66673000,https://find-and-update.company-information.service.gov.uk/search/companies?q=Smart+Metering+Systems+PLC,https://find-and-update.company-information.service.gov.uk/search/companies?q=Smart+Metering+Systems+PLC,1620598062,18:07:42,20210509
35,2010-01-31,SMS.L,GBP,2010-01-31,2010-01-31,Q1,3092000.0,1719000.0,1373000.0,0.44404915912031045,0.0,0.0,0.0,0.0,750000.0,2682250.0,62500.0,212000.0,621750.0,0.20108344113842172,409750.0,0.13251940491591202,0.0,214250.0,0.06929172056921086,91750.0,122500.0,0.03961836998706339,0.00175,0.00175,66673000,66673000,https://find-and-update.company-information.service.gov.uk/search/companies?q=Smart+Metering+Systems+PLC,https://find-and-update.company-information.service.gov.uk/search/companies?q=Smart+Metering+Systems+PLC,1620598062,18:07:42,20210509
36,2009-09-30,SMS.L,GBP,2009-09-30,2009-09-30,Q3,2453500.0,1380750.0,1072750.0,0.4372325249643367,0.0,0.0,0.0,0.0,530250.0,2003750.0,50250.0,91750.0,541500.0,0.2207051151416344,449750.0,0.1833095577746077,0.0,399750.0,0.16293050743835338,107000.0,292750.0,0.11931933971876911,0.0035,0.0035,83340000,83340000,https://find-and-update.company-information.service.gov.uk/search/companies?q=Smart+Metering+Systems+PLC,https://find-and-update.company-information.service.gov.uk/search/companies?q=Smart+Metering+Systems+PLC,1620598062,18:07:42,20210509
37,2009-06-30,SMS.L,GBP,2009-06-30,2009-06-30,Q2,2453500.0,1380750.0,1072750.0,0.4372325249643367,0.0,0.0,0.0,0.0,530250.0,2003750.0,50250.0,91750.0,541500.0,0.2207051151416344,449750.0,0.1833095577746077,0.0,399750.0,0.16293050743835338,107000.0,292750.0,0.11931933971876911,0.0035,0.0035,83340000,83340000,https://find-and-update.company-information.service.gov.uk/search/companies?q=Smart+Metering+Systems+PLC,https://find-and-update.company-information.service.gov.uk/search/companies?q=Smart+Metering+Systems+PLC,1620598062,18:07:42,20210509
38,2009-03-31,SMS.L,GBP,2009-03-31,2009-03-31,Q1,2453500.0,1380750.0,1072750.0,0.4372325249643367,0.0,0.0,0.0,0.0,530250.0,2003750.0,50250.0,91750.0,541500.0,0.2207051151416344,449750.0,0.1833095577746077,0.0,399750.0,0.16293050743835338,107000.0,292750.0,0.11931933971876911,0.0035,0.0035,83340000,83340000,https://find-and-update.company-information.service.gov.uk/search/companies?q=Smart+Metering+Systems+PLC,https://find-and-update.company-information.service.gov.uk/search/companies?q=Smart+Metering+Systems+PLC,1620598062,18:07:42,20210509
39,2009-01-31,SMS.L,GBP,2009-01-31,2009-01-31,Q1,2453500.0,1380750.0,1072750.0,0.4372325249643367,0.0,0.0,0.0,0.0,530250.0,2003750.0,50250.0,91750.0,541500.0,0.2207051151416344,449750.0,0.1833095577746077,0.0,399750.0,0.16293050743835338,107000.0,292750.0,0.11931933971876911,0.0035,0.0035,83340000,83340000,https://find-and-update.company-information.service.gov.uk/search/companies?q=Smart+Metering+Systems+PLC,https://find-and-update.company-information.service.gov.uk/search/companies?q=Smart+Metering+Systems+PLC,1620598062,18:07:42,20210509
40,2008-09-30,SMS.L,GBP,2008-09-30,2008-09-30,Q3,2274500.0,1590500.0,684000.0,0.30072543416135417,0.0,0.0,0.0,0.0,491000.0,2113000.0,16750.0,30500.0,192000.0,0.0844141569575731,161500.0,0.07100461639920862,0.0,-6750.0,-0.002967685205539679,28250.0,-35000.0,-0.015387997362057594,-0.0005,-0.0005,83340000,83340000,https://find-and-update.company-information.service.gov.uk/search/companies?q=Smart+Metering+Systems+PLC,https://find-and-update.company-information.service.gov.uk/search/companies?q=Smart+Metering+Systems+PLC,1620598062,18:07:42,20210509
41,2008-06-30,SMS.L,GBP,2008-06-30,2008-06-30,Q2,2274500.0,1590500.0,684000.0,0.30072543416135417,0.0,0.0,0.0,0.0,491000.0,2113000.0,16750.0,30500.0,192000.0,0.0844141569575731,161500.0,0.07100461639920862,0.0,-6750.0,-0.002967685205539679,28250.0,-35000.0,-0.015387997362057594,-0.0005,-0.0005,83340000,83340000,https://find-and-update.company-information.service.gov.uk/search/companies?q=Smart+Metering+Systems+PLC,https://find-and-update.company-information.service.gov.uk/search/companies?q=Smart+Metering+Systems+PLC,1620598062,18:07:42,20210509
42,2008-03-31,SMS.L,GBP,2008-03-31,2008-03-31,Q1,2274500.0,1590500.0,684000.0,0.30072543416135417,0.0,0.0,0.0,0.0,491000.0,2113000.0,16750.0,30500.0,192000.0,0.0844141569575731,161500.0,0.07100461639920862,0.0,-6750.0,-0.002967685205539679,28250.0,-35000.0,-0.015387997362057594,-0.0005,-0.0005,83340000,83340000,https://find-and-update.company-information.service.gov.uk/search/companies?q=Smart+Metering+Systems+PLC,https://find-and-update.company-information.service.gov.uk/search/companies?q=Smart+Metering+Systems+PLC,1620598062,18:07:42,20210509
43,2008-01-31,SMS.L,GBP,2008-01-31,2008-01-31,Q1,2274500.0,1590500.0,684000.0,0.30072543416135417,0.0,0.0,0.0,0.0,491000.0,2113000.0,16750.0,30500.0,192000.0,0.0844141569575731,161500.0,0.07100461639920862,0.0,-6750.0,-0.002967685205539679,28250.0,-35000.0,-0.015387997362057594,-0.0005,-0.0005,83340000,83340000,https://find-and-update.company-information.service.gov.uk/search/companies?q=Smart+Metering+Systems+PLC,https://find-and-update.company-information.service.gov.uk/search/companies?q=Smart+Metering+Systems+PLC,1620598062,18:07:42,20210509
