,date,symbol,reportedCurrency,fillingDate,acceptedDate,period,revenue,costOfRevenue,grossProfit,grossProfitRatio,researchAndDevelopmentExpenses,generalAndAdministrativeExpenses,sellingAndMarketingExpenses,otherExpenses,operatingExpenses,costAndExpenses,interestExpense,depreciationAndAmortization,ebitda,ebitdaratio,operatingIncome,operatingIncomeRatio,totalOtherIncomeExpensesNet,incomeBeforeTax,incomeBeforeTaxRatio,incomeTaxExpense,netIncome,netIncomeRatio,eps,epsdiluted,weightedAverageShsOut,weightedAverageShsOutDil,link,finalLink,timestamp,est_time,est_date
0,2019-06-30,SML.L,USD,2019-06-30,2019-06-30,Q2,847000.0,127750.0,719250.0,0.8491735537190083,0.0,201750.0,1250.0,0.0,11500.0,767250.0,13000.0,4250.0,84000.0,0.09917355371900827,79750.0,0.09415584415584416,0.0,-211250.0,-0.24940968122786306,96250.0,-307500.0,-0.3630460448642267,-0.0002145,-0.0002145,1434077744,1434077744,https://find-and-update.company-information.service.gov.uk/search/companies?q=Strategic+Minerals+PLC,https://find-and-update.company-information.service.gov.uk/search/companies?q=Strategic+Minerals+PLC,1620598049,18:07:29,20210509
1,2019-03-31,SML.L,USD,2019-03-31,2019-03-31,Q1,847000.0,127750.0,719250.0,0.8491735537190083,0.0,201750.0,1250.0,0.0,11500.0,767250.0,13000.0,4250.0,84000.0,0.09917355371900827,79750.0,0.09415584415584416,0.0,-211250.0,-0.24940968122786306,96250.0,-307500.0,-0.3630460448642267,-0.0002145,-0.0002145,1434077744,1434077744,https://find-and-update.company-information.service.gov.uk/search/companies?q=Strategic+Minerals+PLC,https://find-and-update.company-information.service.gov.uk/search/companies?q=Strategic+Minerals+PLC,1620598049,18:07:29,20210509
2,2019-01-31,SML.L,USD,2019-01-31,2019-01-31,Q1,847000.0,127750.0,719250.0,0.8491735537190083,0.0,201750.0,1250.0,0.0,11500.0,767250.0,13000.0,4250.0,84000.0,0.09917355371900827,79750.0,0.09415584415584416,0.0,-211250.0,-0.24940968122786306,96250.0,-307500.0,-0.3630460448642267,-0.0002145,-0.0002145,1434077744,1434077744,https://find-and-update.company-information.service.gov.uk/search/companies?q=Strategic+Minerals+PLC,https://find-and-update.company-information.service.gov.uk/search/companies?q=Strategic+Minerals+PLC,1620598049,18:07:29,20210509
3,2018-06-30,SML.L,USD,2018-06-30,2018-06-30,Q2,838750.0,162500.0,676250.0,0.8062593144560357,0.0,189000.0,23750.0,0.0,11500.0,826500.0,0.0,16000.0,28250.0,0.03368107302533532,12250.0,0.014605067064083458,0.0,483250.0,0.5761549925484352,115000.0,368250.0,0.4390461997019374,0.00027,0.000265,1366949045,1384449045,https://find-and-update.company-information.service.gov.uk/search/companies?q=Strategic+Minerals+PLC,https://find-and-update.company-information.service.gov.uk/search/companies?q=Strategic+Minerals+PLC,1620598049,18:07:29,20210509
4,2018-03-31,SML.L,USD,2018-03-31,2018-03-31,Q1,838750.0,162500.0,676250.0,0.8062593144560357,0.0,189000.0,23750.0,0.0,11500.0,826500.0,0.0,16000.0,28250.0,0.03368107302533532,12250.0,0.014605067064083458,0.0,483250.0,0.5761549925484352,115000.0,368250.0,0.4390461997019374,0.00027,0.000265,1366949045,1384449045,https://find-and-update.company-information.service.gov.uk/search/companies?q=Strategic+Minerals+PLC,https://find-and-update.company-information.service.gov.uk/search/companies?q=Strategic+Minerals+PLC,1620598049,18:07:29,20210509
5,2018-01-31,SML.L,USD,2018-01-31,2018-01-31,Q1,838750.0,162500.0,676250.0,0.8062593144560357,0.0,189000.0,23750.0,0.0,11500.0,826500.0,0.0,16000.0,28250.0,0.03368107302533532,12250.0,0.014605067064083458,0.0,483250.0,0.5761549925484352,115000.0,368250.0,0.4390461997019374,0.00027,0.000265,1366949045,1384449045,https://find-and-update.company-information.service.gov.uk/search/companies?q=Strategic+Minerals+PLC,https://find-and-update.company-information.service.gov.uk/search/companies?q=Strategic+Minerals+PLC,1620598049,18:07:29,20210509
6,2017-06-30,SML.L,USD,2017-06-30,2017-06-30,Q2,1410500.0,228500.0,1182000.0,0.8380007089684509,0.0,142000.0,30250.0,0.0,17500.0,827500.0,0.0,18500.0,601500.0,0.4264445232187168,583000.0,0.41332860687699396,0.0,558500.0,0.39595887982984757,162000.0,396500.0,0.28110599078341014,0.00038,0.0003675,1040199989,1080199989,https://find-and-update.company-information.service.gov.uk/search/companies?q=Strategic+Minerals+PLC,https://find-and-update.company-information.service.gov.uk/search/companies?q=Strategic+Minerals+PLC,1620598049,18:07:29,20210509
7,2017-03-31,SML.L,USD,2017-03-31,2017-03-31,Q1,1410500.0,228500.0,1182000.0,0.8380007089684509,0.0,142000.0,30250.0,0.0,17500.0,827500.0,0.0,18500.0,601500.0,0.4264445232187168,583000.0,0.41332860687699396,0.0,558500.0,0.39595887982984757,162000.0,396500.0,0.28110599078341014,0.00038,0.0003675,1040199989,1080199989,https://find-and-update.company-information.service.gov.uk/search/companies?q=Strategic+Minerals+PLC,https://find-and-update.company-information.service.gov.uk/search/companies?q=Strategic+Minerals+PLC,1620598049,18:07:29,20210509
8,2017-01-31,SML.L,USD,2017-01-31,2017-01-31,Q1,1410500.0,228500.0,1182000.0,0.8380007089684509,0.0,142000.0,30250.0,0.0,17500.0,827500.0,0.0,18500.0,601500.0,0.4264445232187168,583000.0,0.41332860687699396,0.0,558500.0,0.39595887982984757,162000.0,396500.0,0.28110599078341014,0.00038,0.0003675,1040199989,1080199989,https://find-and-update.company-information.service.gov.uk/search/companies?q=Strategic+Minerals+PLC,https://find-and-update.company-information.service.gov.uk/search/companies?q=Strategic+Minerals+PLC,1620598049,18:07:29,20210509
9,2016-06-30,SML.L,USD,2016-06-30,2016-06-30,Q2,388000.0,84250.0,303750.0,0.782860824742268,0.0,159250.0,19750.0,0.0,56250.0,460500.0,0.0,12000.0,-60500.0,-0.1559278350515464,-72500.0,-0.18685567010309279,0.0,87750.0,0.226159793814433,0.0,87750.0,0.226159793814433,8.5e-05,8.25e-05,1008103186,1070436519,https://find-and-update.company-information.service.gov.uk/search/companies?q=Strategic+Minerals+PLC,https://find-and-update.company-information.service.gov.uk/search/companies?q=Strategic+Minerals+PLC,1620598049,18:07:29,20210509
10,2016-03-31,SML.L,USD,2016-03-31,2016-03-31,Q1,388000.0,84250.0,303750.0,0.782860824742268,0.0,159250.0,19750.0,0.0,56250.0,460500.0,0.0,12000.0,-60500.0,-0.1559278350515464,-72500.0,-0.18685567010309279,0.0,87750.0,0.226159793814433,0.0,87750.0,0.226159793814433,8.5e-05,8.25e-05,1008103186,1070436519,https://find-and-update.company-information.service.gov.uk/search/companies?q=Strategic+Minerals+PLC,https://find-and-update.company-information.service.gov.uk/search/companies?q=Strategic+Minerals+PLC,1620598049,18:07:29,20210509
11,2016-01-31,SML.L,USD,2016-01-31,2016-01-31,Q1,388000.0,84250.0,303750.0,0.782860824742268,0.0,159250.0,19750.0,0.0,56250.0,460500.0,0.0,12000.0,-60500.0,-0.1559278350515464,-72500.0,-0.18685567010309279,0.0,87750.0,0.226159793814433,0.0,87750.0,0.226159793814433,8.5e-05,8.25e-05,1008103186,1070436519,https://find-and-update.company-information.service.gov.uk/search/companies?q=Strategic+Minerals+PLC,https://find-and-update.company-information.service.gov.uk/search/companies?q=Strategic+Minerals+PLC,1620598049,18:07:29,20210509
12,2015-09-30,SML.L,USD,2015-09-30,2015-09-30,Q3,313000.0,61500.0,251500.0,0.8035143769968051,0.0,108500.0,0.0,0.0,143250.0,242000.0,1000.0,2500.0,73500.0,0.23482428115015974,71000.0,0.2268370607028754,0.0,-220000.0,-0.7028753993610224,0.0,-220000.0,-0.7028753993610224,-0.00025,-0.00025,809995423,809995423,https://find-and-update.company-information.service.gov.uk/search/companies?q=Strategic+Minerals+PLC,https://find-and-update.company-information.service.gov.uk/search/companies?q=Strategic+Minerals+PLC,1620598049,18:07:29,20210509
13,2015-06-30,SML.L,USD,2015-06-30,2015-06-30,Q2,313000.0,61500.0,251500.0,0.8035143769968051,0.0,108500.0,0.0,0.0,143250.0,242000.0,1000.0,2500.0,73500.0,0.23482428115015974,71000.0,0.2268370607028754,0.0,-220000.0,-0.7028753993610224,0.0,-220000.0,-0.7028753993610224,-0.00025,-0.00025,809995423,809995423,https://find-and-update.company-information.service.gov.uk/search/companies?q=Strategic+Minerals+PLC,https://find-and-update.company-information.service.gov.uk/search/companies?q=Strategic+Minerals+PLC,1620598049,18:07:29,20210509
14,2015-03-31,SML.L,USD,2015-03-31,2015-03-31,Q1,313000.0,61500.0,251500.0,0.8035143769968051,0.0,108500.0,0.0,0.0,143250.0,242000.0,1000.0,2500.0,73500.0,0.23482428115015974,71000.0,0.2268370607028754,0.0,-220000.0,-0.7028753993610224,0.0,-220000.0,-0.7028753993610224,-0.00025,-0.00025,809995423,809995423,https://find-and-update.company-information.service.gov.uk/search/companies?q=Strategic+Minerals+PLC,https://find-and-update.company-information.service.gov.uk/search/companies?q=Strategic+Minerals+PLC,1620598049,18:07:29,20210509
15,2015-01-31,SML.L,USD,2015-01-31,2015-01-31,Q1,313000.0,61500.0,251500.0,0.8035143769968051,0.0,108500.0,0.0,0.0,143250.0,242000.0,1000.0,2500.0,73500.0,0.23482428115015974,71000.0,0.2268370607028754,0.0,-220000.0,-0.7028753993610224,0.0,-220000.0,-0.7028753993610224,-0.00025,-0.00025,809995423,809995423,https://find-and-update.company-information.service.gov.uk/search/companies?q=Strategic+Minerals+PLC,https://find-and-update.company-information.service.gov.uk/search/companies?q=Strategic+Minerals+PLC,1620598049,18:07:29,20210509
16,2014-09-30,SML.L,USD,2014-09-30,2014-09-30,Q3,1522250.0,1679500.0,-157250.0,-0.10330103465265232,0.0,99750.0,0.0,0.0,136250.0,2558750.0,3500.0,386750.0,-649750.0,-0.42683527672852684,-1036500.0,-0.680899983576942,0.0,-1514000.0,-0.9945803908687798,-81000.0,-1433000.0,-0.9413696830349811,-0.00225,-0.00225,629902908,629902908,https://find-and-update.company-information.service.gov.uk/search/companies?q=Strategic+Minerals+PLC,https://find-and-update.company-information.service.gov.uk/search/companies?q=Strategic+Minerals+PLC,1620598049,18:07:29,20210509
17,2014-06-30,SML.L,USD,2014-06-30,2014-06-30,Q2,1522250.0,1679500.0,-157250.0,-0.10330103465265232,0.0,99750.0,0.0,0.0,136250.0,2558750.0,3500.0,386750.0,-649750.0,-0.42683527672852684,-1036500.0,-0.680899983576942,0.0,-1514000.0,-0.9945803908687798,-81000.0,-1433000.0,-0.9413696830349811,-0.00225,-0.00225,629902908,629902908,https://find-and-update.company-information.service.gov.uk/search/companies?q=Strategic+Minerals+PLC,https://find-and-update.company-information.service.gov.uk/search/companies?q=Strategic+Minerals+PLC,1620598049,18:07:29,20210509
18,2014-03-31,SML.L,USD,2014-03-31,2014-03-31,Q1,1522250.0,1679500.0,-157250.0,-0.10330103465265232,0.0,99750.0,0.0,0.0,136250.0,2558750.0,3500.0,386750.0,-649750.0,-0.42683527672852684,-1036500.0,-0.680899983576942,0.0,-1514000.0,-0.9945803908687798,-81000.0,-1433000.0,-0.9413696830349811,-0.00225,-0.00225,629902908,629902908,https://find-and-update.company-information.service.gov.uk/search/companies?q=Strategic+Minerals+PLC,https://find-and-update.company-information.service.gov.uk/search/companies?q=Strategic+Minerals+PLC,1620598049,18:07:29,20210509
19,2014-01-31,SML.L,USD,2014-01-31,2014-01-31,Q1,1522250.0,1679500.0,-157250.0,-0.10330103465265232,0.0,99750.0,0.0,0.0,136250.0,2558750.0,3500.0,386750.0,-649750.0,-0.42683527672852684,-1036500.0,-0.680899983576942,0.0,-1514000.0,-0.9945803908687798,-81000.0,-1433000.0,-0.9413696830349811,-0.00225,-0.00225,629902908,629902908,https://find-and-update.company-information.service.gov.uk/search/companies?q=Strategic+Minerals+PLC,https://find-and-update.company-information.service.gov.uk/search/companies?q=Strategic+Minerals+PLC,1620598049,18:07:29,20210509
20,2013-09-30,SML.L,USD,2013-09-30,2013-09-30,Q3,9310500.0,8809250.0,501250.0,0.05383706567853499,0.0,220750.0,63000.0,0.0,4620250.0,16371250.0,168250.0,2403500.0,-4657250.0,-0.5002148112346275,-7060750.0,-0.7583642124483111,0.0,-7242750.0,-0.7779120347994201,-1273000.0,-5969750.0,-0.6411846839589711,-0.011,-0.011,542430126,542430126,https://find-and-update.company-information.service.gov.uk/search/companies?q=Strategic+Minerals+PLC,https://find-and-update.company-information.service.gov.uk/search/companies?q=Strategic+Minerals+PLC,1620598049,18:07:29,20210509
21,2013-06-30,SML.L,USD,2013-06-30,2013-06-30,Q2,9310500.0,8809250.0,501250.0,0.05383706567853499,0.0,220750.0,63000.0,0.0,4620250.0,16371250.0,168250.0,2403500.0,-4657250.0,-0.5002148112346275,-7060750.0,-0.7583642124483111,0.0,-7242750.0,-0.7779120347994201,-1273000.0,-5969750.0,-0.6411846839589711,-0.011,-0.011,542430126,542430126,https://find-and-update.company-information.service.gov.uk/search/companies?q=Strategic+Minerals+PLC,https://find-and-update.company-information.service.gov.uk/search/companies?q=Strategic+Minerals+PLC,1620598049,18:07:29,20210509
22,2013-03-31,SML.L,USD,2013-03-31,2013-03-31,Q1,9310500.0,8809250.0,501250.0,0.05383706567853499,0.0,220750.0,63000.0,0.0,4620250.0,16371250.0,168250.0,2403500.0,-4657250.0,-0.5002148112346275,-7060750.0,-0.7583642124483111,0.0,-7242750.0,-0.7779120347994201,-1273000.0,-5969750.0,-0.6411846839589711,-0.011,-0.011,542430126,542430126,https://find-and-update.company-information.service.gov.uk/search/companies?q=Strategic+Minerals+PLC,https://find-and-update.company-information.service.gov.uk/search/companies?q=Strategic+Minerals+PLC,1620598049,18:07:29,20210509
23,2013-01-31,SML.L,USD,2013-01-31,2013-01-31,Q1,9310500.0,8809250.0,501250.0,0.05383706567853499,0.0,220750.0,63000.0,0.0,4620250.0,16371250.0,168250.0,2403500.0,-4657250.0,-0.5002148112346275,-7060750.0,-0.7583642124483111,0.0,-7242750.0,-0.7779120347994201,-1273000.0,-5969750.0,-0.6411846839589711,-0.011,-0.011,542430126,542430126,https://find-and-update.company-information.service.gov.uk/search/companies?q=Strategic+Minerals+PLC,https://find-and-update.company-information.service.gov.uk/search/companies?q=Strategic+Minerals+PLC,1620598049,18:07:29,20210509
24,2012-09-30,SML.L,USD,2012-09-30,2012-09-30,Q3,1516620.61052675,1151807.50149475,364813.10903175,0.2405434203515431,0.0,1334012.0553965,56560.171943,0.0,337341.02551675,3245341.86583925,288456.876909,327240.9948125,-1401480.2605,-0.9240809802876412,-1728721.2553125,-1.1398508257856812,0.0,-2017178.1322215,-1.330047948854458,-256540.779884,-1760637.3523375,-1.1608950452849236,-0.00404,-0.00404,434531331,434531331,https://find-and-update.company-information.service.gov.uk/search/companies?q=Strategic+Minerals+PLC,https://find-and-update.company-information.service.gov.uk/search/companies?q=Strategic+Minerals+PLC,1620598049,18:07:29,20210509
25,2012-06-30,SML.L,USD,2012-06-30,2012-06-30,Q2,1516620.61052675,1151807.50149475,364813.10903175,0.2405434203515431,0.0,1334012.0553965,56560.171943,0.0,337341.02551675,3245341.86583925,288456.876909,327240.9948125,-1401480.2605,-0.9240809802876412,-1728721.2553125,-1.1398508257856812,0.0,-2017178.1322215,-1.330047948854458,-256540.779884,-1760637.3523375,-1.1608950452849236,-0.00404,-0.00404,434531331,434531331,https://find-and-update.company-information.service.gov.uk/search/companies?q=Strategic+Minerals+PLC,https://find-and-update.company-information.service.gov.uk/search/companies?q=Strategic+Minerals+PLC,1620598049,18:07:29,20210509
26,2012-03-31,SML.L,USD,2012-03-31,2012-03-31,Q1,1516620.61052675,1151807.50149475,364813.10903175,0.2405434203515431,0.0,1334012.0553965,56560.171943,0.0,337341.02551675,3245341.86583925,288456.876909,327240.9948125,-1401480.2605,-0.9240809802876412,-1728721.2553125,-1.1398508257856812,0.0,-2017178.1322215,-1.330047948854458,-256540.779884,-1760637.3523375,-1.1608950452849236,-0.00404,-0.00404,434531331,434531331,https://find-and-update.company-information.service.gov.uk/search/companies?q=Strategic+Minerals+PLC,https://find-and-update.company-information.service.gov.uk/search/companies?q=Strategic+Minerals+PLC,1620598049,18:07:29,20210509
27,2012-01-31,SML.L,USD,2012-01-31,2012-01-31,Q1,1516620.61052675,1151807.50149475,364813.10903175,0.2405434203515431,0.0,1334012.0553965,56560.171943,0.0,337341.02551675,3245341.86583925,288456.876909,327240.9948125,-1401480.2605,-0.9240809802876412,-1728721.2553125,-1.1398508257856812,0.0,-2017178.1322215,-1.330047948854458,-256540.779884,-1760637.3523375,-1.1608950452849236,-0.00404,-0.00404,434531331,434531331,https://find-and-update.company-information.service.gov.uk/search/companies?q=Strategic+Minerals+PLC,https://find-and-update.company-information.service.gov.uk/search/companies?q=Strategic+Minerals+PLC,1620598049,18:07:29,20210509
28,2011-09-30,SML.L,USD,2011-09-30,2011-09-30,Q3,0.0,0.0,0.0,0.0,0.0,508477.20780025,0.0,0.0,826760.65085075,996382.43696425,12808.96783,388.15054025,-995994.286424,0.0,-996382.43696425,0.0,0.0,-1325534.0951435,0.0,0.0,-1325534.0951435,0.0,-0.0045025,-0.0045025,278716703,278716703,https://find-and-update.company-information.service.gov.uk/search/companies?q=Strategic+Minerals+PLC,https://find-and-update.company-information.service.gov.uk/search/companies?q=Strategic+Minerals+PLC,1620598049,18:07:29,20210509
29,2011-06-30,SML.L,USD,2011-06-30,2011-06-30,Q2,0.0,0.0,0.0,0.0,0.0,508477.20780025,0.0,0.0,826760.65085075,996382.43696425,12808.96783,388.15054025,-995994.286424,0.0,-996382.43696425,0.0,0.0,-1325534.0951435,0.0,0.0,-1325534.0951435,0.0,-0.0045025,-0.0045025,278716703,278716703,https://find-and-update.company-information.service.gov.uk/search/companies?q=Strategic+Minerals+PLC,https://find-and-update.company-information.service.gov.uk/search/companies?q=Strategic+Minerals+PLC,1620598049,18:07:29,20210509
30,2011-03-31,SML.L,USD,2011-03-31,2011-03-31,Q1,0.0,0.0,0.0,0.0,0.0,508477.20780025,0.0,0.0,826760.65085075,996382.43696425,12808.96783,388.15054025,-995994.286424,0.0,-996382.43696425,0.0,0.0,-1325534.0951435,0.0,0.0,-1325534.0951435,0.0,-0.0045025,-0.0045025,278716703,278716703,https://find-and-update.company-information.service.gov.uk/search/companies?q=Strategic+Minerals+PLC,https://find-and-update.company-information.service.gov.uk/search/companies?q=Strategic+Minerals+PLC,1620598049,18:07:29,20210509
31,2011-01-31,SML.L,USD,2011-01-31,2011-01-31,Q1,0.0,0.0,0.0,0.0,0.0,508477.20780025,0.0,0.0,826760.65085075,996382.43696425,12808.96783,388.15054025,-995994.286424,0.0,-996382.43696425,0.0,0.0,-1325534.0951435,0.0,0.0,-1325534.0951435,0.0,-0.0045025,-0.0045025,278716703,278716703,https://find-and-update.company-information.service.gov.uk/search/companies?q=Strategic+Minerals+PLC,https://find-and-update.company-information.service.gov.uk/search/companies?q=Strategic+Minerals+PLC,1620598049,18:07:29,20210509
32,2010-09-30,SML.L,USD,2010-09-30,2010-09-30,Q3,0.0,0.0,0.0,0.0,0.0,0.0,1554.60551875,0.0,64516.12903225,70345.899728,0.0,388.65137975,-69957.24834825001,0.0,-70345.899728,0.0,0.0,-70345.899728,0.0,0.0,-70345.899728,0.0,-0.00038875,-0.00038875,219156000,219156000,https://find-and-update.company-information.service.gov.uk/search/companies?q=Strategic+Minerals+PLC,https://find-and-update.company-information.service.gov.uk/search/companies?q=Strategic+Minerals+PLC,1620598049,18:07:29,20210509
33,2010-06-30,SML.L,USD,2010-06-30,2010-06-30,Q2,0.0,0.0,0.0,0.0,0.0,0.0,1554.60551875,0.0,64516.12903225,70345.899728,0.0,388.65137975,-69957.24834825001,0.0,-70345.899728,0.0,0.0,-70345.899728,0.0,0.0,-70345.899728,0.0,-0.00038875,-0.00038875,219156000,219156000,https://find-and-update.company-information.service.gov.uk/search/companies?q=Strategic+Minerals+PLC,https://find-and-update.company-information.service.gov.uk/search/companies?q=Strategic+Minerals+PLC,1620598049,18:07:29,20210509
34,2010-03-31,SML.L,USD,2010-03-31,2010-03-31,Q1,0.0,0.0,0.0,0.0,0.0,0.0,1554.60551875,0.0,64516.12903225,70345.899728,0.0,388.65137975,-69957.24834825001,0.0,-70345.899728,0.0,0.0,-70345.899728,0.0,0.0,-70345.899728,0.0,-0.00038875,-0.00038875,219156000,219156000,https://find-and-update.company-information.service.gov.uk/search/companies?q=Strategic+Minerals+PLC,https://find-and-update.company-information.service.gov.uk/search/companies?q=Strategic+Minerals+PLC,1620598049,18:07:29,20210509
35,2010-01-31,SML.L,USD,2010-01-31,2010-01-31,Q1,0.0,0.0,0.0,0.0,0.0,0.0,1554.60551875,0.0,64516.12903225,70345.899728,0.0,388.65137975,-69957.24834825001,0.0,-70345.899728,0.0,0.0,-70345.899728,0.0,0.0,-70345.899728,0.0,-0.00038875,-0.00038875,219156000,219156000,https://find-and-update.company-information.service.gov.uk/search/companies?q=Strategic+Minerals+PLC,https://find-and-update.company-information.service.gov.uk/search/companies?q=Strategic+Minerals+PLC,1620598049,18:07:29,20210509
