,date,symbol,reportedCurrency,fillingDate,acceptedDate,period,revenue,costOfRevenue,grossProfit,grossProfitRatio,researchAndDevelopmentExpenses,generalAndAdministrativeExpenses,sellingAndMarketingExpenses,otherExpenses,operatingExpenses,costAndExpenses,interestExpense,depreciationAndAmortization,ebitda,ebitdaratio,operatingIncome,operatingIncomeRatio,totalOtherIncomeExpensesNet,incomeBeforeTax,incomeBeforeTaxRatio,incomeTaxExpense,netIncome,netIncomeRatio,eps,epsdiluted,weightedAverageShsOut,weightedAverageShsOutDil,link,finalLink,timestamp,est_time,est_date
0,2020-12-31,CREST.NS,INR,2020-12-31,2020-12-31,Q4,134594000,65105000.0,69489000.0,0.5162860157213546,0.0,0.0,0.0,-2000.0,31956000,97061000,0.0,7848000.0,45381000.0,0.33716956179324487,37533000.0,0.2788608704697089,0.0,-51187000.0,-0.380306700150081,10368000.0,7604000.0,0.05649583190929759,0.27,0.27,28162963,28162963,https://www.nseindia.com/companies-listing/corporate-filings-annual-reports,https://www.nseindia.com/companies-listing/corporate-filings-annual-reports,1620590669,16:04:29,20210509
1,2020-09-30,CREST.NS,INR,2020-09-30,2020-09-30,Q3,135950000,40618000.0,95332000.0,0.7012283927914674,0.0,0.0,0.0,-72000.0,25467000,66085000,24571000.0,7764000.0,77629000.0,0.5710114012504597,69865000.0,0.51390216991541,0.0,-16603000.0,-0.1221257815373299,13868000.0,-30546000.0,-0.22468554615667524,-1.07,-1.07,28547664,28547664,https://www.nseindia.com/companies-listing/corporate-filings-annual-reports,https://www.nseindia.com/companies-listing/corporate-filings-annual-reports,1620590669,16:04:29,20210509
2,2020-06-30,CREST.NS,INR,2020-06-30,2020-06-30,Q2,135729000,65321000.0,70408000.0,0.5187395471859367,0.0,0.0,0.0,246000.0,43764000,109085000,0.0,7713000.0,34357000.0,0.25312939754952885,26644000.0,0.19630292715631883,0.0,26890000.0,0.19811536222914777,8177000.0,27577000.0,0.20317691871302374,0.97,0.97,28429897,28429897,https://www.nseindia.com/companies-listing/corporate-filings-annual-reports,https://www.nseindia.com/companies-listing/corporate-filings-annual-reports,1620590669,16:04:29,20210509
3,2020-03-31,CREST.NS,INR,2020-03-31,2020-03-31,Q1,176598550,135342242.0,41256308.0,0.2336163462270783,0.0,0.0,0.0,-8221707.0,52105611,187447853,22420621.0,7645560.0,-3203743.0,-0.01814138904311502,-10849303.0,-0.06143483624299294,0.0,370564692.0,2.0983450430368764,11814082.0,64562085.0,0.36558672197478403,2.2615540451926295,2.2615540451926295,28547664,28547664,https://www.nseindia.com/companies-listing/corporate-filings-annual-reports,https://www.nseindia.com/companies-listing/corporate-filings-annual-reports,1620590669,16:04:29,20210509
4,2019-12-31,CREST.NS,INR,2019-12-31,2019-12-31,Q4,178977000,52659000.0,126318000.0,0.7057778373757522,0.0,0.0,0.0,-2104000.0,58991000,111650000,27057000.0,7218000.0,74545000.0,0.41650603150125437,67327000.0,0.3761768271900859,0.0,38166000.0,0.21324527732613688,10980000.0,146136000.0,0.8165071489632746,5.14,5.14,28431128,28431128,https://www.nseindia.com/companies-listing/corporate-filings-annual-reports,https://www.nseindia.com/companies-listing/corporate-filings-annual-reports,1620590669,16:04:29,20210509
5,2019-09-30,CREST.NS,INR,2019-09-30,2019-09-30,Q3,172565000,38358000.0,134207000.0,0.7777185408396836,0.0,0.0,0.0,2913000.0,52553000,90911000,28592000.0,8384000.0,90038000.0,0.5217628140121113,81654000.0,0.47317822269869325,0.0,55975000.0,0.3243705270477791,14547000.0,148854000.0,0.8625967026917394,5.23,5.23,28461568,28461568,https://www.nseindia.com/companies-listing/corporate-filings-annual-reports,https://www.nseindia.com/companies-listing/corporate-filings-annual-reports,1620590669,16:04:29,20210509
6,2019-06-30,CREST.NS,INR,2019-06-30,2019-06-30,Q2,139086000,37495000.0,101591000.0,0.7304185899371611,0.0,0.0,0.0,12854000.0,57813000,95308000,21207000.0,5730000.0,49508000.0,0.3559524323080684,43778000.0,0.31475489984613836,0.0,35425000.0,0.2546985318436076,10856000.0,93482000.0,0.6721165322174769,3.29,3.29,28413982,28413982,https://www.nseindia.com/companies-listing/corporate-filings-annual-reports,https://www.nseindia.com/companies-listing/corporate-filings-annual-reports,1620590669,16:04:29,20210509
7,2019-03-31,CREST.NS,INR,2019-03-31,2019-03-31,Q1,151252406,121059921.0,30192485.0,0.19961656014913243,0.0,0.0,0.0,-17651352.0,40139959,161199880,24147082.0,3348238.0,-6599236.0,-0.04363061834533726,-9947474.0,-0.06576737695002352,0.0,27142085.0,0.17944894707988976,8944620.0,102611516.0,0.6784124544769226,3.5943927320988505,3.5943927320988505,28547664,28547664,https://www.nseindia.com/companies-listing/corporate-filings-annual-reports,https://www.nseindia.com/companies-listing/corporate-filings-annual-reports,1620590669,16:04:29,20210509
8,2018-12-31,CREST.NS,INR,2018-12-31,2018-12-31,Q4,132691000,-22321000.0,155012000.0,1.1682178896835504,0.0,0.0,0.0,4968000.0,49522000,27201000,22124000.0,3520000.0,109010000.0,0.8215327339457839,105490000.0,0.7950049362805315,0.0,88334000.0,0.6657120678870458,25181000.0,134697000.0,1.0151178301467318,4.82,4.82,27945436,27945436,https://www.nseindia.com/companies-listing/corporate-filings-annual-reports,https://www.nseindia.com/companies-listing/corporate-filings-annual-reports,1620590669,16:04:29,20210509
9,2018-09-30,CREST.NS,INR,2018-09-30,2018-09-30,Q3,128051000,36421000.0,91630000.0,0.7155742633794347,0.0,0.0,0.0,3532000.0,47958000,84379000,17669000.0,3432000.0,47104000.0,0.36785343339763066,43672000.0,0.3410516122482448,0.0,29535000.0,0.23065028777596427,10034000.0,148165000.0,1.1570780392187487,5.3,5.3,27955660,27955660,https://www.nseindia.com/companies-listing/corporate-filings-annual-reports,https://www.nseindia.com/companies-listing/corporate-filings-annual-reports,1620590669,16:04:29,20210509
10,2018-06-30,CREST.NS,INR,2018-06-30,2018-06-30,Q2,103487000,94248000.0,9239000.0,0.0892769140085228,0.0,0.0,0.0,10947000.0,47303000,141551000,16881000.0,3422000.0,-34642000.0,-0.3347473595717336,-38064000.0,-0.3678143148414777,0.0,-43998000.0,-0.425154850367679,-7618000.0,93622000.0,0.9046740170262931,3.35,3.35,27946866,27946866,https://www.nseindia.com/companies-listing/corporate-filings-annual-reports,https://www.nseindia.com/companies-listing/corporate-filings-annual-reports,1620590669,16:04:29,20210509
11,2018-03-31,CREST.NS,INR,2018-03-31,2018-03-31,Q1,106465000,34525000.0,71940000.0,0.6757150237167144,0.0,0.0,0.0,4516000.0,52251000,86776000,18169000.0,3787000.0,23476000.0,0.22050439111445075,19689000.0,0.18493401587376132,0.0,6036000.0,0.056694688395247265,-4247000.0,112526000.0,1.0569295073498333,4.32,4.32,26047685,26047685,https://www.nseindia.com/companies-listing/corporate-filings-annual-reports,https://www.nseindia.com/companies-listing/corporate-filings-annual-reports,1620590669,16:04:29,20210509
12,2017-12-31,CREST.NS,INR,2017-12-31,2017-12-31,Q4,179090000,31001000.0,148089000.0,0.8268970908481769,0.0,0.0,0.0,7285000.0,46717000,77718000,25598000.0,3206000.0,104578000.0,0.5839410352336813,101372000.0,0.5660394215199062,0.0,83059000.0,0.46378357250544416,-3450000.0,201916000.0,1.127455469317103,7.75,7.75,26053677,26053677,https://www.nseindia.com/companies-listing/corporate-filings-annual-reports,https://www.nseindia.com/companies-listing/corporate-filings-annual-reports,1620590669,16:04:29,20210509
13,2017-09-30,CREST.NS,INR,2017-09-30,2017-09-30,Q3,562394000,31782000.0,530612000.0,0.9434880172974819,0.0,0.0,0.0,2981000.0,43872000,75654000,18124000.0,3131000.0,489871000.0,0.8710459215425485,486740000.0,0.8654786501989709,0.0,471597000.0,0.8385526872619551,69310000.0,511469000.0,0.9094496029473998,19.63,19.63,26055476,26055476,https://www.nseindia.com/companies-listing/corporate-filings-annual-reports,https://www.nseindia.com/companies-listing/corporate-filings-annual-reports,1620590669,16:04:29,20210509
14,2017-06-30,CREST.NS,INR,2017-06-30,2017-06-30,Q2,96646000,30584000.0,66062000.0,0.6835461374500755,0.0,0.0,0.0,3005000.0,46410000,76994000,18075000.0,3040000.0,22692000.0,0.2347950251433065,19652000.0,0.20334002441901372,0.0,4582000.0,0.04741013596010182,3107000.0,114222000.0,1.1818595699770296,4.38,4.38,26078082,26078082,https://www.nseindia.com/companies-listing/corporate-filings-annual-reports,https://www.nseindia.com/companies-listing/corporate-filings-annual-reports,1620590669,16:04:29,20210509
15,2017-03-31,CREST.NS,INR,2017-03-31,2017-03-31,Q1,145816000,67795000.0,78021000.0,0.5350647391232787,0.0,0.0,0.0,5916000.0,47365000,115160000,18449000.0,1892000.0,32548000.0,0.22321281615186261,30656000.0,0.21023755966423438,0.0,18123000.0,0.12428677237065891,4585000.0,119922000.0,0.8224200362100181,5.19,5.19,23106358,23106358,https://www.nseindia.com/companies-listing/corporate-filings-annual-reports,https://www.nseindia.com/companies-listing/corporate-filings-annual-reports,1620590669,16:04:29,20210509
16,2016-12-31,CREST.NS,INR,2016-12-31,2016-12-31,Q4,95852000,29231000.0,66621000.0,0.6950402704168928,0.0,0.0,0.0,0.0,22400000,51631000,23217000.0,1903000.0,46124000.0,0.48120018361640865,44221000.0,0.461346659433293,0.0,21004000.0,0.2191294912990861,234000.0,96655000.0,1.0083774986437424,4.18,4.18,23123206,23123206,https://www.nseindia.com/companies-listing/corporate-filings-annual-reports,https://www.nseindia.com/companies-listing/corporate-filings-annual-reports,1620590669,16:04:29,20210509
17,2016-09-30,CREST.NS,INR,2016-09-30,2016-09-30,Q3,95747000,27832000.0,67915000.0,0.7093172632040691,0.0,0.0,0.0,11248000.0,33984000,61816000,30573000.0,1679000.0,35610000.0,0.3719176579945064,33931000.0,0.3543818605282672,0.0,14606000.0,0.1525478605073788,1798000.0,82785000.0,0.8646223902576582,4.77,4.77,17355346,17355346,https://www.nseindia.com/companies-listing/corporate-filings-annual-reports,https://www.nseindia.com/companies-listing/corporate-filings-annual-reports,1620590669,16:04:29,20210509
18,2016-06-30,CREST.NS,INR,2016-06-30,2016-06-30,Q2,104290000,18209000.0,86081000.0,0.8254003260139994,0.0,0.0,0.0,0.0,58712000,76921000,20395000.0,1610000.0,28979000.0,0.27786940262728926,27369000.0,0.26243168088982644,0.0,6974000.0,0.06687122447022725,2327000.0,81471000.0,0.7811966631508295,4.025133,4.025133,20240575,20240575,https://www.nseindia.com/companies-listing/corporate-filings-annual-reports,https://www.nseindia.com/companies-listing/corporate-filings-annual-reports,1620590669,16:04:29,20210509
19,2016-03-31,CREST.NS,INR,2016-03-31,2016-03-31,Q1,73122000,24645000.0,48477000.0,0.6629605317141216,0.0,0.0,0.0,130470000.0,40962000,65607000,30451000.0,2582000.0,10097000.0,0.13808429747545198,7515000.0,0.10277344711577911,0.0,107534000.0,1.4706107600995597,-95000.0,194920000.0,2.6656820108859165,10.15,10.15,19203941,19203941,https://www.nseindia.com/companies-listing/corporate-filings-annual-reports,https://www.nseindia.com/companies-listing/corporate-filings-annual-reports,1620590669,16:04:29,20210509
20,2015-12-31,CREST.NS,INR,2015-12-31,2015-12-31,Q4,75746000,-531000.0,76277000.0,1.0070102711694346,0.0,0.0,0.0,0.0,70869000,70338000,24966000.0,2226000.0,7634000.0,0.10078419982573338,5408000.0,0.07139650938663428,0.0,-19558000.0,-0.25820505373221025,-15964000.0,44198000.0,0.5835027592216091,2.179923,2.179923,20275032,20275032,https://www.nseindia.com/companies-listing/corporate-filings-annual-reports,https://www.nseindia.com/companies-listing/corporate-filings-annual-reports,1620590669,16:04:29,20210509
21,2015-09-30,CREST.NS,INR,2015-09-30,2015-09-30,Q3,122000000,34081000.0,87919000.0,0.7206475409836065,0.0,0.0,0.0,0.0,66761000,100842000,17080000.0,2512000.0,23670000.0,0.19401639344262295,21158000.0,0.17342622950819672,0.0,4078000.0,0.03342622950819672,-87000.0,62537000.0,0.5125983606557377,3.089654,3.089654,20240778,20240778,https://www.nseindia.com/companies-listing/corporate-filings-annual-reports,https://www.nseindia.com/companies-listing/corporate-filings-annual-reports,1620590669,16:04:29,20210509
22,2015-06-30,CREST.NS,INR,2015-06-30,2015-06-30,Q2,71564000,-626000.0,72190000.0,1.0087474149013471,0.0,0.0,0.0,0.0,66760000,66134000,13387000.0,2541000.0,7971000.0,0.11138281817673691,5430000.0,0.07587613884075792,0.0,7559000.0,0.10562573360907719,2254000.0,70204000.0,0.9809960315242301,3.467278,3.467278,20247581,20247581,https://www.nseindia.com/companies-listing/corporate-filings-annual-reports,https://www.nseindia.com/companies-listing/corporate-filings-annual-reports,1620590669,16:04:29,20210509
23,2015-03-31,CREST.NS,INR,2015-03-31,2015-03-31,Q1,869138369,739154546.0,129983823.0,0.1495548092642082,0.0,0.0,0.0,0.0,190178151,929332697,0.0,3494332.0,-56699996.0,-0.06523701866394073,-60194328.0,-0.06925747400757082,0.0,-29194249.0,-0.03358987480162667,-1429975.0,150440510.0,0.1730915529285533,5.26980105972944,5.26980105972944,28547664,28547664,https://www.nseindia.com/companies-listing/corporate-filings-annual-reports,https://www.nseindia.com/companies-listing/corporate-filings-annual-reports,1620590669,16:04:29,20210509
24,2014-12-31,CREST.NS,INR,2014-12-31,2014-12-31,Q4,120621000,362000.0,120259000.0,0.9969988642110412,0.0,0.0,0.0,0.0,116368000,116730000,0.0,2289000.0,6180000.0,0.05123485960156192,3891000.0,0.03225806451612903,0.0,-12270000.0,-0.10172358047106225,35338000.0,5062000.0,0.04196615846328583,0.248889,0.248889,20338400,20338400,https://www.nseindia.com/companies-listing/corporate-filings-annual-reports,https://www.nseindia.com/companies-listing/corporate-filings-annual-reports,1620590669,16:04:29,20210509
25,2014-09-30,CREST.NS,INR,2014-09-30,2014-09-30,Q3,415087000,253167000.0,161920000.0,0.3900868974455957,0.0,0.0,0.0,0.0,99325000,352492000,19797000.0,7206000.0,69801000.0,0.16815992791872547,62595000.0,0.15079971186763258,0.0,42798000.0,0.10310609583051264,9282000.0,51529000.0,0.12414024047970666,2.548965,2.548965,20215659,20215659,https://www.nseindia.com/companies-listing/corporate-filings-annual-reports,https://www.nseindia.com/companies-listing/corporate-filings-annual-reports,1620590669,16:04:29,20210509
26,2014-06-30,CREST.NS,INR,2014-06-30,2014-06-30,Q2,329002000,200464000.0,128538000.0,0.39069063409948873,0.0,0.0,0.0,0.0,115395000,315859000,0.0,12257000.0,25400000.0,0.07720317809618178,13143000.0,0.03994808542197312,0.0,-7144000.0,-0.021714153713351288,1869000.0,16251000.0,0.04939483650555316,0.806743,0.806743,20143962,20143962,https://www.nseindia.com/companies-listing/corporate-filings-annual-reports,https://www.nseindia.com/companies-listing/corporate-filings-annual-reports,1620590669,16:04:29,20210509
27,2014-03-31,CREST.NS,INR,2014-03-31,2014-03-31,Q1,460941820,263728305.0,197213515.0,0.4278490396033061,0.0,0.0,0.0,0.0,173852537,437580842,0.0,7248305.0,30609283.0,0.06640595769765477,23360978.0,0.050680968804262545,0.0,37961124.0,0.08235556496045422,108742964.0,9750672.0,0.021153802013451503,0.3415576139609882,0.3415576139609882,28547664,28547664,https://www.nseindia.com/companies-listing/corporate-filings-annual-reports,https://www.nseindia.com/companies-listing/corporate-filings-annual-reports,1620590669,16:04:29,20210509
28,2013-12-31,CREST.NS,INR,2013-12-31,2013-12-31,Q4,536643000,408010000.0,128633000.0,0.2396993904700145,0.0,0.0,0.0,0.0,107746000,515756000,0.0,7755000.0,28642000.0,0.05337254003126846,20887000.0,0.03892159219443839,0.0,-6349000.0,-0.011830956520442828,-4751000.0,28657000.0,0.05340049157447316,1.416091,1.416091,20239159,20239159,https://www.nseindia.com/companies-listing/corporate-filings-annual-reports,https://www.nseindia.com/companies-listing/corporate-filings-annual-reports,1620590669,16:04:29,20210509
29,2013-09-30,CREST.NS,INR,2013-09-30,2013-09-30,Q3,404999000,257764000.0,147235000.0,0.36354410751631483,0.0,0.0,0.0,0.0,108133000,365897000,32229000.0,6793000.0,45895000.0,0.11332126745991965,39102000.0,0.09654838653922602,0.0,6873000.0,0.016970412272622894,1588000.0,1941000.0,0.004792604426183769,0.094406,0.094406,20239159,20239159,https://www.nseindia.com/companies-listing/corporate-filings-annual-reports,https://www.nseindia.com/companies-listing/corporate-filings-annual-reports,1620590669,16:04:29,20210509
30,2013-06-30,CREST.NS,INR,2013-06-30,2013-06-30,Q2,295211000,154446000.0,140765000.0,0.47682843796471,0.0,64651000.0,0.0,0.0,128632000,283078000,22834000.0,6456000.0,18589000.0,0.06296852082070113,12133000.0,0.0410994170271433,0.0,-10701000.0,-0.036248649271199244,-2104000.0,71265000.0,0.24140360623418505,3.020995,3.020995,20236710,20236710,https://www.nseindia.com/companies-listing/corporate-filings-annual-reports,https://www.nseindia.com/companies-listing/corporate-filings-annual-reports,1620590669,16:04:29,20210509
31,2013-03-31,CREST.NS,INR,2013-03-31,2013-03-31,Q1,487969050,251884012.0,236085038.0,0.48381149993016975,0.0,0.0,0.0,0.0,189247953,441131965,0.0,7190113.0,54027198.0,0.11071849331427884,46837085.0,0.09598372068884287,0.0,28704954.0,0.05882535787874251,5606417.0,18877056.0,0.038684945284951984,0.6612469587704269,0.6612469587704269,28547664,28547664,https://www.nseindia.com/companies-listing/corporate-filings-annual-reports,https://www.nseindia.com/companies-listing/corporate-filings-annual-reports,1620590669,16:04:29,20210509
32,2012-12-31,CREST.NS,INR,2012-12-31,2012-12-31,Q4,405853000,253554000.0,152299000.0,0.3752565584090791,0.0,0.0,0.0,0.0,132011000,385565000,30665000.0,7725000.0,28013000.0,0.06902252786107285,20288000.0,0.04998854264967858,0.0,-10377000.0,-0.02556837081406322,4132000.0,-15018000.0,-0.037003545618733875,-0.86682,-0.86682,17326211,17326211,https://www.nseindia.com/companies-listing/corporate-filings-annual-reports,https://www.nseindia.com/companies-listing/corporate-filings-annual-reports,1620590669,16:04:29,20210509
33,2012-09-30,CREST.NS,INR,2012-09-30,2012-09-30,Q3,254388000,126650000.0,127738000.0,0.5021384656508955,0.0,0.0,0.0,0.0,147273000,273923000,23803000.0,7810000.0,-11725000.0,-0.04609101058226017,-19535000.0,-0.07679214428353538,0.0,-43338000.0,-0.17036180951931695,-10909000.0,9176000.0,0.03607088384672233,0.532107,0.532107,17326211,17326211,https://www.nseindia.com/companies-listing/corporate-filings-annual-reports,https://www.nseindia.com/companies-listing/corporate-filings-annual-reports,1620590669,16:04:29,20210509
34,2012-06-30,CREST.NS,INR,2012-06-30,2012-06-30,Q2,273329000,116499000.0,156830000.0,0.5737773891537304,0.0,0.0,0.0,0.0,100760000,217259000,40134000.0,7261000.0,63331000.0,0.2317024538193898,56070000.0,0.20513739851973262,0.0,15936000.0,0.058303363346004264,-955000.0,16281000.0,0.0595655784786832,0.944061,0.944061,17326211,17326211,https://www.nseindia.com/companies-listing/corporate-filings-annual-reports,https://www.nseindia.com/companies-listing/corporate-filings-annual-reports,1620590669,16:04:29,20210509
