,date,symbol,reportedCurrency,fillingDate,acceptedDate,period,revenue,costOfRevenue,grossProfit,grossProfitRatio,researchAndDevelopmentExpenses,generalAndAdministrativeExpenses,sellingAndMarketingExpenses,otherExpenses,operatingExpenses,costAndExpenses,interestExpense,depreciationAndAmortization,ebitda,ebitdaratio,operatingIncome,operatingIncomeRatio,totalOtherIncomeExpensesNet,incomeBeforeTax,incomeBeforeTaxRatio,incomeTaxExpense,netIncome,netIncomeRatio,eps,epsdiluted,weightedAverageShsOut,weightedAverageShsOutDil,link,finalLink,timestamp,est_time,est_date
0,2020-12-31,UNL,USD,2021-03-05,2021-03-05 12:35:16,Q4,0.000395473,0.0,0.00023604499999999997,0.5968675484799214,0.0,-0.012392,0.0,-0.036628,-0.04902,-0.04902,0.0,0.0,0.195908,4.953764226634941e-07,0.195908,495.37642266349405,0.0,0.195908,495.37642266349405,0.0,0.195908,495.37642266349405,4.624550901030626e-07,4.624550901030626e-07,423626.0,423626.0,https://www.sec.gov/Archives/edgar/data/1405513/000110465921032579/0001104659-21-032579-index.htm,https://www.sec.gov/Archives/edgar/data/1405513/000110465921032579/tm211105d1_10k.htm,1620599302,18:28:22,20210509
1,2020-09-30,UNL,USD,2020-11-13,2020-11-13 11:28:37,Q3,0.0,0.0,0.0,0.0,0.0,0.0,0.0,0.0,0.0,0.0,0.0,0.0,771001.0,0.0,771001.0,0.0,0.0,771001.0,0.0,0.0,771001.0,0.0,1.8200039657622527,1.8200039657622527,423626.0,423626.0,https://www.sec.gov/Archives/edgar/data/1405513/000110465920124808/0001104659-20-124808-index.htm,https://www.sec.gov/Archives/edgar/data/1405513/000110465920124808/tm2029576d1_10q.htm,1620599302,18:28:22,20210509
2,2020-06-30,UNL,USD,2020-08-13,2020-08-13 15:04:23,Q2,-79714.0,0.0,79714.0,-1.0,0.0,6598.0,0.0,19446.0,26044.0,26044.0,0.0,0.0,-88075.0,1.10488747271,-88075.0,1.104887472714956,0.0,-88075.0,1.104887472714956,0.0,-88075.0,1.104887472714956,-0.20791,-0.20791,423626.0,423626.0,https://www.sec.gov/Archives/edgar/data/1405513/000110465920094609/0001104659-20-094609-index.htm,https://www.sec.gov/Archives/edgar/data/1405513/000110465920094609/tm2020481-1_10q.htm,1620599302,18:28:22,20210509
3,2020-03-31,UNL,USD,2020-05-14 00:00:00,2020-05-14 13:39:44,Q1,-315759.0,0.0,-315759.0,1.0,0.0,5794.0,0.0,17182.0,22976.0,22976.0,0.0,0.0,-322713.0,1.02202312523,-322713.0,1.0220231252315848,0.0,-322713.0,1.0220231252315848,0.0,-322713.0,1.0220231252315848,-0.80678,-0.80678,400000.0,400000.0,https://www.sec.gov/Archives/edgar/data/1405513/000110465920061424/0001104659-20-061424-index.htm,https://www.sec.gov/Archives/edgar/data/1405513/000110465920061424/tm2014650d1_10q.htm,1620599302,18:28:22,20210509
4,2019-12-31,UNL,USD,2020-03-20 00:00:00,2020-03-20 10:26:43,Q4,-172933.0,0.0,-172933.0,1.0,0.0,7478.0,0.0,17597.0,25075.0,25075.0,0.0,0.0,-181907.0,1.05189292963,-181907.0,1.051892929631707,0.0,-181907.0,1.051892929631707,0.0,-181907.0,1.051892929631707,-0.40216,-0.40216,452329.0,452329.0,https://www.sec.gov/Archives/edgar/data/1405513/000110465920036526/0001104659-20-036526-index.html,https://www.sec.gov/Archives/edgar/data/1405513/000110465920036526/tm205311-1_10k.htm,1620599302,18:28:22,20210509
5,2019-09-30,UNL,USD,2019-11-13 00:00:00,2019-11-13 14:16:14,Q3,-111493.0,0.0,-111493.0,1.0,0.0,7641.0,0.0,17615.0,25256.0,25256.0,0.0,0.0,-120661.0,1.08222937763,-120661.0,1.0822293776290888,0.0,-120661.0,1.0822293776290888,0.0,-120661.0,1.0822293776290888,-0.26619,-0.26619,453297.0,453297.0,https://www.sec.gov/Archives/edgar/data/1405513/000110465919063194/0001104659-19-063194-index.html,https://www.sec.gov/Archives/edgar/data/1405513/000110465919063194/tm1919623-1_10q.htm,1620599302,18:28:22,20210509
6,2019-06-30,UNL,USD,2019-08-13 00:00:00,2019-08-13 15:46:42,Q2,-614755.0,0.0,-614755.0,1.0,0.0,8330.0,0.0,22803.0,31133.0,31133.0,0.0,0.0,-624751.0,1.01626013615,-624751.0,1.0162601361518002,0.0,-624751.0,1.0162601361518002,0.0,-624751.0,1.0162601361518002,-1.37316,-1.37316,454972.0,454972.0,https://www.sec.gov/Archives/edgar/data/1405513/000114420419039512/0001144204-19-039512-index.html,https://www.sec.gov/Archives/edgar/data/1405513/000114420419039512/tv526417_10q.htm,1620599302,18:28:22,20210509
7,2019-03-31,UNL,USD,2019-05-14 00:00:00,2019-05-14 13:36:23,Q1,123909.0,0.0,123909.0,1.0,0.0,9096.0,0.0,22797.0,31893.0,31893.0,0.0,0.0,112993.0,0.911903090171,112993.0,0.9119030901710126,0.0,112993.0,0.9119030901710126,0.0,112993.0,0.9119030901710126,0.24564,0.24564,460000.0,460000.0,https://www.sec.gov/Archives/edgar/data/1405513/000114420419025913/0001144204-19-025913-index.html,https://www.sec.gov/Archives/edgar/data/1405513/000114420419025913/tv520444_10q.htm,1620599302,18:28:22,20210509
8,2018-12-31,UNL,USD,2019-03-26 00:00:00,2019-03-26 14:39:03,Q4,434163.0,0.0,434163.0,1.0,0.0,11130.0,0.0,17092.0,28222.0,28222.0,0.0,0.0,420807.0,0.969237360162,420807.0,0.9692373601619668,0.0,420807.0,0.9692373601619668,0.0,420807.0,0.9692373601619668,0.62666,0.62666,671507.0,671507.0,https://www.sec.gov/Archives/edgar/data/1405513/000114420419015981/0001144204-19-015981-index.html,https://www.sec.gov/Archives/edgar/data/1405513/000114420419015981/tv515906_10k.htm,1620599302,18:28:22,20210509
9,2018-09-30,UNL,USD,2018-11-13 00:00:00,2018-11-13 12:21:48,Q3,-21437.0,0.0,-21437.0,1.0,0.0,10983.0,0.0,14197.0,25180.0,25180.0,0.0,0.0,-34618.0,1.61487148388,-34618.0,1.614871483883006,0.0,-34618.0,1.614871483883006,0.0,-34618.0,1.614871483883006,-0.04877,-0.04877,709890.0,709890.0,https://www.sec.gov/Archives/edgar/data/1405513/000114420418059185/0001144204-18-059185-index.html,https://www.sec.gov/Archives/edgar/data/1405513/000114420418059185/tv506063_10q.htm,1620599302,18:28:22,20210509
10,2018-06-30,UNL,USD,2018-07-02 00:00:00,2018-06-29 18:41:09,Q2,144125.0,0.0,144125.0,1.0,0.0,26076.0,0.0,3250.0,29326.0,29326.0,0.0,0.0,130128.0,0.902882914137,130128.0,0.9028829141370338,0.0,130128.0,0.9028829141370338,0.0,130128.0,0.9028829141370338,0.17268,0.17268,753591.0,753591.0,https://www.sec.gov/Archives/edgar/data/1666114/000121390018008541/0001213900-18-008541-index.html,https://www.sec.gov/Archives/edgar/data/1666114/000121390018008541/f10k2018_unleashedinc.htm,1620599302,18:28:22,20210509
11,2018-03-31,UNL,USD,2018-05-15 00:00:00,2018-05-15 14:38:37,Q1,68119.0,0.0,68119.0,1.0,0.0,0.0,0.0,35055.0,35055.0,35055.0,0.0,0.0,50826.0,0.746135439452,50826.0,0.746135439451548,0.0,50826.0,0.746135439451548,0.0,50826.0,0.746135439451548,0.06071,0.06071,837222.0,837222.0,https://www.sec.gov/Archives/edgar/data/1405513/000114420418028731/0001144204-18-028731-index.html,https://www.sec.gov/Archives/edgar/data/1405513/000114420418028731/tv492644_10q.htm,1620599302,18:28:22,20210509
12,2017-12-31,UNL,USD,2018-02-14 00:00:00,2018-02-14 13:49:45,Q4,-645188.0,0.0,-645188.0,1.0,0.0,0.0,0.0,36482.0,36482.0,36482.0,0.0,0.0,-664505.0,1.02994011048,-664505.0,1.0299401104794261,0.0,-664505.0,1.0299401104794261,0.0,-664505.0,1.0299401104794261,-0.6467,-0.6467,1027534.0,1027534.0,https://www.sec.gov/Archives/edgar/data/1666114/000121390018001849/0001213900-18-001849-index.html,https://www.sec.gov/Archives/edgar/data/1666114/000121390018001849/f10q1217_unleashedinc.htm,1620599302,18:28:22,20210509
13,2017-09-30,UNL,USD,2017-11-08 00:00:00,2017-11-08 09:38:09,Q3,9809.0,0.0,9809.0,1.0,0.0,0.0,0.0,40970.0,40970.0,40970.0,0.0,0.0,-11573.0,-1.17983484555,-11573.0,-1.1798348455500052,0.0,-11573.0,-1.1798348455500052,0.0,-11573.0,-1.1798348455500052,-0.01076,-0.01076,1075458.0,1075458.0,https://www.sec.gov/Archives/edgar/data/1666114/000121390017011550/0001213900-17-011550-index.html,https://www.sec.gov/Archives/edgar/data/1666114/000121390017011550/f10q0917_unleashedinc.htm,1620599302,18:28:22,20210509
14,2017-06-30,UNL,USD,2017-07-10 00:00:00,2017-07-10 13:54:17,Q2,-536427.0,0.0,-536427.0,1.0,0.0,0.0,0.0,33306.0,33306.0,33306.0,0.0,0.0,-559826.0,1.04362010115,-559826.0,1.0436201011507624,0.0,-559826.0,1.0436201011507624,0.0,-559826.0,1.0436201011507624,-0.49141,-0.49141,1139227.0,1139227.0,https://www.sec.gov/Archives/edgar/data/1666114/000121390017007324/0001213900-17-007324-index.html,https://www.sec.gov/Archives/edgar/data/1666114/000121390017007324/f10k2017_unleashedinc.htm,1620599302,18:28:22,20210509
15,2017-03-31,UNL,USD,2017-05-12 00:00:00,2017-05-12 15:32:57,Q1,-1880112.0,0.0,-1880112.0,1.0,0.0,0.0,0.0,45520.0,45520.0,45520.0,0.0,0.0,-1910579.0,1.01620488567,-1910579.0,1.016204885666386,0.0,-1910579.0,1.016204885666386,0.0,-1910579.0,1.016204885666386,-1.47852,-1.47852,1292222.0,1292222.0,https://www.sec.gov/Archives/edgar/data/1405513/000114420417026863/0001144204-17-026863-index.html,https://www.sec.gov/Archives/edgar/data/1405513/000114420417026863/v465631_10q.htm,1620599302,18:28:22,20210509
16,2016-12-31,UNL,USD,2017-01-19 00:00:00,2017-01-19 16:59:19,Q4,2343019.0,0.0,2343019.0,1.0,0.0,0.0,0.0,59503.0,59503.0,59503.0,0.0,0.0,2308891.0,0.985434177017,2308891.0,0.985434177016917,0.0,2308891.0,0.985434177016917,0.0,2308891.0,0.985434177016917,1.66398,1.66398,1387568.0,1387568.0,https://www.sec.gov/Archives/edgar/data/1666114/000121390017000485/0001213900-17-000485-index.html,https://www.sec.gov/Archives/edgar/data/1666114/000121390017000485/f10q1216_unleashedinc.htm,1620599302,18:28:22,20210509
17,2016-09-30,UNL,USD,2016-10-28 00:00:00,2016-10-28 17:11:01,Q3,-673185.0,0.0,-673185.0,1.0,0.0,0.0,0.0,61441.0,61441.0,61441.0,0.0,0.0,-705640.0,1.04821111582,-705640.0,1.0482111158151177,0.0,-705640.0,1.0482111158151177,0.0,-705640.0,1.0482111158151177,-0.5119,-0.5119,1378467.0,1378467.0,https://www.sec.gov/Archives/edgar/data/1666114/000121390016017792/0001213900-16-017792-index.html,https://www.sec.gov/Archives/edgar/data/1666114/000121390016017792/f10q0916_unleashedinc.htm,1620599302,18:28:22,20210509
18,2016-06-30,UNL,USD,2016-07-25 00:00:00,2016-07-25 17:03:15,Q2,2659703.0,0.0,2659703.0,1.0,0.0,0.0,0.0,53295.0,53295.0,53295.0,0.0,0.0,2630523.0,0.989028850214,2630523.0,0.9890288502137269,0.0,2630523.0,0.9890288502137269,0.0,2630523.0,0.9890288502137269,1.92348,1.92348,1367582.0,1367582.0,https://www.sec.gov/Archives/edgar/data/1666114/000121390016015224/0001213900-16-015224-index.html,https://www.sec.gov/Archives/edgar/data/1666114/000121390016015224/f10q0616_unleashedinc.htm,1620599302,18:28:22,20210509
19,2016-03-31,UNL,USD,2016-05-11 00:00:00,2016-05-11 15:02:04,Q1,-1337347.0,0.0,-1337347.0,1.0,0.0,0.0,0.0,50619.0,50619.0,50619.0,0.0,0.0,-1364350.0,1.02019146863,-1364350.0,1.0201914686315519,0.0,-1364350.0,1.0201914686315519,0.0,-1364350.0,1.0201914686315519,-1.00287,-1.00287,1360440.0,1360440.0,https://www.sec.gov/Archives/edgar/data/1405513/000114420416100797/0001144204-16-100797-index.html,https://www.sec.gov/Archives/edgar/data/1405513/000114420416100797/v438411_10q.htm,1620599302,18:28:22,20210509
20,2015-12-31,UNL,USD,2016-03-24 00:00:00,2016-03-24 14:59:24,Q4,-1899092.0,0.0,-1899092.0,1.0,0.0,0.0,0.0,53441.0,53441.0,53441.0,0.0,0.0,-1928259.0,1.01535839233,-1928259.0,1.0153583923264382,0.0,-1928259.0,1.0153583923264382,0.0,-1928259.0,1.0153583923264382,-1.47674,-1.47674,1305753.0,1305753.0,https://www.sec.gov/Archives/edgar/data/1405513/000114420416090059/0001144204-16-090059-index.html,https://www.sec.gov/Archives/edgar/data/1405513/000114420416090059/v434221_10k.htm,1620599302,18:28:22,20210509
21,2015-09-30,UNL,USD,2015-11-13 00:00:00,2015-11-13 14:12:25,Q3,-1873104.0,0.0,-1873104.0,1.0,0.0,0.0,0.0,57295.0,57295.0,57295.0,0.0,0.0,-1907314.0,1.01826380169,-1907314.0,1.018263801689602,0.0,-1907314.0,1.018263801689602,0.0,-1907314.0,1.018263801689602,-1.44879,-1.44879,1316484.0,1316484.0,https://www.sec.gov/Archives/edgar/data/1405513/000114420415065198/0001144204-15-065198-index.html,https://www.sec.gov/Archives/edgar/data/1405513/000114420415065198/v423665_10q.htm,1620599302,18:28:22,20210509
22,2015-06-30,UNL,USD,2015-08-12 00:00:00,2015-08-12 10:23:06,Q2,668831.0,0.0,668831.0,1.0,0.0,0.0,0.0,64099.0,64099.0,64099.0,0.0,0.0,628660.0,0.939938489693,628660.0,0.939938489693211,0.0,628660.0,0.939938489693211,0.0,628660.0,0.939938489693211,0.46114,0.46114,1363260.0,1363260.0,https://www.sec.gov/Archives/edgar/data/1405513/000114420415048316/0001144204-15-048316-index.html,https://www.sec.gov/Archives/edgar/data/1405513/000114420415048316/v416984_10q.htm,1620599302,18:28:22,20210509
23,2015-03-31,UNL,USD,2015-05-13 00:00:00,2015-05-13 10:20:21,Q1,-1302350.0,0.0,-1302350.0,1.0,0.0,0.0,0.0,56985.0,56985.0,56985.0,0.0,0.0,-1341500.0,1.0300610435,-1341500.0,1.0300610434982915,0.0,-1341500.0,1.0300610434982915,0.0,-1341500.0,1.0300610434982915,-1.018,-1.018,1317778.0,1317778.0,https://www.sec.gov/Archives/edgar/data/1405513/000114420415029965/0001144204-15-029965-index.html,https://www.sec.gov/Archives/edgar/data/1405513/000114420415029965/v409533_10q.htm,1620599302,18:28:22,20210509
24,2014-12-31,UNL,USD,2014-12-31,2014-12-31,Q4,-4674704.0,0.0,-4674704.0,1.0,0.0,0.0,0.0,50602.0,50602.0,50602.0,0.0,0.0,-4714528.0,1.00851904206,-4714528.0,1.0085190420612729,0.0,-4714528.0,1.0085190420612729,0.0,-4714528.0,1.0085190420612729,-4.56931,-4.56931,1031781.0,1031781.0,,,1620599302,18:28:22,20210509
25,2014-09-30,UNL,USD,2014-11-14 00:00:00,2014-11-14 14:48:44,Q3,-1333315.0,0.0,-1333315.0,1.0,0.0,0.0,0.0,75491.0,75491.0,75491.0,0.0,0.0,-1369423.0,1.02708137237,-1369423.0,1.02708137236887,0.0,-1369423.0,1.02708137236887,0.0,-1369423.0,1.02708137236887,-1.33519,-1.33519,1025641.0,1025641.0,https://www.sec.gov/Archives/edgar/data/1405513/000114420414068597/0001144204-14-068597-index.html,https://www.sec.gov/Archives/edgar/data/1405513/000114420414068597/v393171_10q.htm,1620599302,18:28:22,20210509
26,2014-06-30,UNL,USD,2014-08-14 00:00:00,2014-08-14 13:25:52,Q2,2214715.0,0.0,2214715.0,1.0,0.0,0.0,0.0,85090.0,85090.0,85090.0,0.0,0.0,15362.0,0.00693633266583,15362.0,0.006936332665828334,0.0,15362.0,0.006936332665828334,0.0,15362.0,0.006936332665828334,0.0141,0.0141,1089503.0,1089503.0,https://www.sec.gov/Archives/edgar/data/1405513/000114420414049907/0001144204-14-049907-index.html,https://www.sec.gov/Archives/edgar/data/1405513/000114420414049907/v385420_10q.htm,1620599302,18:28:22,20210509
27,2014-03-31,UNL,USD,2014-05-15 00:00:00,2014-05-15 10:58:40,Q1,0.0,0.0,0.0,0.0,0.0,0.0,0.0,96400.0,96400.0,96400.0,0.0,0.0,2096608.0,0.0,2096608.0,0.0,0.0,2096608.0,0.0,0.0,2096608.0,0.0,1.69309,1.69309,1238333.0,1238333.0,https://www.sec.gov/Archives/edgar/data/1405513/000114420414030913/0001144204-14-030913-index.html,https://www.sec.gov/Archives/edgar/data/1405513/000114420414030913/v377348_10q.htm,1620599302,18:28:22,20210509
28,2013-12-31,UNL,USD,2013-12-31,2013-12-31,Q4,0.0,0.0,0.0,0.0,0.0,0.0,0.0,104839.0,104839.0,104839.0,0.0,0.0,2383547.0,0.0,2383547.0,0.0,0.0,2383547.0,0.0,0.0,2383547.0,0.0,1.27687,1.27687,1866712.0,1866712.0,,,1620599302,18:28:22,20210509
29,2013-09-30,UNL,USD,2013-11-14 00:00:00,2013-11-14 15:15:29,Q3,0.0,0.0,0.0,0.0,0.0,0.0,0.0,94831.0,94831.0,94831.0,0.0,0.0,-416878.0,0.0,-416878.0,0.0,0.0,-416878.0,0.0,0.0,-416878.0,0.0,-0.2129,-0.2129,1958059.0,1958059.0,https://www.sec.gov/Archives/edgar/data/1405513/000114420413061742/0001144204-13-061742-index.html,https://www.sec.gov/Archives/edgar/data/1405513/000114420413061742/v359021_10q.htm,1620599302,18:28:22,20210509
30,2013-06-30,UNL,USD,2013-08-14 00:00:00,2013-08-14 10:37:44,Q2,0.0,0.0,0.0,0.0,0.0,0.0,0.0,100767.0,100767.0,100767.0,0.0,0.0,-2953211.0,0.0,-2953211.0,0.0,0.0,-2953211.0,0.0,0.0,-2953211.0,0.0,-1.36238,-1.36238,2167680.0,2167680.0,https://www.sec.gov/Archives/edgar/data/1405513/000114420413045534/0001144204-13-045534-index.html,https://www.sec.gov/Archives/edgar/data/1405513/000114420413045534/v351734_10q.htm,1620599302,18:28:22,20210509
31,2013-03-31,UNL,USD,2013-05-15 00:00:00,2013-05-15 12:53:32,Q1,0.0,0.0,0.0,0.0,0.0,0.0,0.0,121121.0,121121.0,121121.0,0.0,0.0,5076144.0,0.0,5076144.0,0.0,0.0,5076144.0,0.0,0.0,5076144.0,0.0,1.98244,1.98244,2560556.0,2560556.0,https://www.sec.gov/Archives/edgar/data/1405513/000114420413029210/0001144204-13-029210-index.html,https://www.sec.gov/Archives/edgar/data/1405513/000114420413029210/v343748_10q.htm,1620599302,18:28:22,20210509
32,2012-12-31,UNL,USD,2013-03-26 00:00:00,2013-03-26 17:00:59,Q4,0.0,0.0,0.0,0.0,0.0,0.0,0.0,117690.0,117690.0,117690.0,0.0,0.0,-13099151.0,0.0,-13099151.0,0.0,0.0,-13099151.0,0.0,0.0,-13099151.0,0.0,-12.60198,-12.60198,1039452.0,1039452.0,https://www.sec.gov/Archives/edgar/data/1405513/000114420413017574/0001144204-13-017574-index.html,https://www.sec.gov/Archives/edgar/data/1405513/000114420413017574/v333985_10k.htm,1620599302,18:28:22,20210509
33,2012-09-30,UNL,USD,2012-11-14 00:00:00,2012-11-14 19:39:07,Q3,0.0,0.0,0.0,0.0,0.0,0.0,0.0,122485.0,122485.0,122485.0,0.0,0.0,3297673.0,0.0,3297673.0,0.0,0.0,3297673.0,0.0,0.0,3297673.0,0.0,1.67513,1.67513,1968613.0,1968613.0,https://www.sec.gov/Archives/edgar/data/1405513/000114420412062883/0001144204-12-062883-index.html,https://www.sec.gov/Archives/edgar/data/1405513/000114420412062883/v324929_10q.htm,1620599302,18:28:22,20210509
34,2012-06-30,UNL,USD,2012-08-14 00:00:00,2012-08-14 16:24:47,Q2,0.0,0.0,0.0,0.0,0.0,0.0,0.0,168616.0,168616.0,168616.0,0.0,0.0,2227273.0,0.0,2227273.0,0.0,0.0,2227273.0,0.0,0.0,2227273.0,0.0,1.3555,1.3555,1643132.0,1643132.0,https://www.sec.gov/Archives/edgar/data/1405513/000119312512355679/0001193125-12-355679-index.html,https://www.sec.gov/Archives/edgar/data/1405513/000119312512355679/d362332d10q.htm,1620599302,18:28:22,20210509
35,2012-03-31,UNL,USD,2012-03-31,2012-03-31,Q1,0.0,0.0,0.0,0.0,0.0,0.0,0.0,0.0,0.0,0.0,0.0,0.0,-6771289.0,0.0,-6771289.0,0.0,0.0,-6771289.0,0.0,0.0,-6771289.0,0.0,-5.36749,-5.36749,1261538.0,1261538.0,,,1620599302,18:28:22,20210509
36,2011-12-31,UNL,USD,2012-03-28 00:00:00,2012-03-28 16:38:21,Q4,-6690685.0,0.0,-6690685.0,1.0,0.0,0.0,0.0,-244204.0,-244204.0,-244204.0,0.0,0.0,-6742103.0,1.00768501282,-6742103.0,1.0076850128200625,0.0,-6742103.0,1.0076850128200625,0.0,-6742103.0,1.0076850128200625,-6.48621,-6.48621,1039452.0,1039452.0,https://www.sec.gov/Archives/edgar/data/1405513/000119312512137460/0001193125-12-137460-index.html,https://www.sec.gov/Archives/edgar/data/1405513/000119312512137460/d264098d10k.htm,1620599302,18:28:22,20210509
37,2011-09-30,UNL,USD,2011-11-14 00:00:00,2011-11-14 16:22:31,Q3,-5015695.0,0.0,-5015695.0,1.0,0.0,0.0,0.0,80061.0,80061.0,80061.0,0.0,0.0,-5095756.0,1.01596209498,-5095756.0,1.0159620949838457,0.0,-5095756.0,1.0159620949838457,0.0,-5095756.0,1.0159620949838457,-4.84887,-4.84887,1050916.0,1050916.0,https://www.sec.gov/Archives/edgar/data/1405513/000119312511310971/0001193125-11-310971-index.html,https://www.sec.gov/Archives/edgar/data/1405513/000119312511310971/d234190d10q.htm,1620599302,18:28:22,20210509
38,2011-06-30,UNL,USD,2011-08-15 00:00:00,2011-08-15 13:57:41,Q2,-2343492.0,0.0,-2343492.0,1.0,0.0,0.0,0.0,164143.0,164143.0,164143.0,0.0,0.0,-2507635.0,1.0700420569,-2507635.0,1.0700420568962898,0.0,-2507635.0,1.0700420568962898,0.0,-2507635.0,1.0700420568962898,-2.44417,-2.44417,1025967.0,1025967.0,https://www.sec.gov/Archives/edgar/data/1405513/000119312511222783/0001193125-11-222783-index.html,https://www.sec.gov/Archives/edgar/data/1405513/000119312511222783/d10q.htm,1620599302,18:28:22,20210509
