,date,symbol,reportedCurrency,fillingDate,acceptedDate,period,revenue,costOfRevenue,grossProfit,grossProfitRatio,researchAndDevelopmentExpenses,generalAndAdministrativeExpenses,sellingAndMarketingExpenses,otherExpenses,operatingExpenses,costAndExpenses,interestExpense,depreciationAndAmortization,ebitda,ebitdaratio,operatingIncome,operatingIncomeRatio,totalOtherIncomeExpensesNet,incomeBeforeTax,incomeBeforeTaxRatio,incomeTaxExpense,netIncome,netIncomeRatio,eps,epsdiluted,weightedAverageShsOut,weightedAverageShsOutDil,link,finalLink,timestamp,est_time,est_date
0,2020-09-30,SIH.AX,AUD,2020-09-30,2020-09-30,Q3,0.0,0.0,0.0,0.0,0.0,193102.5,0.0,88908.5,436157.0,0.0,160226.75,3253.75,-629259.5,0.0,-632513.25,0.0,88908.5,-703703.5,0.0,0.0,-612172.75,0.0,-0.0002655,-0.0002655,2351476465.0,2351476465.0,,,1620597922,18:05:22,20210509
1,2020-06-30,SIH.AX,AUD,2020-06-30,2020-06-30,Q2,0.0,0.0,0.0,0.0,0.0,193102.5,0.0,88908.5,436157.0,0.0,160226.75,3253.75,-629259.5,0.0,-632513.25,0.0,88908.5,-703703.5,0.0,0.0,-612172.75,0.0,-0.0002655,-0.0002655,2351476465.0,2351476465.0,,,1620597922,18:05:22,20210509
2,2020-03-31,SIH.AX,AUD,2020-03-31,2020-03-31,Q1,0.0,0.0,0.0,0.0,0.0,193102.5,0.0,88908.5,436157.0,0.0,160226.75,3253.75,-629259.5,0.0,-632513.25,0.0,88908.5,-703703.5,0.0,0.0,-612172.75,0.0,-0.0002655,-0.0002655,2351476465.0,2351476465.0,,,1620597922,18:05:22,20210509
3,2020-01-31,SIH.AX,AUD,2020-01-31,2020-01-31,Q1,0.0,0.0,0.0,0.0,0.0,193102.5,0.0,88908.5,436157.0,0.0,160226.75,3253.75,-629259.5,0.0,-632513.25,0.0,88908.5,-703703.5,0.0,0.0,-612172.75,0.0,-0.0002655,-0.0002655,2351476465.0,2351476465.0,,,1620597922,18:05:22,20210509
4,2019-06-30,SIH.AX,AUD,2019-06-30,2019-06-30,Q2,0.0,0.0,0.0,0.0,0.0,232403.75,0.0,50982.25,201648.5,0.0,99254.25,2853.75,-434052.25,0.0,-436906.0,0.0,50982.25,-485035.75,0.0,0.0,-429138.5,0.0,-0.00021725,-0.00021725,1988200739.0,1988200739.0,,,1620597922,18:05:22,20210509
5,2019-03-31,SIH.AX,AUD,2019-03-31,2019-03-31,Q1,0.0,0.0,0.0,0.0,0.0,232403.75,0.0,50982.25,201648.5,0.0,99254.25,2853.75,-434052.25,0.0,-436906.0,0.0,50982.25,-485035.75,0.0,0.0,-429138.5,0.0,-0.00021725,-0.00021725,1988200739.0,1988200739.0,,,1620597922,18:05:22,20210509
6,2019-01-31,SIH.AX,AUD,2019-01-31,2019-01-31,Q1,0.0,0.0,0.0,0.0,0.0,232403.75,0.0,50982.25,201648.5,0.0,99254.25,2853.75,-434052.25,0.0,-436906.0,0.0,50982.25,-485035.75,0.0,0.0,-429138.5,0.0,-0.00021725,-0.00021725,1988200739.0,1988200739.0,,,1620597922,18:05:22,20210509
7,2018-06-30,SIH.AX,AUD,2018-06-30,2018-06-30,Q2,0.0,0.0,0.0,0.0,0.0,517763.5,0.0,577156.5,714540.5,0.0,9571.0,3870.0,-1232304.0,0.0,-1236174.0,0.0,577156.5,-668465.5,0.0,0.0,-522868.0,0.0,-0.00028975,-0.00028975,1840825801.0,1840825801.0,,,1620597922,18:05:22,20210509
8,2018-03-31,SIH.AX,AUD,2018-03-31,2018-03-31,Q1,0.0,0.0,0.0,0.0,0.0,517763.5,0.0,577156.5,714540.5,0.0,9571.0,3870.0,-1232304.0,0.0,-1236174.0,0.0,577156.5,-668465.5,0.0,0.0,-522868.0,0.0,-0.00028975,-0.00028975,1840825801.0,1840825801.0,,,1620597922,18:05:22,20210509
9,2018-01-31,SIH.AX,AUD,2018-01-31,2018-01-31,Q1,0.0,0.0,0.0,0.0,0.0,517763.5,0.0,577156.5,714540.5,0.0,9571.0,3870.0,-1232304.0,0.0,-1236174.0,0.0,577156.5,-668465.5,0.0,0.0,-522868.0,0.0,-0.00028975,-0.00028975,1840825801.0,1840825801.0,,,1620597922,18:05:22,20210509
10,2017-06-30,SIH.AX,AUD,2017-06-30,2017-06-30,Q2,0.0,0.0,0.0,0.0,0.0,164913.5,0.0,181388.5,306819.75,0.0,24233.75,14434.0,-471733.25,0.0,-486167.25,0.0,181388.5,-328880.5,0.0,0.0,-218875.75,0.0,-0.00014475,-0.00014475,1587928061.0,1587928061.0,,,1620597922,18:05:22,20210509
11,2017-03-31,SIH.AX,AUD,2017-03-31,2017-03-31,Q1,0.0,0.0,0.0,0.0,0.0,164913.5,0.0,181388.5,306819.75,0.0,24233.75,14434.0,-471733.25,0.0,-486167.25,0.0,181388.5,-328880.5,0.0,0.0,-218875.75,0.0,-0.00014475,-0.00014475,1587928061.0,1587928061.0,,,1620597922,18:05:22,20210509
12,2017-01-31,SIH.AX,AUD,2017-01-31,2017-01-31,Q1,0.0,0.0,0.0,0.0,0.0,164913.5,0.0,181388.5,306819.75,0.0,24233.75,14434.0,-471733.25,0.0,-486167.25,0.0,181388.5,-328880.5,0.0,0.0,-218875.75,0.0,-0.00014475,-0.00014475,1587928061.0,1587928061.0,,,1620597922,18:05:22,20210509
13,2016-06-30,SIH.AX,AUD,2016-06-30,2016-06-30,Q2,0.0,0.0,0.0,0.0,0.0,132737.0,0.0,0.0,346073.25,0.0,120771.25,36269.5,-478810.25,0.0,-515079.75,0.0,0.0,-635659.25,0.0,0.0,-203258.25,0.0,-0.0001675,-0.0001675,1177100461.0,1177100461.0,,,1620597922,18:05:22,20210509
14,2016-03-31,SIH.AX,AUD,2016-03-31,2016-03-31,Q1,0.0,0.0,0.0,0.0,0.0,132737.0,0.0,0.0,346073.25,0.0,120771.25,36269.5,-478810.25,0.0,-515079.75,0.0,0.0,-635659.25,0.0,0.0,-203258.25,0.0,-0.0001675,-0.0001675,1177100461.0,1177100461.0,,,1620597922,18:05:22,20210509
15,2016-01-31,SIH.AX,AUD,2016-01-31,2016-01-31,Q1,0.0,0.0,0.0,0.0,0.0,132737.0,0.0,0.0,346073.25,0.0,120771.25,36269.5,-478810.25,0.0,-515079.75,0.0,0.0,-635659.25,0.0,0.0,-203258.25,0.0,-0.0001675,-0.0001675,1177100461.0,1177100461.0,,,1620597922,18:05:22,20210509
16,2015-09-30,SIH.AX,AUD,2015-09-30,2015-09-30,Q3,0.0,0.0,0.0,0.0,0.0,312652.0,0.0,0.0,355548.75,0.0,121749.0,56214.75,-1475242.0,0.0,-1531456.75,0.0,0.0,-1652744.75,0.0,0.0,-1279769.75,0.0,-0.00101725,-0.00101725,1249799309.0,1249799309.0,,,1620597922,18:05:22,20210509
17,2015-06-30,SIH.AX,AUD,2015-06-30,2015-06-30,Q2,0.0,0.0,0.0,0.0,0.0,312652.0,0.0,0.0,355548.75,0.0,121749.0,56214.75,-1475242.0,0.0,-1531456.75,0.0,0.0,-1652744.75,0.0,0.0,-1279769.75,0.0,-0.00101725,-0.00101725,1249799309.0,1249799309.0,,,1620597922,18:05:22,20210509
18,2015-03-31,SIH.AX,AUD,2015-03-31,2015-03-31,Q1,0.0,0.0,0.0,0.0,0.0,312652.0,0.0,0.0,355548.75,0.0,121749.0,56214.75,-1475242.0,0.0,-1531456.75,0.0,0.0,-1652744.75,0.0,0.0,-1279769.75,0.0,-0.00101725,-0.00101725,1249799309.0,1249799309.0,,,1620597922,18:05:22,20210509
19,2015-01-31,SIH.AX,AUD,2015-01-31,2015-01-31,Q1,0.0,0.0,0.0,0.0,0.0,312652.0,0.0,0.0,355548.75,0.0,121749.0,56214.75,-1475242.0,0.0,-1531456.75,0.0,0.0,-1652744.75,0.0,0.0,-1279769.75,0.0,-0.00101725,-0.00101725,1249799309.0,1249799309.0,,,1620597922,18:05:22,20210509
20,2014-09-30,SIH.AX,AUD,2014-09-30,2014-09-30,Q3,0.0,0.0,0.0,0.0,0.0,706910.5,0.0,0.0,4400948.5,0.0,0.0,55308.0,-5107859.0,0.0,-5163167.0,0.0,0.0,-5162579.0,0.0,0.0,-4795016.5,0.0,-0.00450225,-0.00450225,1063430042.0,1063430042.0,,,1620597922,18:05:22,20210509
21,2014-06-30,SIH.AX,AUD,2014-06-30,2014-06-30,Q2,0.0,0.0,0.0,0.0,0.0,706910.5,0.0,0.0,4400948.5,0.0,0.0,55308.0,-5107859.0,0.0,-5163167.0,0.0,0.0,-5162579.0,0.0,0.0,-4795016.5,0.0,-0.00450225,-0.00450225,1063430042.0,1063430042.0,,,1620597922,18:05:22,20210509
22,2014-03-31,SIH.AX,AUD,2014-03-31,2014-03-31,Q1,0.0,0.0,0.0,0.0,0.0,706910.5,0.0,0.0,4400948.5,0.0,0.0,55308.0,-5107859.0,0.0,-5163167.0,0.0,0.0,-5162579.0,0.0,0.0,-4795016.5,0.0,-0.00450225,-0.00450225,1063430042.0,1063430042.0,,,1620597922,18:05:22,20210509
23,2014-01-31,SIH.AX,AUD,2014-01-31,2014-01-31,Q1,0.0,0.0,0.0,0.0,0.0,706910.5,0.0,0.0,4400948.5,0.0,0.0,55308.0,-5107859.0,0.0,-5163167.0,0.0,0.0,-5162579.0,0.0,0.0,-4795016.5,0.0,-0.00450225,-0.00450225,1063430042.0,1063430042.0,,,1620597922,18:05:22,20210509
24,2013-09-30,SIH.AX,AUD,2013-09-30,2013-09-30,Q3,0.0,0.0,0.0,0.0,0.0,717673.25,0.0,0.0,1719115.25,0.0,0.0,51955.75,-2436788.5,0.0,-2488744.25,0.0,0.0,-2484858.0,0.0,0.0,-2152111.0,0.0,-0.002283,-0.002283,940333431.0,940333431.0,,,1620597922,18:05:22,20210509
25,2013-06-30,SIH.AX,AUD,2013-06-30,2013-06-30,Q2,0.0,0.0,0.0,0.0,0.0,717673.25,0.0,0.0,1719115.25,0.0,0.0,51955.75,-2436788.5,0.0,-2488744.25,0.0,0.0,-2484858.0,0.0,0.0,-2152111.0,0.0,-0.002283,-0.002283,940333431.0,940333431.0,,,1620597922,18:05:22,20210509
26,2013-03-31,SIH.AX,AUD,2013-03-31,2013-03-31,Q1,0.0,0.0,0.0,0.0,0.0,717673.25,0.0,0.0,1719115.25,0.0,0.0,51955.75,-2436788.5,0.0,-2488744.25,0.0,0.0,-2484858.0,0.0,0.0,-2152111.0,0.0,-0.002283,-0.002283,940333431.0,940333431.0,,,1620597922,18:05:22,20210509
27,2013-01-31,SIH.AX,AUD,2013-01-31,2013-01-31,Q1,0.0,0.0,0.0,0.0,0.0,717673.25,0.0,0.0,1719115.25,0.0,0.0,51955.75,-2436788.5,0.0,-2488744.25,0.0,0.0,-2484858.0,0.0,0.0,-2152111.0,0.0,-0.002283,-0.002283,940333431.0,940333431.0,,,1620597922,18:05:22,20210509
28,2012-09-30,SIH.AX,AUD,2012-09-30,2012-09-30,Q3,0.0,0.0,0.0,0.0,0.0,886380.25,0.0,0.0,1521034.25,0.0,0.0,46473.25,-2407414.5,0.0,-2453887.75,0.0,0.0,-2427765.25,0.0,0.0,-2416999.0,0.0,-0.00292925,-0.00292925,830098093.0,830098093.0,,,1620597922,18:05:22,20210509
29,2012-06-30,SIH.AX,AUD,2012-06-30,2012-06-30,Q2,0.0,0.0,0.0,0.0,0.0,886380.25,0.0,0.0,1521034.25,0.0,0.0,46473.25,-2407414.5,0.0,-2453887.75,0.0,0.0,-2427765.25,0.0,0.0,-2416999.0,0.0,-0.00292925,-0.00292925,830098093.0,830098093.0,,,1620597922,18:05:22,20210509
30,2012-03-31,SIH.AX,AUD,2012-03-31,2012-03-31,Q1,0.0,0.0,0.0,0.0,0.0,886380.25,0.0,0.0,1521034.25,0.0,0.0,46473.25,-2407414.5,0.0,-2453887.75,0.0,0.0,-2427765.25,0.0,0.0,-2416999.0,0.0,-0.00292925,-0.00292925,830098093.0,830098093.0,,,1620597922,18:05:22,20210509
31,2012-01-31,SIH.AX,AUD,2012-01-31,2012-01-31,Q1,0.0,0.0,0.0,0.0,0.0,886380.25,0.0,0.0,1521034.25,0.0,0.0,46473.25,-2407414.5,0.0,-2453887.75,0.0,0.0,-2427765.25,0.0,0.0,-2416999.0,0.0,-0.00292925,-0.00292925,830098093.0,830098093.0,,,1620597922,18:05:22,20210509
32,2011-09-30,SIH.AX,AUD,2011-09-30,2011-09-30,Q3,0.0,0.0,0.0,0.0,0.0,973185.5,0.0,0.0,1798945.75,0.0,0.0,32025.75,-2772131.25,0.0,-2804157.0,0.0,-15204.5,-2785263.5,0.0,0.0,-2648207.5,0.0,-0.0038125,-0.0038125,695144527.0,695144527.0,,,1620597922,18:05:22,20210509
33,2011-06-30,SIH.AX,AUD,2011-06-30,2011-06-30,Q2,0.0,0.0,0.0,0.0,0.0,973185.5,0.0,0.0,1798945.75,0.0,0.0,32025.75,-2772131.25,0.0,-2804157.0,0.0,-15204.5,-2785263.5,0.0,0.0,-2648207.5,0.0,-0.0038125,-0.0038125,695144527.0,695144527.0,,,1620597922,18:05:22,20210509
34,2011-03-31,SIH.AX,AUD,2011-03-31,2011-03-31,Q1,0.0,0.0,0.0,0.0,0.0,973185.5,0.0,0.0,1798945.75,0.0,0.0,32025.75,-2772131.25,0.0,-2804157.0,0.0,-15204.5,-2785263.5,0.0,0.0,-2648207.5,0.0,-0.0038125,-0.0038125,695144527.0,695144527.0,,,1620597922,18:05:22,20210509
35,2011-01-31,SIH.AX,AUD,2011-01-31,2011-01-31,Q1,0.0,0.0,0.0,0.0,0.0,973185.5,0.0,0.0,1798945.75,0.0,0.0,32025.75,-2772131.25,0.0,-2804157.0,0.0,-15204.5,-2785263.5,0.0,0.0,-2648207.5,0.0,-0.0038125,-0.0038125,695144527.0,695144527.0,,,1620597922,18:05:22,20210509
36,2010-09-30,SIH.AX,AUD,2010-09-30,2010-09-30,Q3,0.0,0.0,0.0,0.0,0.0,100086.5,0.0,1171.0,2047124.0,0.0,23065.0,3606.0,-2147210.5,0.0,-2150816.5,0.0,1171.0,-2162398.25,0.0,0.0,-2165134.25,0.0,-0.00480325,-0.00480325,450031161.0,450031161.0,,,1620597922,18:05:22,20210509
37,2010-06-30,SIH.AX,AUD,2010-06-30,2010-06-30,Q2,0.0,0.0,0.0,0.0,0.0,100086.5,0.0,1171.0,2047124.0,0.0,23065.0,3606.0,-2147210.5,0.0,-2150816.5,0.0,1171.0,-2162398.25,0.0,0.0,-2165134.25,0.0,-0.00480325,-0.00480325,450031161.0,450031161.0,,,1620597922,18:05:22,20210509
38,2010-03-31,SIH.AX,AUD,2010-03-31,2010-03-31,Q1,0.0,0.0,0.0,0.0,0.0,100086.5,0.0,1171.0,2047124.0,0.0,23065.0,3606.0,-2147210.5,0.0,-2150816.5,0.0,1171.0,-2162398.25,0.0,0.0,-2165134.25,0.0,-0.00480325,-0.00480325,450031161.0,450031161.0,,,1620597922,18:05:22,20210509
39,2010-01-31,SIH.AX,AUD,2010-01-31,2010-01-31,Q1,0.0,0.0,0.0,0.0,0.0,100086.5,0.0,1171.0,2047124.0,0.0,23065.0,3606.0,-2147210.5,0.0,-2150816.5,0.0,1171.0,-2162398.25,0.0,0.0,-2165134.25,0.0,-0.00480325,-0.00480325,450031161.0,450031161.0,,,1620597922,18:05:22,20210509
40,2009-09-30,SIH.AX,AUD,2009-09-30,2009-09-30,Q3,0.0,0.0,0.0,0.0,0.0,60092.0,0.0,-5978.75,586063.25,0.0,70563.25,3941.75,-646155.25,0.0,-650097.0,0.0,-5978.75,-723794.5,0.0,0.0,-723794.5,0.0,-0.002994,-0.002994,241900796.0,241900796.0,,,1620597922,18:05:22,20210509
41,2009-06-30,SIH.AX,AUD,2009-06-30,2009-06-30,Q2,0.0,0.0,0.0,0.0,0.0,60092.0,0.0,-5978.75,586063.25,0.0,70563.25,3941.75,-646155.25,0.0,-650097.0,0.0,-5978.75,-723794.5,0.0,0.0,-723794.5,0.0,-0.002994,-0.002994,241900796.0,241900796.0,,,1620597922,18:05:22,20210509
42,2009-03-31,SIH.AX,AUD,2009-03-31,2009-03-31,Q1,0.0,0.0,0.0,0.0,0.0,60092.0,0.0,-5978.75,586063.25,0.0,70563.25,3941.75,-646155.25,0.0,-650097.0,0.0,-5978.75,-723794.5,0.0,0.0,-723794.5,0.0,-0.002994,-0.002994,241900796.0,241900796.0,,,1620597922,18:05:22,20210509
43,2009-01-31,SIH.AX,AUD,2009-01-31,2009-01-31,Q1,0.0,0.0,0.0,0.0,0.0,60092.0,0.0,-5978.75,586063.25,0.0,70563.25,3941.75,-646155.25,0.0,-650097.0,0.0,-5978.75,-723794.5,0.0,0.0,-723794.5,0.0,-0.002994,-0.002994,241900796.0,241900796.0,,,1620597922,18:05:22,20210509
44,2008-09-30,SIH.AX,AUD,2008-09-30,2008-09-30,Q3,0.0,0.0,0.0,0.0,0.0,86522.5,0.0,-210869.25,673000.0,0.0,0.0,4554.25,-759522.5,0.0,-764076.75,0.0,-212048.25,-970273.5,0.0,0.0,-970273.5,0.0,-0.00514775,-0.00514775,188389600.0,188389600.0,,,1620597922,18:05:22,20210509
45,2008-06-30,SIH.AX,AUD,2008-06-30,2008-06-30,Q2,0.0,0.0,0.0,0.0,0.0,86522.5,0.0,-210869.25,673000.0,0.0,0.0,4554.25,-759522.5,0.0,-764076.75,0.0,-212048.25,-970273.5,0.0,0.0,-970273.5,0.0,-0.00514775,-0.00514775,188389600.0,188389600.0,,,1620597922,18:05:22,20210509
46,2008-03-31,SIH.AX,AUD,2008-03-31,2008-03-31,Q1,0.0,0.0,0.0,0.0,0.0,86522.5,0.0,-210869.25,673000.0,0.0,0.0,4554.25,-759522.5,0.0,-764076.75,0.0,-212048.25,-970273.5,0.0,0.0,-970273.5,0.0,-0.00514775,-0.00514775,188389600.0,188389600.0,,,1620597922,18:05:22,20210509
47,2008-01-31,SIH.AX,AUD,2008-01-31,2008-01-31,Q1,0.0,0.0,0.0,0.0,0.0,86522.5,0.0,-210869.25,673000.0,0.0,0.0,4554.25,-759522.5,0.0,-764076.75,0.0,-212048.25,-970273.5,0.0,0.0,-970273.5,0.0,-0.00514775,-0.00514775,188389600.0,188389600.0,,,1620597922,18:05:22,20210509
48,2007-09-30,SIH.AX,AUD,2007-09-30,2007-09-30,Q3,0.0,0.0,0.0,0.0,0.0,66530.0,0.0,-228579.25,749581.5,0.0,0.0,1457.0,-816111.5,0.0,-817568.5,0.0,-228579.25,-1028516.25,0.0,0.0,-1028516.25,0.0,-0.0088525,-0.0088525,116104393.0,116104393.0,,,1620597922,18:05:22,20210509
49,2007-06-30,SIH.AX,AUD,2007-06-30,2007-06-30,Q2,0.0,0.0,0.0,0.0,0.0,66530.0,0.0,-228579.25,749581.5,0.0,0.0,1457.0,-816111.5,0.0,-817568.5,0.0,-228579.25,-1028516.25,0.0,0.0,-1028516.25,0.0,-0.0088525,-0.0088525,116104393.0,116104393.0,,,1620597922,18:05:22,20210509
50,2007-03-31,SIH.AX,AUD,2007-03-31,2007-03-31,Q1,0.0,0.0,0.0,0.0,0.0,66530.0,0.0,-228579.25,749581.5,0.0,0.0,1457.0,-816111.5,0.0,-817568.5,0.0,-228579.25,-1028516.25,0.0,0.0,-1028516.25,0.0,-0.0088525,-0.0088525,116104393.0,116104393.0,,,1620597922,18:05:22,20210509
51,2007-01-31,SIH.AX,AUD,2007-01-31,2007-01-31,Q1,0.0,0.0,0.0,0.0,0.0,66530.0,0.0,-228579.25,749581.5,0.0,0.0,1457.0,-816111.5,0.0,-817568.5,0.0,-228579.25,-1028516.25,0.0,0.0,-1028516.25,0.0,-0.0088525,-0.0088525,116104393.0,116104393.0,,,1620597922,18:05:22,20210509
52,2006-09-30,SIH.AX,AUD,2006-09-30,2006-09-30,Q3,0.0,0.0,0.0,0.0,0.0,43568.25,0.0,41494.25,626531.25,0.0,0.0,1588.0,-670152.5,0.0,-671740.5,0.0,41494.25,-620415.5,0.0,0.0,-620415.5,0.0,-0.0082025,-0.0082025,75525205.0,75525205.0,,,1620597922,18:05:22,20210509
53,2006-06-30,SIH.AX,AUD,2006-06-30,2006-06-30,Q2,0.0,0.0,0.0,0.0,0.0,43568.25,0.0,41494.25,626531.25,0.0,0.0,1588.0,-670152.5,0.0,-671740.5,0.0,41494.25,-620415.5,0.0,0.0,-620415.5,0.0,-0.0082025,-0.0082025,75525205.0,75525205.0,,,1620597922,18:05:22,20210509
54,2006-03-31,SIH.AX,AUD,2006-03-31,2006-03-31,Q1,0.0,0.0,0.0,0.0,0.0,43568.25,0.0,41494.25,626531.25,0.0,0.0,1588.0,-670152.5,0.0,-671740.5,0.0,41494.25,-620415.5,0.0,0.0,-620415.5,0.0,-0.0082025,-0.0082025,75525205.0,75525205.0,,,1620597922,18:05:22,20210509
55,2006-01-31,SIH.AX,AUD,2006-01-31,2006-01-31,Q1,0.0,0.0,0.0,0.0,0.0,43568.25,0.0,41494.25,626531.25,0.0,0.0,1588.0,-670152.5,0.0,-671740.5,0.0,41494.25,-620415.5,0.0,0.0,-620415.5,0.0,-0.0082025,-0.0082025,75525205.0,75525205.0,,,1620597922,18:05:22,20210509
56,2005-09-30,SIH.AX,AUD,2005-09-30,2005-09-30,Q3,0.0,0.0,0.0,0.0,0.0,96732.5,0.0,-7220.75,1255158.75,0.0,0.0,3976.75,-1352244.25,0.0,-1356221.0,0.0,-7220.75,-1357463.5,0.0,-1357463.5,-1357463.5,0.0,-0.02125125,-0.02125125,63934319.0,63934319.0,,,1620597922,18:05:22,20210509
57,2005-06-30,SIH.AX,AUD,2005-06-30,2005-06-30,Q2,0.0,0.0,0.0,0.0,0.0,96732.5,0.0,-7220.75,1255158.75,0.0,0.0,3976.75,-1352244.25,0.0,-1356221.0,0.0,-7220.75,-1357463.5,0.0,-1357463.5,-1357463.5,0.0,-0.02125125,-0.02125125,63934319.0,63934319.0,,,1620597922,18:05:22,20210509
58,2005-03-31,SIH.AX,AUD,2005-03-31,2005-03-31,Q1,0.0,0.0,0.0,0.0,0.0,96732.5,0.0,-7220.75,1255158.75,0.0,0.0,3976.75,-1352244.25,0.0,-1356221.0,0.0,-7220.75,-1357463.5,0.0,-1357463.5,-1357463.5,0.0,-0.02125125,-0.02125125,63934319.0,63934319.0,,,1620597922,18:05:22,20210509
59,2005-01-31,SIH.AX,AUD,2005-01-31,2005-01-31,Q1,0.0,0.0,0.0,0.0,0.0,96732.5,0.0,-7220.75,1255158.75,0.0,0.0,3976.75,-1352244.25,0.0,-1356221.0,0.0,-7220.75,-1357463.5,0.0,-1357463.5,-1357463.5,0.0,-0.02125125,-0.02125125,63934319.0,63934319.0,,,1620597922,18:05:22,20210509
60,2004-09-30,SIH.AX,AUD,2004-09-30,2004-09-30,Q3,0.0,0.0,0.0,0.0,0.0,55283.75,0.0,1708.0,485266.75,0.0,0.0,3736.75,-602520.5,0.0,-606257.25,0.0,1708.0,-592079.75,0.0,-592079.75,0.0,0.0,-0.0115195,-0.0115195,51834766.0,51834766.0,,,1620597922,18:05:22,20210509
61,2004-06-30,SIH.AX,AUD,2004-06-30,2004-06-30,Q2,0.0,0.0,0.0,0.0,0.0,55283.75,0.0,1708.0,485266.75,0.0,0.0,3736.75,-602520.5,0.0,-606257.25,0.0,1708.0,-592079.75,0.0,-592079.75,0.0,0.0,-0.0115195,-0.0115195,51834766.0,51834766.0,,,1620597922,18:05:22,20210509
62,2004-03-31,SIH.AX,AUD,2004-03-31,2004-03-31,Q1,0.0,0.0,0.0,0.0,0.0,55283.75,0.0,1708.0,485266.75,0.0,0.0,3736.75,-602520.5,0.0,-606257.25,0.0,1708.0,-592079.75,0.0,-592079.75,0.0,0.0,-0.0115195,-0.0115195,51834766.0,51834766.0,,,1620597922,18:05:22,20210509
63,2004-01-31,SIH.AX,AUD,2004-01-31,2004-01-31,Q1,0.0,0.0,0.0,0.0,0.0,55283.75,0.0,1708.0,485266.75,0.0,0.0,3736.75,-602520.5,0.0,-606257.25,0.0,1708.0,-592079.75,0.0,-592079.75,0.0,0.0,-0.0115195,-0.0115195,51834766.0,51834766.0,,,1620597922,18:05:22,20210509
64,2003-09-30,SIH.AX,AUD,2003-09-30,2003-09-30,Q3,0.0,0.0,0.0,0.0,0.0,44946.0,0.0,-16730.0,671128.25,0.0,4.0,3733.75,-716074.25,0.0,-719808.0,0.0,-41730.0,-716972.75,0.0,-716972.75,-716972.75,0.0,-0.0180735,-0.0180735,39456415.0,39456415.0,,,1620597922,18:05:22,20210509
65,2003-06-30,SIH.AX,AUD,2003-06-30,2003-06-30,Q2,0.0,0.0,0.0,0.0,0.0,44946.0,0.0,-16730.0,671128.25,0.0,4.0,3733.75,-716074.25,0.0,-719808.0,0.0,-41730.0,-716972.75,0.0,-716972.75,-716972.75,0.0,-0.0180735,-0.0180735,39456415.0,39456415.0,,,1620597922,18:05:22,20210509
66,2003-03-31,SIH.AX,AUD,2003-03-31,2003-03-31,Q1,0.0,0.0,0.0,0.0,0.0,44946.0,0.0,-16730.0,671128.25,0.0,4.0,3733.75,-716074.25,0.0,-719808.0,0.0,-41730.0,-716972.75,0.0,-716972.75,-716972.75,0.0,-0.0180735,-0.0180735,39456415.0,39456415.0,,,1620597922,18:05:22,20210509
67,2003-01-31,SIH.AX,AUD,2003-01-31,2003-01-31,Q1,0.0,0.0,0.0,0.0,0.0,44946.0,0.0,-16730.0,671128.25,0.0,4.0,3733.75,-716074.25,0.0,-719808.0,0.0,-41730.0,-716972.75,0.0,-716972.75,-716972.75,0.0,-0.0180735,-0.0180735,39456415.0,39456415.0,,,1620597922,18:05:22,20210509
68,2002-09-30,SIH.AX,AUD,2002-09-30,2002-09-30,Q3,0.0,0.0,0.0,0.0,0.0,46450.75,0.0,-51425.5,360073.0,0.0,255.25,4626.0,-411523.75,0.0,-416149.75,0.0,-51425.5,-462401.5,0.0,-462401.5,-462401.5,0.0,-0.013307,-0.013307,34920807.0,34920807.0,,,1620597922,18:05:22,20210509
69,2002-06-30,SIH.AX,AUD,2002-06-30,2002-06-30,Q2,0.0,0.0,0.0,0.0,0.0,46450.75,0.0,-51425.5,360073.0,0.0,255.25,4626.0,-411523.75,0.0,-416149.75,0.0,-51425.5,-462401.5,0.0,-462401.5,-462401.5,0.0,-0.013307,-0.013307,34920807.0,34920807.0,,,1620597922,18:05:22,20210509
70,2002-03-31,SIH.AX,AUD,2002-03-31,2002-03-31,Q1,0.0,0.0,0.0,0.0,0.0,46450.75,0.0,-51425.5,360073.0,0.0,255.25,4626.0,-411523.75,0.0,-416149.75,0.0,-51425.5,-462401.5,0.0,-462401.5,-462401.5,0.0,-0.013307,-0.013307,34920807.0,34920807.0,,,1620597922,18:05:22,20210509
71,2002-01-31,SIH.AX,AUD,2002-01-31,2002-01-31,Q1,0.0,0.0,0.0,0.0,0.0,46450.75,0.0,-51425.5,360073.0,0.0,255.25,4626.0,-411523.75,0.0,-416149.75,0.0,-51425.5,-462401.5,0.0,-462401.5,-462401.5,0.0,-0.013307,-0.013307,34920807.0,34920807.0,,,1620597922,18:05:22,20210509
72,2001-09-30,SIH.AX,AUD,2001-09-30,2001-09-30,Q3,0.0,0.0,0.0,0.0,0.0,10514.25,0.0,-128767.75,423893.75,0.0,653.75,6161.5,-434408.0,0.0,-440569.5,0.0,-128767.75,-548790.0,0.0,-548790.0,-548790.0,0.0,0.01588875,0.01588875,34701901.0,34701901.0,,,1620597922,18:05:22,20210509
73,2001-06-30,SIH.AX,AUD,2001-06-30,2001-06-30,Q2,0.0,0.0,0.0,0.0,0.0,10514.25,0.0,-128767.75,423893.75,0.0,653.75,6161.5,-434408.0,0.0,-440569.5,0.0,-128767.75,-548790.0,0.0,-548790.0,-548790.0,0.0,0.01588875,0.01588875,34701901.0,34701901.0,,,1620597922,18:05:22,20210509
74,2001-03-31,SIH.AX,AUD,2001-03-31,2001-03-31,Q1,0.0,0.0,0.0,0.0,0.0,10514.25,0.0,-128767.75,423893.75,0.0,653.75,6161.5,-434408.0,0.0,-440569.5,0.0,-128767.75,-548790.0,0.0,-548790.0,-548790.0,0.0,0.01588875,0.01588875,34701901.0,34701901.0,,,1620597922,18:05:22,20210509
75,2001-01-31,SIH.AX,AUD,2001-01-31,2001-01-31,Q1,0.0,0.0,0.0,0.0,0.0,10514.25,0.0,-128767.75,423893.75,0.0,653.75,6161.5,-434408.0,0.0,-440569.5,0.0,-128767.75,-548790.0,0.0,-548790.0,-548790.0,0.0,0.01588875,0.01588875,34701901.0,34701901.0,,,1620597922,18:05:22,20210509
76,2000-09-30,SIH.AX,AUD,2000-09-30,2000-09-30,Q3,0.0,0.0,0.0,0.0,0.0,0.0,0.0,0.0,0.0,0.0,986.0,0.0,-530831.5,0.0,0.0,0.0,0.0,-531817.5,0.0,-531817.5,-531817.5,0.0,-0.01688175,-0.01688175,31320854.0,31320854.0,,,1620597922,18:05:22,20210509
77,2000-06-30,SIH.AX,AUD,2000-06-30,2000-06-30,Q2,0.0,0.0,0.0,0.0,0.0,0.0,0.0,0.0,0.0,0.0,986.0,0.0,-530831.5,0.0,0.0,0.0,0.0,-531817.5,0.0,-531817.5,-531817.5,0.0,-0.01688175,-0.01688175,31320854.0,31320854.0,,,1620597922,18:05:22,20210509
78,2000-03-31,SIH.AX,AUD,2000-03-31,2000-03-31,Q1,0.0,0.0,0.0,0.0,0.0,0.0,0.0,0.0,0.0,0.0,986.0,0.0,-530831.5,0.0,0.0,0.0,0.0,-531817.5,0.0,-531817.5,-531817.5,0.0,-0.01688175,-0.01688175,31320854.0,31320854.0,,,1620597922,18:05:22,20210509
79,2000-01-31,SIH.AX,AUD,2000-01-31,2000-01-31,Q1,0.0,0.0,0.0,0.0,0.0,0.0,0.0,0.0,0.0,0.0,986.0,0.0,-530831.5,0.0,0.0,0.0,0.0,-531817.5,0.0,-531817.5,-531817.5,0.0,-0.01688175,-0.01688175,31320854.0,31320854.0,,,1620597922,18:05:22,20210509
80,1999-09-30,SIH.AX,AUD,1999-09-30,1999-09-30,Q3,0.0,0.0,0.0,0.0,0.0,0.0,0.0,0.0,0.0,0.0,602.25,0.0,-508013.25,0.0,0.0,0.0,0.0,-508615.5,0.0,-508615.5,-508615.5,0.0,-0.018868,-0.018868,27048813.0,27048813.0,,,1620597922,18:05:22,20210509
81,1999-06-30,SIH.AX,AUD,1999-06-30,1999-06-30,Q2,0.0,0.0,0.0,0.0,0.0,0.0,0.0,0.0,0.0,0.0,602.25,0.0,-508013.25,0.0,0.0,0.0,0.0,-508615.5,0.0,-508615.5,-508615.5,0.0,-0.018868,-0.018868,27048813.0,27048813.0,,,1620597922,18:05:22,20210509
82,1999-03-31,SIH.AX,AUD,1999-03-31,1999-03-31,Q1,0.0,0.0,0.0,0.0,0.0,0.0,0.0,0.0,0.0,0.0,602.25,0.0,-508013.25,0.0,0.0,0.0,0.0,-508615.5,0.0,-508615.5,-508615.5,0.0,-0.018868,-0.018868,27048813.0,27048813.0,,,1620597922,18:05:22,20210509
83,1999-01-31,SIH.AX,AUD,1999-01-31,1999-01-31,Q1,0.0,0.0,0.0,0.0,0.0,0.0,0.0,0.0,0.0,0.0,602.25,0.0,-508013.25,0.0,0.0,0.0,0.0,-508615.5,0.0,-508615.5,-508615.5,0.0,-0.018868,-0.018868,27048813.0,27048813.0,,,1620597922,18:05:22,20210509
84,1998-09-30,SIH.AX,AUD,1998-09-30,1998-09-30,Q3,0.0,0.0,0.0,0.0,0.0,0.0,0.0,0.0,0.0,0.0,401.25,0.0,-277952.25,0.0,0.0,0.0,0.0,-278353.5,0.0,-278353.5,-278353.5,0.0,-0.019861,-0.019861,26889487.0,26889487.0,,,1620597922,18:05:22,20210509
85,1998-06-30,SIH.AX,AUD,1998-06-30,1998-06-30,Q2,0.0,0.0,0.0,0.0,0.0,0.0,0.0,0.0,0.0,0.0,401.25,0.0,-277952.25,0.0,0.0,0.0,0.0,-278353.5,0.0,-278353.5,-278353.5,0.0,-0.019861,-0.019861,26889487.0,26889487.0,,,1620597922,18:05:22,20210509
86,1998-03-31,SIH.AX,AUD,1998-03-31,1998-03-31,Q1,0.0,0.0,0.0,0.0,0.0,0.0,0.0,0.0,0.0,0.0,401.25,0.0,-277952.25,0.0,0.0,0.0,0.0,-278353.5,0.0,-278353.5,-278353.5,0.0,-0.019861,-0.019861,26889487.0,26889487.0,,,1620597922,18:05:22,20210509
87,1998-01-31,SIH.AX,AUD,1998-01-31,1998-01-31,Q1,0.0,0.0,0.0,0.0,0.0,0.0,0.0,0.0,0.0,0.0,401.25,0.0,-277952.25,0.0,0.0,0.0,0.0,-278353.5,0.0,-278353.5,-278353.5,0.0,-0.019861,-0.019861,26889487.0,26889487.0,,,1620597922,18:05:22,20210509
88,1997-09-30,SIH.AX,AUD,1997-09-30,1997-09-30,Q3,0.0,0.0,0.0,0.0,0.0,0.0,0.0,0.0,0.0,0.0,436.25,0.0,-323693.75,0.0,0.0,0.0,0.0,-324130.0,0.0,-324130.0,-324130.0,0.0,-0.019861,-0.019861,26825259.0,26825259.0,,,1620597922,18:05:22,20210509
89,1997-06-30,SIH.AX,AUD,1997-06-30,1997-06-30,Q2,0.0,0.0,0.0,0.0,0.0,0.0,0.0,0.0,0.0,0.0,436.25,0.0,-323693.75,0.0,0.0,0.0,0.0,-324130.0,0.0,-324130.0,-324130.0,0.0,-0.019861,-0.019861,26825259.0,26825259.0,,,1620597922,18:05:22,20210509
90,1997-03-31,SIH.AX,AUD,1997-03-31,1997-03-31,Q1,0.0,0.0,0.0,0.0,0.0,0.0,0.0,0.0,0.0,0.0,436.25,0.0,-323693.75,0.0,0.0,0.0,0.0,-324130.0,0.0,-324130.0,-324130.0,0.0,-0.019861,-0.019861,26825259.0,26825259.0,,,1620597922,18:05:22,20210509
91,1997-01-31,SIH.AX,AUD,1997-01-31,1997-01-31,Q1,0.0,0.0,0.0,0.0,0.0,0.0,0.0,0.0,0.0,0.0,436.25,0.0,-323693.75,0.0,0.0,0.0,0.0,-324130.0,0.0,-324130.0,-324130.0,0.0,-0.019861,-0.019861,26825259.0,26825259.0,,,1620597922,18:05:22,20210509
92,1996-09-30,SIH.AX,AUD,1996-09-30,1996-09-30,Q3,0.0,0.0,0.0,0.0,0.0,0.0,0.0,0.0,0.0,0.0,1736.75,0.0,-364376.5,0.0,0.0,0.0,0.0,-366113.25,0.0,-366113.25,-366113.25,0.0,-0.021622,-0.021622,16932412.0,16932412.0,,,1620597922,18:05:22,20210509
93,1996-06-30,SIH.AX,AUD,1996-06-30,1996-06-30,Q2,0.0,0.0,0.0,0.0,0.0,0.0,0.0,0.0,0.0,0.0,1736.75,0.0,-364376.5,0.0,0.0,0.0,0.0,-366113.25,0.0,-366113.25,-366113.25,0.0,-0.021622,-0.021622,16932412.0,16932412.0,,,1620597922,18:05:22,20210509
94,1996-03-31,SIH.AX,AUD,1996-03-31,1996-03-31,Q1,0.0,0.0,0.0,0.0,0.0,0.0,0.0,0.0,0.0,0.0,1736.75,0.0,-364376.5,0.0,0.0,0.0,0.0,-366113.25,0.0,-366113.25,-366113.25,0.0,-0.021622,-0.021622,16932412.0,16932412.0,,,1620597922,18:05:22,20210509
95,1996-01-31,SIH.AX,AUD,1996-01-31,1996-01-31,Q1,0.0,0.0,0.0,0.0,0.0,0.0,0.0,0.0,0.0,0.0,1736.75,0.0,-364376.5,0.0,0.0,0.0,0.0,-366113.25,0.0,-366113.25,-366113.25,0.0,-0.021622,-0.021622,16932412.0,16932412.0,,,1620597922,18:05:22,20210509
96,1995-09-30,SIH.AX,AUD,1995-09-30,1995-09-30,Q3,0.0,0.0,0.0,0.0,0.0,0.0,0.0,0.0,0.0,0.0,1750.0,0.0,-225500.0,0.0,0.0,0.0,0.0,-227250.0,0.0,-227250.0,-227250.0,0.0,-0.02044275,-0.02044275,11116463.0,11116463.0,,,1620597922,18:05:22,20210509
97,1995-06-30,SIH.AX,AUD,1995-06-30,1995-06-30,Q2,0.0,0.0,0.0,0.0,0.0,0.0,0.0,0.0,0.0,0.0,1750.0,0.0,-225500.0,0.0,0.0,0.0,0.0,-227250.0,0.0,-227250.0,-227250.0,0.0,-0.02044275,-0.02044275,11116463.0,11116463.0,,,1620597922,18:05:22,20210509
98,1995-03-31,SIH.AX,AUD,1995-03-31,1995-03-31,Q1,0.0,0.0,0.0,0.0,0.0,0.0,0.0,0.0,0.0,0.0,1750.0,0.0,-225500.0,0.0,0.0,0.0,0.0,-227250.0,0.0,-227250.0,-227250.0,0.0,-0.02044275,-0.02044275,11116463.0,11116463.0,,,1620597922,18:05:22,20210509
99,1995-01-31,SIH.AX,AUD,1995-01-31,1995-01-31,Q1,0.0,0.0,0.0,0.0,0.0,0.0,0.0,0.0,0.0,0.0,1750.0,0.0,-225500.0,0.0,0.0,0.0,0.0,-227250.0,0.0,-227250.0,-227250.0,0.0,-0.02044275,-0.02044275,11116463.0,11116463.0,,,1620597922,18:05:22,20210509
100,1994-09-30,SIH.AX,AUD,1994-09-30,1994-09-30,Q3,0.0,0.0,0.0,0.0,0.0,0.0,0.0,0.0,0.0,0.0,0.0,0.0,-82250.0,0.0,0.0,0.0,0.0,-82250.0,0.0,-82250.0,-82250.0,0.0,-0.009542,-0.009542,8619840.0,8619840.0,,,1620597922,18:05:22,20210509
101,1994-06-30,SIH.AX,AUD,1994-06-30,1994-06-30,Q2,0.0,0.0,0.0,0.0,0.0,0.0,0.0,0.0,0.0,0.0,0.0,0.0,-82250.0,0.0,0.0,0.0,0.0,-82250.0,0.0,-82250.0,-82250.0,0.0,-0.009542,-0.009542,8619840.0,8619840.0,,,1620597922,18:05:22,20210509
102,1994-03-31,SIH.AX,AUD,1994-03-31,1994-03-31,Q1,0.0,0.0,0.0,0.0,0.0,0.0,0.0,0.0,0.0,0.0,0.0,0.0,-82250.0,0.0,0.0,0.0,0.0,-82250.0,0.0,-82250.0,-82250.0,0.0,-0.009542,-0.009542,8619840.0,8619840.0,,,1620597922,18:05:22,20210509
103,1994-01-31,SIH.AX,AUD,1994-01-31,1994-01-31,Q1,0.0,0.0,0.0,0.0,0.0,0.0,0.0,0.0,0.0,0.0,0.0,0.0,-82250.0,0.0,0.0,0.0,0.0,-82250.0,0.0,-82250.0,-82250.0,0.0,-0.009542,-0.009542,8619840.0,8619840.0,,,1620597922,18:05:22,20210509
104,1993-09-30,SIH.AX,AUD,1993-09-30,1993-09-30,Q3,0.0,0.0,0.0,0.0,0.0,0.0,0.0,0.0,0.0,0.0,0.0,0.0,-98500.0,0.0,0.0,0.0,0.0,-98500.0,0.0,-98500.0,-98500.0,0.0,-0.0171755,-0.0171755,8710754.0,8710754.0,,,1620597922,18:05:22,20210509
105,1993-06-30,SIH.AX,AUD,1993-06-30,1993-06-30,Q2,0.0,0.0,0.0,0.0,0.0,0.0,0.0,0.0,0.0,0.0,0.0,0.0,-98500.0,0.0,0.0,0.0,0.0,-98500.0,0.0,-98500.0,-98500.0,0.0,-0.0171755,-0.0171755,8710754.0,8710754.0,,,1620597922,18:05:22,20210509
106,1993-03-31,SIH.AX,AUD,1993-03-31,1993-03-31,Q1,0.0,0.0,0.0,0.0,0.0,0.0,0.0,0.0,0.0,0.0,0.0,0.0,-98500.0,0.0,0.0,0.0,0.0,-98500.0,0.0,-98500.0,-98500.0,0.0,-0.0171755,-0.0171755,8710754.0,8710754.0,,,1620597922,18:05:22,20210509
107,1993-01-31,SIH.AX,AUD,1993-01-31,1993-01-31,Q1,0.0,0.0,0.0,0.0,0.0,0.0,0.0,0.0,0.0,0.0,0.0,0.0,-98500.0,0.0,0.0,0.0,0.0,-98500.0,0.0,-98500.0,-98500.0,0.0,-0.0171755,-0.0171755,8710754.0,8710754.0,,,1620597922,18:05:22,20210509
108,1992-09-30,SIH.AX,AUD,1992-09-30,1992-09-30,Q3,0.0,0.0,0.0,0.0,0.0,0.0,0.0,0.0,0.0,0.0,0.0,0.0,-125500.0,0.0,0.0,0.0,0.0,-125500.0,0.0,-125500.0,-125500.0,0.0,-0.030592713717529064,-0.030592713717529064,4102284.0,4102284.0,,,1620597922,18:05:22,20210509
109,1992-06-30,SIH.AX,AUD,1992-06-30,1992-06-30,Q2,0.0,0.0,0.0,0.0,0.0,0.0,0.0,0.0,0.0,0.0,0.0,0.0,-125500.0,0.0,0.0,0.0,0.0,-125500.0,0.0,-125500.0,-125500.0,0.0,-0.030592713717529064,-0.030592713717529064,4102284.0,4102284.0,,,1620597922,18:05:22,20210509
110,1992-03-31,SIH.AX,AUD,1992-03-31,1992-03-31,Q1,0.0,0.0,0.0,0.0,0.0,0.0,0.0,0.0,0.0,0.0,0.0,0.0,-125500.0,0.0,0.0,0.0,0.0,-125500.0,0.0,-125500.0,-125500.0,0.0,-0.030592713717529064,-0.030592713717529064,4102284.0,4102284.0,,,1620597922,18:05:22,20210509
111,1992-01-31,SIH.AX,AUD,1992-01-31,1992-01-31,Q1,0.0,0.0,0.0,0.0,0.0,0.0,0.0,0.0,0.0,0.0,0.0,0.0,-125500.0,0.0,0.0,0.0,0.0,-125500.0,0.0,-125500.0,-125500.0,0.0,-0.030592713717529064,-0.030592713717529064,4102284.0,4102284.0,,,1620597922,18:05:22,20210509
112,1991-09-30,SIH.AX,AUD,1991-09-30,1991-09-30,Q3,0.0,0.0,0.0,0.0,0.0,0.0,0.0,0.0,0.0,0.0,7500.0,0.0,-74250.0,0.0,0.0,0.0,0.0,-81750.0,0.0,-81750.0,-81750.0,0.0,-3.476539153880071e-05,-3.476539153880071e-05,2351476465.0,2351476465.0,,,1620597922,18:05:22,20210509
113,1991-06-30,SIH.AX,AUD,1991-06-30,1991-06-30,Q2,0.0,0.0,0.0,0.0,0.0,0.0,0.0,0.0,0.0,0.0,7500.0,0.0,-74250.0,0.0,0.0,0.0,0.0,-81750.0,0.0,-81750.0,-81750.0,0.0,-3.476539153880071e-05,-3.476539153880071e-05,2351476465.0,2351476465.0,,,1620597922,18:05:22,20210509
114,1991-03-31,SIH.AX,AUD,1991-03-31,1991-03-31,Q1,0.0,0.0,0.0,0.0,0.0,0.0,0.0,0.0,0.0,0.0,7500.0,0.0,-74250.0,0.0,0.0,0.0,0.0,-81750.0,0.0,-81750.0,-81750.0,0.0,-3.476539153880071e-05,-3.476539153880071e-05,2351476465.0,2351476465.0,,,1620597922,18:05:22,20210509
115,1991-01-31,SIH.AX,AUD,1991-01-31,1991-01-31,Q1,0.0,0.0,0.0,0.0,0.0,0.0,0.0,0.0,0.0,0.0,7500.0,0.0,-74250.0,0.0,0.0,0.0,0.0,-81750.0,0.0,-81750.0,-81750.0,0.0,-3.476539153880071e-05,-3.476539153880071e-05,2351476465.0,2351476465.0,,,1620597922,18:05:22,20210509
116,1990-09-30,SIH.AX,AUD,1990-09-30,1990-09-30,Q3,0.0,0.0,0.0,0.0,0.0,0.0,0.0,0.0,0.0,0.0,15500.0,0.0,-255500.0,0.0,0.0,0.0,0.0,-271000.0,0.0,-271000.0,-271000.0,0.0,-0.00011524674137021397,-0.00011524674137021397,2351476465.0,2351476465.0,,,1620597922,18:05:22,20210509
117,1990-06-30,SIH.AX,AUD,1990-06-30,1990-06-30,Q2,0.0,0.0,0.0,0.0,0.0,0.0,0.0,0.0,0.0,0.0,15500.0,0.0,-255500.0,0.0,0.0,0.0,0.0,-271000.0,0.0,-271000.0,-271000.0,0.0,-0.00011524674137021397,-0.00011524674137021397,2351476465.0,2351476465.0,,,1620597922,18:05:22,20210509
118,1990-03-31,SIH.AX,AUD,1990-03-31,1990-03-31,Q1,0.0,0.0,0.0,0.0,0.0,0.0,0.0,0.0,0.0,0.0,15500.0,0.0,-255500.0,0.0,0.0,0.0,0.0,-271000.0,0.0,-271000.0,-271000.0,0.0,-0.00011524674137021397,-0.00011524674137021397,2351476465.0,2351476465.0,,,1620597922,18:05:22,20210509
119,1990-01-31,SIH.AX,AUD,1990-01-31,1990-01-31,Q1,0.0,0.0,0.0,0.0,0.0,0.0,0.0,0.0,0.0,0.0,15500.0,0.0,-255500.0,0.0,0.0,0.0,0.0,-271000.0,0.0,-271000.0,-271000.0,0.0,-0.00011524674137021397,-0.00011524674137021397,2351476465.0,2351476465.0,,,1620597922,18:05:22,20210509
120,1989-09-30,SIH.AX,AUD,1989-09-30,1989-09-30,Q3,0.0,0.0,0.0,0.0,0.0,0.0,0.0,0.0,0.0,0.0,13000.0,0.0,-303000.0,0.0,0.0,0.0,0.0,-316000.0,0.0,-316000.0,-316000.0,0.0,-0.00013438365414386575,-0.00013438365414386575,2351476465.0,2351476465.0,,,1620597922,18:05:22,20210509
121,1989-06-30,SIH.AX,AUD,1989-06-30,1989-06-30,Q2,0.0,0.0,0.0,0.0,0.0,0.0,0.0,0.0,0.0,0.0,13000.0,0.0,-303000.0,0.0,0.0,0.0,0.0,-316000.0,0.0,-316000.0,-316000.0,0.0,-0.00013438365414386575,-0.00013438365414386575,2351476465.0,2351476465.0,,,1620597922,18:05:22,20210509
122,1989-03-31,SIH.AX,AUD,1989-03-31,1989-03-31,Q1,0.0,0.0,0.0,0.0,0.0,0.0,0.0,0.0,0.0,0.0,13000.0,0.0,-303000.0,0.0,0.0,0.0,0.0,-316000.0,0.0,-316000.0,-316000.0,0.0,-0.00013438365414386575,-0.00013438365414386575,2351476465.0,2351476465.0,,,1620597922,18:05:22,20210509
123,1989-01-31,SIH.AX,AUD,1989-01-31,1989-01-31,Q1,0.0,0.0,0.0,0.0,0.0,0.0,0.0,0.0,0.0,0.0,13000.0,0.0,-303000.0,0.0,0.0,0.0,0.0,-316000.0,0.0,-316000.0,-316000.0,0.0,-0.00013438365414386575,-0.00013438365414386575,2351476465.0,2351476465.0,,,1620597922,18:05:22,20210509
