,date,symbol,reportedCurrency,fillingDate,acceptedDate,period,revenue,costOfRevenue,grossProfit,grossProfitRatio,researchAndDevelopmentExpenses,generalAndAdministrativeExpenses,sellingAndMarketingExpenses,otherExpenses,operatingExpenses,costAndExpenses,interestExpense,depreciationAndAmortization,ebitda,ebitdaratio,operatingIncome,operatingIncomeRatio,totalOtherIncomeExpensesNet,incomeBeforeTax,incomeBeforeTaxRatio,incomeTaxExpense,netIncome,netIncomeRatio,eps,epsdiluted,weightedAverageShsOut,weightedAverageShsOutDil,link,finalLink,timestamp,est_time,est_date
0,2020-12-31,KGC,USD,2020-12-31,2020-12-31,Q4,1195100000,67900000,1127200000.0,0.9431846707388503,0.0,36100000.0,0.0,1900000.0,140700000.0,208600000.0,20900000.0,0.0,1222900000.0,1.0232616517446238,986500000.0,0.8102250857668815,2200000.0,968300000.0,0.8102250857668815,170500000.0,783300000.0,0.6554263241569743,0.6226055162546698,0.6226055162546698,1258100000,1258100000,,,1620594120,17:02:00,20210509
1,2020-09-30,KGC,USD,2020-09-30,2020-09-30,Q3,1131300000,644200000,487100000.0,0.4305666047909485,0.0,25300000.0,0.0,5500000.0,99400000.0,743600000.0,21700000.0,0.0,598800000.0,0.5293025722619995,387700000.0,0.3427030849465217,-3400000.0,363400000.0,0.32122337134270307,121800000.0,240700000.0,0.21276407672589057,0.19132024481360782,0.1896769109535067,1258100000,1269000000,,,1620594120,17:02:00,20210509
2,2020-06-30,KGC,USD,2020-07-07 00:00:00,2020-07-07 10:55:56,Q2,1007200000,638900000,368300000.0,0.36566719618745036,17900000.0,24700000.0,0.0,52900000.0,101200000.0,686100000.0,-19900000.0,210400000.0,531500000.0,0.5277005559968229,321100000.0,0.3188046068308181,-1900000.0,298500000.0,0.29636616362192214,102500000.0,195700000.0,0.1943010325655282,0.15428,0.15428,1268500000,1268500000,https://www.sec.gov/Archives/edgar/data/701818/000110465920081601/0001104659-20-081601-index.html,https://www.sec.gov/Archives/edgar/data/701818/000110465920081601/tm2024271d1_6k.htm,1620594120,17:02:00,20210509
3,2020-03-31,KGC,USD,2020-04-01 00:00:00,2020-04-01 13:13:10,Q1,879800000,614400000,265400000.0,0.3016594680609229,19100000.0,31800000.0,0.0,21900000.0,78600000.0,687200000.0000001,-21000000.0,193100000.0,385700000.0,0.4383950897931348,192600000.0,0.21891338940668334,-4400000.0,168300000.0,0.19129347578995226,45000000.0,122700000.0,0.13946351443509888,0.09697,0.09697,1265300000,1265300000,https://www.sec.gov/Archives/edgar/data/701818/000110465920041748/0001104659-20-041748-index.html,https://www.sec.gov/Archives/edgar/data/701818/000110465920041748/tm2014042d2_6k.htm,1620594120,17:02:00,20210509
4,2019-12-31,KGC,USD,2020-01-14 00:00:00,2020-01-14 10:04:18,Q4,996200000,710900000,285300000.0,0.2863882754466974,30000000.0,31300000.0,0.0,17000000.0,86100000.0,427400000.0,-26700000.0,210399999.99999997,779200000.0,0.782172254567356,568800000.0,0.5709696848022485,-5100000.0,607200000.0,0.6095161614133708,86600000.0,521500000.0,0.5234892591849026,0.41249,0.41249,1264276000,1264276000,https://www.sec.gov/Archives/edgar/data/701818/000110465920003687/0001104659-20-003687-index.html,https://www.sec.gov/Archives/edgar/data/701818/000110465920003687/tm203298d1_6k.htm,1620594120,17:02:00,20210509
5,2019-09-30,KGC,USD,2019-10-10 00:00:00,2019-10-09 20:06:34,Q3,877100000,617500000,259600000.0,0.2959753733895793,35600000.0,32300000.0,0.0,29100000.0,104700000.0,714500000.0,-5300000.0,176899999.99999997,339500000.0,0.3870710295291301,162600000.0,0.1853836506669707,-9600000.0,146300000.0,0.16679968076616122,85500000.0,60900000.0,0.06943335993615324,0.04818,0.04818,1263900000,1263900000,https://www.sec.gov/Archives/edgar/data/701818/000114420419047802/0001144204-19-047802-index.html,https://www.sec.gov/Archives/edgar/data/701818/000114420419047802/tv530884_6k.htm,1620594120,17:02:00,20210509
6,2019-06-30,KGC,USD,2019-07-31 00:00:00,2019-07-31 17:07:52,Q2,837800000,606000000,231800000.0,0.27667701121986155,28400000.0,29600000.0,0.0,29500000.0,95300000.0,693500000.0,-19700000.0,179900000.0,324200000.0,0.3869658629744569,144300000.0,0.17223681069467653,-7800000.0,117600000.0,0.14036762950584866,46500000.0,71500000.0,0.08534256385772261,0.05669,0.05669,1261200000,1261200000,https://www.sec.gov/Archives/edgar/data/701818/000070181819000008/0000701818-19-000008-index.html,https://www.sec.gov/Archives/edgar/data/701818/000070181819000008/form6-k.htm,1620594120,17:02:00,20210509
7,2019-03-31,KGC,USD,2019-04-04 00:00:00,2019-04-04 17:14:31,Q1,786200000,575800000,210400000.0,0.2676163825998474,19500000.0,42600000.0,0.0,29500000.0,102700000.0,670800000.0,-15200000.0,164100000.0,279500000.0,0.3555075044517934,115400000.0,0.14678198931569575,-8300000.0,92700000.0,0.11790892902569321,28100000.0,64700000.0,0.08229458153141694,0.05139,0.05139,1259100000,1259100000,https://www.sec.gov/Archives/edgar/data/701818/000114420419018210/0001144204-19-018210-index.html,https://www.sec.gov/Archives/edgar/data/701818/000114420419018210/tv518219_6-k.htm,1620594120,17:02:00,20210509
8,2018-12-31,KGC,USD,2019-01-15 00:00:00,2019-01-15 16:06:05,Q4,786500000,660700000,125800000.0,0.15994914176732358,32400000.0,32800000.0,0.0,35500000.0,129800000.0,761399999.9999999,-24000000.0,184299999.99999994,209399999.99999994,0.2662428480610298,25100000.0,0.0319135410044501,-3500000.0,-2300000.0,-0.0029243483788938336,26300000.0,-27700000.0,-0.035219326128417036,-0.02215,-0.02215,1250400000,1250400000,https://www.sec.gov/Archives/edgar/data/701818/000114420419001742/0001144204-19-001742-index.html,https://www.sec.gov/Archives/edgar/data/701818/000114420419001742/tv511067_6k.htm,1620594120,17:02:00,20210509
9,2018-09-30,KGC,USD,2018-10-04 00:00:00,2018-10-04 12:53:54,Q3,753900000,689300000,64600000.0,0.0856877569969492,32500000.0,34200000.0,0.0,46700000.0,113400000.00000009,802700000.0000001,-15200000.0,204700000.00000006,155900000.00000006,0.20679135163814838,-48800000.0,-0.06473007030110094,-6400000.0,-71200000.0,-0.09444223371799973,34100000.0,-104400000.0,-0.1384799044966176,-0.08351,-0.08351,1250200000,1250200000,https://www.sec.gov/Archives/edgar/data/701818/000114420418052463/0001144204-18-052463-index.html,https://www.sec.gov/Archives/edgar/data/701818/000114420418052463/tv504279_6-k.htm,1620594120,17:02:00,20210509
10,2018-06-30,KGC,USD,2018-08-01 00:00:00,2018-08-01 17:13:51,Q2,775000000,645200000,129800000.0,0.16748387096774195,23800000.0,30300000.0,0.0,29400000.0,83500000.0,728700000.0,-11500000.0,190299999.99999997,236599999.99999997,0.30529032258064515,46300000.0,0.05974193548387097,-7400000.0,26500000.0,0.034193548387096775,24400000.0,2400000.0,0.003096774193548387,0.00191,0.00191,1259300000,1259300000,https://www.sec.gov/Archives/edgar/data/701818/000070181818000009/0000701818-18-000009-index.html,https://www.sec.gov/Archives/edgar/data/701818/000070181818000009/form6-k.htm,1620594120,17:02:00,20210509
11,2018-03-31,KGC,USD,2018-04-04 00:00:00,2018-04-04 10:57:04,Q1,897200000,637700000,259500000.0,0.28923316986179226,20500000.0,35700000.0,0.0,25400000.0,88800000.0,719299999.9999999,-16200000.0,193100000.0,371000000.0,0.4135086937137762,177900000.0,0.1982835488185466,-2300000.0,160200000.0,0.1785555060187249,54000000.0,106100000.0,0.11825679893000446,0.08432,0.08432,1258300000,1258300000,https://www.sec.gov/Archives/edgar/data/701818/000104746918002511/0001047469-18-002511-index.html,https://www.sec.gov/Archives/edgar/data/701818/000104746918002511/a2235004z6-k.htm,1620594120,17:02:00,20210509
12,2017-12-31,KGC,USD,2018-01-11 00:00:00,2018-01-11 17:27:13,Q4,810300000,604800000,205500000.0,0.25360977415771935,34000000.0,33800000.0,0.0,13300000.0,88800000.0,707400000.0,-16800000.0,190299999.99999994,293199999.99999994,0.3618412933481426,102900000.0,0.12699000370233246,9400000.0,142800000.0,0.17623102554609404,-73800000.0,217600000.0,0.2685425151178576,0.1729,0.1729,1258500000,1258500000,https://www.sec.gov/Archives/edgar/data/701818/000114420418001946/0001144204-18-001946-index.html,https://www.sec.gov/Archives/edgar/data/701818/000114420418001946/tv483182_6k.htm,1620594120,17:02:00,20210509
13,2017-09-30,KGC,USD,2017-10-12 00:00:00,2017-10-12 11:24:59,Q3,828000000,635100000,192900000.0,0.23297101449275362,26100000.0,31600000.0,0.0,55100000.0,120700000.0,747900000.0,-23900000.0,207600000.00000003,287700000.0,0.34746376811594204,80100000.0,0.0967391304347826,-6600000.0,49800000.0,0.060144927536231886,-10300000.0,60100000.0,0.07258454106280193,0.04781,0.04781,1257100000,1257100000,https://www.sec.gov/Archives/edgar/data/701818/000114420417052191/0001144204-17-052191-index.html,https://www.sec.gov/Archives/edgar/data/701818/000114420417052191/tv476875_6k.htm,1620594120,17:02:00,20210509
14,2017-06-30,KGC,USD,2017-07-06 00:00:00,2017-07-06 17:26:59,Q2,868600000,660600000,208000000.0,0.23946580704582085,24900000.0,32000000.0,0.0,46200000.0,110900000.0,763700000.0,-18000000.0,204000000.0,308900000.0,0.35562974902141375,104900000.0,0.120769053649551,-6300000.0,89700000.0,0.10326962928851025,58000000.0,33100000.0,0.03810729910200322,0.02632,0.02632,1257400000,1257400000,https://www.sec.gov/Archives/edgar/data/701818/000157104917006527/0001571049-17-006527-index.html,https://www.sec.gov/Archives/edgar/data/701818/000157104917006527/t1700424_6k.htm,1620594120,17:02:00,20210509
15,2017-03-31,KGC,USD,2017-04-03 00:00:00,2017-03-31 18:19:27,Q1,796100000,676300000,119800000.0,0.15048360758698656,21000000.0,35200000.0,0.0,15000000.0,79100000.0,650500000.0,-20200000.0,217500000.0,363100000.0,0.4560984800904409,145600000.0,0.18289159653309886,10800000.0,136700000.0,0.17171209647029267,2900000.0,134600000.0,0.16907423690491144,0.10724,0.10724,1255100000,1255100000,https://www.sec.gov/Archives/edgar/data/701818/000110465917020750/0001104659-17-020750-index.html,https://www.sec.gov/Archives/edgar/data/701818/000110465917020750/a17-8997_140f.htm,1620594120,17:02:00,20210509
16,2016-12-31,KGC,USD,2017-01-09 00:00:00,2017-01-09 16:53:15,Q4,902800000,767200000,135600000.0,0.15019937970757644,26000000.0,33100000.0,0.0,112100000.0,179800000.0,938399999.9999999,-26900000.0,237799999.99999994,202199999.99999994,0.22396987151085504,-35600000.0,-0.03943287549844927,-6000000.0,-65600000.0,-0.07266282676118742,52300000.0,-116500000.0,-0.12904297740363313,-0.09357,-0.09357,1245000000,1245000000,https://www.sec.gov/Archives/edgar/data/701818/000157104917000263/0001571049-17-000263-index.html,https://www.sec.gov/Archives/edgar/data/701818/000157104917000263/t1700014_6k.htm,1620594120,17:02:00,20210509
17,2016-09-30,KGC,USD,2016-10-05 00:00:00,2016-10-04 21:44:21,Q3,910200000,703800000,206400000.0,0.2267633487145682,29800000.0,39900000.0,0.0,27200000.0,105500000.0,940300000.0,-19600000.0,213800000.00000006,183700000.00000006,0.20182377499450677,-30100000.0,-0.033069655020874535,-7800000.0,-57200000.0,-0.06284333113601406,-59400000.0,2500000.0,0.002746649088112503,0.00199,0.00199,1256500000,1256500000,https://www.sec.gov/Archives/edgar/data/701818/000157104916018629/0001571049-16-018629-index.html,https://www.sec.gov/Archives/edgar/data/701818/000157104916018629/t1600624_6k.htm,1620594120,17:02:00,20210509
18,2016-06-30,KGC,USD,2016-07-27 00:00:00,2016-07-27 17:04:06,Q2,876400000,716900000,159500000.0,0.18199452304883615,21800000.0,32400000.0,0.0,36100000.0,98800000.0,807200000.0000001,-35100000.0,210200000.0,279400000.0,0.3188041989958923,69200000.0,0.07895937927886809,5300000.0,42400000.0,0.048379735280693746,69400000.0,-25000000.0,-0.028525787311729802,-0.02009,-0.02009,1244200000,1244200000,https://www.sec.gov/Archives/edgar/data/701818/000070181816000016/0000701818-16-000016-index.html,https://www.sec.gov/Archives/edgar/data/701818/000070181816000016/form6-k.htm,1620594120,17:02:00,20210509
19,2016-03-31,KGC,USD,2016-04-05 00:00:00,2016-04-05 08:30:58,Q1,782600000,650900000,131700000.0,0.1682852031689241,16700000.0,38300000.0,0.0,33900000.0,97400000.0,739800000.0,-19200000.0,193200000.0,236000000.0,0.301558906210069,42800000.0,0.054689496549961664,-6200000.0,20900000.0,0.026705852287247638,-12700000.0,35000000.0,0.044722719141323794,0.02959,0.02959,1182800000,1182800000,https://www.sec.gov/Archives/edgar/data/701818/000157104916013649/0001571049-16-013649-index.html,https://www.sec.gov/Archives/edgar/data/701818/000157104916013649/t1600195_6k.htm,1620594120,17:02:00,20210509
20,2015-12-31,KGC,USD,2016-01-07 00:00:00,2016-01-07 17:27:05,Q4,706200000,674400000,31800000.0,0.045029736618521665,25600000.0,51600000.0,0.0,-2600000.0,81600000.0,1424700000.0,-35300000.0,235000000.0,-483500000.0,-0.6846502407250071,-718500000.0,-1.0174171622769754,6900000.0,-757200000.0,-1.072217502124044,87100000.0,-841900000.0,-1.1921551968280941,-0.73445,-0.73445,1146300000,1146300000,https://www.sec.gov/Archives/edgar/data/701818/000157104916010581/0001571049-16-010581-index.html,https://www.sec.gov/Archives/edgar/data/701818/000157104916010581/t83966_6k.htm,1620594120,17:02:00,20210509
21,2015-09-30,KGC,USD,2015-10-05 00:00:00,2015-10-02 18:30:08,Q3,809400000,722100000,87300000.0,0.1078576723498888,29900000.0,44200000.0,0.0,13500000.0,94500000.0,814600000.0,-21400000.0,239800000.00000006,234600000.00000006,0.289844329132691,-5200000.0,-0.006424511984185817,12700000.0,-18400000.0,-0.022732888559426737,34700000.0,-52700000.0,-0.06510995799357548,-0.04597,-0.04597,1146300000,1146300000,https://www.sec.gov/Archives/edgar/data/701818/000157104915008085/0001571049-15-008085-index.html,https://www.sec.gov/Archives/edgar/data/701818/000157104915008085/t83255_6k.htm,1620594120,17:02:00,20210509
22,2015-06-30,KGC,USD,2015-07-29 00:00:00,2015-07-29 17:14:30,Q2,755200000,675200000,80000000.0,0.1059322033898305,29700000.0,44600000.0,0.0,49000000.0,130300000.0,824500000.0,-15200000.0,216700000.0,147400000.0,0.1951800847457627,-69300000.0,-0.09176377118644068,-5200000.0,-89900000.0,-0.11904131355932203,-5400000.0,-83200000.0,-0.11016949152542373,-0.07259,-0.07259,1146200000,1146200000,https://www.sec.gov/Archives/edgar/data/701818/000070181815000006/0000701818-15-000006-index.html,https://www.sec.gov/Archives/edgar/data/701818/000070181815000006/form6-k.htm,1620594120,17:02:00,20210509
23,2015-03-31,KGC,USD,2015-04-02 00:00:00,2015-04-01 19:13:14,Q1,781400000,660800000,120600000.0,0.15433836703352957,22800000.0,39000000.0,0.0,16300000.0,78100000.00000001,738900000.0,-18800000.0,206200000.0,248700000.0,0.3182748912208856,42500000.0,0.054389557205016634,-4700000.0,17800000.0,0.022779626311748145,25300000.0,-6700000.0,-0.008574353724084976,-0.00585,-0.00585,1145100000,1145100000,https://www.sec.gov/Archives/edgar/data/701818/000157104915002567/0001571049-15-002567-index.html,https://www.sec.gov/Archives/edgar/data/701818/000157104915002567/t81947_6k.htm,1620594120,17:02:00,20210509
24,2014-12-31,KGC,USD,2015-04-02 00:00:00,2015-04-01 19:13:14,Q4,791300000,698400000,92900000.0,0.11740174396562618,26100000.0,51200000.0,0.0,65600000.0,149900000.0,2250199999.9999995,-49400000.0,229200000.00000006,-1229700000.0,-1.554025022115506,-1458900000.0,-1.8436749652470619,-13400000.0,-1530800000.0,-1.9345381018577026,-30900000.0,-1235100000.0,-1.5608492354353596,-1.07907,-1.07907,1144600000,1144600000,https://www.sec.gov/Archives/edgar/data/701818/000157104915002567/0001571049-15-002567-index.html,https://www.sec.gov/Archives/edgar/data/701818/000157104915002567/t81947_6k.htm,1620594120,17:02:00,20210509
25,2014-09-30,KGC,USD,2014-10-08 00:00:00,2014-10-08 17:14:58,Q3,945700000,753900000,191800000.0,0.20281273131014063,27800000.0,38200000.0,0.0,13200000.0,86200000.0,833700000.0000001,-24400000.0,233800000.0,345800000.0,0.36565507031828276,112000000.0,0.11843079200592153,-5100000.0,88000000.0,0.09305276514750978,92300000.0,-5100000.0,-0.005392830707412499,-0.00446,-0.00446,1144500000,1144500000,https://www.sec.gov/Archives/edgar/data/701818/000157104914004969/0001571049-14-004969-index.html,https://www.sec.gov/Archives/edgar/data/701818/000157104914004969/t80466-kinross_6k.htm,1620594120,17:02:00,20210509
26,2014-06-30,KGC,USD,2014-07-30 00:00:00,2014-07-30 17:51:29,Q2,911900000,741200000,170700000.0,0.18719157802390612,29000000.0,46200000.0,0.0,15300000.0,97600000.0,831700000.0,-10600000.0,215299999.99999997,295500000.0,0.32404868954929267,80200000.0,0.08794823993858976,-6800000.0,62900000.0,0.06897686149797126,17200000.0,44100000.0,0.04836056585151881,0.03822,0.03822,1153900000,1153900000,https://www.sec.gov/Archives/edgar/data/701818/000157104914003488/0001571049-14-003488-index.html,https://www.sec.gov/Archives/edgar/data/701818/000157104914003488/t79869_6k.htm,1620594120,17:02:00,20210509
27,2014-03-31,KGC,USD,2014-04-01 00:00:00,2014-03-31 20:56:40,Q1,817400000,652400000,165000000.0,0.20185955468558844,22700000.0,43200000.0,0.0,17700000.0,90600000.0,736000000.0,-17400000.0,196400000.0,277800000.0,0.33985808661609984,81400000.0,0.09958404697822364,-1900000.0,62500000.0,0.07646195253241987,31100000.0,29600000.0,0.03621238071935405,0.02571,0.02571,1151100000,1151100000,https://www.sec.gov/Archives/edgar/data/701818/000118811214000899/0001188112-14-000899-index.html,https://www.sec.gov/Archives/edgar/data/701818/000118811214000899/t78808a_6k.htm,1620594120,17:02:00,20210509
28,2013-12-31,KGC,USD,2014-04-01 00:00:00,2014-03-31 20:56:40,Q4,877100000,735100000,142000000.0,0.1618971610990765,26300000.0,52100000.0,0.0,33200000.0,116100000.0,1586200000.0,-26700000.0,206699999.99999994,-502400000.00000006,-0.572796716451944,-709100000.0,-0.8084596967278531,-4900000.0,-742000000.0,-0.8459696727853152,-1600000.0,-742100000.0,-0.8460836848705963,-0.64909,-0.64909,1143300000,1143300000,https://www.sec.gov/Archives/edgar/data/701818/000118811214000899/0001188112-14-000899-index.html,https://www.sec.gov/Archives/edgar/data/701818/000118811214000899/t78808a_6k.htm,1620594120,17:02:00,20210509
29,2013-09-30,KGC,USD,2013-10-10 00:00:00,2013-10-10 09:59:43,Q3,876300000,671100000,205200000.0,0.23416638137624102,39100000.0,42600000.0,0.0,21600000.0,107600000.0,778600000.0,8400000.0,184300000.0,282000000.0,0.32180760013693943,97700000.0,0.11149149834531553,-4300000.0,101400000.0,0.1157137966449846,54800000.0,41900000.0,0.047814675339495606,0.03645,0.03645,1149400000,1149400000,https://www.sec.gov/Archives/edgar/data/701818/000118811213002887/0001188112-13-002887-index.html,https://www.sec.gov/Archives/edgar/data/701818/000118811213002887/t77557_8k.htm,1620594120,17:02:00,20210509
30,2013-06-30,KGC,USD,2013-07-31 00:00:00,2013-07-31 17:09:30,Q2,968000000,723600000,244400000.0,0.2524793388429752,43200000.0,42400000.0,0.0,9400000.0,95000000.0,3479200000.0,-22100000.0,210100000.00000003,-2301100000.0,-2.3771694214876034,-2511200000.0,-2.5942148760330577,-2500000.0,-2536000000.0,-2.6198347107438016,-53600000.0,-3203000000.0,-3.3088842975206614,-2.80547,-2.80547,1141700000,1141700000,https://www.sec.gov/Archives/edgar/data/701818/000070181813000006/0000701818-13-000006-index.html,https://www.sec.gov/Archives/edgar/data/701818/000070181813000006/form6-k.htm,1620594120,17:02:00,20210509
31,2013-03-31,KGC,USD,2013-04-01 00:00:00,2013-04-01 16:54:14,Q1,1058100000,703400000,354700000.0,0.33522351384557225,38500000.0,39500000.0,0.0,24000000.0,108200000.0,811000000.0,-6700000.0,227700000.0,474800000.0,0.44872885360551934,247100000.0,0.23353180228711842,-4400000.0,236800000.0,0.223797372649088,72800000.0,160500000.0,0.15168698610717324,0.13991,0.13991,1147200000,1147200000,https://www.sec.gov/Archives/edgar/data/701818/000110465913026203/0001104659-13-026203-index.html,https://www.sec.gov/Archives/edgar/data/701818/000110465913026203/a13-7850_240f.htm,1620594120,17:02:00,20210509
32,2012-12-31,KGC,USD,2013-01-10 00:00:00,2013-01-10 17:15:33,Q4,1186900000,677400000,509500000.0,0.4292695256550678,45700000.0,43100000.0,0.0,40400000.0,337300000.0,4338300000.0,5700000.0,199799999.99999994,-2951600000.0,-2.486814390428848,-3151400000.0,-2.655152076838824,-3400000.0,-3141200000.0,-2.6465582610160925,-158800000.0,-2989100000.0,-2.5184093015418316,-2.62202,-2.62202,1140000000,1140000000,https://www.sec.gov/Archives/edgar/data/701818/000118811213000089/0001188112-13-000089-index.html,https://www.sec.gov/Archives/edgar/data/701818/000118811213000089/t75354_6k.htm,1620594120,17:02:00,20210509
33,2012-09-30,KGC,USD,2012-10-03 00:00:00,2012-10-03 17:09:03,Q3,1109700000,637400000,472300000.0,0.4256105253672164,55800000.0,52300000.0,0.0,20000000.0,72400000.0,765500000.0,-13600000.0,181600000.00000003,525800000.0,0.47382175362710643,344200000.0,0.310173920879517,-3200000.0,327200000.0,0.29485446517076686,99700000.0,224900000.0,0.20266738758222944,0.19632,0.19632,1145600000,1145600000,https://www.sec.gov/Archives/edgar/data/701818/000118811212003006/0001188112-12-003006-index.html,https://www.sec.gov/Archives/edgar/data/701818/000118811212003006/t74707_6k.htm,1620594120,17:02:00,20210509
34,2012-06-30,KGC,USD,2012-07-12 00:00:00,2012-07-12 12:16:07,Q2,1005600000,621100000,384500000.0,0.3823587907716786,70600000.0,44000000.0,0.0,10700000.0,126000000.0,766600000.0,-17800000.0,157000000.0,396000000.0,0.3937947494033413,239000000.0,0.23766905330151153,-2100000.0,218600000.0,0.21738265712012728,104500000.0,153600000.0,0.15274463007159905,0.13423,0.13423,1144300000,1144300000,https://www.sec.gov/Archives/edgar/data/701818/000118811212002157/0001188112-12-002157-index.html,https://www.sec.gov/Archives/edgar/data/701818/000118811212002157/t74109_6k.htm,1620594120,17:02:00,20210509
35,2012-03-31,KGC,USD,2012-04-02 00:00:00,2012-04-02 06:01:48,Q1,1005100000,594200000,410900000.0,0.4088150432792757,57700000.0,39700000.0,0.0,11500000.0,110300000.0,703100000.0,11200000.0,142500000.0,444500000.0,0.4422445527808178,302000000.0,0.3004676151626704,-9400000.0,303800000.0,0.30225848174311015,214000000.0,105700000.0,0.10516366530693463,0.09235,0.09235,1144500000,1144500000,https://www.sec.gov/Archives/edgar/data/701818/000118811212000927/0001188112-12-000927-index.html,https://www.sec.gov/Archives/edgar/data/701818/000118811212000927/t72997a_6k.htm,1620594120,17:02:00,20210509
36,2011-12-31,KGC,USD,2012-01-17 00:00:00,2012-01-17 09:15:10,Q4,919800000,502800000,417000000.0,0.45335942596216566,47100000.0,54000000.0,0.0,40500000.0,231200000.0,3582000000.0,7000000.0,127400000.00000003,-2534800000.0,-2.7558164818438793,-2662200000.0,-2.8943248532289627,-6200000.0,-2667500000.0,-2.900086975429441,120500000.0,-2783700000.0,-3.0264187866927594,-2.44721,-2.44721,1137500000,1137500000,https://www.sec.gov/Archives/edgar/data/701818/000118811212000095/0001188112-12-000095-index.html,https://www.sec.gov/Archives/edgar/data/701818/000118811212000095/t72343_6k.htm,1620594120,17:02:00,20210509
37,2011-09-30,KGC,USD,2011-10-03 00:00:00,2011-10-03 11:56:52,Q3,1041000000,549900000,491100000.0,0.4717579250720461,37500000.0,36200000.0,0.0,8600000.0,45200000.0,632200000.0000001,-30000000.0,139700000.0,548500000.0,0.5268972142170989,408800000.0,0.3926993275696446,-2000000.0,377100000.0,0.3622478386167147,167200000.0,212600000.0,0.2042267050912584,0.1861,0.1861,1142400000,1142400000,https://www.sec.gov/Archives/edgar/data/701818/000118811211002770/0001188112-11-002770-index.html,https://www.sec.gov/Archives/edgar/data/701818/000118811211002770/t71658_6k.htm,1620594120,17:02:00,20210509
38,2011-06-30,KGC,USD,2011-07-06 00:00:00,2011-07-06 12:02:16,Q2,963600000,535300000,428300000.0,0.44447903694479035,26300000.0,40100000.0,0.0,9100000.0,77300000.0,610800000.0,5800000.0,143900000.0,496700000.0,0.5154628476546285,352800000.0,0.36612702366127026,-3600000.0,355600000.0,0.36903279369032793,97500000.0,247400000.0,0.2567455375674554,0.21675,0.21675,1141400000,1141400000,https://www.sec.gov/Archives/edgar/data/701818/000118811211001880/0001188112-11-001880-index.html,https://www.sec.gov/Archives/edgar/data/701818/000118811211001880/t71074_6k.htm,1620594120,17:02:00,20210509
39,2011-03-31,KGC,USD,2011-04-04 00:00:00,2011-04-04 11:40:40,Q1,918100000,522200000,395900000.0,0.43121664306720403,23600000.0,43300000.0,0.0,3900000.0,67200000.0,593000000.0,46200000.0,153100000.0,478200000.0,0.5208582943034528,325100000.0,0.3541008604727154,-3300000.0,398800000.0,0.43437534037686526,111600000.0,250100000.0,0.2724104128090622,0.21939,0.21939,1140000000,1140000000,https://www.sec.gov/Archives/edgar/data/701818/000118811211000905/0001188112-11-000905-index.html,https://www.sec.gov/Archives/edgar/data/701818/000118811211000905/t70243_6k.htm,1620594120,17:02:00,20210509
40,2010-12-31,KGC,USD,2010-12-31,2010-12-31,Q4,920400000,551700000,368700000.0,0.4005867014341591,50400000.0,41700000.0,0.0,15700000.0,213800000.0,1028299999.9999999,-496500000.0,179100000.00000003,71200000.00000003,0.07735767057800959,-107900000.0,-0.1172316384180791,649500000.0,45100000.0,0.04900043459365493,84700000.0,-72900000.0,-0.07920469361147327,-0.06416,-0.06416,1136300000,1136300000,,,1620594120,17:02:00,20210509
41,2010-09-30,KGC,USD,2010-11-03 00:00:00,2010-11-03 17:28:43,Q3,735500000,438100000,297400000.0,0.4043507817811013,27300000.0,40400000.0,0.0,1300000.0,51700000.0,507100000.0,444300000.0,124899999.99999999,353300000.0,0.48035350101971447,228400000.0,0.3105370496261047,-43400000.0,629300000.0,0.8556084296397009,65100000.0,540900000.0,0.7354180829367777,0.68738,0.68738,786900000,786900000,https://www.sec.gov/Archives/edgar/data/701818/000104746910009160/0001047469-10-009160-index.html,https://www.sec.gov/Archives/edgar/data/701818/000104746910009160/a2200676z6-k.htm,1620594120,17:02:00,20210509
42,2010-06-30,KGC,USD,2010-07-01 00:00:00,2010-06-30 20:23:46,Q2,696600000,405300000,291300000.0,0.4181739879414298,19300000.0,32900000.0,0.0,-500000.0,41000000.0,457000000.0,-13000000.0,116900000.0,356500000.0,0.5117714613838645,239600000.0,0.34395635946023545,-2800000.0,223800000.0,0.32127476313522824,82800000.0,110400000.0,0.15848406546080965,0.15713,0.15713,702600000,702600000,https://www.sec.gov/Archives/edgar/data/701818/000118811210001736/0001188112-10-001736-index.html,https://www.sec.gov/Archives/edgar/data/701818/000118811210001736/t68448_6k.htm,1620594120,17:02:00,20210509
43,2010-03-31,KGC,USD,2010-04-01 00:00:00,2010-03-31 20:13:51,Q1,657600000,405400000,252200000.0,0.38351581508515814,12900000.0,29000000.0,0.0,-400000.0,34500000.0,368800000.00000006,20600000.0,130600000.0,419400000.0,0.6377737226277372,288800000.0,0.4391727493917275,-2700000.0,306700000.0,0.46639294403892945,100200000.0,181300000.0,0.2756995133819951,0.25911,0.25911,699700000,699700000,https://www.sec.gov/Archives/edgar/data/701818/000110465910017851/0001104659-10-017851-index.html,https://www.sec.gov/Archives/edgar/data/701818/000110465910017851/a10-3636_86k.htm,1620594120,17:02:00,20210509
44,2009-12-31,KGC,USD,2010-01-07 00:00:00,2010-01-07 13:07:30,Q4,699000000,271000000,428000000.0,0.6123032904148784,23600000.0,35700000.0,0.0,33100000.0,63400000.0,472500000.0,27700000.0,109400000.00000003,335900000.0,0.4805436337625179,226500000.0,0.3240343347639485,0.0,270400000.0,0.38683834048640914,7000000.0,235600000.0,0.3370529327610873,0.33357,0.33357,706300000,706300000,https://www.sec.gov/Archives/edgar/data/701818/000118811210000047/0001188112-10-000047-index.html,https://www.sec.gov/Archives/edgar/data/701818/000118811210000047/t66926_6k.htm,1620594120,17:02:00,20210509
45,2009-09-30,KGC,USD,2009-10-27 00:00:00,2009-10-27 09:02:58,Q3,582300000,271600000,310700000.0,0.5335737592306371,22200000.0,30800000.0,0.0,23400000.0,54200000.0,439199999.99999994,-53000000.0,109699999.99999999,252800000.0,0.43414047741713896,143100000.0,0.24574961360123648,0.0,89100000.0,0.15301391035548687,89100000.0,-21500000.0,-0.03692254851451142,-0.03094,-0.03094,695000000,695000000,https://www.sec.gov/Archives/edgar/data/701818/000118811209002232/0001188112-09-002232-index.html,https://www.sec.gov/Archives/edgar/data/701818/000118811209002232/t66522_6k.htm,1620594120,17:02:00,20210509
46,2009-06-30,KGC,USD,2009-07-09 00:00:00,2009-07-09 15:58:07,Q2,598100000,270000000,328100000.0,0.5485704731650226,15700000.0,26500000.0,0.0,14400000.0,36300000.0,443600000.0,-79000000.0,116999999.99999999,271500000.0,0.4539374686507273,154500000.0,0.25831800702223706,0.0,75700000.0,0.12656746363484367,21600000.0,19300000.0,0.032268851362648385,0.02763,0.02763,698400000,698400000,https://www.sec.gov/Archives/edgar/data/701818/000118811209001588/0001188112-09-001588-index.html,https://www.sec.gov/Archives/edgar/data/701818/000118811209001588/t65917_6k.htm,1620594120,17:02:00,20210509
47,2009-03-31,KGC,USD,2009-04-02 00:00:00,2009-04-02 10:32:01,Q1,532700000,234500000,298200000.0,0.5597897503285151,11000000.0,24700000.0,0.0,10700000.0,30800000.0,392100000.0,-4700000.0,111200000.0,251800000.0,0.4726863149990614,140600000.0,0.26393842688192226,0.0,136400000.0,0.256054064201239,33100000.0,76500000.0,0.14360803454101745,0.11147,0.11147,686300000,686300000,https://www.sec.gov/Archives/edgar/data/701818/000118811209000862/0001188112-09-000862-index.html,https://www.sec.gov/Archives/edgar/data/701818/000118811209000862/t65055_6k.htm,1620594120,17:02:00,20210509
48,2008-12-31,KGC,USD,2009-01-08 00:00:00,2009-01-08 15:21:34,Q4,484400000,216700000,267700000.0,0.5526424442609413,15400000.0,28700000.0,0.0,24800000.0,131000000.0,1409200000.0,13400000.0,109600000.00000001,-815200000.0,-1.6829066886870354,-924800000.0,-1.9091659785301405,0.0,-911400000.0,-1.8815028901734103,28400000.0,-968500000.0,-1.9993806771263418,-1.46876,-1.46876,659400000,659400000,https://www.sec.gov/Archives/edgar/data/701818/000118811209000070/0001188112-09-000070-index.html,https://www.sec.gov/Archives/edgar/data/701818/000118811209000070/t64323_6k.htm,1620594120,17:02:00,20210509
49,2008-09-30,KGC,USD,2008-11-03 00:00:00,2008-11-03 16:47:29,Q3,503700000,229600000,274100000.0,0.5441731189199921,19200000.0,24700000.0,0.0,4600000.0,117900000.0,427900000.0,31300000.0,88899999.99999999,164700000.0,0.3269803454437165,75800000.0,0.15048640063529878,0.0,107100000.0,0.21262656343061345,26500000.0,64800000.0,0.12864800476474092,0.10268,0.10268,631100000,631100000,https://www.sec.gov/Archives/edgar/data/701818/000118811208003038/0001188112-08-003038-index.html,https://www.sec.gov/Archives/edgar/data/701818/000118811208003038/t63907_6k.htm,1620594120,17:02:00,20210509
50,2008-06-30,KGC,USD,2008-07-07 00:00:00,2008-07-07 11:53:55,Q2,298700000,154200000,144500000.0,0.4837629728824908,12500000.0,24200000.0,0.0,-4500000.0,57200000.0,225300000.00000003,-25100000.0,37500000.0,110900000.0,0.37127552728490126,73400000.0,0.24573150318044862,0.0,48300000.0,0.16170070304653497,21300000.0,26200000.0,0.08771342484097756,0.04224,0.04224,620200000,620200000,https://www.sec.gov/Archives/edgar/data/701818/000118811208002125/0001188112-08-002125-index.html,https://www.sec.gov/Archives/edgar/data/701818/000118811208002125/t63199_6k.htm,1620594120,17:02:00,20210509
51,2008-03-31,KGC,USD,2008-04-01 00:00:00,2008-03-31 19:59:23,Q1,330200000,168300000,161900000.0,0.49030890369473046,11900000.0,23200000.0,0.0,7200000.0,65200000.0,236500000.0,8000000.0,37800000.0,131500000.0,0.3982434887946699,93700000.0,0.28376741368867353,0.0,101700000.0,0.3079951544518474,24900000.0,71100000.0,0.21532404603270744,0.11484,0.11484,619100000,619100000,https://www.sec.gov/Archives/edgar/data/701818/000110465908021385/0001104659-08-021385-index.html,https://www.sec.gov/Archives/edgar/data/701818/000110465908021385/a08-9204_16k.htm,1620594120,17:02:00,20210509
52,2007-12-31,KGC,USD,2008-04-01 00:00:00,2008-03-31 19:59:23,Q4,281400000,149300000,132100000.0,0.46943852167732764,15200000.0,22200000.0,0.0,6400000.0,77700000.0,74400000.0,-9200000.0,29100000.00000001,236100000.0,0.8390191897654584,207000000.0,0.7356076759061834,3300000.0,201100000.0,0.7146410803127221,24700000.0,173300000.0,0.6158493248045487,0.30613,0.30613,566100000,566100000,https://www.sec.gov/Archives/edgar/data/701818/000110465908021385/0001104659-08-021385-index.html,https://www.sec.gov/Archives/edgar/data/701818/000110465908021385/a08-9204_16k.htm,1620594120,17:02:00,20210509
53,2007-09-30,KGC,USD,2007-10-05 00:00:00,2007-10-05 16:35:48,Q3,275800000,154400000,121400000.0,0.44017403915881076,11900000.0,16200000.0,0.0,15300000.0,24000000.0,202500000.0,-17700000.0,33500000.0,106800000.0,0.38723712835387963,73300000.0,0.26577229876722264,0.0,55600000.0,0.20159535895576505,12800000.0,39600000.0,0.14358230601885424,0.06565,0.06565,603200000,603200000,https://www.sec.gov/Archives/edgar/data/701818/000118811207002954/0001188112-07-002954-index.html,https://www.sec.gov/Archives/edgar/data/701818/000118811207002954/d22021_6-k.htm,1620594120,17:02:00,20210509
54,2007-06-30,KGC,USD,2007-08-02 00:00:00,2007-08-01 20:08:28,Q2,290100000,152500000,137600000.0,0.47431920027576696,12300000.0,16500000.0,0.0,8200000.0,55800000.0,225800000.0,7300000.0,36400000.00000001,100700000.0,0.3471216821785591,64300000.0,0.22164770768700448,0.0,71600000.0,0.24681144432954152,17100000.0,53200000.0,0.18338503964150293,0.08824,0.08824,602900000,602900000,https://www.sec.gov/Archives/edgar/data/701818/000118811207002327/0001188112-07-002327-index.html,https://www.sec.gov/Archives/edgar/data/701818/000118811207002327/t60214_6k.htm,1620594120,17:02:00,20210509
55,2007-03-31,KGC,USD,2007-04-02 00:00:00,2007-04-02 17:26:54,Q1,245700000,124100000,121600000.0,0.4949124949124949,7900000.0,14700000.0,0.0,9700000.0,45000000.0,180100000.0,22600000.0,30300000.0,95900000.0,0.3903133903133903,65600000.0,0.26699226699226697,0.0,88200000.0,0.358974358974359,19200000.0,68700000.0,0.2796092796092796,0.15069,0.15069,455900000,455900000,https://www.sec.gov/Archives/edgar/data/701818/000118811207000956/0001188112-07-000956-index.html,https://www.sec.gov/Archives/edgar/data/701818/000118811207000956/t13549_40f.htm,1620594120,17:02:00,20210509
56,2006-12-31,KGC,USD,2007-04-02 00:00:00,2007-04-02 17:26:54,Q4,231400000,119200000,112200000.0,0.4848746758859118,12300000.0,13700000.0,0.0,12000000.0,-268100000.0,186200000.0,2200000.0,27099999.999999993,72300000.0,0.31244598098530685,45200000.0,0.19533275713050993,0.0,47400000.0,0.2048401037165082,6200000.0,41200000.0,0.1780466724286949,0.11359,0.11359,362700000,362700000,https://www.sec.gov/Archives/edgar/data/701818/000118811207000956/0001188112-07-000956-index.html,https://www.sec.gov/Archives/edgar/data/701818/000118811207000956/t13549_40f.htm,1620594120,17:02:00,20210509
57,2006-09-30,KGC,USD,2006-09-30,2006-09-30,Q3,223600000,115600000,108000000.0,0.48300536672629696,10200000.0,13600000.0,0.0,34300000.0,28500000.0,162800000.00000003,500000.0,25000000.0,85800000.0,0.38372093023255816,60800000.0,0.27191413237924866,0.0,61300000.0,0.27415026833631484,11000000.0,50500000.0,0.22584973166368516,0.1427,0.1427,353900000,353900000,,,1620594120,17:02:00,20210509
58,2006-06-30,KGC,USD,2006-06-30,2006-06-30,Q2,252300000,125400000,126900000.0,0.5029726516052319,9400000.0,14700000.0,0.0,5600000.0,41700000.0,179199999.99999997,700000.0,27000000.000000004,100100000.0,0.39674990091161316,73100000.0,0.28973444312326596,0.0,73800000.0,0.2925089179548157,8100000.0,65800000.0,0.2608006341656758,0.18881,0.18881,348500000,348500000,,,1620594120,17:02:00,20210509
59,2006-03-31,KGC,USD,2006-03-31,2006-03-31,Q1,198300000,121500000,76800000.0,0.38729198184568836,7500000.0,10100000.0,0.0,7600000.0,39300000.0,175900000.0,-12700000.0,29200000.0,51600000.0,0.26021180030257185,22400000.0,0.1129601613716591,0.0,9700000.0,0.04891578416540595,600000.0,9100000.0,0.04589006555723651,0.02626,0.02626,346500000,346500000,,,1620594120,17:02:00,20210509
60,2005-12-31,KGC,USD,2005-12-31,2005-12-31,Q4,190000000,110900000,79100000.0,0.4163157894736842,8000000.0,11500000.0,0.0,56200000.0,182300000.0,366399999.99999994,0.0,37500000.0,-138900000.0,-0.7310526315789474,-176400000.0,-0.9284210526315789,5400000.0,-171000000.0,-0.9,-16900000.0,-154100000.0,-0.8110526315789474,-0.44641,-0.44641,345200000,345200000,,,1620594120,17:02:00,20210509
61,2005-09-30,KGC,USD,2005-09-30,2005-09-30,Q3,181100000,113100000,68000000.0,0.3754831584759801,7300000.0,12900000.0,0.0,3800000.0,94100000.0,215200000.0,-9500000.0,41299999.99999998,7199999.999999978,0.0397570403092213,-34100000.0,-0.1882937603533959,0.0,-43600000.0,-0.24075096631695195,500000.0,-44200000.0,-0.24406405300938708,-0.128,-0.128,345300000,345300000,,,1620594120,17:02:00,20210509
62,2005-06-30,KGC,USD,2005-09-02 00:00:00,2005-09-02 15:05:15,Q2,174600000,111000000,63600000.0,0.3642611683848797,6400000.0,10700000.0,0.0,3500000.0,55300000.0,175300000.0,-14600000.0,44600000.00000001,43900000.00000001,0.2514318442153494,-700000.0,-0.004009163802978236,0.0,-15300000.0,-0.08762886597938144,900000.0,-16200000.0,-0.09278350515463918,-0.04693,-0.04693,345200000,345200000,https://www.sec.gov/Archives/edgar/data/701818/000118811205001596/0001188112-05-001596-index.html,https://www.sec.gov/Archives/edgar/data/701818/000118811205001596/t6k-7529.txt,1620594120,17:02:00,20210509
63,2005-03-31,KGC,USD,2005-03-31,2005-03-31,Q1,179800000,113100000,66700000.0,0.3709677419354839,4900000.0,10200000.0,0.0,6800000.0,54500000.0,179800000.00000003,1700000.0,44300000.0,47900000.0,0.266407,0.0,0.0,0.0,1700000.0,0.009454949944382647,2600000.0,-700000.0,-0.00389321468298109,-0.00203,-0.00203,345100000,345100000,,,1620594120,17:02:00,20210509
64,2004-12-31,KGC,USD,2004-12-31,2004-12-31,Q4,179200000,104200000,75000000.0,0.4185267857142857,5800000.0,14400000.0,0.0,33700000.0,75300000.0,260600000.00000003,0.0,42899999.99999999,-38500000.00000001,-0.21484375000000003,-81400000.0,-0.45424107142857145,-10200000.0,-91600000.0,-0.5111607142857143,-3500000.0,-87800000.0,-0.48995535714285715,-0.25376,-0.25376,346000000,346000000,,,1620594120,17:02:00,20210509
65,2004-09-30,KGC,USD,2004-09-30,2004-09-30,Q3,174600000,107800000,66800000.0,0.38258877434135163,5700000.0,6600000.0,0.0,5200000.0,47200000.0,170100000.0,0.0,45500000.0,50000000.0,0.286368843069874,4500000.0,0.02577319587628866,-6900000.0,-2400000.0,-0.013745704467353952,-8000000.0,5700000.0,0.03264604810996564,0.01645,0.01645,346500000,346500000,,,1620594120,17:02:00,20210509
66,2004-06-30,KGC,USD,2004-07-13 00:00:00,2004-07-13 16:59:02,Q2,158200000,97800000,60400000.0,0.38179519595448796,5400000.0,8500000.0,0.0,4200000.0,44700000.0,158600000.0,0.0,43000000.0,42600000.0,0.2692793931731985,-400000.0,-0.0025284450063211127,12200000.0,11800000.0,0.07458912768647281,-200000.0,11900000.0,0.0752212389380531,0.03436,0.03436,346300000,346300000,https://www.sec.gov/Archives/edgar/data/701818/000118811204001063/0001188112-04-001063-index.html,https://www.sec.gov/Archives/edgar/data/701818/000118811204001063/t6k-2983a.txt,1620594120,17:02:00,20210509
67,2004-03-31,KGC,USD,2004-03-31,2004-03-31,Q1,154800000,92600000,62200000.0,0.4018087855297158,3500000.0,6900000.0,0.0,4100000.0,39300000.0,145400000.0,0.0,38700000.0,48100000.0,0.3107235142118863,9400000.0,0.060723514211886306,-1300000.0,8100000.0,0.05232558139534884,200000.0,7900000.0,0.05103359173126615,0.02281,0.02281,346300000,346300000,,,1620594120,17:02:00,20210509
68,2003-12-31,KGC,USD,2003-12-31,2003-12-31,Q4,143300000,82400000,60900000.0,0.42498255408234475,5600000.0,8500000.0,0.0,2800000.0,40900000.0,525400000.0,0.0,48699999.99999999,-333400000.0,-2.3265875785066292,-382100000.0,-2.6664340544312632,-14700000.0,-396800000.0,-2.7690160502442427,200000.0,-397100000.0,-2.7711095603628753,-1.15773,-1.15773,343000000,343000000,,,1620594120,17:02:00,20210509
69,2003-09-30,KGC,USD,2003-11-07 00:00:00,2003-11-07 10:34:38,Q3,153800000,94300000,59500000.0,0.38686605981794536,5400000.0,4700000.0,0.0,11600000.0,44700000.0,166100000.0,0.0,46000000.0,33700000.0,0.21911573472041612,-12300000.0,-0.0799739921976593,0.0,-12300000.0,-0.0799739921976593,2800000.0,-15100000.0,-0.09817945383615084,-0.04669,-0.04669,323400000,323400000,https://www.sec.gov/Archives/edgar/data/701818/000118811203000795/0001188112-03-000795-index.html,https://www.sec.gov/Archives/edgar/data/701818/000118811203000795/t6k.txt,1620594120,17:02:00,20210509
70,2003-06-30,KGC,USD,2003-06-30,2003-06-30,Q2,157800000,100000000,57800000.0,0.36628643852978454,7100000.0,6000000.0,0.0,9100000.0,46300000.0,168300000.0,0.0,45500000.0,35000000.0,0.2217997465145754,-10500000.0,-0.06653992395437262,400000.0,-10100000.0,-0.06400506970849176,-300000.0,-9900000.0,-0.06273764258555133,-0.03146,-0.03146,314700000,314700000,,,1620594120,17:02:00,20210509
71,2003-03-31,KGC,USD,2003-03-31,2003-03-31,Q1,117000000,85300000,31700000.0,0.2709401709401709,6200000.0,5800000.0,0.0,2000000.0,34000000.0,131699999.99999999,0.0,32500000.0,17800000.0,0.15213675213675212,-14700000.0,-0.12564102564102564,1300000.0,-13400000.0,-0.11452991452991453,1400000.0,-14800000.0,-0.1264957264957265,-0.05847,-0.05847,253100000,253100000,,,1620594120,17:02:00,20210509
72,2002-12-31,KGC,USD,2002-12-31,2002-12-31,Q4,78900000,47900000,28600000.0,0.36248415716096327,5100000.0,3300000.0,0.0,0.0,27300000.0,89300000.0,-500000.0,24299999.999999996,13899999.999999996,0.17617237008871986,-10400000.0,-0.13181242078580482,0.0,-10900000.0,-0.13814955640050697,1800000.0,-12700000.0,-0.16096324461343473,-0.10781,-0.10781,117800000,117800000,,,1620594120,17:02:00,20210509
73,2002-09-30,KGC,USD,2002-09-30,2002-09-30,Q3,62200000,39000000,17500000.0,0.28135048231511256,2400000.0,3200000.0,0.0,0.0,23100000.0,65200000.0,-800000.0,19900000.0,16900000.0,0.2717041800643087,-3000000.0,-0.04823151125401929,0.0,-3800000.0,-0.06109324758842444,1700000.0,-5500000.0,-0.08842443729903537,-0.04606,-0.04606,119400000,119400000,,,1620594120,17:02:00,20210509
74,2002-06-30,KGC,USD,2002-07-10 00:00:00,2002-07-17 11:26:26,Q2,65100000,41100000,18100000.0,0.2780337941628264,2000000.0,2500000.0,0.0,0.0,22100000.0,67500000.0,-100000.0,19599999.999999996,17199999.999999996,0.26420890937019964,-2400000.0,-0.03686635944700461,0.0,-2500000.0,-0.03840245775729647,1600000.0,-4100000.0,-0.0629800307219662,-0.03434,-0.03434,119400000,119400000,https://www.sec.gov/Archives/edgar/data/701818/999999999702040085/9999999997-02-040085-index.html,https://www.sec.gov/Archives/edgar/data/701818/999999999702040085/9999999997-02-040085.paper,1620594120,17:02:00,20210509
75,2002-03-31,KGC,USD,2002-04-08 00:00:00,2002-04-08 00:00:00,Q1,69000000,46800000,22000000.0,0.3188405797101449,2100000.0,2300000.0,0.0,0.0,24100000.0,75300000.0,600000.0,21800000.0,15500000.0,0.2246376811594203,-6300000.0,-0.09130434782608696,0.0,-5700000.0,-0.08260869565217391,1400000.0,-7100000.0,-0.10289855072463767,-0.06306,-0.06306,112600000,112600000,https://www.sec.gov/Archives/edgar/data/701818/999999999702022342/9999999997-02-022342-index.html,https://www.sec.gov/Archives/edgar/data/701818/999999999702022342/9999999997-02-022342.paper,1620594120,17:02:00,20210509
76,2001-12-31,KGC,USD,2002-02-08 00:00:00,2002-02-08 00:00:00,Q4,76600000,46800000,23500000.0,0.30678851174934724,1600000.0,2500000.0,0.0,0.0,23900000.0,90500000.0,-1300000.0,21399999.99999999,7499999.999999989,0.09791122715404685,-13900000.0,-0.1814621409921671,0.0,-15200000.0,-0.19843342036553524,1500000.0,-16700000.0,-0.21801566579634465,-0.15032,-0.15032,111100000,111100000,https://www.sec.gov/Archives/edgar/data/701818/999999999702008909/9999999997-02-008909-index.html,https://www.sec.gov/Archives/edgar/data/701818/999999999702008909/9999999997-02-008909.paper,1620594120,17:02:00,20210509
77,2001-09-30,KGC,USD,2001-09-30,2001-09-30,Q3,63700000,42600000,22400000.0,0.3516483516483517,1900000.0,2000000.0,0.0,0.0,24600000.0,69100000.0,-200000.0,21300000.000000004,15900000.000000004,0.2496075353218211,-5400000.0,-0.0847723704866562,0.0,-5600000.0,-0.08791208791208792,1300000.0,-6900000.0,-0.10832025117739404,-0.06425,-0.06425,107400000,107400000,,,1620594120,17:02:00,20210509
78,2001-06-30,KGC,USD,2001-06-30,2001-06-30,Q2,72900000,46600000,24100000.0,0.33058984910836764,2500000.0,2900000.0,0.0,0.0,26600000.0,79300000.0,-300000.0,23700000.000000004,17300000.000000004,0.23731138545953365,-6400000.0,-0.0877914951989026,0.0,-6700000.0,-0.09190672153635117,-900000.0,-5800000.0,-0.07956104252400549,-0.05777,-0.05777,100400000,100400000,,,1620594120,17:02:00,20210509
79,2001-03-31,KGC,USD,2001-03-31,2001-03-31,Q1,69700000,44700000,19400000.0,0.2783357245337159,1900000.0,2700000.0,0.0,0.0,22099000.0,70099999.99999999,-400000.0,19400000.0,19000000.0,0.27259684361549497,-400000.0,-0.005738880918220947,0.0,-800000.0,-0.011477761836441894,1000000.0,-1800000.0,-0.02582496413199426,-0.01795,-0.01795,100300000,100300000,,,1620594120,17:02:00,20210509
80,2000-12-31,KGC,USD,2000-12-31,2000-12-31,Q4,78400000,46700000,23600000.0,0.3010204081632653,2800000.0,2000000.0,0.0,0.0,28000000.0,80300000.0,-8600000.0,26000000.0,24100000.0,0.30739795918367346,-1900000.0,-0.02423469387755102,-87400000.0,-94100000.0,-1.2002551020408163,-2700000.0,-91400000.0,-1.1658163265306123,-0.91952,-0.91952,99400000,99400000,,,1620594120,17:02:00,20210509
81,2000-09-30,KGC,USD,2000-09-30,2000-09-30,Q3,66500000,43900000,20400000.0,0.3067669172932331,3100000.0,3200000.0,0.0,0.0,25900000.0,75900000.00000001,-1600000.0,22700000.000000004,13300000.000000004,0.20000000000000007,-9400000.0,-0.14135338345864662,0.0,-11000000.0,-0.16541353383458646,1600000.0,-12600000.0,-0.18947368421052632,-0.12689,-0.12689,99300000,99300000,,,1620594120,17:02:00,20210509
82,2000-06-30,KGC,USD,2000-06-30,2000-06-30,Q2,68700000,46400000,20000000.0,0.29112081513828236,3300000.0,2600000.0,0.0,0.0,24393000.0,77800000.0,500000.0,21800000.0,12700000.0,0.1848617176128093,-9100000.0,-0.1324599708879185,0.0,-8300000.0,-0.12081513828238719,800000.0,-9100000.0,-0.1324599708879185,-0.09164,-0.09164,99300000,99300000,,,1620594120,17:02:00,20210509
83,2000-03-31,KGC,USD,2000-03-31,2000-03-31,Q1,74500000,52600000,17400000.0,0.23355704697986576,2200000.0,2600000.0,0.0,0.0,25312000.0,83200000.0,1600000.0,22700000.0,14000000.0,0.18791946308724833,-8700000.0,-0.11677852348993288,2200000.0,-4900000.0,-0.06577181208053691,1200000.0,-6100000.0,-0.08187919463087248,-0.061,-0.061,100000000,100000000,,,1620594120,17:02:00,20210509
84,1999-12-31,KGC,USD,1999-12-31,1999-12-31,Q4,82000000,52900000,24100000.0,0.2939024390243902,3700000.0,3700000.0,0.0,0.0,31698000.0,92600000.0,0.0,28000000.0,17400000.0,0.2121951219512195,-10600000.0,-0.12926829268292683,-189500000.0,-200100000.0,-2.4402439024390246,200000.0,-200300000.0,-2.4426829268292685,-2.003,-2.003,100000000,100000000,,,1620594120,17:02:00,20210509
85,1999-09-30,KGC,USD,1999-09-30,1999-09-30,Q3,79700000,51300000,25800000.0,0.3237139272271016,3100000.0,2600000.0,0.0,0.0,30600000.0,88300000.0,-100000.0,28000000.000000007,19400000.000000007,0.24341279799247187,-8600000.0,-0.10790464240903387,0.0,-8700000.0,-0.10915934755332497,1000000.0,-9700000.0,-0.12170639899623588,-0.097,-0.097,100000000,100000000,,,1620594120,17:02:00,20210509
86,1999-06-30,KGC,USD,1999-06-30,1999-06-30,Q2,77800000,53800000,20900000.0,0.2686375321336761,2200000.0,2400000.0,0.0,0.0,30408000.0,89700000.0,0.0,28000000.0,16100000.0,0.2069408740359897,-11900000.0,-0.15295629820051415,0.0,-11900000.0,-0.15295629820051415,1100000.0,-13000000.0,-0.16709511568123395,-0.13,-0.13,100000000,100000000,,,1620594120,17:02:00,20210509
87,1999-03-31,KGC,USD,1999-03-31,1999-03-31,Q1,78700000,51400000,23800000.0,0.30241423125794153,2100000.0,2500000.0,0.0,0.0,29416000.0,86300000.0,-100000.0,26900000.0,19300000.0,0.24523506988564167,-7600000.0,-0.096569250317662,0.0,-7700000.0,-0.09783989834815757,600000.0,-8300000.0,-0.10546378653113088,-0.08409,-0.08409,98700000,98700000,,,1620594120,17:02:00,20210509
88,1998-12-31,KGC,USD,1998-12-31,1998-12-31,Q4,93000000,63800000,23800000.0,0.25591397849462366,4500000.0,2300000.0,0.0,0.0,32433000.0,104600000.0,0.0,30100000.0,18500000.0,0.1989247311827957,-11600000.0,-0.12473118279569892,-220000000.0,-231600000.0,-2.490322580645161,2100000.0,-233700000.0,-2.5129032258064514,-2.98849,-2.98849,78200000,78200000,,,1620594120,17:02:00,20210509
89,1998-09-30,KGC,USD,1998-09-30,1998-09-30,Q3,87000000,61200000,22200000.0,0.25517241379310346,2700000.0,1800000.0,0.0,0.0,28950000.0,96700000.0,0.0,27200000.0,17400000.0,0.2,-9800000.0,-0.11264367816091954,1300000.0,-8400000.0,-0.09655172413793103,100000.0,-8600000.0,-0.09885057471264368,-0.1348,-0.1348,63800000,63800000,,,1620594120,17:02:00,20210509
90,1998-06-30,KGC,USD,1998-06-30,1998-06-30,Q2,64100000,41900000,17400000.0,0.2714508580343214,1900000.0,1900000.0,0.0,0.0,18436000.0,64500000.0,0.0,16500000.0,16100000.0,0.25117004680187205,-400000.0,-0.0062402496099844,200000.0,-200000.0,-0.0031201248049922,1100000.0,-1300000.0,-0.0202808112324493,-0.02025,-0.02025,64200000,64200000,,,1620594120,17:02:00,20210509
91,1998-03-31,KGC,USD,1998-03-31,1998-03-31,Q1,42500000,29400000,9500000.0,0.2235294117647059,1200000.0,1300000.0,0.0,0.0,8460000.0,40200000.00000001,0.0,7200000.0,9600000.0,0.22588235294117648,2400000.0,0.05647058823529412,700000.0,3100000.0,0.07294117647058823,900000.0,2200000.0,0.05176470588235294,0.05081,0.05081,43300000,43300000,,,1620594120,17:02:00,20210509
92,1997-12-31,KGC,USD,1997-12-31,1997-12-31,Q4,48700000,33900000,12100000.0,0.24845995893223818,2200000.0,1400000.0,0.0,0.0,9292000.0,46700000.00000001,0.0,7800000.000000001,9900000.0,0.2032854209445585,2100000.0,0.043121149897330596,-56500000.0,-54400000.0,-1.1170431211498972,400000.0,-54800000.0,-1.1252566735112937,-1.31415,-1.31415,41700000,41700000,,,1620594120,17:02:00,20210509
93,1997-09-30,KGC,USD,1997-09-30,1997-09-30,Q3,44100000,35300000,6200000.0,0.14058956916099774,1100000.0,800000.0,0.0,0.0,8472000.0,46200000.00000001,0.0,7599999.999999998,5499999.999999998,0.12471655328798181,-2100000.0,-0.047619047619047616,-100000.0,-2200000.0,-0.049886621315192746,1100000.0,-3300000.0,-0.07482993197278912,-0.08049,-0.08049,41000000,41000000,,,1620594120,17:02:00,20210509
94,1997-06-30,KGC,USD,1997-06-30,1997-06-30,Q2,47300000,33000000,11900000.0,0.25158562367864695,700000.0,2000000.0,0.0,0.0,10940000.0,46000000.0,0.0,8900000.000000002,10300000.000000002,0.21775898520084572,1400000.0,0.02959830866807611,-35700000.0,-34400000.0,-0.7272727272727273,-10800000.0,-23500000.0,-0.49682875264270615,-0.5774,-0.5774,40700000,40700000,,,1620594120,17:02:00,20210509
95,1997-03-31,KGC,USD,1997-03-31,1997-03-31,Q1,43300000,34900000,5900000.0,0.13625866050808313,700000.0,1700000.0,0.0,0.0,8811000.0,46700000.00000001,0.0,8200000.0,4800000.0,0.11085450346420324,-3400000.0,-0.07852193995381063,-200000.0,-3600000.0,-0.08314087759815242,-1500000.0,-2100000.0,-0.04849884526558892,-0.05172,-0.05172,40600000,40600000,,,1620594120,17:02:00,20210509
96,1996-12-31,KGC,USD,1996-12-31,1996-12-31,Q4,56300000,35700000,19400000.0,0.34458259325044405,1800000.0,1200000.0,0.0,0.0,11599999.999999994,47299999.99999999,0.0,8000000.0,17100000.0,0.3037300177619893,9100000.0,0.16163410301953818,-5400000.0,3700000.0,0.06571936056838366,3200000.0,400000.0,0.007104795737122558,0.00928,0.00928,43100000,43100000,,,1620594120,17:02:00,20210509
97,1996-09-30,KGC,USD,1996-09-30,1996-09-30,Q3,53400000,34000000,18300000.0,0.34269662921348315,800000.0,1200000.0,0.0,0.0,10000000.0,44000000.0,0.0,7900000.000000002,17200000.0,0.32209737827715357,9300000.0,0.17415730337078653,-300000.0,8900000.0,0.16666666666666666,3800000.0,5200000.0,0.09737827715355805,0.13648,0.13648,38100000,38100000,,,1620594120,17:02:00,20210509
98,1996-06-30,KGC,USD,1996-06-30,1996-06-30,Q2,53700000,35000000,17700000.0,0.329608938547486,500000.0,1700000.0,0.0,0.0,9799999.999999996,44800000.0,0.0,7399999.999999999,16200000.0,0.3016759776536313,8800000.0,0.16387337057728119,-200000.0,8700000.0,0.16201117318435754,4900000.0,3700000.0,0.06890130353817504,0.09893,0.09893,37400000,37400000,,,1620594120,17:02:00,20210509
99,1996-03-31,KGC,USD,1996-03-31,1996-03-31,Q1,45100000,33600000,11000000.0,0.24390243902439024,400000.0,1400000.0,0.0,0.0,8799999.999999996,42400000.0,0.0,6800000.0,9600000.0,0.21286031042128603,2800000.0,0.06208425720620843,-100000.0,2700000.0,0.0598669623059867,1600000.0,1100000.0,0.024390243902439025,0.02989,0.02989,36800000,36800000,,,1620594120,17:02:00,20210509
100,1995-12-31,KGC,USD,1995-12-31,1995-12-31,Q4,44600000,29600000,14500000.0,0.3251121076233184,1000000.0,2400000.0,0.0,0.0,11000000.0,40600000.0,0.0,7500000.0,11400000.0,0.2556053811659193,3900000.0,0.08744394618834081,-800000.0,3100000.0,0.06950672645739911,1400000.0,1700000.0,0.03811659192825112,0.04393,0.04393,38700000,38700000,,,1620594120,17:02:00,20210509
101,1995-09-30,KGC,USD,1995-09-30,1995-09-30,Q3,39500000,26600000,10800000.0,0.27341772151898736,700000.0,800000.0,0.0,0.0,7000000.0,33600000.0,0.0,5400000.0,11200000.0,0.28354430379746837,5800000.0,0.1468354430379747,300000.0,6100000.0,0.15443037974683543,2300000.0,3800000.0,0.09620253164556962,0.11176,0.11176,34000000,34000000,,,1620594120,17:02:00,20210509
102,1995-06-30,KGC,USD,1995-06-30,1995-06-30,Q2,30300000,18900000,10700000.0,0.35313531353135313,400000.0,1500000.0,0.0,0.0,5400000.000000002,24300000.000000004,0.0,3400000.0000000005,9400000.0,0.3102310231023102,6000000.0,0.19801980198019803,300000.0,6300000.0,0.2079207920792079,2500000.0,3800000.0,0.1254125412541254,0.1155,0.1155,32900000,32900000,,,1620594120,17:02:00,20210509
103,1995-03-31,KGC,USD,1995-03-31,1995-03-31,Q1,23600000,14900000,7300000.0,0.3093220338983051,100000.0,1100000.0,0.0,0.0,3799999.999999999,18700000.0,0.0,2500000.0,7500000.0,0.3177966101694915,5000000.0,0.211864406779661,800000.0,5800000.0,0.2457627118644068,2500000.0,3300000.0,0.13983050847457626,0.10123,0.10123,32600000,32600000,,,1620594120,17:02:00,20210509
104,1994-12-31,KGC,USD,1994-12-31,1994-12-31,Q4,25400000,15000000,8800000.0,0.3464566929133858,1200000.0,1700000.0,0.0,0.0,5300000.000000001,20300000.0,0.0,2300000.0,7500000.0,0.2952755905511811,5200000.0,0.2047244094488189,1100000.0,6300000.0,0.24803149606299213,1900000.0,4400000.0,0.1732283464566929,0.13253,0.13253,33200000,33200000,,,1620594120,17:02:00,20210509
105,1994-09-30,KGC,USD,1994-09-30,1994-09-30,Q3,26900000,14900000,11000000.0,0.40892193308550184,500000.0,1000000.0,0.0,0.0,3700000.000000001,18600000.0,0.0,2300000.0,10600000.0,0.3940520446096654,8300000.0,0.30855018587360594,600000.0,8900000.0,0.3308550185873606,2900000.0,6100000.0,0.22676579925650558,0.2,0.2,30500000,30500000,,,1620594120,17:02:00,20210509
106,1994-06-30,KGC,USD,1994-06-30,1994-06-30,Q2,24100000,14900000,8600000.0,0.35684647302904565,300000.0,1100000.0,0.0,0.0,3499999.999999998,18400000.0,0.0,2000000.0,7700000.0,0.31950207468879666,5700000.0,0.23651452282157676,300000.0,6100000.0,0.25311203319502074,1500000.0,4600000.0,0.1908713692946058,0.15082,0.15082,30500000,30500000,,,1620594120,17:02:00,20210509
107,1994-03-31,KGC,USD,1994-03-31,1994-03-31,Q1,19400000,12300000,6700000.0,0.34536082474226804,100000.0,1000000.0,0.0,0.0,3000000.0,15300000.0,0.0,2000000.0,6100000.0,0.31443298969072164,4100000.0,0.211340206185567,200000.0,4300000.0,0.22164948453608246,1200000.0,3100000.0,0.15979381443298968,0.11151,0.11151,27800000,27800000,,,1620594120,17:02:00,20210509
