,date,symbol,reportedCurrency,fillingDate,acceptedDate,period,revenue,costOfRevenue,grossProfit,grossProfitRatio,researchAndDevelopmentExpenses,generalAndAdministrativeExpenses,sellingAndMarketingExpenses,otherExpenses,operatingExpenses,costAndExpenses,interestExpense,depreciationAndAmortization,ebitda,ebitdaratio,operatingIncome,operatingIncomeRatio,totalOtherIncomeExpensesNet,incomeBeforeTax,incomeBeforeTaxRatio,incomeTaxExpense,netIncome,netIncomeRatio,eps,epsdiluted,weightedAverageShsOut,weightedAverageShsOutDil,link,finalLink,timestamp,est_time,est_date
0,2020-12-31,HT,USD,2020-12-31,2021-03-29,Q4,35336000.0,40152000.0,-4816000.0,-0.13629160063391443,0.0,5660000.0,0.0,8000.0,30053000.0,70205000.0,13441000.0,-74332042.0,-109201042.0,-3.090362293411818,-34869000.0,-0.9867840163006566,4958000.0,-43352000.0,-1.2268508037129273,-17000.0,-38709000.0,-1.095455059995472,-1.16,-1.16,38640604.0,38640604.0,https://www.sec.gov/Archives/edgar/data/1063344/000106334421000035/0001063344-21-000035-index.htm,https://www.sec.gov/ix?doc=/Archives/edgar/data/1063344/000106334421000035/ht-20201231.htm,1620593269,16:47:49,20210509
1,2020-09-30,HT,USD,2020-11-09,2020-11-09,Q3,33746000.0,39404000.0,-5658000.0,-0.16766431577075802,0.0,4397000.0,0.0,-73000.0,28452000.0,67856000.0,12246000.0,25040000.0,-9070000.0,-0.2687725952705506,-34110000.0,-1.0107864635808688,-742000.0,-48201000.0,-1.428347063355657,-28000.0,-43141000.0,-1.2784033663248977,-1.27,-1.27,38639048.0,38639048.0,https://www.sec.gov/Archives/edgar/data/1063344/000106334420000219/0001063344-20-000219-index.htm,https://www.sec.gov/ix?doc=/Archives/edgar/data/1063344/000106334420000219/ht-20200930.htm,1620593269,16:47:49,20210509
2,2020-06-30,HT,USD,2020-08-07,2020-08-06 17:47:04,Q2,17441000.0,29405000.0,-11964000.0,-0.6859698411788315,0.0,4187000.0,0.0,-385000.0,28509000.0,57914000.0,13481000.0,24752000.0,-15721000.0,-0.9013818015022075,-40473000.0,-2.320566481279743,-1956000.0,-55908000.0,-3.205550140473597,15872000.0,-61420000.0,-3.5215870649618712,-1.75,-1.75,38609922.0,38609922.0,https://www.sec.gov/Archives/edgar/data/1063344/000106334420000195/0001063344-20-000195-index.htm,https://www.sec.gov/Archives/edgar/data/1063344/000106334420000195/ht-20200630.htm,1620593269,16:47:49,20210509
3,2020-03-31,HT,USD,2020-05-07,2020-05-07 17:28:58,Q1,90137000.0,76524000.0,13613000.0,0.1510256609383494,0.0,5834000.0,0.0,-72000.0,30022000.0,106546000.0,13007000.0,24637000.0,8228000.0,0.09128326880193484,-16409000.0,-0.18204510911168553,-1090000.0,-30470000.0,-0.33804098206064104,-4498000.0,-23075000.0,-0.25599920121592684,-0.76,-0.76,38564099.0,38564099.0,https://www.sec.gov/Archives/edgar/data/1063344/000106334420000139/0001063344-20-000139-index.htm,https://www.sec.gov/Archives/edgar/data/1063344/000106334420000029/ht1231201910k.htm,1620593269,16:47:49,20210509
4,2019-12-31,HT,USD,2020-02-25,2020-02-25 16:55:34,Q4,132671000.0,90252000.0,42419000.0,0.31973076256303185,0.0,7118000.0,0.0,-256000.0,31463000.0,121715000.0,13047000.0,24746000.0,35702000.0,0.26910176300774097,10956000.0,0.08258021722908548,-110000.0,-2155000.0,-0.01624318803657167,1876000.0,-3219000.0,-0.024263026584558797,-0.24,-0.24,38516879.0,38516879.0,https://www.sec.gov/Archives/edgar/data/1063344/000106334420000029/0001063344-20-000029-index.htm,https://www.sec.gov/Archives/edgar/data/1063344/000106334420000029/ht1231201910k.htm,1620593269,16:47:49,20210509
5,2019-09-30,HT,USD,2019-11-06,2019-11-06 16:24:29,Q3,134995000.0,92026000.0,42969000.0,0.31830067780288157,0.0,5613000.0,0.0,-246000.0,29705000.0,121731000.0,12935000.0,24475000.0,37739000.0,0.27955850216674694,13264000.0,0.09825549094410904,-439000.0,-44000.0,-0.00032593799770361866,-551000.0,609000.0,0.004511278195488722,-0.15,-0.15,38878818.0,38878818.0,https://www.sec.gov/Archives/edgar/data/1063344/000106334419000097/0001063344-19-000097-index.htm,https://www.sec.gov/Archives/edgar/data/1063344/000106334419000097/ht930201910-q.htm,1620593269,16:47:49,20210509
6,2019-06-30,HT,USD,2019-07-31,2019-07-31 17:03:27,Q2,147501000.0,92721000.0,54780000.0,0.371387312628389,0.0,8100000.0,0.0,-124000.0,32064000.0,124785000.0,13325000.0,24357000.0,47073000.0,0.3191368194113938,22716000.0,0.15400573555433522,141000.0,9590000.0,0.06501650836265517,4031000.0,5600000.0,0.03796584429936068,-0.02,-0.02,39127385.0,39127385.0,https://www.sec.gov/Archives/edgar/data/1063344/000106334419000068/0001063344-19-000068-index.htm,https://www.sec.gov/Archives/edgar/data/1063344/000106334419000068/ht630201910-q.htm,1620593269,16:47:49,20210509
7,2019-03-31,HT,USD,2019-04-30,2019-04-30 16:56:37,Q1,114793000.0,85618000.0,29175000.0,0.25415312780396015,0.0,5600000.0,0.0,41000.0,29728000.0,115346000.0,12898000.0,24541000.0,23988000.0,0.2089674457501764,-553000.0,-0.004817366912616623,222000.0,-13146000.0,-0.11451917799865846,-5264000.0,-6959000.0,-0.06062216337233107,-0.34,-0.34,39115390.0,39115390.0,https://www.sec.gov/Archives/edgar/data/1063344/000106334419000038/0001063344-19-000038-index.htm,https://www.sec.gov/Archives/edgar/data/1063344/000106334419000019/ht_12312018x10k.htm,1620593269,16:47:49,20210509
8,2018-12-31,HT,USD,2019-02-27,2019-02-26 17:54:46,Q4,133736000.0,89577000.0,44159000.0,0.33019531016330683,0.0,8366000.0,0.0,-183000.0,31833000.0,121410000.0,12833000.0,23939000.0,36265000.0,0.2711685709158342,12326000.0,0.09216665669677573,2217000.0,1756000.0,0.013130346354010888,-933000.0,2688000.0,0.020099300113656758,-0.09,-0.09,39334877.0,39334877.0,https://www.sec.gov/Archives/edgar/data/1063344/000106334419000019/0001063344-19-000019-index.htm,https://www.sec.gov/Archives/edgar/data/1063344/000106334419000019/ht_12312018x10k.htm,1620593269,16:47:49,20210509
9,2018-09-30,HT,USD,2018-10-24,2018-10-24 17:15:09,Q3,127876000.0,86555000.0,41321000.0,0.32313334793080795,0.0,5841000.0,0.0,-12000.0,28605000.0,115160000.0,12407000.0,23240000.0,35956000.0,0.2811786418092527,12716000.0,0.09944008257999938,5340000.0,5672000.0,0.044355469360943416,2685000.0,2809000.0,0.02196659263661672,-0.09,-0.09,39321062.0,39321062.0,https://www.sec.gov/Archives/edgar/data/1063344/000106334418000092/0001063344-18-000092-index.htm,https://www.sec.gov/Archives/edgar/data/1063344/000106334418000092/ht_9302018x10-q.htm,1620593269,16:47:49,20210509
10,2018-06-30,HT,USD,2018-07-25,2018-07-25 17:00:20,Q2,133840000.0,86137000.0,47703000.0,0.3564181111775254,0.0,7585000.0,0.0,-75000.0,29646000.0,115783000.0,11879000.0,22523000.0,40580000.0,0.3031978481769277,18057000.0,0.1349148236700538,6809000.0,13007000.0,0.09718320382546324,1170000.0,12537000.0,0.09367154811715481,0.319438867931278,0.31400513233211186,39246946.0,39926099.0,https://www.sec.gov/Archives/edgar/data/1063344/000106334418000082/0001063344-18-000082-index.htm,https://www.sec.gov/Archives/edgar/data/1063344/000106334418000082/ht_6302018x10-q.htm,1620593269,16:47:49,20210509
11,2018-03-31,HT,USD,2018-04-26,2018-04-26 16:06:30,Q1,99639000.0,76002000.0,23637000.0,0.23722638725800138,0.0,5091000.0,0.0,-657000.0,26630000.0,102632000.0,11372000.0,22011000.0,19018000.0,0.19086903722438,-2993000.0,-0.030038438763937816,2537000.0,-11803000.0,-0.11845763205170666,-2655000.0,-8044000.0,-0.08073144050020574,-0.36,-0.36,39636166.0,39636166.0,https://www.sec.gov/Archives/edgar/data/1063344/000106334418000062/0001063344-18-000062-index.htm,https://www.sec.gov/Archives/edgar/data/1063344/000106334418000034/ht-20171231x10k.htm,1620593269,16:47:49,20210509
12,2017-12-31,HT,USD,2018-02-23,2018-02-23 16:51:20,Q4,122646000.0,83398000.0,39248000.0,0.32001043654093897,0.0,7411000.0,0.0,-1000.0,29929000.0,113327000.0,11082000.0,23009000.0,32328000.0,0.26358788708967273,9319000.0,0.07598291016421245,-3655000.0,-5384000.0,-0.043898700324511195,3682000.0,-8289000.0,-0.06758475612739102,-0.36,-0.36,40529569.0,40529569.0,https://www.sec.gov/Archives/edgar/data/1063344/000106334418000034/0001063344-18-000034-index.htm,https://www.sec.gov/Archives/edgar/data/1063344/000106334418000034/ht-20171231x10k.htm,1620593269,16:47:49,20210509
13,2017-09-30,HT,USD,2017-10-26,2017-10-26 17:00:56,Q3,129589000.0,86228000.0,43361000.0,0.3346040173162846,0.0,4919000.0,0.0,176000.0,26577000.0,112805000.0,11141000.0,22022000.0,38806000.0,0.2994544290024616,16784000.0,0.12951716580882636,-3745000.0,1938000.0,0.014954973030118297,-1325000.0,3353000.0,0.025874109685235628,-0.07,-0.07,41721425.0,41721425.0,https://www.sec.gov/Archives/edgar/data/1063344/000106334417000085/0001063344-17-000085-index.htm,https://www.sec.gov/Archives/edgar/data/1063344/000106334417000085/ht-20170930x10q.htm,1620593269,16:47:49,20210509
14,2017-06-30,HT,USD,2017-07-27,2017-07-26 17:42:12,Q2,138004000.0,85484000.0,52520000.0,0.3805686791687197,0.0,6598000.0,0.0,-279000.0,26712000.0,112196000.0,10590000.0,20573000.0,46381000.0,0.3360844613199617,25808000.0,0.1870090722008058,70160000.0,85450000.0,0.6191849511608359,662000.0,80030000.0,0.5799107272252978,1.77,1.75,41737044.0,42207841.0,https://www.sec.gov/Archives/edgar/data/1063344/000106334417000069/0001063344-17-000069-index.htm,https://www.sec.gov/Archives/edgar/data/1063344/000106334417000069/ht-20170630x10q.htm,1620593269,16:47:49,20210509
15,2017-03-31,HT,USD,2017-04-27,2017-04-26 18:08:45,Q1,107998000.0,75700000.0,32298000.0,0.29906109372395784,0.0,4625000.0,0.0,-399000.0,24087000.0,99787000.0,9849000.0,19950000.0,28161000.0,0.2607548287931258,8211000.0,0.07602918572566159,29711000.0,28198000.0,0.26109742773014316,2243000.0,24774000.0,0.22939313690994279,0.45,0.44,41716958.0,42110911.0,https://www.sec.gov/Archives/edgar/data/1063344/000106334417000047/0001063344-17-000047-index.htm,https://www.sec.gov/Archives/edgar/data/1063344/000106334417000015/ht-20161231x10k.htm,1620593269,16:47:49,20210509
16,2016-12-31,HT,USD,2017-02-24,2017-02-23 18:43:16,Q4,111446000.0,73228000.0,38218000.0,0.3429284137609246,0.0,7189000.0,0.0,-16928000.0,25320000.0,98548000.0,10425000.0,18654000.0,31552000.0,0.2831146923173555,12898000.0,0.1157331801948926,3721000.0,6337000.0,0.0568616190800926,-375000.0,6508000.0,0.058395994472659404,0.15594272119377556,0.15382585197551937,41733272.0,42307583.0,https://www.sec.gov/Archives/edgar/data/1063344/000106334417000015/0001063344-17-000015-index.htm,https://www.sec.gov/Archives/edgar/data/1063344/000106334417000015/ht-20161231x10k.htm,1620593269,16:47:49,20210509
17,2016-09-30,HT,USD,2016-10-27,2016-10-26 19:26:27,Q3,120607000.0,74977000.0,45630000.0,0.378336249139768,0.0,5400000.0,0.0,-125000.0,24104000.0,99081000.0,10425000.0,17637000.0,39163000.0,0.3247158125150281,21526000.0,0.17848051937283907,-4434000.0,6762000.0,0.056066397472783504,-1443000.0,7994000.0,0.0662813932856302,0.18894305435027084,0.18701224520809778,42309044.0,42745864.0,https://www.sec.gov/Archives/edgar/data/1063344/000106334416000203/0001063344-16-000203-index.htm,https://www.sec.gov/Archives/edgar/data/1063344/000106334416000203/ht-20160930x10q.htm,1620593269,16:47:49,20210509
18,2016-06-30,HT,USD,2016-07-29,2016-07-28 17:48:02,Q2,127723000.0,74741000.0,52982000.0,0.4148195704767348,0.0,6455000.0,0.0,-633000.0,24950000.0,99691000.0,11281000.0,20079000.0,48111000.0,0.37668235165162106,28032000.0,0.21947495752526952,95060000.0,111889000.0,0.8760285931273146,-3070000.0,110211000.0,0.8628907870939455,2.35,2.33,43427726.0,43863577.0,https://www.sec.gov/Archives/edgar/data/1063344/000106334416000182/0001063344-16-000182-index.htm,https://www.sec.gov/Archives/edgar/data/1063344/000106334416000182/ht-20160630x10q.htm,1620593269,16:47:49,20210509
19,2016-03-31,HT,USD,2016-05-02,2016-04-29 19:00:40,Q1,106870000.0,75767000.0,31103000.0,0.29103583793393845,0.0,5400000.0,0.0,-123000.0,25460000.0,101227000.0,12221000.0,20296000.0,25939000.0,0.24271544867596145,5643000.0,0.052802470291007764,-1887000.0,-8419000.0,-0.07877795452418826,0.0,-7732000.0,-0.07234958360625059,-0.26,-0.26,44379327.0,44379327.0,https://www.sec.gov/Archives/edgar/data/1063344/000106334416000147/0001063344-16-000147-index.htm,https://www.sec.gov/Archives/edgar/data/1063344/000106334416000102/ht-20151231x10k.htm,1620593269,16:47:49,20210509
20,2015-12-31,HT,USD,2016-02-17,2016-02-17 17:24:57,Q4,123128000.0,76292000.0,46836000.0,0.3803846403742447,0.0,5949000.0,0.0,-33000.0,24944000.0,101236000.0,11167000.0,19237000.0,41129000.0,0.3340345006822169,21892000.0,0.17779871353388343,-608000.0,10166000.0,0.08256448573841856,-2401000.0,12362000.0,0.10039958417256839,0.2707200004484991,0.26751146218017213,45663416.0,46211104.0,https://www.sec.gov/Archives/edgar/data/1063344/000106334416000102/0001063344-16-000102-index.htm,https://www.sec.gov/Archives/edgar/data/1063344/000106334416000102/ht-20151231x10k.htm,1620593269,16:47:49,20210509
21,2015-09-30,HT,USD,2015-10-29,2015-10-29 16:38:08,Q3,124515000.0,76240000.0,48275000.0,0.3877042926555034,0.0,4796000.0,0.0,-9000.0,23610000.0,99850000.0,11067000.0,18972000.0,43637000.0,0.35045576838131953,24665000.0,0.19808858370477453,129000.0,13772000.0,0.11060514797413966,-631000.0,14159000.0,0.11371320724410713,0.29860313877683686,0.29553607361238154,47417452.0,47909549.0,https://www.sec.gov/Archives/edgar/data/1063344/000106334415000083/0001063344-15-000083-index.htm,https://www.sec.gov/Archives/edgar/data/1063344/000106334415000083/ht-20150930x10q.htm,1620593269,16:47:49,20210509
22,2015-06-30,HT,USD,2015-07-29,2015-07-29 17:05:29,Q2,127030000.0,73083000.0,53947000.0,0.4246792096355192,0.0,5423000.0,0.0,-156000.0,23751000.0,96834000.0,10688000.0,18649000.0,48845000.0,0.38451546878690074,30196000.0,0.2377076281193419,-42000.0,19517000.0,0.15364087223490513,-109000.0,19221000.0,0.15131071400456586,0.3960584467783249,0.39191407113225096,48530716.0,49043914.0,https://www.sec.gov/Archives/edgar/data/1063344/000106334415000073/0001063344-15-000073-index.htm,https://www.sec.gov/Archives/edgar/data/1063344/000106334415000073/ht-20150630x10q.htm,1620593269,16:47:49,20210509
23,2015-03-31,HT,USD,2015-04-28,2015-04-28 17:28:14,Q1,95712000.0,66353000.0,29359000.0,0.3067431461049816,0.0,4347000.0,0.0,-169000.0,22600000.0,88953000.0,10635000.0,18641000.0,25400000.0,0.26537947174857907,6759000.0,0.07061810431293881,-561000.0,-4389000.0,-0.04585631895687061,0.0,-3946000.0,-0.041227850217318625,-0.16,-0.16,49582789.0,49582789.0,https://www.sec.gov/Archives/edgar/data/1063344/000106334415000052/0001063344-15-000052-index.htm,https://www.sec.gov/Archives/edgar/data/1063344/000106334415000025/ht-20141231x10k.htm,1620593269,16:47:49,20210509
24,2014-12-31,HT,USD,2015-02-20,2015-02-20 17:26:53,Q4,112926000.0,69992000.0,42934000.0,0.38019588048810726,0.0,6053000.0,0.0,-9000.0,22855000.0,92847000.0,11108000.0,17208000.0,37287000.0,0.3301896817384836,20079000.0,0.17780670527602147,-2190000.0,6840000.0,0.060570639179639764,-1879000.0,8695000.0,0.07699732568230523,0.12,0.08,49657486.0,50194868.0,https://www.sec.gov/Archives/edgar/data/1063344/000106334415000025/0001063344-15-000025-index.htm,https://www.sec.gov/Archives/edgar/data/1063344/000106334415000025/ht-20141231x10k.htm,1620593269,16:47:49,20210509
25,2014-09-30,HT,USD,2014-10-31,2014-10-30 18:40:52,Q3,112977000.0,69392000.0,43585000.0,0.3857864875151579,0.0,5670000.0,0.0,-346000.0,24235000.0,93627000.0,11456000.0,18938000.0,38288000.0,0.33890083822370926,19350000.0,0.17127379909185056,-1077000.0,6888000.0,0.06096816166122308,-699000.0,7636000.0,0.06758897828761606,0.1537984996750916,0.15224652548546225,49649379.0,50155496.0,https://www.sec.gov/Archives/edgar/data/1063344/000106334414000043/0001063344-14-000043-index.htm,https://www.sec.gov/Archives/edgar/data/1063344/000106334414000043/ht-20140930x10q.htm,1620593269,16:47:49,20210509
26,2014-06-30,HT,USD,2014-08-06,2014-08-06 17:14:19,Q2,111553000.0,64723000.0,46830000.0,0.4198004535960485,0.0,4738000.0,0.0,-214000.0,22195000.0,86918000.0,10745000.0,17720000.0,42355000.0,0.3796849927836992,24635000.0,0.22083673231558093,44420000.0,58587000.0,0.5251943022599124,1000.0,56931000.0,0.5103493406721469,1.1472561311430376,1.1374055238778242,49623618.0,50053388.0,https://www.sec.gov/Archives/edgar/data/1063344/000106334414000038/0001063344-14-000038-index.htm,https://www.sec.gov/Archives/edgar/data/1063344/000106334414000038/ht-20140630x10q.htm,1620593269,16:47:49,20210509
27,2014-03-31,HT,USD,2014-05-02,2014-05-02 16:37:29,Q1,79950000.0,55992000.0,23958000.0,0.2996622889305816,0.0,3902000.0,0.0,-198000.0,20245000.0,76237000.0,10048000.0,16866000.0,20579000.0,0.2573983739837398,3713000.0,0.04644152595372108,649000.0,-5288000.0,-0.06614133833646028,-108000.0,-6006000.0,-0.07512195121951219,-0.2,-0.2,50185937.0,50185937.0,https://www.sec.gov/Archives/edgar/data/1063344/000106334414000022/0001063344-14-000022-index.htm,https://www.sec.gov/Archives/edgar/data/1063344/000106334414000005/ht-20131231x10k.htm,1620593269,16:47:49,20210509
28,2013-12-31,HT,USD,2014-02-27,2014-02-27 09:32:49,Q4,92101000.0,57456000.0,34645000.0,0.3761631252646551,0.0,8083000.0,0.0,-60000.0,22711000.0,80167000.0,10411000.0,15263000.0,27197000.0,0.2952953822434067,11934000.0,0.12957514033506692,-2057000.0,-125000.0,-0.0013572056763770208,-3318000.0,36276000.0,0.3938719449300225,0.64,0.64,49748569.0,49748569.0,https://www.sec.gov/Archives/edgar/data/1063344/000106334414000005/0001063344-14-000005-index.htm,https://www.sec.gov/Archives/edgar/data/1063344/000106334414000005/ht-20131231x10k.htm,1620593269,16:47:49,20210509
29,2013-09-30,HT,USD,2013-11-07,2013-11-07 17:17:30,Q3,90291000.0,56873000.0,33418000.0,0.37011440785903355,0.0,5251000.0,0.0,-261000.0,19823000.0,76696000.0,10528000.0,17147000.0,30742000.0,0.34047690245982437,13595000.0,0.15056871670487645,-61000.0,3456000.0,0.03827624015682626,-2375000.0,2463000.0,0.027278466292321495,0.04953778411518156,0.048858230949584615,49719624.0,50411158.0,https://www.sec.gov/Archives/edgar/data/1063344/000106334413000016/0001063344-13-000016-index.htm,https://www.sec.gov/Archives/edgar/data/1063344/000106334413000016/ht-20130930x10q.htm,1620593269,16:47:49,20210509
30,2013-06-30,HT,USD,2013-08-01,2013-08-01 16:54:54,Q2,106164000.0,62456000.0,43708000.0,0.41170264873215023,0.0,5699000.0,0.0,-350000.0,21782000.0,84238000.0,11138000.0,16475000.0,38401000.0,0.3617139519987943,21926000.0,0.20652952036471875,10848000.0,22105000.0,0.2082155909724577,1438000.0,17875000.0,0.16837157605214573,0.35996024186267334,0.3553654335575585,49658262.0,50300334.0,https://www.sec.gov/Archives/edgar/data/1063344/000106334413000007/0001063344-13-000007-index.htm,https://www.sec.gov/Archives/edgar/data/1063344/000106334413000007/ht-20130630x10q.htm,1620593269,16:47:49,20210509
31,2013-03-31,HT,USD,2013-05-02,2013-05-02 17:17:11,Q1,76970000.0,55258000.0,21712000.0,0.2820839288034299,0.0,4996000.0,0.0,-205000.0,20092000.0,75350000.0,10420000.0,15461000.0,17081000.0,0.22191763024555022,1620000.0,0.021047161231648695,-462000.0,-8806000.0,-0.1144082109912953,-1130000.0,-7003000.0,-0.09098350006496038,-0.28,-0.28,49257254.0,49257254.0,https://www.sec.gov/Archives/edgar/data/1063344/000114036113018459/0001140361-13-018459-index.htm,https://www.sec.gov/Archives/edgar/data/1063344/000114036113008942/form10k.htm,1620593269,16:47:49,20210509
32,2012-12-31,HT,USD,2013-02-22,2013-02-22 17:15:32,Q4,98902000.0,74265000.0,24637000.0,0.2491051748195183,0.0,8214000.0,0.0,-223000.0,7191000.0,81456000.0,10894000.0,15315000.0,32761000.0,0.3312470930820408,17446000.0,0.1763968372732604,-3471000.0,3533000.0,0.0357222300863481,-3355000.0,6784000.0,0.068593152817941,0.13815875597815624,0.13595623043073995,49102932.0,49898412.0,https://www.sec.gov/Archives/edgar/data/1063344/000114036113008942/0001140361-13-008942-index.htm,https://www.sec.gov/Archives/edgar/data/1063344/000114036113008942/form10k.htm,1620593269,16:47:49,20210509
33,2012-09-30,HT,USD,2012-11-06,2012-11-05 18:19:05,Q3,97071000.0,53463000.0,43608000.0,0.44923818648205954,0.0,4705000.0,0.0,0.0,25228000.0,78691000.0,11149000.0,15327000.0,33707000.0,0.3472406795026321,18380000.0,0.18934594266052684,-1561000.0,6077000.0,0.06260366123765079,0.0,6173000.0,0.06359262807635647,0.12574841748580534,0.12383587159088752,49090081.0,49848238.0,https://www.sec.gov/Archives/edgar/data/1063344/000114036112045694/0001140361-12-045694-index.htm,https://www.sec.gov/Archives/edgar/data/1063344/000114036112045694/form10q.htm,1620593269,16:47:49,20210509
34,2012-06-30,HT,USD,2012-08-06,2012-08-06 17:17:08,Q2,96706000.0,51208000.0,45498000.0,0.47047752983268876,0.0,5340000.0,0.0,0.0,24652000.0,75860000.0,10441000.0,14595000.0,35441000.0,0.36648191425557874,20846000.0,0.21556056501147808,-461000.0,0.0,0.0,0.0,16593000.0,0.17158190805120674,0.35633211269595233,0.35115233008395214,46566109.0,47252997.0,https://www.sec.gov/Archives/edgar/data/1063344/000114036112035327/0001140361-12-035327-index.htm,https://www.sec.gov/Archives/edgar/data/1063344/000114036112035327/form10q.htm,1620593269,16:47:49,20210509
35,2012-03-31,HT,USD,2012-05-02,2012-05-02 08:33:53,Q1,65512000.0,40544000.0,24968000.0,0.3811210159970692,0.0,5168000.0,0.0,0.0,23762000.0,64306000.0,11685000.0,14514000.0,15720000.0,0.2399560385883502,1206000.0,0.018408841128342898,-1930000.0,0.0,0.0,0.0,-7173000.0,-0.10949139089021859,-0.24,-0.24,42606857.0,42606857.0,https://www.sec.gov/Archives/edgar/data/1063344/000114036112022259/0001140361-12-022259-index.htm,https://www.sec.gov/Archives/edgar/data/1063344/000114036112011617/form10k.htm,1620593269,16:47:49,20210509
36,2011-12-31,HT,USD,2012-02-29,2012-02-29 06:12:03,Q4,76388000.0,41007000.0,35381000.0,0.46317484421636906,0.0,7156000.0,0.0,0.0,25110000.0,66117000.0,10941000.0,14324000.0,24595000.0,0.32197465570508454,10271000.0,0.1344582918783055,628000.0,0.0,0.0,0.0,721000.0,0.009438655286170603,0.016922158797115686,0.016922158797115686,42606857.0,42606857.0,https://www.sec.gov/Archives/edgar/data/1063344/000114036112011617/0001140361-12-011617-index.htm,https://www.sec.gov/Archives/edgar/data/1063344/000114036112011617/form10k.htm,1620593269,16:47:49,20210509
37,2011-09-30,HT,USD,2011-11-04,2011-11-04 16:46:20,Q3,80799000.0,41834000.0,38965000.0,0.4822460674018243,0.0,3993000.0,0.0,0.0,21650000.0,63484000.0,10621000.0,14877000.0,32192000.0,0.3984207725343135,17315000.0,0.21429720664859714,-2037000.0,0.0,0.0,0.0,-21503000.0,-0.2661295313060805,-0.5089913440462878,-0.49929673997286156,42246298.0,43066574.0,https://www.sec.gov/Archives/edgar/data/1063344/000114036111051888/0001140361-11-051888-index.htm,https://www.sec.gov/Archives/edgar/data/1063344/000114036111051888/form10.htm,1620593269,16:47:49,20210509
38,2011-06-30,HT,USD,2011-08-08,2011-08-08 16:25:07,Q2,90506000.0,46905000.0,43601000.0,0.4817470664928292,0.0,3964000.0,0.0,0.0,23789000.0,70694000.0,11588000.0,15372000.0,35184000.0,0.3887477073343204,19812000.0,0.21890261419132434,966000.0,0.0,0.0,0.0,8889000.0,0.09821448301770049,0.21079848873917745,0.20471280237801245,42168234.0,43421808.0,https://www.sec.gov/Archives/edgar/data/1063344/000114036111040228/0001140361-11-040228-index.htm,https://www.sec.gov/Archives/edgar/data/1063344/000114036111040228/form10q.htm,1620593269,16:47:49,20210509
39,2011-03-31,HT,USD,2011-05-05,2011-05-05 17:05:19,Q1,58980000.0,38201000.0,20779000.0,0.35230586639538825,0.0,3446000.0,0.0,0.0,22596000.0,60797000.0,10623000.0,14870000.0,13053000.0,0.22131230925737538,-1817000.0,-0.030807053238385892,-2080000.0,0.0,0.0,0.0,-13391000.0,-0.22704306544591388,-0.36,-0.36,42083745.0,42083745.0,https://www.sec.gov/Archives/edgar/data/1063344/000114036111025342/0001140361-11-025342-index.htm,https://www.sec.gov/Archives/edgar/data/1063344/000114036111013950/form10k.htm,1620593269,16:47:49,20210509
40,2010-12-31,HT,USD,2011-03-03,2011-03-03 17:23:03,Q4,75413000.0,43619000.0,31794000.0,0.4215983981541644,0.0,6183000.0,0.0,0.0,25591000.0,69210000.0,12518000.0,14772000.0,20975000.0,0.2781350695503428,6203000.0,0.08225372283293331,-2617000.0,0.0,0.0,0.0,-7631000.0,-0.10118945009481124,-0.18132891927750253,-0.18132891927750253,42083745.0,42083745.0,https://www.sec.gov/Archives/edgar/data/1063344/000114036111013950/0001140361-11-013950-index.htm,https://www.sec.gov/Archives/edgar/data/1063344/000114036111013950/form10k.htm,1620593269,16:47:49,20210509
41,2010-09-30,HT,USD,2010-11-05,2010-11-05 17:27:38,Q3,80741000.0,44261000.0,36480000.0,0.4518150629791556,0.0,3836000.0,0.0,0.0,22365000.0,66626000.0,11040000.0,13965000.0,28080000.0,0.3477786997931658,14115000.0,0.17481824599645782,-1139000.0,0.0,0.0,0.0,1339000.0,0.016583891703100036,0.03863348710846122,0.03770061499585744,34659051.0,35516662.0,https://www.sec.gov/Archives/edgar/data/1063344/000114036110044032/0001140361-10-044032-index.htm,https://www.sec.gov/Archives/edgar/data/1063344/000114036110044032/form10q.htm,1620593269,16:47:49,20210509
42,2010-06-30,HT,USD,2010-08-05,2010-08-05 17:21:42,Q2,75928000.0,39972000.0,35956000.0,0.4735538931619429,0.0,3402000.0,0.0,0.0,20770000.0,60742000.0,10953000.0,13410000.0,28596000.0,0.3766199557475503,15186000.0,0.2000052681487725,1749000.0,0.0,0.0,0.0,4556000.0,0.060004214519018016,0.1328272177079789,0.12984510556199033,34300199.0,35087961.0,https://www.sec.gov/Archives/edgar/data/1063344/000114036110031875/0001140361-10-031875-index.htm,https://www.sec.gov/Archives/edgar/data/1063344/000114036110031875/form10q.htm,1620593269,16:47:49,20210509
43,2010-03-31,HT,USD,2010-05-10,2010-05-10 16:38:08,Q1,50927000.0,32455000.0,18472000.0,0.3627152590963536,0.0,3490000.0,0.0,0.0,19591000.0,52046000.0,11357000.0,12651000.0,11532000.0,0.22644176959176862,-1119000.0,-0.021972627486402104,-2513000.0,0.0,0.0,0.0,-14622000.0,-0.2871168535354527,-0.64,-0.64,24827880.0,24827880.0,https://www.sec.gov/Archives/edgar/data/1063344/000114036110020095/0001140361-10-020095-index.htm,https://www.sec.gov/Archives/edgar/data/1063344/000114036110010140/form10k.htm,1620593269,16:47:49,20210509
44,2009-12-31,HT,USD,2010-03-05,2010-03-04 18:11:34,Q4,53579000.0,31447000.0,22132000.0,0.41307228578360927,0.0,2173000.0,0.0,0.0,16722000.0,48169000.0,11189000.0,11474000.0,16884000.0,0.3151234625506262,5410000.0,0.10097239590137927,-7717000.0,0.0,0.0,0.0,-9889000.0,-0.18456858097388903,-0.3983022312013752,-0.3983022312013752,24827880.0,24827880.0,https://www.sec.gov/Archives/edgar/data/1063344/000114036110010140/0001140361-10-010140-index.htm,https://www.sec.gov/Archives/edgar/data/1063344/000114036110010140/form10k.htm,1620593269,16:47:49,20210509
45,2009-09-30,HT,USD,2009-11-05,2009-11-05 17:19:44,Q3,61857000.0,33855000.0,28002000.0,0.45268926718075564,0.0,2091000.0,0.0,0.0,16803000.0,50658000.0,11129000.0,11552000.0,22751000.0,0.3677999256349322,11199000.0,0.1810466074979388,-21411000.0,0.0,0.0,0.0,-32375000.0,-0.5233845805648512,-2.6,-2.6,12969620.0,12969620.0,https://www.sec.gov/Archives/edgar/data/1063344/000114036109024941/0001140361-09-024941-index.htm,https://www.sec.gov/Archives/edgar/data/1063344/000114036109024941/form10q.htm,1620593269,16:47:49,20210509
46,2009-06-30,HT,USD,2009-08-07,2009-08-07 17:19:19,Q2,61616000.0,32814000.0,28802000.0,0.4674435211633342,0.0,1873000.0,0.0,0.0,16167000.0,48981000.0,10951000.0,11793000.0,24428000.0,0.396455466112698,12635000.0,0.20506037392884965,-68000.0,0.0,0.0,0.0,1033000.0,0.016765125941313946,0.08614647870222206,0.08614647870222206,11991204.0,11991204.0,https://www.sec.gov/Archives/edgar/data/1063344/000114036109018305/0001140361-09-018305-index.htm,https://www.sec.gov/Archives/edgar/data/1063344/000114036109018305/form10q.htm,1620593269,16:47:49,20210509
47,2009-03-31,HT,USD,2009-05-08,2009-05-08 16:37:47,Q1,49003000.0,31554000.0,17449000.0,0.356080239985307,0.0,1901000.0,0.0,0.0,16187000.0,47741000.0,10619000.0,11468000.0,12730000.0,0.25978001346856316,1262000.0,0.025753525294369733,-57000.0,0.0,0.0,0.0,-8630000.0,-0.17611166663265515,-0.84,-0.84,11946625.0,11946625.0,https://www.sec.gov/Archives/edgar/data/1063344/000114036109011574/0001140361-09-011574-index.htm,https://www.sec.gov/Archives/edgar/data/1063344/000114036109006280/form10k.htm,1620593269,16:47:49,20210509
48,2008-12-31,HT,USD,2009-03-06,2009-03-06 16:42:27,Q4,62120000.0,36350000.0,25770000.0,0.41484224082421123,0.0,2893000.0,0.0,0.0,17301000.0,53651000.0,11283000.0,11488000.0,19957000.0,0.32126529298132644,8469000.0,0.1363329040566645,-23796000.0,0.0,0.0,0.0,-20489000.0,-0.3298293625241468,-1.7150450441024139,-1.7150450441024139,11946625.0,11946625.0,https://www.sec.gov/Archives/edgar/data/1063344/000114036109006280/0001140361-09-006280-index.htm,https://www.sec.gov/Archives/edgar/data/1063344/000114036109006280/form10k.htm,1620593269,16:47:49,20210509
49,2008-09-30,HT,USD,2008-11-06,2008-11-06 17:03:02,Q3,75864000.0,41547000.0,34317000.0,0.4523489402087947,0.0,1918000.0,0.0,0.0,16000000.0,57547000.0,10892000.0,11434000.0,29751000.0,0.3921622904144258,18317000.0,0.24144521775809344,1629000.0,0.0,0.0,0.0,6335000.0,0.08350469260782453,0.44,0.44,11941042.0,11941042.0,https://www.sec.gov/Archives/edgar/data/1063344/000114036108024599/0001140361-08-024599-index.htm,https://www.sec.gov/Archives/edgar/data/1063344/000114036108024599/form10q.htm,1620593269,16:47:49,20210509
50,2008-06-30,HT,USD,2008-08-07,2008-08-07 16:28:45,Q2,71473000.0,0.0,0.0,0.0,0.0,2003000.0,0.0,0.0,52626000.0,52626000.0,10346000.0,10288000.0,29135000.0,0.40763645012802036,18847000.0,0.2636939823429827,1360000.0,0.0,0.0,0.0,8225000.0,0.11507842122199992,0.64,0.64,11063410.0,11063410.0,https://www.sec.gov/Archives/edgar/data/1063344/000114036108018579/0001140361-08-018579-index.htm,https://www.sec.gov/Archives/edgar/data/1063344/000114036108018579/form10-q.htm,1620593269,16:47:49,20210509
51,2008-03-31,HT,USD,2008-05-09,2008-05-09 14:33:40,Q1,55662000.0,0.0,0.0,0.0,0.0,1903000.0,0.0,0.0,48114000.0,48114000.0,0.0,9967000.0,17515000.0,0.31466709784053754,7548000.0,0.13560418238654737,0.0,0.0,0.0,0.0,-2879000.0,-0.051722898925658435,-0.4,-0.4,10222785.0,10222785.0,https://www.sec.gov/Archives/edgar/data/1063344/000114036108011739/0001140361-08-011739-index.htm,https://www.sec.gov/Archives/edgar/data/1063344/000114036108006663/form10-k.htm,1620593269,16:47:49,20210509
52,2007-12-31,HT,USD,2008-03-13,2008-03-13 17:17:09,Q4,61425000.0,0.0,0.0,0.0,0.0,2664000.0,0.0,0.0,-96448000.0,49480000.0,0.0,9578000.0,21523000.0,0.3503947903947904,11945000.0,0.19446479446479448,0.0,0.0,0.0,0.0,5793000.0,0.09431013431013431,0.5666753237987495,0.5666753237987495,10222785.0,10222785.0,https://www.sec.gov/Archives/edgar/data/1063344/000114036108006663/0001140361-08-006663-index.htm,https://www.sec.gov/Archives/edgar/data/1063344/000114036108006663/form10-k.htm,1620593269,16:47:49,20210509
53,2007-09-30,HT,USD,2007-11-09,2007-11-09 15:23:01,Q3,68831000.0,0.0,0.0,0.0,0.0,1689000.0,0.0,0.0,50201000.0,50201000.0,0.0,9667000.0,28297000.0,0.41110836686957913,18630000.0,0.2706629280411443,0.0,0.0,0.0,0.0,8496000.0,0.12343275558977786,0.72,0.72,10201906.0,10201906.0,https://www.sec.gov/Archives/edgar/data/1063344/000114036107021493/0001140361-07-021493-index.htm,https://www.sec.gov/Archives/edgar/data/1063344/000114036107021493/form10q.htm,1620593269,16:47:49,20210509
54,2007-06-30,HT,USD,2007-08-09,2007-08-09 16:48:21,Q2,66307000.0,0.0,0.0,0.0,0.0,1621000.0,0.0,0.0,48425000.0,48425000.0,0.0,8953000.0,26835000.0,0.40470840182786133,17882000.0,0.26968495030690576,0.0,0.0,0.0,0.0,7795000.0,0.11755923205694722,0.64,0.64,10160642.0,10160642.0,https://www.sec.gov/Archives/edgar/data/1063344/000114036107015849/0001140361-07-015849-index.htm,https://www.sec.gov/Archives/edgar/data/1063344/000114036107015849/form10-q.htm,1620593269,16:47:49,20210509
55,2007-03-31,HT,USD,2007-05-10,2007-05-10 16:35:37,Q1,49053000.0,0.0,0.0,0.0,0.0,2211000.0,0.0,0.0,43279000.0,43279000.0,0.0,8577000.0,14351000.0,0.2925611073736571,5774000.0,0.11770941634558539,0.0,0.0,0.0,0.0,-4238000.0,-0.08639634680855401,-0.52,-0.52,10134462.0,10134462.0,https://www.sec.gov/Archives/edgar/data/1063344/000114036107009591/0001140361-07-009591-index.htm,https://www.sec.gov/Archives/edgar/data/1063344/000114036107005830/form10-k.htm,1620593269,16:47:49,20210509
56,2006-12-31,HT,USD,2007-03-16,2007-03-16 06:14:25,Q4,44526000.0,0.0,0.0,0.0,0.0,1912000.0,0.0,0.0,-49101000.0,36366000.0,0.0,6732000.0,14892000.0,0.334456272739523,8160000.0,0.18326371109014958,926000.0,0.0,0.0,0.0,-174000.0,-0.003907829133539954,-0.017169140305622537,-0.017169140305622537,10134462.0,10134462.0,https://www.sec.gov/Archives/edgar/data/1063344/000114036107005830/0001140361-07-005830-index.htm,https://www.sec.gov/Archives/edgar/data/1063344/000114036107005830/form10-k.htm,1620593269,16:47:49,20210509
57,2006-09-30,HT,USD,2006-11-09,2006-11-09 16:53:19,Q3,41278000.0,0.0,0.0,0.0,0.0,1350000.0,0.0,0.0,31127000.0,31127000.0,0.0,5363000.0,15514000.0,0.37584185280294585,10151000.0,0.24591792237996027,0.0,0.0,0.0,0.0,5780000.0,0.14002616405833615,0.8136962249563167,0.8096286983958005,7103388.0,7139075.0,https://www.sec.gov/Archives/edgar/data/1063344/000114036106015881/0001140361-06-015881-index.htm,https://www.sec.gov/Archives/edgar/data/1063344/000114036106015881/form10-q.htm,1620593269,16:47:49,20210509
58,2006-06-30,HT,USD,2006-08-09,2006-08-09 16:29:45,Q2,38183000.0,0.0,0.0,0.0,0.0,1812000.0,0.0,0.0,28581000.0,28581000.0,0.0,4891000.0,14493000.0,0.37956682293167116,9602000.0,0.25147316868763586,-908000.0,0.0,0.0,0.0,3376000.0,0.08841631092370951,0.5301984616392147,0.4647491359603223,6367427.0,7264134.0,https://www.sec.gov/Archives/edgar/data/1063344/000114036106011433/0001140361-06-011433-index.htm,https://www.sec.gov/Archives/edgar/data/1063344/000114036106011433/form10-q.htm,1620593269,16:47:49,20210509
59,2006-03-31,HT,USD,2006-05-10,2006-05-10 17:15:45,Q1,23901000.0,0.0,0.0,0.0,0.0,1164000.0,0.0,0.0,22308000.0,22308000.0,0.0,4263000.0,5856000.0,0.24501066900966487,1593000.0,0.06664993096523159,-251000.0,0.0,0.0,0.0,-3884000.0,-0.16250366093468893,-0.7650102736704105,-0.7623450235396598,5077056.0,5094806.0,https://www.sec.gov/Archives/edgar/data/1063344/000114036106007115/0001140361-06-007115-index.htm,https://www.sec.gov/Archives/edgar/data/1063344/000114036106004309/form10-k.htm,1620593269,16:47:49,20210509
60,2005-12-31,HT,USD,2006-03-22,2006-03-21 21:58:25,Q4,22021000.0,0.0,0.0,0.0,0.0,1763000.0,0.0,0.0,-29772000.0,20444000.0,0.0,3483000.0,5060000.0,0.22978066391172064,1577000.0,0.07161345987920621,0.0,0.0,0.0,0.0,-1938000.0,-0.08800690250215704,-0.3817172786748856,-0.3817172786748856,5077056.0,5077056.0,https://www.sec.gov/Archives/edgar/data/1063344/000114036106004309/0001140361-06-004309-index.htm,https://www.sec.gov/Archives/edgar/data/1063344/000114036106004309/form10-k.htm,1620593269,16:47:49,20210509
61,2005-09-30,HT,USD,2005-11-09,2005-11-09 17:23:58,Q3,24750000.0,0.0,0.0,0.0,0.0,1097000.0,0.0,0.0,19661000.0,19661000.0,0.0,3331000.0,8420000.0,0.3402020202020202,5089000.0,0.2056161616161616,0.0,0.0,0.0,0.0,2461000.0,0.09943434343434343,0.48507368547199387,0.42417753337920405,5073456.0,5801816.0,https://www.sec.gov/Archives/edgar/data/1063344/000114036105009320/0001140361-05-009320-index.htm,https://www.sec.gov/Archives/edgar/data/1063344/000114036105009320/body.htm,1620593269,16:47:49,20210509
62,2005-06-30,HT,USD,2005-08-09,2005-08-09 17:19:13,Q2,21071000.0,0.0,0.0,0.0,0.0,1147000.0,0.0,0.0,16691000.0,16691000.0,0.0,2511000.0,6891000.0,0.32703716007783207,4380000.0,0.2078686346162973,0.0,0.0,0.0,0.0,3755000.0,0.17820701437995348,0.7401505767852511,0.6485596190372888,5073292.0,5789753.0,https://www.sec.gov/Archives/edgar/data/1063344/000095013305003621/0000950133-05-003621-index.htm,https://www.sec.gov/Archives/edgar/data/1063344/000095013305003621/w11730e10vq.htm,1620593269,16:47:49,20210509
63,2005-03-31,HT,USD,2005-05-10,2005-05-10 16:54:48,Q1,12800000.0,0.0,0.0,0.0,0.0,990000.0,0.0,0.0,13293000.0,13293000.0,0.0,2043000.0,1550000.0,0.12109375,-493000.0,-0.038515625,0.0,0.0,0.0,0.0,-974000.0,-0.07609375,-0.19200411290945765,-0.16841254919021056,5072808.0,5783417.0,https://www.sec.gov/Archives/edgar/data/1063344/000101540205002354/0001015402-05-002354-index.htm,https://www.sec.gov/Archives/edgar/data/1063344/000101540205002354/body.htm,1620593269,16:47:49,20210509
64,2004-12-31,HT,USD,2005-03-16 00:00:00,2005-03-16 17:15:33,Q4,10536000.0,0.0,0.0,0.0,0.0,1344000.0,0.0,0.0,-18669000.0,13667000.0,0.0,1806000.0,-1325000.0,-0.12575930144267275,-3131000.0,-0.29717160212604404,0.0,0.0,0.0,0.0,-1089000.0,-0.10335990888382687,-0.21467400303737103,-0.21467400303737103,5072808.0,5072808.0,https://www.sec.gov/Archives/edgar/data/1063344/000101540205001359/0001015402-05-001359-index.html,https://www.sec.gov/Archives/edgar/data/1063344/000101540205001359/body.htm,1620593269,16:47:49,20210509
65,2004-09-30,HT,USD,2004-11-15 00:00:00,2004-11-15 15:34:56,Q3,17760000.0,0.0,0.0,0.0,0.0,676000.0,0.0,0.0,13755000.0,13755000.0,0.0,1952000.0,5957000.0,0.33541666666666664,4005000.0,0.22550675675675674,0.0,0.0,0.0,0.0,2362000.0,0.1329954954954955,0.5684189146327201,0.4854011793481321,4155386.0,4866078.0,https://www.sec.gov/Archives/edgar/data/1063344/000101540204004978/0001015402-04-004978-index.html,https://www.sec.gov/Archives/edgar/data/1063344/000101540204004978/doc1.txt,1620593269,16:47:49,20210509
66,2004-06-30,HT,USD,2004-08-16 00:00:00,2004-08-16 16:13:29,Q2,14788000.0,0.0,0.0,0.0,0.0,685000.0,0.0,0.0,11736000.0,11736000.0,0.0,1840000.0,4892000.0,0.3308087638625913,3052000.0,0.20638355423316201,0.0,0.0,0.0,0.0,1605000.0,0.10853394644306194,0.40393780213540903,0.34265628862889236,3973384.0,4683994.0,https://www.sec.gov/Archives/edgar/data/1063344/000101540204003453/0001015402-04-003453-index.html,https://www.sec.gov/Archives/edgar/data/1063344/000101540204003453/doc1.txt,1620593269,16:47:49,20210509
67,2004-03-31,HT,USD,2004-05-17 00:00:00,2004-05-17 15:49:38,Q1,7914000.0,0.0,0.0,0.0,0.0,499000.0,0.0,0.0,6989000.0,6989000.0,0.0,1602000.0,2527000.0,0.31930755622946677,925000.0,0.11688147586555471,0.0,0.0,0.0,0.0,-829000.0,-0.10475107404599444,-0.28,-0.28,2960714.0,2960714.0,https://www.sec.gov/Archives/edgar/data/1063344/000101540204002170/0001015402-04-002170-index.html,https://www.sec.gov/Archives/edgar/data/1063344/000101540204002170/doc1.txt,1620593269,16:47:49,20210509
68,2003-12-31,HT,USD,2004-03-29 00:00:00,2004-03-29 15:06:52,Q4,4872000.0,0.0,0.0,0.0,0.0,1458000.0,0.0,0.0,1983000.0,5356000.0,0.0,1456000.0,972000.0,0.19950738916256158,-484000.0,-0.0993431855500821,0.0,0.0,0.0,0.0,149000.0,0.030582922824302135,0.050325698463276086,0.050325698463276086,2960714.0,2960714.0,https://www.sec.gov/Archives/edgar/data/1063344/000101540204001181/0001015402-04-001181-index.html,https://www.sec.gov/Archives/edgar/data/1063344/000101540204001181/doc1.txt,1620593269,16:47:49,20210509
69,2003-09-30,HT,USD,2003-11-13 00:00:00,2003-11-13 13:15:26,Q3,5447000.0,0.0,0.0,0.0,0.0,151000.0,0.0,0.0,2144000.0,2144000.0,0.0,1138000.0,4441000.0,0.8153111804663117,3303000.0,0.6063888378924178,0.0,0.0,0.0,0.0,292000.0,0.053607490361666975,0.4492307692307692,0.15213277648569118,650000.0,1919376.0,https://www.sec.gov/Archives/edgar/data/1063344/000101540203004461/0001015402-03-004461-index.html,https://www.sec.gov/Archives/edgar/data/1063344/000101540203004461/doc1.txt,1620593269,16:47:49,20210509
70,2003-06-30,HT,USD,2003-08-13 00:00:00,2003-08-13 11:46:03,Q2,5004000.0,0.0,0.0,0.0,0.0,150000.0,0.0,0.0,2423000.0,2423000.0,0.0,1109000.0,3690000.0,0.737410071942446,2581000.0,0.5157873701039168,0.0,0.0,0.0,0.0,34000.0,0.006794564348521183,0.04,0.017714090412717466,644446.0,1919376.0,https://www.sec.gov/Archives/edgar/data/1063344/000101540203003238/0001015402-03-003238-index.html,https://www.sec.gov/Archives/edgar/data/1063344/000101540203003238/doc1.txt,1620593269,16:47:49,20210509
71,2003-03-31,HT,USD,2003-05-14 00:00:00,2003-05-14 17:01:40,Q1,3278000.0,0.0,0.0,0.0,0.0,240000.0,0.0,0.0,1592000.0,1592000.0,0.0,1087000.0,2773000.0,0.8459426479560708,1686000.0,0.5143380109823062,0.0,0.0,0.0,0.0,304000.0,0.09273947528981086,0.48,0.2,644446.0,1919376.0,https://www.sec.gov/Archives/edgar/data/1063344/000101540203001819/0001015402-03-001819-index.html,https://www.sec.gov/Archives/edgar/data/1063344/000101540203001819/doc1.txt,1620593269,16:47:49,20210509
72,2002-12-31,HT,USD,2003-03-31 00:00:00,2003-03-31 17:21:18,Q4,2768000.0,0.0,0.0,0.0,0.0,110000.0,0.0,0.0,1641000.0,1641000.0,0.0,1060000.0,2187000.0,0.7901011560693642,1127000.0,0.40715317919075145,0.0,0.0,0.0,0.0,377000.0,0.13619942196531792,0.5849985879344429,0.5849985879344429,644446.0,644446.0,https://www.sec.gov/Archives/edgar/data/1063344/000101540203001018/0001015402-03-001018-index.html,https://www.sec.gov/Archives/edgar/data/1063344/000101540203001018/doc1.txt,1620593269,16:47:49,20210509
73,2002-09-30,HT,USD,2002-11-14 00:00:00,2002-11-14 14:23:56,Q3,4670000.0,0.0,0.0,0.0,0.0,98000.0,0.0,0.0,994000.0,994000.0,0.0,1076000.0,4752000.0,1.0175588865096359,3676000.0,0.7871520342612419,0.0,0.0,0.0,0.0,297000.0,0.06359743040685224,0.4611622219634331,0.403689477160962,644025.0,735714.0,https://www.sec.gov/Archives/edgar/data/1063344/000101540202003782/0001015402-02-003782-index.html,https://www.sec.gov/Archives/edgar/data/1063344/000101540202003782/doc1.txt,1620593269,16:47:49,20210509
74,2002-06-30,HT,USD,2002-08-14 00:00:00,2002-08-14 14:45:11,Q2,4039000.0,0.0,0.0,0.0,0.0,207000.0,0.0,0.0,1530000.0,1530000.0,0.0,1055000.0,3564000.0,0.8823966328299084,2509000.0,0.6211933646942313,0.0,0.0,0.0,0.0,308000.0,0.07625649913344887,0.48,0.48,643864.0,643864.0,https://www.sec.gov/Archives/edgar/data/1063344/000101540202002767/0001015402-02-002767-index.html,https://www.sec.gov/Archives/edgar/data/1063344/000101540202002767/doc1.txt,1620593269,16:47:49,20210509
75,2002-03-31,HT,USD,2002-04-01 00:00:00,2002-04-01 00:00:00,Q1,2971000.0,0.0,0.0,0.0,0.0,152000.0,0.0,0.0,1417000.0,1417000.0,0.0,1021000.0,2575000.0,0.8667115449343655,1554000.0,0.5230562100302928,0.0,0.0,0.0,0.0,310000.0,0.10434197239986537,0.52,0.16,586930.0,586930.0,https://www.sec.gov/Archives/edgar/data/1063344/000101540202001076/0001015402-02-001076-index.html,https://www.sec.gov/Archives/edgar/data/1063344/000101540202001076/doc1.txt,1620593269,16:47:49,20210509
76,2001-12-31,HT,USD,2002-04-01 00:00:00,2002-04-01 00:00:00,Q4,3248000.0,0.0,0.0,0.0,0.0,132000.0,0.0,0.0,1519000.0,1519000.0,0.0,1141000.0,2870000.0,0.8836206896551724,1729000.0,0.5323275862068966,0.0,0.0,0.0,0.0,239000.0,0.07358374384236453,0.4072035847545704,0.4072035847545704,586930.0,586930.0,https://www.sec.gov/Archives/edgar/data/1063344/000101540202001076/0001015402-02-001076-index.html,https://www.sec.gov/Archives/edgar/data/1063344/000101540202001076/doc1.txt,1620593269,16:47:49,20210509
77,2001-09-30,HT,USD,2001-11-13 00:00:00,2001-11-13 00:00:00,Q3,4204000.0,0.0,0.0,0.0,0.0,137000.0,0.0,0.0,1546000.0,1546000.0,0.0,1132000.0,3790000.0,0.9015223596574691,2658000.0,0.6322549952426261,0.0,0.0,0.0,0.0,234000.0,0.05566127497621313,0.4114285714285714,0.12740171284525048,568750.0,1836710.0,https://www.sec.gov/Archives/edgar/data/1063344/000101540201503338/0001015402-01-503338-index.html,https://www.sec.gov/Archives/edgar/data/1063344/000101540201503338/doc1.txt,1620593269,16:47:49,20210509
78,2001-06-30,HT,USD,2001-08-14 00:00:00,2001-08-14 00:00:00,Q2,3634000.0,0.0,0.0,0.0,0.0,149000.0,0.0,0.0,1514000.0,1514000.0,0.0,1068000.0,3188000.0,0.8772702256466703,2120000.0,0.5833791964777105,0.0,0.0,0.0,0.0,245000.0,0.06741882223445239,0.4307692307692308,0.13556185964312373,568750.0,1807293.0,https://www.sec.gov/Archives/edgar/data/1063344/000101540201502313/0001015402-01-502313-index.html,https://www.sec.gov/Archives/edgar/data/1063344/000101540201502313/doc1.txt,1620593269,16:47:49,20210509
79,2001-03-31,HT,USD,2001-05-14 00:00:00,2001-05-14 00:00:00,Q1,3002000.0,0.0,0.0,0.0,0.0,137000.0,0.0,0.0,1510000.0,1510000.0,0.0,1135000.0,2627000.0,0.8750832778147901,1492000.0,0.49700199866755496,0.0,0.0,0.0,0.0,116000.0,0.038640906062624915,0.2,0.08,568750.0,1811888.0,https://www.sec.gov/Archives/edgar/data/1063344/000091664101500351/0000916641-01-500351-index.html,https://www.sec.gov/Archives/edgar/data/1063344/000091664101500351/d10q.txt,1620593269,16:47:49,20210509
80,2000-12-31,HT,USD,2001-04-02,2001-04-02,Q4,3569000.0,0.0,0.0,0.0,0.0,143000.0,0.0,0.0,1568000.0,1568000.0,0.0,1102000.0,3103000.0,0.869431213224993,2001000.0,0.5606612496497618,0.0,0.0,0.0,0.0,77000.0,0.021574670776127767,0.13538461538461538,0.13538461538461538,568750.0,568750.0,https://www.sec.gov/Archives/edgar/data/1063344/000091664101000483/0000916641-01-000483-index.htm,https://www.sec.gov/Archives/edgar/data/1063344/000091664101000483/0000916641-01-000483-0001.txt,1620593269,16:47:49,20210509
81,2000-09-30,HT,USD,2000-11-13 00:00:00,2000-11-13 00:00:00,Q3,3687000.0,0.0,0.0,0.0,0.0,147000.0,0.0,0.0,1370000.0,1370000.0,0.0,1032000.0,3349000.0,0.9083265527529156,2317000.0,0.6284241931109303,0.0,0.0,0.0,0.0,269000.0,0.07295904529427719,0.48,0.48,568750.0,568750.0,https://www.sec.gov/Archives/edgar/data/1063344/000091664100001655/0000916641-00-001655-index.html,https://www.sec.gov/Archives/edgar/data/1063344/000091664100001655/0000916641-00-001655-0001.txt,1620593269,16:47:49,20210509
82,2000-06-30,HT,USD,2000-08-14 00:00:00,2000-08-14 00:00:00,Q2,3216000.0,0.0,0.0,0.0,0.0,134000.0,0.0,0.0,1308000.0,1308000.0,0.0,961000.0,2869000.0,0.8921019900497512,1908000.0,0.5932835820895522,0.0,0.0,0.0,0.0,207000.0,0.06436567164179105,0.36,0.36,568750.0,568750.0,https://www.sec.gov/Archives/edgar/data/1063344/000091664100001159/0000916641-00-001159-index.html,https://www.sec.gov/Archives/edgar/data/1063344/000091664100001159/0000916641-00-001159-0001.txt,1620593269,16:47:49,20210509
83,2000-03-31,HT,USD,2000-05-15 00:00:00,2000-05-15 00:00:00,Q1,2353000.0,0.0,0.0,0.0,0.0,166000.0,0.0,0.0,1112000.0,1112000.0,0.0,797000.0,2038000.0,0.8661283467913302,1241000.0,0.5274118147046324,-107000.0,0.0,0.0,0.0,294000.0,0.1249468763280918,0.52,0.2,568750.0,568750.0,https://www.sec.gov/Archives/edgar/data/1063344/000091664100000697/0000916641-00-000697-index.html,https://www.sec.gov/Archives/edgar/data/1063344/0000916641-00-000697.txt,1620593269,16:47:49,20210509
84,1999-12-31,HT,USD,2000-03-30 00:00:00,2000-03-30 00:00:00,Q4,2170000.0,0.0,0.0,0.0,0.0,63000.0,0.0,0.0,4597000.0,4597000.0,0.0,664000.0,-1763000.0,-0.812442396313364,-2427000.0,-1.1184331797235023,0.0,0.0,0.0,0.0,338000.0,0.15576036866359447,0.5942857142857143,0.5942857142857143,568750.0,568750.0,https://www.sec.gov/Archives/edgar/data/1063344/000091664100000428/0000916641-00-000428-index.html,https://www.sec.gov/Archives/edgar/data/1063344/0000916641-00-000428.txt,1620593269,16:47:49,20210509
85,1999-09-30,HT,USD,1999-11-15 00:00:00,1999-11-15 00:00:00,Q3,2100000.0,0.0,0.0,0.0,0.0,100000.0,0.0,0.0,-700000.0,-700000.0,0.0,600000.0,3400000.0,1.619047619047619,2800000.0,1.3333333333333333,0.0,0.0,0.0,0.0,400000.0,0.19047619047619047,0.64,0.64,625000.0,625000.0,https://www.sec.gov/Archives/edgar/data/1063344/000091664199000907/0000916641-99-000907-index.html,https://www.sec.gov/Archives/edgar/data/1063344/0000916641-99-000907.txt,1620593269,16:47:49,20210509
86,1999-06-30,HT,USD,1999-08-16 00:00:00,1999-08-16 00:00:00,Q2,1900000.0,0.0,0.0,0.0,0.0,100000.0,0.0,0.0,-600000.0,-600000.0,0.0,500000.0,3000000.0,1.5789473684210527,2500000.0,1.3157894736842106,0.0,0.0,0.0,0.0,400000.0,0.21052631578947367,0.68,0.56,588235.0,714286.0,https://www.sec.gov/Archives/edgar/data/1063344/000091664199000710/0000916641-99-000710-index.html,https://www.sec.gov/Archives/edgar/data/1063344/0000916641-99-000710.txt,1620593269,16:47:49,20210509
87,1999-03-31,HT,USD,1999-05-17 00:00:00,1999-05-17 00:00:00,Q1,1200000.0,0.0,0.0,0.0,0.0,100000.0,0.0,0.0,-400000.0,-400000.0,0.0,300000.0,1900000.0,1.5833333333333333,1600000.0,1.3333333333333333,0.0,0.0,0.0,0.0,300000.0,0.25,0.48,0.28,625000.0,625000.0,https://www.sec.gov/Archives/edgar/data/1063344/000091664199000460/0000916641-99-000460-index.html,https://www.sec.gov/Archives/edgar/data/1063344/0000916641-99-000460.txt,1620593269,16:47:49,20210509
