,date,symbol,reportedCurrency,fillingDate,acceptedDate,period,revenue,costOfRevenue,grossProfit,grossProfitRatio,researchAndDevelopmentExpenses,generalAndAdministrativeExpenses,sellingAndMarketingExpenses,otherExpenses,operatingExpenses,costAndExpenses,interestExpense,depreciationAndAmortization,ebitda,ebitdaratio,operatingIncome,operatingIncomeRatio,totalOtherIncomeExpensesNet,incomeBeforeTax,incomeBeforeTaxRatio,incomeTaxExpense,netIncome,netIncomeRatio,eps,epsdiluted,weightedAverageShsOut,weightedAverageShsOutDil,link,finalLink,timestamp,est_time,est_date
0,2019-06-30,SYM.L,GBP,2019-06-30,2019-06-30,Q2,2056250.0,1112500.0,943750.0,0.45896656534954405,0.0,1019000.0,80250.0,0.0,0.0,2211750.0,18750.0,54250.0,-101250.0,-0.049240121580547115,-155500.0,-0.07562310030395136,0.0,-174250.0,-0.08474164133738601,-9250.0,-165000.0,-0.08024316109422493,-0.001025,-0.001025,160085762,160085762,https://find-and-update.company-information.service.gov.uk/search/companies?q=Symphony+Environmental+Technologies+PLC,https://find-and-update.company-information.service.gov.uk/search/companies?q=Symphony+Environmental+Technologies+PLC,1620598533,18:15:33,20210509
1,2019-03-31,SYM.L,GBP,2019-03-31,2019-03-31,Q1,2056250.0,1112500.0,943750.0,0.45896656534954405,0.0,1019000.0,80250.0,0.0,0.0,2211750.0,18750.0,54250.0,-101250.0,-0.049240121580547115,-155500.0,-0.07562310030395136,0.0,-174250.0,-0.08474164133738601,-9250.0,-165000.0,-0.08024316109422493,-0.001025,-0.001025,160085762,160085762,https://find-and-update.company-information.service.gov.uk/search/companies?q=Symphony+Environmental+Technologies+PLC,https://find-and-update.company-information.service.gov.uk/search/companies?q=Symphony+Environmental+Technologies+PLC,1620598533,18:15:33,20210509
2,2019-01-31,SYM.L,GBP,2019-01-31,2019-01-31,Q1,2056250.0,1112500.0,943750.0,0.45896656534954405,0.0,1019000.0,80250.0,0.0,0.0,2211750.0,18750.0,54250.0,-101250.0,-0.049240121580547115,-155500.0,-0.07562310030395136,0.0,-174250.0,-0.08474164133738601,-9250.0,-165000.0,-0.08024316109422493,-0.001025,-0.001025,160085762,160085762,https://find-and-update.company-information.service.gov.uk/search/companies?q=Symphony+Environmental+Technologies+PLC,https://find-and-update.company-information.service.gov.uk/search/companies?q=Symphony+Environmental+Technologies+PLC,1620598533,18:15:33,20210509
3,2018-06-30,SYM.L,GBP,2018-06-30,2018-06-30,Q2,2200500.0,1169000.0,1031500.0,0.46875710065894116,0.0,963000.0,52500.0,0.0,0.0,2184500.0,6500.0,24250.0,40250.0,0.018291297432401727,16000.0,0.007271074755737333,0.0,9500.0,0.004317200636219041,-2500.0,12000.0,0.0054533060668029995,7.849401487715379e-05,7.386269272576936e-05,152877898,162463614,https://find-and-update.company-information.service.gov.uk/search/companies?q=Symphony+Environmental+Technologies+PLC,https://find-and-update.company-information.service.gov.uk/search/companies?q=Symphony+Environmental+Technologies+PLC,1620598533,18:15:33,20210509
4,2018-03-31,SYM.L,GBP,2018-03-31,2018-03-31,Q1,2200500.0,1169000.0,1031500.0,0.46875710065894116,0.0,963000.0,52500.0,0.0,0.0,2184500.0,6500.0,24250.0,40250.0,0.018291297432401727,16000.0,0.007271074755737333,0.0,9500.0,0.004317200636219041,-2500.0,12000.0,0.0054533060668029995,7.849401487715379e-05,7.386269272576936e-05,152877898,162463614,https://find-and-update.company-information.service.gov.uk/search/companies?q=Symphony+Environmental+Technologies+PLC,https://find-and-update.company-information.service.gov.uk/search/companies?q=Symphony+Environmental+Technologies+PLC,1620598533,18:15:33,20210509
5,2018-01-31,SYM.L,GBP,2018-01-31,2018-01-31,Q1,2200500.0,1169000.0,1031500.0,0.46875710065894116,0.0,963000.0,52500.0,0.0,0.0,2184500.0,6500.0,24250.0,40250.0,0.018291297432401727,16000.0,0.007271074755737333,0.0,9500.0,0.004317200636219041,-2500.0,12000.0,0.0054533060668029995,7.849401487715379e-05,7.386269272576936e-05,152877898,162463614,https://find-and-update.company-information.service.gov.uk/search/companies?q=Symphony+Environmental+Technologies+PLC,https://find-and-update.company-information.service.gov.uk/search/companies?q=Symphony+Environmental+Technologies+PLC,1620598533,18:15:33,20210509
6,2017-06-30,SYM.L,GBP,2017-06-30,2017-06-30,Q2,2066750.0,1063750.0,1003000.0,0.48530301197532355,0.0,824250.0,59250.0,0.0,0.0,1947250.0,12000.0,23500.0,143000.0,0.06919075843715979,119500.0,0.05782024918350066,0.0,107500.0,0.05201403169227047,0.0,107500.0,0.05201403169227047,0.0007,0.000675,151089240,161014667,https://find-and-update.company-information.service.gov.uk/search/companies?q=Symphony+Environmental+Technologies+PLC,https://find-and-update.company-information.service.gov.uk/search/companies?q=Symphony+Environmental+Technologies+PLC,1620598533,18:15:33,20210509
7,2017-03-31,SYM.L,GBP,2017-03-31,2017-03-31,Q1,2066750.0,1063750.0,1003000.0,0.48530301197532355,0.0,824250.0,59250.0,0.0,0.0,1947250.0,12000.0,23500.0,143000.0,0.06919075843715979,119500.0,0.05782024918350066,0.0,107500.0,0.05201403169227047,0.0,107500.0,0.05201403169227047,0.0007,0.000675,151089240,161014667,https://find-and-update.company-information.service.gov.uk/search/companies?q=Symphony+Environmental+Technologies+PLC,https://find-and-update.company-information.service.gov.uk/search/companies?q=Symphony+Environmental+Technologies+PLC,1620598533,18:15:33,20210509
8,2017-01-31,SYM.L,GBP,2017-01-31,2017-01-31,Q1,2066750.0,1063750.0,1003000.0,0.48530301197532355,0.0,824250.0,59250.0,0.0,0.0,1947250.0,12000.0,23500.0,143000.0,0.06919075843715979,119500.0,0.05782024918350066,0.0,107500.0,0.05201403169227047,0.0,107500.0,0.05201403169227047,0.0007,0.000675,151089240,161014667,https://find-and-update.company-information.service.gov.uk/search/companies?q=Symphony+Environmental+Technologies+PLC,https://find-and-update.company-information.service.gov.uk/search/companies?q=Symphony+Environmental+Technologies+PLC,1620598533,18:15:33,20210509
9,2016-06-30,SYM.L,GBP,2016-06-30,2016-06-30,Q2,1700250.0,848750.0,851500.0,0.5008087046022643,0.0,757750.0,44000.0,0.0,0.0,1650500.0,5500.0,24750.0,74500.0,0.04381708572268784,49750.0,0.02926040288192913,0.0,30750.0,0.01808557565063961,-11250.0,42000.0,0.024702249669166298,0.000275,0.00025,149939377,165734094,https://find-and-update.company-information.service.gov.uk/search/companies?q=Symphony+Environmental+Technologies+PLC,https://find-and-update.company-information.service.gov.uk/search/companies?q=Symphony+Environmental+Technologies+PLC,1620598533,18:15:33,20210509
10,2016-03-31,SYM.L,GBP,2016-03-31,2016-03-31,Q1,1700250.0,848750.0,851500.0,0.5008087046022643,0.0,757750.0,44000.0,0.0,0.0,1650500.0,5500.0,24750.0,74500.0,0.04381708572268784,49750.0,0.02926040288192913,0.0,30750.0,0.01808557565063961,-11250.0,42000.0,0.024702249669166298,0.000275,0.00025,149939377,165734094,https://find-and-update.company-information.service.gov.uk/search/companies?q=Symphony+Environmental+Technologies+PLC,https://find-and-update.company-information.service.gov.uk/search/companies?q=Symphony+Environmental+Technologies+PLC,1620598533,18:15:33,20210509
11,2016-01-31,SYM.L,GBP,2016-01-31,2016-01-31,Q1,1700250.0,848750.0,851500.0,0.5008087046022643,0.0,757750.0,44000.0,0.0,0.0,1650500.0,5500.0,24750.0,74500.0,0.04381708572268784,49750.0,0.02926040288192913,0.0,30750.0,0.01808557565063961,-11250.0,42000.0,0.024702249669166298,0.000275,0.00025,149939377,165734094,https://find-and-update.company-information.service.gov.uk/search/companies?q=Symphony+Environmental+Technologies+PLC,https://find-and-update.company-information.service.gov.uk/search/companies?q=Symphony+Environmental+Technologies+PLC,1620598533,18:15:33,20210509
12,2015-09-30,SYM.L,GBP,2015-09-30,2015-09-30,Q3,1591250.0,859250.0,732000.0,0.46001571091908877,0.0,919750.0,55250.0,0.0,0.0,1834250.0,4000.0,32500.0,-210500.0,-0.13228593872741556,-243000.0,-0.15271013354281227,0.0,-575250.0,-0.3615082482325216,257750.0,-833000.0,-0.5234878240377062,-0.00565,-0.00565,147616172,147616172,https://find-and-update.company-information.service.gov.uk/search/companies?q=Symphony+Environmental+Technologies+PLC,https://find-and-update.company-information.service.gov.uk/search/companies?q=Symphony+Environmental+Technologies+PLC,1620598533,18:15:33,20210509
13,2015-06-30,SYM.L,GBP,2015-06-30,2015-06-30,Q2,1591250.0,859250.0,732000.0,0.46001571091908877,0.0,919750.0,55250.0,0.0,0.0,1834250.0,4000.0,32500.0,-210500.0,-0.13228593872741556,-243000.0,-0.15271013354281227,0.0,-575250.0,-0.3615082482325216,257750.0,-833000.0,-0.5234878240377062,-0.00565,-0.00565,147616172,147616172,https://find-and-update.company-information.service.gov.uk/search/companies?q=Symphony+Environmental+Technologies+PLC,https://find-and-update.company-information.service.gov.uk/search/companies?q=Symphony+Environmental+Technologies+PLC,1620598533,18:15:33,20210509
14,2015-03-31,SYM.L,GBP,2015-03-31,2015-03-31,Q1,1591250.0,859250.0,732000.0,0.46001571091908877,0.0,919750.0,55250.0,0.0,0.0,1834250.0,4000.0,32500.0,-210500.0,-0.13228593872741556,-243000.0,-0.15271013354281227,0.0,-575250.0,-0.3615082482325216,257750.0,-833000.0,-0.5234878240377062,-0.00565,-0.00565,147616172,147616172,https://find-and-update.company-information.service.gov.uk/search/companies?q=Symphony+Environmental+Technologies+PLC,https://find-and-update.company-information.service.gov.uk/search/companies?q=Symphony+Environmental+Technologies+PLC,1620598533,18:15:33,20210509
15,2015-01-31,SYM.L,GBP,2015-01-31,2015-01-31,Q1,1591250.0,859250.0,732000.0,0.46001571091908877,0.0,919750.0,55250.0,0.0,0.0,1834250.0,4000.0,32500.0,-210500.0,-0.13228593872741556,-243000.0,-0.15271013354281227,0.0,-575250.0,-0.3615082482325216,257750.0,-833000.0,-0.5234878240377062,-0.00565,-0.00565,147616172,147616172,https://find-and-update.company-information.service.gov.uk/search/companies?q=Symphony+Environmental+Technologies+PLC,https://find-and-update.company-information.service.gov.uk/search/companies?q=Symphony+Environmental+Technologies+PLC,1620598533,18:15:33,20210509
16,2014-09-30,SYM.L,GBP,2014-09-30,2014-09-30,Q3,1588000.0,797750.0,790250.0,0.4976385390428212,0.0,815250.0,41250.0,0.0,0.0,1654250.0,31250.0,29500.0,-36750.0,-0.023142317380352644,-66250.0,-0.0417191435768262,0.0,-97500.0,-0.061397984886649874,-21250.0,-76250.0,-0.04801637279596977,-0.000575,-0.000575,130255952,130255952,https://find-and-update.company-information.service.gov.uk/search/companies?q=Symphony+Environmental+Technologies+PLC,https://find-and-update.company-information.service.gov.uk/search/companies?q=Symphony+Environmental+Technologies+PLC,1620598533,18:15:33,20210509
17,2014-06-30,SYM.L,GBP,2014-06-30,2014-06-30,Q2,1588000.0,797750.0,790250.0,0.4976385390428212,0.0,815250.0,41250.0,0.0,0.0,1654250.0,31250.0,29500.0,-36750.0,-0.023142317380352644,-66250.0,-0.0417191435768262,0.0,-97500.0,-0.061397984886649874,-21250.0,-76250.0,-0.04801637279596977,-0.000575,-0.000575,130255952,130255952,https://find-and-update.company-information.service.gov.uk/search/companies?q=Symphony+Environmental+Technologies+PLC,https://find-and-update.company-information.service.gov.uk/search/companies?q=Symphony+Environmental+Technologies+PLC,1620598533,18:15:33,20210509
18,2014-03-31,SYM.L,GBP,2014-03-31,2014-03-31,Q1,1588000.0,797750.0,790250.0,0.4976385390428212,0.0,815250.0,41250.0,0.0,0.0,1654250.0,31250.0,29500.0,-36750.0,-0.023142317380352644,-66250.0,-0.0417191435768262,0.0,-97500.0,-0.061397984886649874,-21250.0,-76250.0,-0.04801637279596977,-0.000575,-0.000575,130255952,130255952,https://find-and-update.company-information.service.gov.uk/search/companies?q=Symphony+Environmental+Technologies+PLC,https://find-and-update.company-information.service.gov.uk/search/companies?q=Symphony+Environmental+Technologies+PLC,1620598533,18:15:33,20210509
19,2014-01-31,SYM.L,GBP,2014-01-31,2014-01-31,Q1,1588000.0,797750.0,790250.0,0.4976385390428212,0.0,815250.0,41250.0,0.0,0.0,1654250.0,31250.0,29500.0,-36750.0,-0.023142317380352644,-66250.0,-0.0417191435768262,0.0,-97500.0,-0.061397984886649874,-21250.0,-76250.0,-0.04801637279596977,-0.000575,-0.000575,130255952,130255952,https://find-and-update.company-information.service.gov.uk/search/companies?q=Symphony+Environmental+Technologies+PLC,https://find-and-update.company-information.service.gov.uk/search/companies?q=Symphony+Environmental+Technologies+PLC,1620598533,18:15:33,20210509
20,2013-09-30,SYM.L,GBP,2013-09-30,2013-09-30,Q3,1797500.0,911000.0,886500.0,0.4931849791376912,0.0,881500.0,44750.0,0.0,0.0,1837250.0,13500.0,37000.0,-2750.0,-0.00152990264255911,-39750.0,-0.02211404728789986,0.0,-194500.0,-0.10820584144645341,-17750.0,-176750.0,-0.09833101529902642,-0.001375,-0.001375,128010884,128010884,https://find-and-update.company-information.service.gov.uk/search/companies?q=Symphony+Environmental+Technologies+PLC,https://find-and-update.company-information.service.gov.uk/search/companies?q=Symphony+Environmental+Technologies+PLC,1620598533,18:15:33,20210509
21,2013-06-30,SYM.L,GBP,2013-06-30,2013-06-30,Q2,1797500.0,911000.0,886500.0,0.4931849791376912,0.0,881500.0,44750.0,0.0,0.0,1837250.0,13500.0,37000.0,-2750.0,-0.00152990264255911,-39750.0,-0.02211404728789986,0.0,-194500.0,-0.10820584144645341,-17750.0,-176750.0,-0.09833101529902642,-0.001375,-0.001375,128010884,128010884,https://find-and-update.company-information.service.gov.uk/search/companies?q=Symphony+Environmental+Technologies+PLC,https://find-and-update.company-information.service.gov.uk/search/companies?q=Symphony+Environmental+Technologies+PLC,1620598533,18:15:33,20210509
22,2013-03-31,SYM.L,GBP,2013-03-31,2013-03-31,Q1,1797500.0,911000.0,886500.0,0.4931849791376912,0.0,881500.0,44750.0,0.0,0.0,1837250.0,13500.0,37000.0,-2750.0,-0.00152990264255911,-39750.0,-0.02211404728789986,0.0,-194500.0,-0.10820584144645341,-17750.0,-176750.0,-0.09833101529902642,-0.001375,-0.001375,128010884,128010884,https://find-and-update.company-information.service.gov.uk/search/companies?q=Symphony+Environmental+Technologies+PLC,https://find-and-update.company-information.service.gov.uk/search/companies?q=Symphony+Environmental+Technologies+PLC,1620598533,18:15:33,20210509
23,2013-01-31,SYM.L,GBP,2013-01-31,2013-01-31,Q1,1797500.0,911000.0,886500.0,0.4931849791376912,0.0,881500.0,44750.0,0.0,0.0,1837250.0,13500.0,37000.0,-2750.0,-0.00152990264255911,-39750.0,-0.02211404728789986,0.0,-194500.0,-0.10820584144645341,-17750.0,-176750.0,-0.09833101529902642,-0.001375,-0.001375,128010884,128010884,https://find-and-update.company-information.service.gov.uk/search/companies?q=Symphony+Environmental+Technologies+PLC,https://find-and-update.company-information.service.gov.uk/search/companies?q=Symphony+Environmental+Technologies+PLC,1620598533,18:15:33,20210509
24,2012-09-30,SYM.L,GBP,2012-09-30,2012-09-30,Q3,1234500.0,696250.0,538250.0,0.4360064803564196,0.0,1052750.0,31250.0,0.0,0.0,1780250.0,3750.0,40250.0,-505500.0,-0.4094775212636695,-545750.0,-0.4420818144997975,0.0,-549250.0,-0.44491697043337386,6750.0,-556000.0,-0.45038477116241393,-0.004346899668411301,-0.004346875879196692,127907254,127907954,https://find-and-update.company-information.service.gov.uk/search/companies?q=Symphony+Environmental+Technologies+PLC,https://find-and-update.company-information.service.gov.uk/search/companies?q=Symphony+Environmental+Technologies+PLC,1620598533,18:15:33,20210509
25,2012-06-30,SYM.L,GBP,2012-06-30,2012-06-30,Q2,1234500.0,696250.0,538250.0,0.4360064803564196,0.0,1052750.0,31250.0,0.0,0.0,1780250.0,3750.0,40250.0,-505500.0,-0.4094775212636695,-545750.0,-0.4420818144997975,0.0,-549250.0,-0.44491697043337386,6750.0,-556000.0,-0.45038477116241393,-0.004346899668411301,-0.004346875879196692,127907254,127907954,https://find-and-update.company-information.service.gov.uk/search/companies?q=Symphony+Environmental+Technologies+PLC,https://find-and-update.company-information.service.gov.uk/search/companies?q=Symphony+Environmental+Technologies+PLC,1620598533,18:15:33,20210509
26,2012-03-31,SYM.L,GBP,2012-03-31,2012-03-31,Q1,1234500.0,696250.0,538250.0,0.4360064803564196,0.0,1052750.0,31250.0,0.0,0.0,1780250.0,3750.0,40250.0,-505500.0,-0.4094775212636695,-545750.0,-0.4420818144997975,0.0,-549250.0,-0.44491697043337386,6750.0,-556000.0,-0.45038477116241393,-0.004346899668411301,-0.004346875879196692,127907254,127907954,https://find-and-update.company-information.service.gov.uk/search/companies?q=Symphony+Environmental+Technologies+PLC,https://find-and-update.company-information.service.gov.uk/search/companies?q=Symphony+Environmental+Technologies+PLC,1620598533,18:15:33,20210509
27,2012-01-31,SYM.L,GBP,2012-01-31,2012-01-31,Q1,1234500.0,696250.0,538250.0,0.4360064803564196,0.0,1052750.0,31250.0,0.0,0.0,1780250.0,3750.0,40250.0,-505500.0,-0.4094775212636695,-545750.0,-0.4420818144997975,0.0,-549250.0,-0.44491697043337386,6750.0,-556000.0,-0.45038477116241393,-0.004346899668411301,-0.004346875879196692,127907254,127907954,https://find-and-update.company-information.service.gov.uk/search/companies?q=Symphony+Environmental+Technologies+PLC,https://find-and-update.company-information.service.gov.uk/search/companies?q=Symphony+Environmental+Technologies+PLC,1620598533,18:15:33,20210509
28,2011-09-30,SYM.L,GBP,2011-09-30,2011-09-30,Q3,2135500.0,989000.0,1146500.0,0.5368766096932802,84750.0,0.0,45000.0,0.0,814250.0,1996750.0,18250.0,34500.0,173250.0,0.08112854132521657,138750.0,0.0649730742214938,0.0,104000.0,0.04870053851557012,-26000.0,130000.0,0.060875673144462655,0.00105,0.000925,123853985,139295964,https://find-and-update.company-information.service.gov.uk/search/companies?q=Symphony+Environmental+Technologies+PLC,https://find-and-update.company-information.service.gov.uk/search/companies?q=Symphony+Environmental+Technologies+PLC,1620598533,18:15:33,20210509
29,2011-06-30,SYM.L,GBP,2011-06-30,2011-06-30,Q2,2135500.0,989000.0,1146500.0,0.5368766096932802,84750.0,0.0,45000.0,0.0,814250.0,1996750.0,18250.0,34500.0,173250.0,0.08112854132521657,138750.0,0.0649730742214938,0.0,104000.0,0.04870053851557012,-26000.0,130000.0,0.060875673144462655,0.00105,0.000925,123853985,139295964,https://find-and-update.company-information.service.gov.uk/search/companies?q=Symphony+Environmental+Technologies+PLC,https://find-and-update.company-information.service.gov.uk/search/companies?q=Symphony+Environmental+Technologies+PLC,1620598533,18:15:33,20210509
30,2011-03-31,SYM.L,GBP,2011-03-31,2011-03-31,Q1,2135500.0,989000.0,1146500.0,0.5368766096932802,84750.0,0.0,45000.0,0.0,814250.0,1996750.0,18250.0,34500.0,173250.0,0.08112854132521657,138750.0,0.0649730742214938,0.0,104000.0,0.04870053851557012,-26000.0,130000.0,0.060875673144462655,0.00105,0.000925,123853985,139295964,https://find-and-update.company-information.service.gov.uk/search/companies?q=Symphony+Environmental+Technologies+PLC,https://find-and-update.company-information.service.gov.uk/search/companies?q=Symphony+Environmental+Technologies+PLC,1620598533,18:15:33,20210509
31,2011-01-31,SYM.L,GBP,2011-01-31,2011-01-31,Q1,2135500.0,989000.0,1146500.0,0.5368766096932802,84750.0,0.0,45000.0,0.0,814250.0,1996750.0,18250.0,34500.0,173250.0,0.08112854132521657,138750.0,0.0649730742214938,0.0,104000.0,0.04870053851557012,-26000.0,130000.0,0.060875673144462655,0.00105,0.000925,123853985,139295964,https://find-and-update.company-information.service.gov.uk/search/companies?q=Symphony+Environmental+Technologies+PLC,https://find-and-update.company-information.service.gov.uk/search/companies?q=Symphony+Environmental+Technologies+PLC,1620598533,18:15:33,20210509
32,2010-09-30,SYM.L,GBP,2010-09-30,2010-09-30,Q3,2120500.0,912500.0,1208000.0,0.5696769629804291,52250.0,0.0,43500.0,0.0,763000.0,1809500.0,28250.0,31000.0,342000.0,0.16128271634048574,311000.0,0.14666352275406744,0.0,251250.0,0.11848620608347088,-46750.0,298000.0,0.14053289318556944,0.00255,0.00225,116799645,131835742,https://find-and-update.company-information.service.gov.uk/search/companies?q=Symphony+Environmental+Technologies+PLC,https://find-and-update.company-information.service.gov.uk/search/companies?q=Symphony+Environmental+Technologies+PLC,1620598533,18:15:33,20210509
33,2010-06-30,SYM.L,GBP,2010-06-30,2010-06-30,Q2,2120500.0,912500.0,1208000.0,0.5696769629804291,52250.0,0.0,43500.0,0.0,763000.0,1809500.0,28250.0,31000.0,342000.0,0.16128271634048574,311000.0,0.14666352275406744,0.0,251250.0,0.11848620608347088,-46750.0,298000.0,0.14053289318556944,0.00255,0.00225,116799645,131835742,https://find-and-update.company-information.service.gov.uk/search/companies?q=Symphony+Environmental+Technologies+PLC,https://find-and-update.company-information.service.gov.uk/search/companies?q=Symphony+Environmental+Technologies+PLC,1620598533,18:15:33,20210509
34,2010-03-31,SYM.L,GBP,2010-03-31,2010-03-31,Q1,2120500.0,912500.0,1208000.0,0.5696769629804291,52250.0,0.0,43500.0,0.0,763000.0,1809500.0,28250.0,31000.0,342000.0,0.16128271634048574,311000.0,0.14666352275406744,0.0,251250.0,0.11848620608347088,-46750.0,298000.0,0.14053289318556944,0.00255,0.00225,116799645,131835742,https://find-and-update.company-information.service.gov.uk/search/companies?q=Symphony+Environmental+Technologies+PLC,https://find-and-update.company-information.service.gov.uk/search/companies?q=Symphony+Environmental+Technologies+PLC,1620598533,18:15:33,20210509
35,2010-01-31,SYM.L,GBP,2010-01-31,2010-01-31,Q1,2120500.0,912500.0,1208000.0,0.5696769629804291,52250.0,0.0,43500.0,0.0,763000.0,1809500.0,28250.0,31000.0,342000.0,0.16128271634048574,311000.0,0.14666352275406744,0.0,251250.0,0.11848620608347088,-46750.0,298000.0,0.14053289318556944,0.00255,0.00225,116799645,131835742,https://find-and-update.company-information.service.gov.uk/search/companies?q=Symphony+Environmental+Technologies+PLC,https://find-and-update.company-information.service.gov.uk/search/companies?q=Symphony+Environmental+Technologies+PLC,1620598533,18:15:33,20210509
36,2009-09-30,SYM.L,GBP,2009-09-30,2009-09-30,Q3,1759500.0,790750.0,968750.0,0.5505825518613242,68500.0,0.0,32250.0,0.0,617250.0,1546000.0,47250.0,21000.0,234500.0,0.13327649900539926,213500.0,0.1213412901392441,0.0,159500.0,0.09065075305484513,-71250.0,230750.0,0.13114521170787155,0.002,0.00195,115767185,118191773,https://find-and-update.company-information.service.gov.uk/search/companies?q=Symphony+Environmental+Technologies+PLC,https://find-and-update.company-information.service.gov.uk/search/companies?q=Symphony+Environmental+Technologies+PLC,1620598533,18:15:33,20210509
37,2009-06-30,SYM.L,GBP,2009-06-30,2009-06-30,Q2,1759500.0,790750.0,968750.0,0.5505825518613242,68500.0,0.0,32250.0,0.0,617250.0,1546000.0,47250.0,21000.0,234500.0,0.13327649900539926,213500.0,0.1213412901392441,0.0,159500.0,0.09065075305484513,-71250.0,230750.0,0.13114521170787155,0.002,0.00195,115767185,118191773,https://find-and-update.company-information.service.gov.uk/search/companies?q=Symphony+Environmental+Technologies+PLC,https://find-and-update.company-information.service.gov.uk/search/companies?q=Symphony+Environmental+Technologies+PLC,1620598533,18:15:33,20210509
38,2009-03-31,SYM.L,GBP,2009-03-31,2009-03-31,Q1,1759500.0,790750.0,968750.0,0.5505825518613242,68500.0,0.0,32250.0,0.0,617250.0,1546000.0,47250.0,21000.0,234500.0,0.13327649900539926,213500.0,0.1213412901392441,0.0,159500.0,0.09065075305484513,-71250.0,230750.0,0.13114521170787155,0.002,0.00195,115767185,118191773,https://find-and-update.company-information.service.gov.uk/search/companies?q=Symphony+Environmental+Technologies+PLC,https://find-and-update.company-information.service.gov.uk/search/companies?q=Symphony+Environmental+Technologies+PLC,1620598533,18:15:33,20210509
39,2009-01-31,SYM.L,GBP,2009-01-31,2009-01-31,Q1,1759500.0,790750.0,968750.0,0.5505825518613242,68500.0,0.0,32250.0,0.0,617250.0,1546000.0,47250.0,21000.0,234500.0,0.13327649900539926,213500.0,0.1213412901392441,0.0,159500.0,0.09065075305484513,-71250.0,230750.0,0.13114521170787155,0.002,0.00195,115767185,118191773,https://find-and-update.company-information.service.gov.uk/search/companies?q=Symphony+Environmental+Technologies+PLC,https://find-and-update.company-information.service.gov.uk/search/companies?q=Symphony+Environmental+Technologies+PLC,1620598533,18:15:33,20210509
40,2008-09-30,SYM.L,GBP,2008-09-30,2008-09-30,Q3,1338750.0,745250.0,593500.0,0.4433239962651727,0.0,0.0,27750.0,0.0,570750.0,1370500.0,61750.0,11750.0,-20000.0,-0.014939309056956116,-31750.0,-0.023716153127917833,0.0,-99500.0,-0.07432306255835668,-191500.0,92000.0,0.06872082166199814,0.000875,0.0008,105628745,113348350,https://find-and-update.company-information.service.gov.uk/search/companies?q=Symphony+Environmental+Technologies+PLC,https://find-and-update.company-information.service.gov.uk/search/companies?q=Symphony+Environmental+Technologies+PLC,1620598533,18:15:33,20210509
41,2008-06-30,SYM.L,GBP,2008-06-30,2008-06-30,Q2,1338750.0,745250.0,593500.0,0.4433239962651727,0.0,0.0,27750.0,0.0,570750.0,1370500.0,61750.0,11750.0,-20000.0,-0.014939309056956116,-31750.0,-0.023716153127917833,0.0,-99500.0,-0.07432306255835668,-191500.0,92000.0,0.06872082166199814,0.000875,0.0008,105628745,113348350,https://find-and-update.company-information.service.gov.uk/search/companies?q=Symphony+Environmental+Technologies+PLC,https://find-and-update.company-information.service.gov.uk/search/companies?q=Symphony+Environmental+Technologies+PLC,1620598533,18:15:33,20210509
42,2008-03-31,SYM.L,GBP,2008-03-31,2008-03-31,Q1,1338750.0,745250.0,593500.0,0.4433239962651727,0.0,0.0,27750.0,0.0,570750.0,1370500.0,61750.0,11750.0,-20000.0,-0.014939309056956116,-31750.0,-0.023716153127917833,0.0,-99500.0,-0.07432306255835668,-191500.0,92000.0,0.06872082166199814,0.000875,0.0008,105628745,113348350,https://find-and-update.company-information.service.gov.uk/search/companies?q=Symphony+Environmental+Technologies+PLC,https://find-and-update.company-information.service.gov.uk/search/companies?q=Symphony+Environmental+Technologies+PLC,1620598533,18:15:33,20210509
43,2008-01-31,SYM.L,GBP,2008-01-31,2008-01-31,Q1,1338750.0,745250.0,593500.0,0.4433239962651727,0.0,0.0,27750.0,0.0,570750.0,1370500.0,61750.0,11750.0,-20000.0,-0.014939309056956116,-31750.0,-0.023716153127917833,0.0,-99500.0,-0.07432306255835668,-191500.0,92000.0,0.06872082166199814,0.000875,0.0008,105628745,113348350,https://find-and-update.company-information.service.gov.uk/search/companies?q=Symphony+Environmental+Technologies+PLC,https://find-and-update.company-information.service.gov.uk/search/companies?q=Symphony+Environmental+Technologies+PLC,1620598533,18:15:33,20210509
44,2007-09-30,SYM.L,GBP,2007-09-30,2007-09-30,Q3,944500.0,739750.0,204750.0,0.21678136580201166,0.0,0.0,17000.0,0.0,464000.0,1252000.0,20500.0,11500.0,-296000.0,-0.31339332980412915,-307500.0,-0.3255690841715193,0.0,-487000.0,-0.5156167284277395,-8750.0,-478250.0,-0.5063525674960296,-0.005775,-0.005775,82648585,82648585,https://find-and-update.company-information.service.gov.uk/search/companies?q=Symphony+Environmental+Technologies+PLC,https://find-and-update.company-information.service.gov.uk/search/companies?q=Symphony+Environmental+Technologies+PLC,1620598533,18:15:33,20210509
45,2007-06-30,SYM.L,GBP,2007-06-30,2007-06-30,Q2,944500.0,739750.0,204750.0,0.21678136580201166,0.0,0.0,17000.0,0.0,464000.0,1252000.0,20500.0,11500.0,-296000.0,-0.31339332980412915,-307500.0,-0.3255690841715193,0.0,-487000.0,-0.5156167284277395,-8750.0,-478250.0,-0.5063525674960296,-0.005775,-0.005775,82648585,82648585,https://find-and-update.company-information.service.gov.uk/search/companies?q=Symphony+Environmental+Technologies+PLC,https://find-and-update.company-information.service.gov.uk/search/companies?q=Symphony+Environmental+Technologies+PLC,1620598533,18:15:33,20210509
46,2007-03-31,SYM.L,GBP,2007-03-31,2007-03-31,Q1,944500.0,739750.0,204750.0,0.21678136580201166,0.0,0.0,17000.0,0.0,464000.0,1252000.0,20500.0,11500.0,-296000.0,-0.31339332980412915,-307500.0,-0.3255690841715193,0.0,-487000.0,-0.5156167284277395,-8750.0,-478250.0,-0.5063525674960296,-0.005775,-0.005775,82648585,82648585,https://find-and-update.company-information.service.gov.uk/search/companies?q=Symphony+Environmental+Technologies+PLC,https://find-and-update.company-information.service.gov.uk/search/companies?q=Symphony+Environmental+Technologies+PLC,1620598533,18:15:33,20210509
47,2007-01-31,SYM.L,GBP,2007-01-31,2007-01-31,Q1,944500.0,739750.0,204750.0,0.21678136580201166,0.0,0.0,17000.0,0.0,464000.0,1252000.0,20500.0,11500.0,-296000.0,-0.31339332980412915,-307500.0,-0.3255690841715193,0.0,-487000.0,-0.5156167284277395,-8750.0,-478250.0,-0.5063525674960296,-0.005775,-0.005775,82648585,82648585,https://find-and-update.company-information.service.gov.uk/search/companies?q=Symphony+Environmental+Technologies+PLC,https://find-and-update.company-information.service.gov.uk/search/companies?q=Symphony+Environmental+Technologies+PLC,1620598533,18:15:33,20210509
48,2006-09-30,SYM.L,GBP,2006-09-30,2006-09-30,Q3,1050000.0,840500.0,209500.0,0.19952380952380952,0.0,516250.0,35750.0,0.0,761000.0,1635250.0,7250.0,14000.0,-571250.0,-0.544047619047619,-585250.0,-0.5573809523809524,0.0,-595000.0,-0.5666666666666667,-9250.0,-585750.0,-0.5578571428571428,-0.009047295041813563,-0.008428825729239841,64743108,69493666,https://find-and-update.company-information.service.gov.uk/search/companies?q=Symphony+Environmental+Technologies+PLC,https://find-and-update.company-information.service.gov.uk/search/companies?q=Symphony+Environmental+Technologies+PLC,1620598533,18:15:33,20210509
49,2006-06-30,SYM.L,GBP,2006-06-30,2006-06-30,Q2,1050000.0,840500.0,209500.0,0.19952380952380952,0.0,516250.0,35750.0,0.0,761000.0,1635250.0,7250.0,14000.0,-571250.0,-0.544047619047619,-585250.0,-0.5573809523809524,0.0,-595000.0,-0.5666666666666667,-9250.0,-585750.0,-0.5578571428571428,-0.009047295041813563,-0.008428825729239841,64743108,69493666,https://find-and-update.company-information.service.gov.uk/search/companies?q=Symphony+Environmental+Technologies+PLC,https://find-and-update.company-information.service.gov.uk/search/companies?q=Symphony+Environmental+Technologies+PLC,1620598533,18:15:33,20210509
50,2006-03-31,SYM.L,GBP,2006-03-31,2006-03-31,Q1,1050000.0,840500.0,209500.0,0.19952380952380952,0.0,516250.0,35750.0,0.0,761000.0,1635250.0,7250.0,14000.0,-571250.0,-0.544047619047619,-585250.0,-0.5573809523809524,0.0,-595000.0,-0.5666666666666667,-9250.0,-585750.0,-0.5578571428571428,-0.009047295041813563,-0.008428825729239841,64743108,69493666,https://find-and-update.company-information.service.gov.uk/search/companies?q=Symphony+Environmental+Technologies+PLC,https://find-and-update.company-information.service.gov.uk/search/companies?q=Symphony+Environmental+Technologies+PLC,1620598533,18:15:33,20210509
51,2006-01-31,SYM.L,GBP,2006-01-31,2006-01-31,Q1,1050000.0,840500.0,209500.0,0.19952380952380952,0.0,516250.0,35750.0,0.0,761000.0,1635250.0,7250.0,14000.0,-571250.0,-0.544047619047619,-585250.0,-0.5573809523809524,0.0,-595000.0,-0.5666666666666667,-9250.0,-585750.0,-0.5578571428571428,-0.009047295041813563,-0.008428825729239841,64743108,69493666,https://find-and-update.company-information.service.gov.uk/search/companies?q=Symphony+Environmental+Technologies+PLC,https://find-and-update.company-information.service.gov.uk/search/companies?q=Symphony+Environmental+Technologies+PLC,1620598533,18:15:33,20210509
52,2005-09-30,SYM.L,GBP,2005-09-30,2005-09-30,Q3,2277250.0,1835500.0,441750.0,0.19398397189592712,11500.0,570000.0,68000.0,0.0,657250.0,2539500.0,42000.0,12750.0,-249500.0,-0.10956197167636404,-262250.0,-0.11516082994840268,0.0,-353500.0,-0.15523109013064001,-10000.0,-343500.0,-0.1508398287408058,-0.0057,-0.0057,60327090,60327090,https://find-and-update.company-information.service.gov.uk/search/companies?q=Symphony+Environmental+Technologies+PLC,https://find-and-update.company-information.service.gov.uk/search/companies?q=Symphony+Environmental+Technologies+PLC,1620598533,18:15:33,20210509
53,2005-06-30,SYM.L,GBP,2005-06-30,2005-06-30,Q2,2277250.0,1835500.0,441750.0,0.19398397189592712,11500.0,570000.0,68000.0,0.0,657250.0,2539500.0,42000.0,12750.0,-249500.0,-0.10956197167636404,-262250.0,-0.11516082994840268,0.0,-353500.0,-0.15523109013064001,-10000.0,-343500.0,-0.1508398287408058,-0.0057,-0.0057,60327090,60327090,https://find-and-update.company-information.service.gov.uk/search/companies?q=Symphony+Environmental+Technologies+PLC,https://find-and-update.company-information.service.gov.uk/search/companies?q=Symphony+Environmental+Technologies+PLC,1620598533,18:15:33,20210509
54,2005-03-31,SYM.L,GBP,2005-03-31,2005-03-31,Q1,2277250.0,1835500.0,441750.0,0.19398397189592712,11500.0,570000.0,68000.0,0.0,657250.0,2539500.0,42000.0,12750.0,-249500.0,-0.10956197167636404,-262250.0,-0.11516082994840268,0.0,-353500.0,-0.15523109013064001,-10000.0,-343500.0,-0.1508398287408058,-0.0057,-0.0057,60327090,60327090,https://find-and-update.company-information.service.gov.uk/search/companies?q=Symphony+Environmental+Technologies+PLC,https://find-and-update.company-information.service.gov.uk/search/companies?q=Symphony+Environmental+Technologies+PLC,1620598533,18:15:33,20210509
55,2005-01-31,SYM.L,GBP,2005-01-31,2005-01-31,Q1,2277250.0,1835500.0,441750.0,0.19398397189592712,11500.0,570000.0,68000.0,0.0,657250.0,2539500.0,42000.0,12750.0,-249500.0,-0.10956197167636404,-262250.0,-0.11516082994840268,0.0,-353500.0,-0.15523109013064001,-10000.0,-343500.0,-0.1508398287408058,-0.0057,-0.0057,60327090,60327090,https://find-and-update.company-information.service.gov.uk/search/companies?q=Symphony+Environmental+Technologies+PLC,https://find-and-update.company-information.service.gov.uk/search/companies?q=Symphony+Environmental+Technologies+PLC,1620598533,18:15:33,20210509
56,2004-09-30,SYM.L,GBP,2004-09-30,2004-09-30,Q3,2213750.0,1753250.0,460500.0,0.2080180688876341,0.0,442750.0,70750.0,0.0,543500.0,2336000.0,33250.0,12250.0,-110000.0,-0.049689440993788817,-122250.0,-0.05522303783173348,0.0,-181750.0,-0.08210050818746471,-26250.0,-155500.0,-0.07024280067758329,-0.003275,-0.003275,47526432,47526432,https://find-and-update.company-information.service.gov.uk/search/companies?q=Symphony+Environmental+Technologies+PLC,https://find-and-update.company-information.service.gov.uk/search/companies?q=Symphony+Environmental+Technologies+PLC,1620598533,18:15:33,20210509
57,2004-06-30,SYM.L,GBP,2004-06-30,2004-06-30,Q2,2213750.0,1753250.0,460500.0,0.2080180688876341,0.0,442750.0,70750.0,0.0,543500.0,2336000.0,33250.0,12250.0,-110000.0,-0.049689440993788817,-122250.0,-0.05522303783173348,0.0,-181750.0,-0.08210050818746471,-26250.0,-155500.0,-0.07024280067758329,-0.003275,-0.003275,47526432,47526432,https://find-and-update.company-information.service.gov.uk/search/companies?q=Symphony+Environmental+Technologies+PLC,https://find-and-update.company-information.service.gov.uk/search/companies?q=Symphony+Environmental+Technologies+PLC,1620598533,18:15:33,20210509
58,2004-03-31,SYM.L,GBP,2004-03-31,2004-03-31,Q1,2213750.0,1753250.0,460500.0,0.2080180688876341,0.0,442750.0,70750.0,0.0,543500.0,2336000.0,33250.0,12250.0,-110000.0,-0.049689440993788817,-122250.0,-0.05522303783173348,0.0,-181750.0,-0.08210050818746471,-26250.0,-155500.0,-0.07024280067758329,-0.003275,-0.003275,47526432,47526432,https://find-and-update.company-information.service.gov.uk/search/companies?q=Symphony+Environmental+Technologies+PLC,https://find-and-update.company-information.service.gov.uk/search/companies?q=Symphony+Environmental+Technologies+PLC,1620598533,18:15:33,20210509
59,2004-01-31,SYM.L,GBP,2004-01-31,2004-01-31,Q1,2213750.0,1753250.0,460500.0,0.2080180688876341,0.0,442750.0,70750.0,0.0,543500.0,2336000.0,33250.0,12250.0,-110000.0,-0.049689440993788817,-122250.0,-0.05522303783173348,0.0,-181750.0,-0.08210050818746471,-26250.0,-155500.0,-0.07024280067758329,-0.003275,-0.003275,47526432,47526432,https://find-and-update.company-information.service.gov.uk/search/companies?q=Symphony+Environmental+Technologies+PLC,https://find-and-update.company-information.service.gov.uk/search/companies?q=Symphony+Environmental+Technologies+PLC,1620598533,18:15:33,20210509
60,2003-09-30,SYM.L,GBP,2003-09-30,2003-09-30,Q3,1907000.0,1609750.0,297250.0,0.15587309910854746,0.0,956500.0,0.0,22750.0,522500.0,2208500.0,24000.0,46750.0,-254750.0,-0.13358678552700576,-301500.0,-0.15810173046670162,0.0,-752500.0,-0.3945988463555323,0.0,-752500.0,-0.3945988463555323,-0.017725,-0.017725,42421388,42421388,https://find-and-update.company-information.service.gov.uk/search/companies?q=Symphony+Environmental+Technologies+PLC,https://find-and-update.company-information.service.gov.uk/search/companies?q=Symphony+Environmental+Technologies+PLC,1620598533,18:15:33,20210509
61,2003-06-30,SYM.L,GBP,2003-06-30,2003-06-30,Q2,1907000.0,1609750.0,297250.0,0.15587309910854746,0.0,956500.0,0.0,22750.0,522500.0,2208500.0,24000.0,46750.0,-254750.0,-0.13358678552700576,-301500.0,-0.15810173046670162,0.0,-752500.0,-0.3945988463555323,0.0,-752500.0,-0.3945988463555323,-0.017725,-0.017725,42421388,42421388,https://find-and-update.company-information.service.gov.uk/search/companies?q=Symphony+Environmental+Technologies+PLC,https://find-and-update.company-information.service.gov.uk/search/companies?q=Symphony+Environmental+Technologies+PLC,1620598533,18:15:33,20210509
62,2003-03-31,SYM.L,GBP,2003-03-31,2003-03-31,Q1,1907000.0,1609750.0,297250.0,0.15587309910854746,0.0,956500.0,0.0,22750.0,522500.0,2208500.0,24000.0,46750.0,-254750.0,-0.13358678552700576,-301500.0,-0.15810173046670162,0.0,-752500.0,-0.3945988463555323,0.0,-752500.0,-0.3945988463555323,-0.017725,-0.017725,42421388,42421388,https://find-and-update.company-information.service.gov.uk/search/companies?q=Symphony+Environmental+Technologies+PLC,https://find-and-update.company-information.service.gov.uk/search/companies?q=Symphony+Environmental+Technologies+PLC,1620598533,18:15:33,20210509
63,2003-01-31,SYM.L,GBP,2003-01-31,2003-01-31,Q1,1907000.0,1609750.0,297250.0,0.15587309910854746,0.0,956500.0,0.0,22750.0,522500.0,2208500.0,24000.0,46750.0,-254750.0,-0.13358678552700576,-301500.0,-0.15810173046670162,0.0,-752500.0,-0.3945988463555323,0.0,-752500.0,-0.3945988463555323,-0.017725,-0.017725,42421388,42421388,https://find-and-update.company-information.service.gov.uk/search/companies?q=Symphony+Environmental+Technologies+PLC,https://find-and-update.company-information.service.gov.uk/search/companies?q=Symphony+Environmental+Technologies+PLC,1620598533,18:15:33,20210509
64,2002-09-30,SYM.L,GBP,2002-09-30,2002-09-30,Q3,1008750.0,823000.0,185750.0,0.1841387856257745,0.0,502000.0,44750.0,14000.0,482500.0,1414500.0,14500.0,79750.0,-326000.0,-0.3231722428748451,-405750.0,-0.40223048327137545,0.0,-419750.0,-0.4161090458488228,0.0,-419750.0,-0.4161090458488228,-0.0133,-0.0133,31578768,31578768,https://find-and-update.company-information.service.gov.uk/search/companies?q=Symphony+Environmental+Technologies+PLC,https://find-and-update.company-information.service.gov.uk/search/companies?q=Symphony+Environmental+Technologies+PLC,1620598533,18:15:33,20210509
65,2002-06-30,SYM.L,GBP,2002-06-30,2002-06-30,Q2,1008750.0,823000.0,185750.0,0.1841387856257745,0.0,502000.0,44750.0,14000.0,482500.0,1414500.0,14500.0,79750.0,-326000.0,-0.3231722428748451,-405750.0,-0.40223048327137545,0.0,-419750.0,-0.4161090458488228,0.0,-419750.0,-0.4161090458488228,-0.0133,-0.0133,31578768,31578768,https://find-and-update.company-information.service.gov.uk/search/companies?q=Symphony+Environmental+Technologies+PLC,https://find-and-update.company-information.service.gov.uk/search/companies?q=Symphony+Environmental+Technologies+PLC,1620598533,18:15:33,20210509
66,2002-03-31,SYM.L,GBP,2002-03-31,2002-03-31,Q1,1008750.0,823000.0,185750.0,0.1841387856257745,0.0,502000.0,44750.0,14000.0,482500.0,1414500.0,14500.0,79750.0,-326000.0,-0.3231722428748451,-405750.0,-0.40223048327137545,0.0,-419750.0,-0.4161090458488228,0.0,-419750.0,-0.4161090458488228,-0.0133,-0.0133,31578768,31578768,https://find-and-update.company-information.service.gov.uk/search/companies?q=Symphony+Environmental+Technologies+PLC,https://find-and-update.company-information.service.gov.uk/search/companies?q=Symphony+Environmental+Technologies+PLC,1620598533,18:15:33,20210509
67,2002-01-31,SYM.L,GBP,2002-01-31,2002-01-31,Q1,1008750.0,823000.0,185750.0,0.1841387856257745,0.0,502000.0,44750.0,14000.0,482500.0,1414500.0,14500.0,79750.0,-326000.0,-0.3231722428748451,-405750.0,-0.40223048327137545,0.0,-419750.0,-0.4161090458488228,0.0,-419750.0,-0.4161090458488228,-0.0133,-0.0133,31578768,31578768,https://find-and-update.company-information.service.gov.uk/search/companies?q=Symphony+Environmental+Technologies+PLC,https://find-and-update.company-information.service.gov.uk/search/companies?q=Symphony+Environmental+Technologies+PLC,1620598533,18:15:33,20210509
68,2001-09-30,SYM.L,GBP,2001-09-30,2001-09-30,Q3,962250.0,811500.0,150750.0,0.15666406858924395,0.0,0.0,0.0,0.0,455500.0,1327000.0,21000.0,37750.0,-327000.0,-0.33982852689010135,-364750.0,-0.37905949597298,0.0,-385750.0,-0.40088334632372047,0.0,-385750.0,-0.40088334632372047,-0.0165,-0.0165,23531000,23531000,https://find-and-update.company-information.service.gov.uk/search/companies?q=Symphony+Environmental+Technologies+PLC,https://find-and-update.company-information.service.gov.uk/search/companies?q=Symphony+Environmental+Technologies+PLC,1620598533,18:15:33,20210509
69,2001-06-30,SYM.L,GBP,2001-06-30,2001-06-30,Q2,962250.0,811500.0,150750.0,0.15666406858924395,0.0,0.0,0.0,0.0,455500.0,1327000.0,21000.0,37750.0,-327000.0,-0.33982852689010135,-364750.0,-0.37905949597298,0.0,-385750.0,-0.40088334632372047,0.0,-385750.0,-0.40088334632372047,-0.0165,-0.0165,23531000,23531000,https://find-and-update.company-information.service.gov.uk/search/companies?q=Symphony+Environmental+Technologies+PLC,https://find-and-update.company-information.service.gov.uk/search/companies?q=Symphony+Environmental+Technologies+PLC,1620598533,18:15:33,20210509
70,2001-03-31,SYM.L,GBP,2001-03-31,2001-03-31,Q1,962250.0,811500.0,150750.0,0.15666406858924395,0.0,0.0,0.0,0.0,455500.0,1327000.0,21000.0,37750.0,-327000.0,-0.33982852689010135,-364750.0,-0.37905949597298,0.0,-385750.0,-0.40088334632372047,0.0,-385750.0,-0.40088334632372047,-0.0165,-0.0165,23531000,23531000,https://find-and-update.company-information.service.gov.uk/search/companies?q=Symphony+Environmental+Technologies+PLC,https://find-and-update.company-information.service.gov.uk/search/companies?q=Symphony+Environmental+Technologies+PLC,1620598533,18:15:33,20210509
71,2001-01-31,SYM.L,GBP,2001-01-31,2001-01-31,Q1,962250.0,811500.0,150750.0,0.15666406858924395,0.0,0.0,0.0,0.0,455500.0,1327000.0,21000.0,37750.0,-327000.0,-0.33982852689010135,-364750.0,-0.37905949597298,0.0,-385750.0,-0.40088334632372047,0.0,-385750.0,-0.40088334632372047,-0.0165,-0.0165,23531000,23531000,https://find-and-update.company-information.service.gov.uk/search/companies?q=Symphony+Environmental+Technologies+PLC,https://find-and-update.company-information.service.gov.uk/search/companies?q=Symphony+Environmental+Technologies+PLC,1620598533,18:15:33,20210509
72,2000-09-30,SYM.L,GBP,2000-09-30,2000-09-30,Q3,799500.0,666500.0,133000.0,0.16635397123202,0.0,0.0,0.0,0.0,459000.0,1172250.0,16500.0,28750.0,-344000.0,-0.43026891807379614,-372750.0,-0.46622889305816134,0.0,-387750.0,-0.4849906191369606,0.0,-387750.0,-0.4849906191369606,-0.02025,-0.02025,19061000,19061000,https://find-and-update.company-information.service.gov.uk/search/companies?q=Symphony+Environmental+Technologies+PLC,https://find-and-update.company-information.service.gov.uk/search/companies?q=Symphony+Environmental+Technologies+PLC,1620598533,18:15:33,20210509
73,2000-06-30,SYM.L,GBP,2000-06-30,2000-06-30,Q2,799500.0,666500.0,133000.0,0.16635397123202,0.0,0.0,0.0,0.0,459000.0,1172250.0,16500.0,28750.0,-344000.0,-0.43026891807379614,-372750.0,-0.46622889305816134,0.0,-387750.0,-0.4849906191369606,0.0,-387750.0,-0.4849906191369606,-0.02025,-0.02025,19061000,19061000,https://find-and-update.company-information.service.gov.uk/search/companies?q=Symphony+Environmental+Technologies+PLC,https://find-and-update.company-information.service.gov.uk/search/companies?q=Symphony+Environmental+Technologies+PLC,1620598533,18:15:33,20210509
74,2000-03-31,SYM.L,GBP,2000-03-31,2000-03-31,Q1,799500.0,666500.0,133000.0,0.16635397123202,0.0,0.0,0.0,0.0,459000.0,1172250.0,16500.0,28750.0,-344000.0,-0.43026891807379614,-372750.0,-0.46622889305816134,0.0,-387750.0,-0.4849906191369606,0.0,-387750.0,-0.4849906191369606,-0.02025,-0.02025,19061000,19061000,https://find-and-update.company-information.service.gov.uk/search/companies?q=Symphony+Environmental+Technologies+PLC,https://find-and-update.company-information.service.gov.uk/search/companies?q=Symphony+Environmental+Technologies+PLC,1620598533,18:15:33,20210509
75,2000-01-31,SYM.L,GBP,2000-01-31,2000-01-31,Q1,799500.0,666500.0,133000.0,0.16635397123202,0.0,0.0,0.0,0.0,459000.0,1172250.0,16500.0,28750.0,-344000.0,-0.43026891807379614,-372750.0,-0.46622889305816134,0.0,-387750.0,-0.4849906191369606,0.0,-387750.0,-0.4849906191369606,-0.02025,-0.02025,19061000,19061000,https://find-and-update.company-information.service.gov.uk/search/companies?q=Symphony+Environmental+Technologies+PLC,https://find-and-update.company-information.service.gov.uk/search/companies?q=Symphony+Environmental+Technologies+PLC,1620598533,18:15:33,20210509
76,1999-09-30,SYM.L,GBP,1999-09-30,1999-09-30,Q3,966750.0,714500.0,252250.0,0.26092578226015,0.0,0.0,0.0,0.0,374750.0,1126500.0,29500.0,25500.0,-134250.0,-0.13886733902249807,-159750.0,-0.165244375484872,0.0,-130750.0,-0.13524696146883888,-750.0,-130000.0,-0.13447116627876907,-0.00875,-0.00875,15000000,15000000,https://find-and-update.company-information.service.gov.uk/search/companies?q=Symphony+Environmental+Technologies+PLC,https://find-and-update.company-information.service.gov.uk/search/companies?q=Symphony+Environmental+Technologies+PLC,1620598533,18:15:33,20210509
77,1999-06-30,SYM.L,GBP,1999-06-30,1999-06-30,Q2,966750.0,714500.0,252250.0,0.26092578226015,0.0,0.0,0.0,0.0,374750.0,1126500.0,29500.0,25500.0,-134250.0,-0.13886733902249807,-159750.0,-0.165244375484872,0.0,-130750.0,-0.13524696146883888,-750.0,-130000.0,-0.13447116627876907,-0.00875,-0.00875,15000000,15000000,https://find-and-update.company-information.service.gov.uk/search/companies?q=Symphony+Environmental+Technologies+PLC,https://find-and-update.company-information.service.gov.uk/search/companies?q=Symphony+Environmental+Technologies+PLC,1620598533,18:15:33,20210509
78,1999-03-31,SYM.L,GBP,1999-03-31,1999-03-31,Q1,966750.0,714500.0,252250.0,0.26092578226015,0.0,0.0,0.0,0.0,374750.0,1126500.0,29500.0,25500.0,-134250.0,-0.13886733902249807,-159750.0,-0.165244375484872,0.0,-130750.0,-0.13524696146883888,-750.0,-130000.0,-0.13447116627876907,-0.00875,-0.00875,15000000,15000000,https://find-and-update.company-information.service.gov.uk/search/companies?q=Symphony+Environmental+Technologies+PLC,https://find-and-update.company-information.service.gov.uk/search/companies?q=Symphony+Environmental+Technologies+PLC,1620598533,18:15:33,20210509
79,1999-01-31,SYM.L,GBP,1999-01-31,1999-01-31,Q1,966750.0,714500.0,252250.0,0.26092578226015,0.0,0.0,0.0,0.0,374750.0,1126500.0,29500.0,25500.0,-134250.0,-0.13886733902249807,-159750.0,-0.165244375484872,0.0,-130750.0,-0.13524696146883888,-750.0,-130000.0,-0.13447116627876907,-0.00875,-0.00875,15000000,15000000,https://find-and-update.company-information.service.gov.uk/search/companies?q=Symphony+Environmental+Technologies+PLC,https://find-and-update.company-information.service.gov.uk/search/companies?q=Symphony+Environmental+Technologies+PLC,1620598533,18:15:33,20210509
80,1998-09-30,SYM.L,GBP,1998-09-30,1998-09-30,Q3,1118500.0,870000.0,248500.0,0.22217255252570406,0.0,0.0,0.0,0.0,241000.0,1176250.0,27000.0,49000.0,-8750.0,-0.007822977201609299,-57750.0,-0.05163164953062137,0.0,-85000.0,-0.07599463567277603,-4500.0,-80500.0,-0.07197139025480555,-0.0055,-0.0055,15000000,15000000,https://find-and-update.company-information.service.gov.uk/search/companies?q=Symphony+Environmental+Technologies+PLC,https://find-and-update.company-information.service.gov.uk/search/companies?q=Symphony+Environmental+Technologies+PLC,1620598533,18:15:33,20210509
81,1998-06-30,SYM.L,GBP,1998-06-30,1998-06-30,Q2,1118500.0,870000.0,248500.0,0.22217255252570406,0.0,0.0,0.0,0.0,241000.0,1176250.0,27000.0,49000.0,-8750.0,-0.007822977201609299,-57750.0,-0.05163164953062137,0.0,-85000.0,-0.07599463567277603,-4500.0,-80500.0,-0.07197139025480555,-0.0055,-0.0055,15000000,15000000,https://find-and-update.company-information.service.gov.uk/search/companies?q=Symphony+Environmental+Technologies+PLC,https://find-and-update.company-information.service.gov.uk/search/companies?q=Symphony+Environmental+Technologies+PLC,1620598533,18:15:33,20210509
82,1998-03-31,SYM.L,GBP,1998-03-31,1998-03-31,Q1,1118500.0,870000.0,248500.0,0.22217255252570406,0.0,0.0,0.0,0.0,241000.0,1176250.0,27000.0,49000.0,-8750.0,-0.007822977201609299,-57750.0,-0.05163164953062137,0.0,-85000.0,-0.07599463567277603,-4500.0,-80500.0,-0.07197139025480555,-0.0055,-0.0055,15000000,15000000,https://find-and-update.company-information.service.gov.uk/search/companies?q=Symphony+Environmental+Technologies+PLC,https://find-and-update.company-information.service.gov.uk/search/companies?q=Symphony+Environmental+Technologies+PLC,1620598533,18:15:33,20210509
83,1998-01-31,SYM.L,GBP,1998-01-31,1998-01-31,Q1,1118500.0,870000.0,248500.0,0.22217255252570406,0.0,0.0,0.0,0.0,241000.0,1176250.0,27000.0,49000.0,-8750.0,-0.007822977201609299,-57750.0,-0.05163164953062137,0.0,-85000.0,-0.07599463567277603,-4500.0,-80500.0,-0.07197139025480555,-0.0055,-0.0055,15000000,15000000,https://find-and-update.company-information.service.gov.uk/search/companies?q=Symphony+Environmental+Technologies+PLC,https://find-and-update.company-information.service.gov.uk/search/companies?q=Symphony+Environmental+Technologies+PLC,1620598533,18:15:33,20210509
