,date,symbol,reportedCurrency,fillingDate,acceptedDate,period,revenue,costOfRevenue,grossProfit,grossProfitRatio,researchAndDevelopmentExpenses,generalAndAdministrativeExpenses,sellingAndMarketingExpenses,otherExpenses,operatingExpenses,costAndExpenses,interestExpense,depreciationAndAmortization,ebitda,ebitdaratio,operatingIncome,operatingIncomeRatio,totalOtherIncomeExpensesNet,incomeBeforeTax,incomeBeforeTaxRatio,incomeTaxExpense,netIncome,netIncomeRatio,eps,epsdiluted,weightedAverageShsOut,weightedAverageShsOutDil,link,finalLink,timestamp,est_time,est_date
0,2019-06-30,STJ.L,GBP,2019-06-30,2019-06-30,Q2,4140875000.0,0.0,0.0,0.0,0.0,27650000.0,0.0,0.0,374200000.0,3963650000.0,0.0,6325000.0,0.0,0.0,0.0,0.0,23525000.0,177225000.0,0.04279892534790352,140575000.0,36650000.0,0.00885078636761554,0.069,0.06875,531300000,534000000,https://find-and-update.company-information.service.gov.uk/search/companies?q=St.+James's+Place+PLC,https://find-and-update.company-information.service.gov.uk/search/companies?q=St.+James's+Place+PLC,1620598364,18:12:44,20210509
1,2019-03-31,STJ.L,GBP,2019-03-31,2019-03-31,Q1,4140875000.0,0.0,0.0,0.0,0.0,27650000.0,0.0,0.0,374200000.0,3963650000.0,0.0,6325000.0,0.0,0.0,0.0,0.0,23525000.0,177225000.0,0.04279892534790352,140575000.0,36650000.0,0.00885078636761554,0.069,0.06875,531300000,534000000,https://find-and-update.company-information.service.gov.uk/search/companies?q=St.+James's+Place+PLC,https://find-and-update.company-information.service.gov.uk/search/companies?q=St.+James's+Place+PLC,1620598364,18:12:44,20210509
2,2019-01-31,STJ.L,GBP,2019-01-31,2019-01-31,Q1,4140875000.0,0.0,0.0,0.0,0.0,27650000.0,0.0,0.0,374200000.0,3963650000.0,0.0,6325000.0,0.0,0.0,0.0,0.0,23525000.0,177225000.0,0.04279892534790352,140575000.0,36650000.0,0.00885078636761554,0.069,0.06875,531300000,534000000,https://find-and-update.company-information.service.gov.uk/search/companies?q=St.+James's+Place+PLC,https://find-and-update.company-information.service.gov.uk/search/companies?q=St.+James's+Place+PLC,1620598364,18:12:44,20210509
3,2018-06-30,STJ.L,GBP,2018-06-30,2018-06-30,Q2,-673600000.0,0.0,0.0,0.0,0.0,25100000.0,0.0,0.0,359825000.0,-652450000.0,0.0,2700000.0,0.0,0.0,0.0,0.0,22725000.0,-21150000.0,0.031398456057007126,-64525000.0,43375000.0,-0.06439281472684086,0.0825,0.081,526000000,534700000,https://find-and-update.company-information.service.gov.uk/search/companies?q=St.+James's+Place+PLC,https://find-and-update.company-information.service.gov.uk/search/companies?q=St.+James's+Place+PLC,1620598364,18:12:44,20210509
4,2018-03-31,STJ.L,GBP,2018-03-31,2018-03-31,Q1,-673600000.0,0.0,0.0,0.0,0.0,25100000.0,0.0,0.0,359825000.0,-652450000.0,0.0,2700000.0,0.0,0.0,0.0,0.0,22725000.0,-21150000.0,0.031398456057007126,-64525000.0,43375000.0,-0.06439281472684086,0.0825,0.081,526000000,534700000,https://find-and-update.company-information.service.gov.uk/search/companies?q=St.+James's+Place+PLC,https://find-and-update.company-information.service.gov.uk/search/companies?q=St.+James's+Place+PLC,1620598364,18:12:44,20210509
5,2018-01-31,STJ.L,GBP,2018-01-31,2018-01-31,Q1,-673600000.0,0.0,0.0,0.0,0.0,25100000.0,0.0,0.0,359825000.0,-652450000.0,0.0,2700000.0,0.0,0.0,0.0,0.0,22725000.0,-21150000.0,0.031398456057007126,-64525000.0,43375000.0,-0.06439281472684086,0.0825,0.081,526000000,534700000,https://find-and-update.company-information.service.gov.uk/search/companies?q=St.+James's+Place+PLC,https://find-and-update.company-information.service.gov.uk/search/companies?q=St.+James's+Place+PLC,1620598364,18:12:44,20210509
6,2017-06-30,STJ.L,GBP,2017-06-30,2017-06-30,Q2,2270650000.0,0.0,0.0,0.0,0.0,22475000.0,0.0,-1820625000.0,317750000.0,2185125000.0,1400000.0,2325000.0,87850000.0,0.03868936207693832,85525000.0,0.03766542619954639,20575000.0,85525000.0,0.03766542619954639,49075000.0,36475000.0,0.01606368220553586,0.0695,0.0685,524300000,533100000,https://find-and-update.company-information.service.gov.uk/search/companies?q=St.+James's+Place+PLC,https://find-and-update.company-information.service.gov.uk/search/companies?q=St.+James's+Place+PLC,1620598364,18:12:44,20210509
7,2017-03-31,STJ.L,GBP,2017-03-31,2017-03-31,Q1,2270650000.0,0.0,0.0,0.0,0.0,22475000.0,0.0,-1820625000.0,317750000.0,2185125000.0,1400000.0,2325000.0,87850000.0,0.03868936207693832,85525000.0,0.03766542619954639,20575000.0,85525000.0,0.03766542619954639,49075000.0,36475000.0,0.01606368220553586,0.0695,0.0685,524300000,533100000,https://find-and-update.company-information.service.gov.uk/search/companies?q=St.+James's+Place+PLC,https://find-and-update.company-information.service.gov.uk/search/companies?q=St.+James's+Place+PLC,1620598364,18:12:44,20210509
8,2017-01-31,STJ.L,GBP,2017-01-31,2017-01-31,Q1,2270650000.0,0.0,0.0,0.0,0.0,22475000.0,0.0,-1820625000.0,317750000.0,2185125000.0,1400000.0,2325000.0,87850000.0,0.03868936207693832,85525000.0,0.03766542619954639,20575000.0,85525000.0,0.03766542619954639,49075000.0,36475000.0,0.01606368220553586,0.0695,0.0685,524300000,533100000,https://find-and-update.company-information.service.gov.uk/search/companies?q=St.+James's+Place+PLC,https://find-and-update.company-information.service.gov.uk/search/companies?q=St.+James's+Place+PLC,1620598364,18:12:44,20210509
9,2016-06-30,STJ.L,GBP,2016-06-30,2016-06-30,Q2,2838675000.0,0.0,0.0,0.0,0.0,18550000.0,0.0,-2407525000.0,263875000.0,2717100000.0,1550000.0,2750000.0,124325000.0,0.04379684183642016,121575000.0,0.04282808000211366,18100000.0,121575000.0,0.04282808000211366,93650000.0,28050000.0,0.009881370709926287,0.05375,0.05325,522600000,525900000,https://find-and-update.company-information.service.gov.uk/search/companies?q=St.+James's+Place+PLC,https://find-and-update.company-information.service.gov.uk/search/companies?q=St.+James's+Place+PLC,1620598364,18:12:44,20210509
10,2016-03-31,STJ.L,GBP,2016-03-31,2016-03-31,Q1,2838675000.0,0.0,0.0,0.0,0.0,18550000.0,0.0,-2407525000.0,263875000.0,2717100000.0,1550000.0,2750000.0,124325000.0,0.04379684183642016,121575000.0,0.04282808000211366,18100000.0,121575000.0,0.04282808000211366,93650000.0,28050000.0,0.009881370709926287,0.05375,0.05325,522600000,525900000,https://find-and-update.company-information.service.gov.uk/search/companies?q=St.+James's+Place+PLC,https://find-and-update.company-information.service.gov.uk/search/companies?q=St.+James's+Place+PLC,1620598364,18:12:44,20210509
11,2016-01-31,STJ.L,GBP,2016-01-31,2016-01-31,Q1,2838675000.0,0.0,0.0,0.0,0.0,18550000.0,0.0,-2407525000.0,263875000.0,2717100000.0,1550000.0,2750000.0,124325000.0,0.04379684183642016,121575000.0,0.04282808000211366,18100000.0,121575000.0,0.04282808000211366,93650000.0,28050000.0,0.009881370709926287,0.05375,0.05325,522600000,525900000,https://find-and-update.company-information.service.gov.uk/search/companies?q=St.+James's+Place+PLC,https://find-and-update.company-information.service.gov.uk/search/companies?q=St.+James's+Place+PLC,1620598364,18:12:44,20210509
12,2015-09-30,STJ.L,GBP,2015-09-30,2015-09-30,Q3,777850000.0,0.0,0.0,0.0,0.0,77800000.0,0.0,-444650000.0,425000.0,734325000.0,0.0,2275000.0,45800000.0,0.058880246834222535,43525000.0,0.05595551841614707,15100000.0,43525000.0,0.05595551841614707,-6975000.0,50550000.0,0.0649868226521823,0.09725,0.09625,519100000,524300000,https://find-and-update.company-information.service.gov.uk/search/companies?q=St.+James's+Place+PLC,https://find-and-update.company-information.service.gov.uk/search/companies?q=St.+James's+Place+PLC,1620598364,18:12:44,20210509
13,2015-06-30,STJ.L,GBP,2015-06-30,2015-06-30,Q2,777850000.0,0.0,0.0,0.0,0.0,77800000.0,0.0,-444650000.0,425000.0,734325000.0,0.0,2275000.0,45800000.0,0.058880246834222535,43525000.0,0.05595551841614707,15100000.0,43525000.0,0.05595551841614707,-6975000.0,50550000.0,0.0649868226521823,0.09725,0.09625,519100000,524300000,https://find-and-update.company-information.service.gov.uk/search/companies?q=St.+James's+Place+PLC,https://find-and-update.company-information.service.gov.uk/search/companies?q=St.+James's+Place+PLC,1620598364,18:12:44,20210509
14,2015-03-31,STJ.L,GBP,2015-03-31,2015-03-31,Q1,777850000.0,0.0,0.0,0.0,0.0,77800000.0,0.0,-444650000.0,425000.0,734325000.0,0.0,2275000.0,45800000.0,0.058880246834222535,43525000.0,0.05595551841614707,15100000.0,43525000.0,0.05595551841614707,-6975000.0,50550000.0,0.0649868226521823,0.09725,0.09625,519100000,524300000,https://find-and-update.company-information.service.gov.uk/search/companies?q=St.+James's+Place+PLC,https://find-and-update.company-information.service.gov.uk/search/companies?q=St.+James's+Place+PLC,1620598364,18:12:44,20210509
15,2015-01-31,STJ.L,GBP,2015-01-31,2015-01-31,Q1,777850000.0,0.0,0.0,0.0,0.0,77800000.0,0.0,-444650000.0,425000.0,734325000.0,0.0,2275000.0,45800000.0,0.058880246834222535,43525000.0,0.05595551841614707,15100000.0,43525000.0,0.05595551841614707,-6975000.0,50550000.0,0.0649868226521823,0.09725,0.09625,519100000,524300000,https://find-and-update.company-information.service.gov.uk/search/companies?q=St.+James's+Place+PLC,https://find-and-update.company-information.service.gov.uk/search/companies?q=St.+James's+Place+PLC,1620598364,18:12:44,20210509
16,2014-09-30,STJ.L,GBP,2014-09-30,2014-09-30,Q3,1143000000.0,0.0,0.0,0.0,0.0,48925000.0,0.0,-864650000.0,500000.0,1069400000.0,0.0,27650000.0,101250000.0,0.08858267716535433,73600000.0,0.06439195100612423,12700000.0,73600000.0,0.06439195100612423,26625000.0,47000000.0,0.04111986001749781,0.0915,0.08975,514000000,523000000,https://find-and-update.company-information.service.gov.uk/search/companies?q=St.+James's+Place+PLC,https://find-and-update.company-information.service.gov.uk/search/companies?q=St.+James's+Place+PLC,1620598364,18:12:44,20210509
17,2014-06-30,STJ.L,GBP,2014-06-30,2014-06-30,Q2,1143000000.0,0.0,0.0,0.0,0.0,48925000.0,0.0,-864650000.0,500000.0,1069400000.0,0.0,27650000.0,101250000.0,0.08858267716535433,73600000.0,0.06439195100612423,12700000.0,73600000.0,0.06439195100612423,26625000.0,47000000.0,0.04111986001749781,0.0915,0.08975,514000000,523000000,https://find-and-update.company-information.service.gov.uk/search/companies?q=St.+James's+Place+PLC,https://find-and-update.company-information.service.gov.uk/search/companies?q=St.+James's+Place+PLC,1620598364,18:12:44,20210509
18,2014-03-31,STJ.L,GBP,2014-03-31,2014-03-31,Q1,1143000000.0,0.0,0.0,0.0,0.0,48925000.0,0.0,-864650000.0,500000.0,1069400000.0,0.0,27650000.0,101250000.0,0.08858267716535433,73600000.0,0.06439195100612423,12700000.0,73600000.0,0.06439195100612423,26625000.0,47000000.0,0.04111986001749781,0.0915,0.08975,514000000,523000000,https://find-and-update.company-information.service.gov.uk/search/companies?q=St.+James's+Place+PLC,https://find-and-update.company-information.service.gov.uk/search/companies?q=St.+James's+Place+PLC,1620598364,18:12:44,20210509
19,2014-01-31,STJ.L,GBP,2014-01-31,2014-01-31,Q1,1143000000.0,0.0,0.0,0.0,0.0,48925000.0,0.0,-864650000.0,500000.0,1069400000.0,0.0,27650000.0,101250000.0,0.08858267716535433,73600000.0,0.06439195100612423,12700000.0,73600000.0,0.06439195100612423,26625000.0,47000000.0,0.04111986001749781,0.0915,0.08975,514000000,523000000,https://find-and-update.company-information.service.gov.uk/search/companies?q=St.+James's+Place+PLC,https://find-and-update.company-information.service.gov.uk/search/companies?q=St.+James's+Place+PLC,1620598364,18:12:44,20210509
20,2013-09-30,STJ.L,GBP,2013-09-30,2013-09-30,Q3,1712825000.0,0.0,0.0,0.0,0.0,39725000.0,0.0,-1457775000.0,175000.0,1597525000.0,0.0,31100000.0,146400000.0,0.08547282997387357,115300000.0,0.06731569191248377,10450000.0,115300000.0,0.06731569191248377,67725000.0,47625000.0,0.027804942127771373,0.0935,0.09175,509400000,518600000,https://find-and-update.company-information.service.gov.uk/search/companies?q=St.+James's+Place+PLC,https://find-and-update.company-information.service.gov.uk/search/companies?q=St.+James's+Place+PLC,1620598364,18:12:44,20210509
21,2013-06-30,STJ.L,GBP,2013-06-30,2013-06-30,Q2,1712825000.0,0.0,0.0,0.0,0.0,39725000.0,0.0,-1457775000.0,175000.0,1597525000.0,0.0,31100000.0,146400000.0,0.08547282997387357,115300000.0,0.06731569191248377,10450000.0,115300000.0,0.06731569191248377,67725000.0,47625000.0,0.027804942127771373,0.0935,0.09175,509400000,518600000,https://find-and-update.company-information.service.gov.uk/search/companies?q=St.+James's+Place+PLC,https://find-and-update.company-information.service.gov.uk/search/companies?q=St.+James's+Place+PLC,1620598364,18:12:44,20210509
22,2013-03-31,STJ.L,GBP,2013-03-31,2013-03-31,Q1,1712825000.0,0.0,0.0,0.0,0.0,39725000.0,0.0,-1457775000.0,175000.0,1597525000.0,0.0,31100000.0,146400000.0,0.08547282997387357,115300000.0,0.06731569191248377,10450000.0,115300000.0,0.06731569191248377,67725000.0,47625000.0,0.027804942127771373,0.0935,0.09175,509400000,518600000,https://find-and-update.company-information.service.gov.uk/search/companies?q=St.+James's+Place+PLC,https://find-and-update.company-information.service.gov.uk/search/companies?q=St.+James's+Place+PLC,1620598364,18:12:44,20210509
23,2013-01-31,STJ.L,GBP,2013-01-31,2013-01-31,Q1,1712825000.0,0.0,0.0,0.0,0.0,39725000.0,0.0,-1457775000.0,175000.0,1597525000.0,0.0,31100000.0,146400000.0,0.08547282997387357,115300000.0,0.06731569191248377,10450000.0,115300000.0,0.06731569191248377,67725000.0,47625000.0,0.027804942127771373,0.0935,0.09175,509400000,518600000,https://find-and-update.company-information.service.gov.uk/search/companies?q=St.+James's+Place+PLC,https://find-and-update.company-information.service.gov.uk/search/companies?q=St.+James's+Place+PLC,1620598364,18:12:44,20210509
24,2012-09-30,STJ.L,GBP,2012-09-30,2012-09-30,Q3,1022500000.0,0.0,0.0,0.0,0.0,29750000.0,0.0,-881225000.0,500000.0,959550000.0,0.0,950000.0,63900000.0,0.06249388753056235,62950000.0,0.06156479217603912,9900000.0,62950000.0,0.06156479217603912,36175000.0,26775000.0,0.026185819070904646,0.05375,0.053,497700000,506200000,https://find-and-update.company-information.service.gov.uk/search/companies?q=St.+James's+Place+PLC,https://find-and-update.company-information.service.gov.uk/search/companies?q=St.+James's+Place+PLC,1620598364,18:12:44,20210509
25,2012-06-30,STJ.L,GBP,2012-06-30,2012-06-30,Q2,1022500000.0,0.0,0.0,0.0,0.0,29750000.0,0.0,-881225000.0,500000.0,959550000.0,0.0,950000.0,63900000.0,0.06249388753056235,62950000.0,0.06156479217603912,9900000.0,62950000.0,0.06156479217603912,36175000.0,26775000.0,0.026185819070904646,0.05375,0.053,497700000,506200000,https://find-and-update.company-information.service.gov.uk/search/companies?q=St.+James's+Place+PLC,https://find-and-update.company-information.service.gov.uk/search/companies?q=St.+James's+Place+PLC,1620598364,18:12:44,20210509
26,2012-03-31,STJ.L,GBP,2012-03-31,2012-03-31,Q1,1022500000.0,0.0,0.0,0.0,0.0,29750000.0,0.0,-881225000.0,500000.0,959550000.0,0.0,950000.0,63900000.0,0.06249388753056235,62950000.0,0.06156479217603912,9900000.0,62950000.0,0.06156479217603912,36175000.0,26775000.0,0.026185819070904646,0.05375,0.053,497700000,506200000,https://find-and-update.company-information.service.gov.uk/search/companies?q=St.+James's+Place+PLC,https://find-and-update.company-information.service.gov.uk/search/companies?q=St.+James's+Place+PLC,1620598364,18:12:44,20210509
27,2012-01-31,STJ.L,GBP,2012-01-31,2012-01-31,Q1,1022500000.0,0.0,0.0,0.0,0.0,29750000.0,0.0,-881225000.0,500000.0,959550000.0,0.0,950000.0,63900000.0,0.06249388753056235,62950000.0,0.06156479217603912,9900000.0,62950000.0,0.06156479217603912,36175000.0,26775000.0,0.026185819070904646,0.05375,0.053,497700000,506200000,https://find-and-update.company-information.service.gov.uk/search/companies?q=St.+James's+Place+PLC,https://find-and-update.company-information.service.gov.uk/search/companies?q=St.+James's+Place+PLC,1620598364,18:12:44,20210509
28,2011-09-30,STJ.L,GBP,2011-09-30,2011-09-30,Q3,-137125000.0,0.0,0.0,0.0,0.0,29675000.0,0.0,0.0,-21550000.0,-164550000.0,0.0,1675000.0,0.0,0.0,0.0,0.0,7875000.0,27425000.0,-0.2,725000.0,26700000.0,-0.19471285323609844,0.05475,0.053,487600000,503700000,https://find-and-update.company-information.service.gov.uk/search/companies?q=St.+James's+Place+PLC,https://find-and-update.company-information.service.gov.uk/search/companies?q=St.+James's+Place+PLC,1620598364,18:12:44,20210509
29,2011-06-30,STJ.L,GBP,2011-06-30,2011-06-30,Q2,-137125000.0,0.0,0.0,0.0,0.0,29675000.0,0.0,0.0,-21550000.0,-164550000.0,0.0,1675000.0,0.0,0.0,0.0,0.0,7875000.0,27425000.0,-0.2,725000.0,26700000.0,-0.19471285323609844,0.05475,0.053,487600000,503700000,https://find-and-update.company-information.service.gov.uk/search/companies?q=St.+James's+Place+PLC,https://find-and-update.company-information.service.gov.uk/search/companies?q=St.+James's+Place+PLC,1620598364,18:12:44,20210509
30,2011-03-31,STJ.L,GBP,2011-03-31,2011-03-31,Q1,-137125000.0,0.0,0.0,0.0,0.0,29675000.0,0.0,0.0,-21550000.0,-164550000.0,0.0,1675000.0,0.0,0.0,0.0,0.0,7875000.0,27425000.0,-0.2,725000.0,26700000.0,-0.19471285323609844,0.05475,0.053,487600000,503700000,https://find-and-update.company-information.service.gov.uk/search/companies?q=St.+James's+Place+PLC,https://find-and-update.company-information.service.gov.uk/search/companies?q=St.+James's+Place+PLC,1620598364,18:12:44,20210509
31,2011-01-31,STJ.L,GBP,2011-01-31,2011-01-31,Q1,-137125000.0,0.0,0.0,0.0,0.0,29675000.0,0.0,0.0,-21550000.0,-164550000.0,0.0,1675000.0,0.0,0.0,0.0,0.0,7875000.0,27425000.0,-0.2,725000.0,26700000.0,-0.19471285323609844,0.05475,0.053,487600000,503700000,https://find-and-update.company-information.service.gov.uk/search/companies?q=St.+James's+Place+PLC,https://find-and-update.company-information.service.gov.uk/search/companies?q=St.+James's+Place+PLC,1620598364,18:12:44,20210509
32,2010-09-30,STJ.L,GBP,2010-09-30,2010-09-30,Q3,782925000.0,0.0,0.0,0.0,0.0,29050000.0,0.0,-656675000.0,20050000.0,761875000.0,0.0,20500000.0,60975000.0,0.07788102308650253,40475000.0,0.05169716128620238,7225000.0,21050000.0,0.026886355653478942,7300000.0,13750000.0,0.017562346329469618,0.0285,0.028,481500000,490400000,https://find-and-update.company-information.service.gov.uk/search/companies?q=St.+James's+Place+PLC,https://find-and-update.company-information.service.gov.uk/search/companies?q=St.+James's+Place+PLC,1620598364,18:12:44,20210509
33,2010-06-30,STJ.L,GBP,2010-06-30,2010-06-30,Q2,782925000.0,0.0,0.0,0.0,0.0,29050000.0,0.0,-656675000.0,20050000.0,761875000.0,0.0,20500000.0,60975000.0,0.07788102308650253,40475000.0,0.05169716128620238,7225000.0,21050000.0,0.026886355653478942,7300000.0,13750000.0,0.017562346329469618,0.0285,0.028,481500000,490400000,https://find-and-update.company-information.service.gov.uk/search/companies?q=St.+James's+Place+PLC,https://find-and-update.company-information.service.gov.uk/search/companies?q=St.+James's+Place+PLC,1620598364,18:12:44,20210509
34,2010-03-31,STJ.L,GBP,2010-03-31,2010-03-31,Q1,782925000.0,0.0,0.0,0.0,0.0,29050000.0,0.0,-656675000.0,20050000.0,761875000.0,0.0,20500000.0,60975000.0,0.07788102308650253,40475000.0,0.05169716128620238,7225000.0,21050000.0,0.026886355653478942,7300000.0,13750000.0,0.017562346329469618,0.0285,0.028,481500000,490400000,https://find-and-update.company-information.service.gov.uk/search/companies?q=St.+James's+Place+PLC,https://find-and-update.company-information.service.gov.uk/search/companies?q=St.+James's+Place+PLC,1620598364,18:12:44,20210509
35,2010-01-31,STJ.L,GBP,2010-01-31,2010-01-31,Q1,782925000.0,0.0,0.0,0.0,0.0,29050000.0,0.0,-656675000.0,20050000.0,761875000.0,0.0,20500000.0,60975000.0,0.07788102308650253,40475000.0,0.05169716128620238,7225000.0,21050000.0,0.026886355653478942,7300000.0,13750000.0,0.017562346329469618,0.0285,0.028,481500000,490400000,https://find-and-update.company-information.service.gov.uk/search/companies?q=St.+James's+Place+PLC,https://find-and-update.company-information.service.gov.uk/search/companies?q=St.+James's+Place+PLC,1620598364,18:12:44,20210509
36,2009-09-30,STJ.L,GBP,2009-09-30,2009-09-30,Q3,715575000.0,0.0,0.0,0.0,0.0,28625000.0,0.0,-676525000.0,675000.0,708450000.0,0.0,18225000.0,25350000.0,0.035426055968976,7125000.0,0.009957027565244733,7675000.0,7125000.0,0.009957027565244733,-2825000.0,9950000.0,0.013904901652517206,0.02075,0.0205,477300000,484000000,https://find-and-update.company-information.service.gov.uk/search/companies?q=St.+James's+Place+PLC,https://find-and-update.company-information.service.gov.uk/search/companies?q=St.+James's+Place+PLC,1620598364,18:12:44,20210509
37,2009-06-30,STJ.L,GBP,2009-06-30,2009-06-30,Q2,715575000.0,0.0,0.0,0.0,0.0,28625000.0,0.0,-676525000.0,675000.0,708450000.0,0.0,18225000.0,25350000.0,0.035426055968976,7125000.0,0.009957027565244733,7675000.0,7125000.0,0.009957027565244733,-2825000.0,9950000.0,0.013904901652517206,0.02075,0.0205,477300000,484000000,https://find-and-update.company-information.service.gov.uk/search/companies?q=St.+James's+Place+PLC,https://find-and-update.company-information.service.gov.uk/search/companies?q=St.+James's+Place+PLC,1620598364,18:12:44,20210509
38,2009-03-31,STJ.L,GBP,2009-03-31,2009-03-31,Q1,715575000.0,0.0,0.0,0.0,0.0,28625000.0,0.0,-676525000.0,675000.0,708450000.0,0.0,18225000.0,25350000.0,0.035426055968976,7125000.0,0.009957027565244733,7675000.0,7125000.0,0.009957027565244733,-2825000.0,9950000.0,0.013904901652517206,0.02075,0.0205,477300000,484000000,https://find-and-update.company-information.service.gov.uk/search/companies?q=St.+James's+Place+PLC,https://find-and-update.company-information.service.gov.uk/search/companies?q=St.+James's+Place+PLC,1620598364,18:12:44,20210509
39,2009-01-31,STJ.L,GBP,2009-01-31,2009-01-31,Q1,715575000.0,0.0,0.0,0.0,0.0,28625000.0,0.0,-676525000.0,675000.0,708450000.0,0.0,18225000.0,25350000.0,0.035426055968976,7125000.0,0.009957027565244733,7675000.0,7125000.0,0.009957027565244733,-2825000.0,9950000.0,0.013904901652517206,0.02075,0.0205,477300000,484000000,https://find-and-update.company-information.service.gov.uk/search/companies?q=St.+James's+Place+PLC,https://find-and-update.company-information.service.gov.uk/search/companies?q=St.+James's+Place+PLC,1620598364,18:12:44,20210509
40,2008-09-30,STJ.L,GBP,2008-09-30,2008-09-30,Q3,-557200000.0,0.0,0.0,0.0,0.0,29425000.0,0.0,-634050000.0,-800000.0,-549350000.0,0.0,15700000.0,7850000.0,-0.01408829863603733,-7850000.0,0.01408829863603733,8650000.0,-7850000.0,0.01408829863603733,-24625000.0,16775000.0,-0.030105886575735822,0.0355,0.03525,473600000,476100000,https://find-and-update.company-information.service.gov.uk/search/companies?q=St.+James's+Place+PLC,https://find-and-update.company-information.service.gov.uk/search/companies?q=St.+James's+Place+PLC,1620598364,18:12:44,20210509
41,2008-06-30,STJ.L,GBP,2008-06-30,2008-06-30,Q2,-557200000.0,0.0,0.0,0.0,0.0,29425000.0,0.0,-634050000.0,-800000.0,-549350000.0,0.0,15700000.0,7850000.0,-0.01408829863603733,-7850000.0,0.01408829863603733,8650000.0,-7850000.0,0.01408829863603733,-24625000.0,16775000.0,-0.030105886575735822,0.0355,0.03525,473600000,476100000,https://find-and-update.company-information.service.gov.uk/search/companies?q=St.+James's+Place+PLC,https://find-and-update.company-information.service.gov.uk/search/companies?q=St.+James's+Place+PLC,1620598364,18:12:44,20210509
42,2008-03-31,STJ.L,GBP,2008-03-31,2008-03-31,Q1,-557200000.0,0.0,0.0,0.0,0.0,29425000.0,0.0,-634050000.0,-800000.0,-549350000.0,0.0,15700000.0,7850000.0,-0.01408829863603733,-7850000.0,0.01408829863603733,8650000.0,-7850000.0,0.01408829863603733,-24625000.0,16775000.0,-0.030105886575735822,0.0355,0.03525,473600000,476100000,https://find-and-update.company-information.service.gov.uk/search/companies?q=St.+James's+Place+PLC,https://find-and-update.company-information.service.gov.uk/search/companies?q=St.+James's+Place+PLC,1620598364,18:12:44,20210509
43,2008-01-31,STJ.L,GBP,2008-01-31,2008-01-31,Q1,-557200000.0,0.0,0.0,0.0,0.0,29425000.0,0.0,-634050000.0,-800000.0,-549350000.0,0.0,15700000.0,7850000.0,-0.01408829863603733,-7850000.0,0.01408829863603733,8650000.0,-7850000.0,0.01408829863603733,-24625000.0,16775000.0,-0.030105886575735822,0.0355,0.03525,473600000,476100000,https://find-and-update.company-information.service.gov.uk/search/companies?q=St.+James's+Place+PLC,https://find-and-update.company-information.service.gov.uk/search/companies?q=St.+James's+Place+PLC,1620598364,18:12:44,20210509
44,2007-09-30,STJ.L,GBP,2007-09-30,2007-09-30,Q3,310625000.0,0.0,0.0,0.0,0.0,28150000.0,0.0,-272200000.0,200000.0,284825000.0,0.0,12725000.0,38525000.0,0.12402414486921529,25800000.0,0.08305835010060363,8200000.0,25800000.0,0.08305835010060363,6275000.0,19525000.0,0.06285714285714286,0.042,0.04025,465600000,486000000,https://find-and-update.company-information.service.gov.uk/search/companies?q=St.+James's+Place+PLC,https://find-and-update.company-information.service.gov.uk/search/companies?q=St.+James's+Place+PLC,1620598364,18:12:44,20210509
45,2007-06-30,STJ.L,GBP,2007-06-30,2007-06-30,Q2,310625000.0,0.0,0.0,0.0,0.0,28150000.0,0.0,-272200000.0,200000.0,284825000.0,0.0,12725000.0,38525000.0,0.12402414486921529,25800000.0,0.08305835010060363,8200000.0,25800000.0,0.08305835010060363,6275000.0,19525000.0,0.06285714285714286,0.042,0.04025,465600000,486000000,https://find-and-update.company-information.service.gov.uk/search/companies?q=St.+James's+Place+PLC,https://find-and-update.company-information.service.gov.uk/search/companies?q=St.+James's+Place+PLC,1620598364,18:12:44,20210509
46,2007-03-31,STJ.L,GBP,2007-03-31,2007-03-31,Q1,310625000.0,0.0,0.0,0.0,0.0,28150000.0,0.0,-272200000.0,200000.0,284825000.0,0.0,12725000.0,38525000.0,0.12402414486921529,25800000.0,0.08305835010060363,8200000.0,25800000.0,0.08305835010060363,6275000.0,19525000.0,0.06285714285714286,0.042,0.04025,465600000,486000000,https://find-and-update.company-information.service.gov.uk/search/companies?q=St.+James's+Place+PLC,https://find-and-update.company-information.service.gov.uk/search/companies?q=St.+James's+Place+PLC,1620598364,18:12:44,20210509
47,2007-01-31,STJ.L,GBP,2007-01-31,2007-01-31,Q1,310625000.0,0.0,0.0,0.0,0.0,28150000.0,0.0,-272200000.0,200000.0,284825000.0,0.0,12725000.0,38525000.0,0.12402414486921529,25800000.0,0.08305835010060363,8200000.0,25800000.0,0.08305835010060363,6275000.0,19525000.0,0.06285714285714286,0.042,0.04025,465600000,486000000,https://find-and-update.company-information.service.gov.uk/search/companies?q=St.+James's+Place+PLC,https://find-and-update.company-information.service.gov.uk/search/companies?q=St.+James's+Place+PLC,1620598364,18:12:44,20210509
48,2006-09-30,STJ.L,GBP,2006-09-30,2006-09-30,Q3,420325000.0,0.0,0.0,0.0,0.0,21525000.0,0.0,-381575000.0,325000.0,375350000.0,0.0,11450000.0,56425000.0,0.1342413608517219,44975000.0,0.10700053530006542,5400000.0,44975000.0,0.10700053530006542,22975000.0,22000000.0,0.05234045084161066,0.0485,0.046,452800000,478600000,https://find-and-update.company-information.service.gov.uk/search/companies?q=St.+James's+Place+PLC,https://find-and-update.company-information.service.gov.uk/search/companies?q=St.+James's+Place+PLC,1620598364,18:12:44,20210509
49,2006-06-30,STJ.L,GBP,2006-06-30,2006-06-30,Q2,420325000.0,0.0,0.0,0.0,0.0,21525000.0,0.0,-381575000.0,325000.0,375350000.0,0.0,11450000.0,56425000.0,0.1342413608517219,44975000.0,0.10700053530006542,5400000.0,44975000.0,0.10700053530006542,22975000.0,22000000.0,0.05234045084161066,0.0485,0.046,452800000,478600000,https://find-and-update.company-information.service.gov.uk/search/companies?q=St.+James's+Place+PLC,https://find-and-update.company-information.service.gov.uk/search/companies?q=St.+James's+Place+PLC,1620598364,18:12:44,20210509
50,2006-03-31,STJ.L,GBP,2006-03-31,2006-03-31,Q1,420325000.0,0.0,0.0,0.0,0.0,21525000.0,0.0,-381575000.0,325000.0,375350000.0,0.0,11450000.0,56425000.0,0.1342413608517219,44975000.0,0.10700053530006542,5400000.0,44975000.0,0.10700053530006542,22975000.0,22000000.0,0.05234045084161066,0.0485,0.046,452800000,478600000,https://find-and-update.company-information.service.gov.uk/search/companies?q=St.+James's+Place+PLC,https://find-and-update.company-information.service.gov.uk/search/companies?q=St.+James's+Place+PLC,1620598364,18:12:44,20210509
51,2006-01-31,STJ.L,GBP,2006-01-31,2006-01-31,Q1,420325000.0,0.0,0.0,0.0,0.0,21525000.0,0.0,-381575000.0,325000.0,375350000.0,0.0,11450000.0,56425000.0,0.1342413608517219,44975000.0,0.10700053530006542,5400000.0,44975000.0,0.10700053530006542,22975000.0,22000000.0,0.05234045084161066,0.0485,0.046,452800000,478600000,https://find-and-update.company-information.service.gov.uk/search/companies?q=St.+James's+Place+PLC,https://find-and-update.company-information.service.gov.uk/search/companies?q=St.+James's+Place+PLC,1620598364,18:12:44,20210509
52,2005-09-30,STJ.L,GBP,2005-09-30,2005-09-30,Q3,498950000.0,0.0,0.0,0.0,0.0,18625000.0,0.0,-459525000.0,371000000.0,467175000.0,0.0,1475000.0,33250000.0,0.06663994388215252,31775000.0,0.06368373584527508,475000.0,31775000.0,0.06368373584527508,19875000.0,11900000.0,0.02385008517887564,0.027,0.02575,442000000,462400000,https://find-and-update.company-information.service.gov.uk/search/companies?q=St.+James's+Place+PLC,https://find-and-update.company-information.service.gov.uk/search/companies?q=St.+James's+Place+PLC,1620598364,18:12:44,20210509
53,2005-06-30,STJ.L,GBP,2005-06-30,2005-06-30,Q2,498950000.0,0.0,0.0,0.0,0.0,18625000.0,0.0,-459525000.0,371000000.0,467175000.0,0.0,1475000.0,33250000.0,0.06663994388215252,31775000.0,0.06368373584527508,475000.0,31775000.0,0.06368373584527508,19875000.0,11900000.0,0.02385008517887564,0.027,0.02575,442000000,462400000,https://find-and-update.company-information.service.gov.uk/search/companies?q=St.+James's+Place+PLC,https://find-and-update.company-information.service.gov.uk/search/companies?q=St.+James's+Place+PLC,1620598364,18:12:44,20210509
54,2005-03-31,STJ.L,GBP,2005-03-31,2005-03-31,Q1,498950000.0,0.0,0.0,0.0,0.0,18625000.0,0.0,-459525000.0,371000000.0,467175000.0,0.0,1475000.0,33250000.0,0.06663994388215252,31775000.0,0.06368373584527508,475000.0,31775000.0,0.06368373584527508,19875000.0,11900000.0,0.02385008517887564,0.027,0.02575,442000000,462400000,https://find-and-update.company-information.service.gov.uk/search/companies?q=St.+James's+Place+PLC,https://find-and-update.company-information.service.gov.uk/search/companies?q=St.+James's+Place+PLC,1620598364,18:12:44,20210509
55,2005-01-31,STJ.L,GBP,2005-01-31,2005-01-31,Q1,498950000.0,0.0,0.0,0.0,0.0,18625000.0,0.0,-459525000.0,371000000.0,467175000.0,0.0,1475000.0,33250000.0,0.06663994388215252,31775000.0,0.06368373584527508,475000.0,31775000.0,0.06368373584527508,19875000.0,11900000.0,0.02385008517887564,0.027,0.02575,442000000,462400000,https://find-and-update.company-information.service.gov.uk/search/companies?q=St.+James's+Place+PLC,https://find-and-update.company-information.service.gov.uk/search/companies?q=St.+James's+Place+PLC,1620598364,18:12:44,20210509
56,2004-09-30,STJ.L,GBP,2004-09-30,2004-09-30,Q3,241250000.0,0.0,0.0,0.0,0.0,12450000.0,0.0,-204875000.0,750000.0,227050000.0,300000.0,1450000.0,15950000.0,0.0661139896373057,14500000.0,0.06010362694300518,375000.0,14200000.0,0.05886010362694301,4275000.0,9925000.0,0.041139896373057,0.02275,0.022,434600000,449300000,https://find-and-update.company-information.service.gov.uk/search/companies?q=St.+James's+Place+PLC,https://find-and-update.company-information.service.gov.uk/search/companies?q=St.+James's+Place+PLC,1620598364,18:12:44,20210509
57,2004-06-30,STJ.L,GBP,2004-06-30,2004-06-30,Q2,241250000.0,0.0,0.0,0.0,0.0,12450000.0,0.0,-204875000.0,750000.0,227050000.0,300000.0,1450000.0,15950000.0,0.0661139896373057,14500000.0,0.06010362694300518,375000.0,14200000.0,0.05886010362694301,4275000.0,9925000.0,0.041139896373057,0.02275,0.022,434600000,449300000,https://find-and-update.company-information.service.gov.uk/search/companies?q=St.+James's+Place+PLC,https://find-and-update.company-information.service.gov.uk/search/companies?q=St.+James's+Place+PLC,1620598364,18:12:44,20210509
58,2004-03-31,STJ.L,GBP,2004-03-31,2004-03-31,Q1,241250000.0,0.0,0.0,0.0,0.0,12450000.0,0.0,-204875000.0,750000.0,227050000.0,300000.0,1450000.0,15950000.0,0.0661139896373057,14500000.0,0.06010362694300518,375000.0,14200000.0,0.05886010362694301,4275000.0,9925000.0,0.041139896373057,0.02275,0.022,434600000,449300000,https://find-and-update.company-information.service.gov.uk/search/companies?q=St.+James's+Place+PLC,https://find-and-update.company-information.service.gov.uk/search/companies?q=St.+James's+Place+PLC,1620598364,18:12:44,20210509
59,2004-01-31,STJ.L,GBP,2004-01-31,2004-01-31,Q1,241250000.0,0.0,0.0,0.0,0.0,12450000.0,0.0,-204875000.0,750000.0,227050000.0,300000.0,1450000.0,15950000.0,0.0661139896373057,14500000.0,0.06010362694300518,375000.0,14200000.0,0.05886010362694301,4275000.0,9925000.0,0.041139896373057,0.02275,0.022,434600000,449300000,https://find-and-update.company-information.service.gov.uk/search/companies?q=St.+James's+Place+PLC,https://find-and-update.company-information.service.gov.uk/search/companies?q=St.+James's+Place+PLC,1620598364,18:12:44,20210509
60,2003-09-30,STJ.L,GBP,2003-09-30,2003-09-30,Q3,5450000.0,0.0,0.0,0.0,0.0,0.0,0.0,700000.0,2400000.0,2925000.0,0.0,700000.0,0.0,0.0,0.0,0.0,3625000.0,2525000.0,0.463302752293578,875000.0,1650000.0,0.30275229357798167,0.0038345340460144085,0.0033971587399629403,430300000,485700000,https://find-and-update.company-information.service.gov.uk/search/companies?q=St.+James's+Place+PLC,https://find-and-update.company-information.service.gov.uk/search/companies?q=St.+James's+Place+PLC,1620598364,18:12:44,20210509
61,2003-06-30,STJ.L,GBP,2003-06-30,2003-06-30,Q2,5450000.0,0.0,0.0,0.0,0.0,0.0,0.0,700000.0,2400000.0,2925000.0,0.0,700000.0,0.0,0.0,0.0,0.0,3625000.0,2525000.0,0.463302752293578,875000.0,1650000.0,0.30275229357798167,0.0038345340460144085,0.0033971587399629403,430300000,485700000,https://find-and-update.company-information.service.gov.uk/search/companies?q=St.+James's+Place+PLC,https://find-and-update.company-information.service.gov.uk/search/companies?q=St.+James's+Place+PLC,1620598364,18:12:44,20210509
62,2003-03-31,STJ.L,GBP,2003-03-31,2003-03-31,Q1,5450000.0,0.0,0.0,0.0,0.0,0.0,0.0,700000.0,2400000.0,2925000.0,0.0,700000.0,0.0,0.0,0.0,0.0,3625000.0,2525000.0,0.463302752293578,875000.0,1650000.0,0.30275229357798167,0.0038345340460144085,0.0033971587399629403,430300000,485700000,https://find-and-update.company-information.service.gov.uk/search/companies?q=St.+James's+Place+PLC,https://find-and-update.company-information.service.gov.uk/search/companies?q=St.+James's+Place+PLC,1620598364,18:12:44,20210509
63,2003-01-31,STJ.L,GBP,2003-01-31,2003-01-31,Q1,5450000.0,0.0,0.0,0.0,0.0,0.0,0.0,700000.0,2400000.0,2925000.0,0.0,700000.0,0.0,0.0,0.0,0.0,3625000.0,2525000.0,0.463302752293578,875000.0,1650000.0,0.30275229357798167,0.0038345340460144085,0.0033971587399629403,430300000,485700000,https://find-and-update.company-information.service.gov.uk/search/companies?q=St.+James's+Place+PLC,https://find-and-update.company-information.service.gov.uk/search/companies?q=St.+James's+Place+PLC,1620598364,18:12:44,20210509
64,2002-09-30,STJ.L,GBP,2002-09-30,2002-09-30,Q3,-14825000.0,0.0,0.0,0.0,0.0,0.0,0.0,-6925000.0,6350000.0,-4525000.0,0.0,875000.0,-9425000.0,0.6357504215851602,-10300000.0,0.6947723440134908,0.0,-10300000.0,0.6947723440134908,800000.0,-11100000.0,0.7487352445193929,-0.025934579439252335,-0.02295760082730093,428000000,483500000,https://find-and-update.company-information.service.gov.uk/search/companies?q=St.+James's+Place+PLC,https://find-and-update.company-information.service.gov.uk/search/companies?q=St.+James's+Place+PLC,1620598364,18:12:44,20210509
65,2002-06-30,STJ.L,GBP,2002-06-30,2002-06-30,Q2,-14825000.0,0.0,0.0,0.0,0.0,0.0,0.0,-6925000.0,6350000.0,-4525000.0,0.0,875000.0,-9425000.0,0.6357504215851602,-10300000.0,0.6947723440134908,0.0,-10300000.0,0.6947723440134908,800000.0,-11100000.0,0.7487352445193929,-0.025934579439252335,-0.02295760082730093,428000000,483500000,https://find-and-update.company-information.service.gov.uk/search/companies?q=St.+James's+Place+PLC,https://find-and-update.company-information.service.gov.uk/search/companies?q=St.+James's+Place+PLC,1620598364,18:12:44,20210509
66,2002-03-31,STJ.L,GBP,2002-03-31,2002-03-31,Q1,-14825000.0,0.0,0.0,0.0,0.0,0.0,0.0,-6925000.0,6350000.0,-4525000.0,0.0,875000.0,-9425000.0,0.6357504215851602,-10300000.0,0.6947723440134908,0.0,-10300000.0,0.6947723440134908,800000.0,-11100000.0,0.7487352445193929,-0.025934579439252335,-0.02295760082730093,428000000,483500000,https://find-and-update.company-information.service.gov.uk/search/companies?q=St.+James's+Place+PLC,https://find-and-update.company-information.service.gov.uk/search/companies?q=St.+James's+Place+PLC,1620598364,18:12:44,20210509
67,2002-01-31,STJ.L,GBP,2002-01-31,2002-01-31,Q1,-14825000.0,0.0,0.0,0.0,0.0,0.0,0.0,-6925000.0,6350000.0,-4525000.0,0.0,875000.0,-9425000.0,0.6357504215851602,-10300000.0,0.6947723440134908,0.0,-10300000.0,0.6947723440134908,800000.0,-11100000.0,0.7487352445193929,-0.025934579439252335,-0.02295760082730093,428000000,483500000,https://find-and-update.company-information.service.gov.uk/search/companies?q=St.+James's+Place+PLC,https://find-and-update.company-information.service.gov.uk/search/companies?q=St.+James's+Place+PLC,1620598364,18:12:44,20210509
68,2001-09-30,STJ.L,GBP,2001-09-30,2001-09-30,Q3,0.0,0.0,0.0,0.0,0.0,0.0,0.0,0.0,-300000.0,4200000.0,0.0,725000.0,-3475000.0,0.0,-4200000.0,0.0,0.0,-4200000.0,0.0,-2550000.0,-1650000.0,0.0,-0.0038623595505617976,-0.0034076827757125155,427200000,484200000,https://find-and-update.company-information.service.gov.uk/search/companies?q=St.+James's+Place+PLC,https://find-and-update.company-information.service.gov.uk/search/companies?q=St.+James's+Place+PLC,1620598364,18:12:44,20210509
69,2001-06-30,STJ.L,GBP,2001-06-30,2001-06-30,Q2,0.0,0.0,0.0,0.0,0.0,0.0,0.0,0.0,-300000.0,4200000.0,0.0,725000.0,-3475000.0,0.0,-4200000.0,0.0,0.0,-4200000.0,0.0,-2550000.0,-1650000.0,0.0,-0.0038623595505617976,-0.0034076827757125155,427200000,484200000,https://find-and-update.company-information.service.gov.uk/search/companies?q=St.+James's+Place+PLC,https://find-and-update.company-information.service.gov.uk/search/companies?q=St.+James's+Place+PLC,1620598364,18:12:44,20210509
70,2001-03-31,STJ.L,GBP,2001-03-31,2001-03-31,Q1,0.0,0.0,0.0,0.0,0.0,0.0,0.0,0.0,-300000.0,4200000.0,0.0,725000.0,-3475000.0,0.0,-4200000.0,0.0,0.0,-4200000.0,0.0,-2550000.0,-1650000.0,0.0,-0.0038623595505617976,-0.0034076827757125155,427200000,484200000,https://find-and-update.company-information.service.gov.uk/search/companies?q=St.+James's+Place+PLC,https://find-and-update.company-information.service.gov.uk/search/companies?q=St.+James's+Place+PLC,1620598364,18:12:44,20210509
71,2001-01-31,STJ.L,GBP,2001-01-31,2001-01-31,Q1,0.0,0.0,0.0,0.0,0.0,0.0,0.0,0.0,-300000.0,4200000.0,0.0,725000.0,-3475000.0,0.0,-4200000.0,0.0,0.0,-4200000.0,0.0,-2550000.0,-1650000.0,0.0,-0.0038623595505617976,-0.0034076827757125155,427200000,484200000,https://find-and-update.company-information.service.gov.uk/search/companies?q=St.+James's+Place+PLC,https://find-and-update.company-information.service.gov.uk/search/companies?q=St.+James's+Place+PLC,1620598364,18:12:44,20210509
72,2000-09-30,STJ.L,GBP,2000-09-30,2000-09-30,Q3,0.0,0.0,0.0,0.0,0.0,0.0,0.0,0.0,-22000000.0,-20675000.0,0.0,725000.0,21400000.0,0.0,20675000.0,0.0,0.0,20675000.0,0.0,6225000.0,14450000.0,0.0,0.03425,0.03275,423200000,481500000,https://find-and-update.company-information.service.gov.uk/search/companies?q=St.+James's+Place+PLC,https://find-and-update.company-information.service.gov.uk/search/companies?q=St.+James's+Place+PLC,1620598364,18:12:44,20210509
73,2000-06-30,STJ.L,GBP,2000-06-30,2000-06-30,Q2,0.0,0.0,0.0,0.0,0.0,0.0,0.0,0.0,-22000000.0,-20675000.0,0.0,725000.0,21400000.0,0.0,20675000.0,0.0,0.0,20675000.0,0.0,6225000.0,14450000.0,0.0,0.03425,0.03275,423200000,481500000,https://find-and-update.company-information.service.gov.uk/search/companies?q=St.+James's+Place+PLC,https://find-and-update.company-information.service.gov.uk/search/companies?q=St.+James's+Place+PLC,1620598364,18:12:44,20210509
74,2000-03-31,STJ.L,GBP,2000-03-31,2000-03-31,Q1,0.0,0.0,0.0,0.0,0.0,0.0,0.0,0.0,-22000000.0,-20675000.0,0.0,725000.0,21400000.0,0.0,20675000.0,0.0,0.0,20675000.0,0.0,6225000.0,14450000.0,0.0,0.03425,0.03275,423200000,481500000,https://find-and-update.company-information.service.gov.uk/search/companies?q=St.+James's+Place+PLC,https://find-and-update.company-information.service.gov.uk/search/companies?q=St.+James's+Place+PLC,1620598364,18:12:44,20210509
75,2000-01-31,STJ.L,GBP,2000-01-31,2000-01-31,Q1,0.0,0.0,0.0,0.0,0.0,0.0,0.0,0.0,-22000000.0,-20675000.0,0.0,725000.0,21400000.0,0.0,20675000.0,0.0,0.0,20675000.0,0.0,6225000.0,14450000.0,0.0,0.03425,0.03275,423200000,481500000,https://find-and-update.company-information.service.gov.uk/search/companies?q=St.+James's+Place+PLC,https://find-and-update.company-information.service.gov.uk/search/companies?q=St.+James's+Place+PLC,1620598364,18:12:44,20210509
76,1999-09-30,STJ.L,GBP,1999-09-30,1999-09-30,Q3,0.0,0.0,0.0,0.0,0.0,0.0,0.0,0.0,-16400000.0,-43700000.0,0.0,525000.0,0.0,0.0,0.0,0.0,0.0,43700000.0,0.0,12325000.0,31375000.0,0.0,0.075,0.0715,418100000,458500000,https://find-and-update.company-information.service.gov.uk/search/companies?q=St.+James's+Place+PLC,https://find-and-update.company-information.service.gov.uk/search/companies?q=St.+James's+Place+PLC,1620598364,18:12:44,20210509
77,1999-06-30,STJ.L,GBP,1999-06-30,1999-06-30,Q2,0.0,0.0,0.0,0.0,0.0,0.0,0.0,0.0,-16400000.0,-43700000.0,0.0,525000.0,0.0,0.0,0.0,0.0,0.0,43700000.0,0.0,12325000.0,31375000.0,0.0,0.075,0.0715,418100000,458500000,https://find-and-update.company-information.service.gov.uk/search/companies?q=St.+James's+Place+PLC,https://find-and-update.company-information.service.gov.uk/search/companies?q=St.+James's+Place+PLC,1620598364,18:12:44,20210509
78,1999-03-31,STJ.L,GBP,1999-03-31,1999-03-31,Q1,0.0,0.0,0.0,0.0,0.0,0.0,0.0,0.0,-16400000.0,-43700000.0,0.0,525000.0,0.0,0.0,0.0,0.0,0.0,43700000.0,0.0,12325000.0,31375000.0,0.0,0.075,0.0715,418100000,458500000,https://find-and-update.company-information.service.gov.uk/search/companies?q=St.+James's+Place+PLC,https://find-and-update.company-information.service.gov.uk/search/companies?q=St.+James's+Place+PLC,1620598364,18:12:44,20210509
79,1999-01-31,STJ.L,GBP,1999-01-31,1999-01-31,Q1,0.0,0.0,0.0,0.0,0.0,0.0,0.0,0.0,-16400000.0,-43700000.0,0.0,525000.0,0.0,0.0,0.0,0.0,0.0,43700000.0,0.0,12325000.0,31375000.0,0.0,0.075,0.0715,418100000,458500000,https://find-and-update.company-information.service.gov.uk/search/companies?q=St.+James's+Place+PLC,https://find-and-update.company-information.service.gov.uk/search/companies?q=St.+James's+Place+PLC,1620598364,18:12:44,20210509
80,1998-09-30,STJ.L,GBP,1998-09-30,1998-09-30,Q3,0.0,0.0,0.0,0.0,0.0,0.0,0.0,0.0,-17500000.0,-21575000.0,0.0,425000.0,22000000.0,0.0,21575000.0,0.0,0.0,21575000.0,0.0,6325000.0,15250000.0,0.0,0.03725,0.03325,410700000,458900000,https://find-and-update.company-information.service.gov.uk/search/companies?q=St.+James's+Place+PLC,https://find-and-update.company-information.service.gov.uk/search/companies?q=St.+James's+Place+PLC,1620598364,18:12:44,20210509
81,1998-06-30,STJ.L,GBP,1998-06-30,1998-06-30,Q2,0.0,0.0,0.0,0.0,0.0,0.0,0.0,0.0,-17500000.0,-21575000.0,0.0,425000.0,22000000.0,0.0,21575000.0,0.0,0.0,21575000.0,0.0,6325000.0,15250000.0,0.0,0.03725,0.03325,410700000,458900000,https://find-and-update.company-information.service.gov.uk/search/companies?q=St.+James's+Place+PLC,https://find-and-update.company-information.service.gov.uk/search/companies?q=St.+James's+Place+PLC,1620598364,18:12:44,20210509
82,1998-03-31,STJ.L,GBP,1998-03-31,1998-03-31,Q1,0.0,0.0,0.0,0.0,0.0,0.0,0.0,0.0,-17500000.0,-21575000.0,0.0,425000.0,22000000.0,0.0,21575000.0,0.0,0.0,21575000.0,0.0,6325000.0,15250000.0,0.0,0.03725,0.03325,410700000,458900000,https://find-and-update.company-information.service.gov.uk/search/companies?q=St.+James's+Place+PLC,https://find-and-update.company-information.service.gov.uk/search/companies?q=St.+James's+Place+PLC,1620598364,18:12:44,20210509
83,1998-01-31,STJ.L,GBP,1998-01-31,1998-01-31,Q1,0.0,0.0,0.0,0.0,0.0,0.0,0.0,0.0,-17500000.0,-21575000.0,0.0,425000.0,22000000.0,0.0,21575000.0,0.0,0.0,21575000.0,0.0,6325000.0,15250000.0,0.0,0.03725,0.03325,410700000,458900000,https://find-and-update.company-information.service.gov.uk/search/companies?q=St.+James's+Place+PLC,https://find-and-update.company-information.service.gov.uk/search/companies?q=St.+James's+Place+PLC,1620598364,18:12:44,20210509
84,1997-09-30,STJ.L,GBP,1997-09-30,1997-09-30,Q3,0.0,0.0,0.0,0.0,0.0,0.0,0.0,0.0,-8300000.0,-11750000.0,0.0,200000.0,0.0,0.0,0.0,0.0,0.0,11750000.0,0.0,3300000.0,8450000.0,0.0,0.0245,0.0185,344500000,397300000,https://find-and-update.company-information.service.gov.uk/search/companies?q=St.+James's+Place+PLC,https://find-and-update.company-information.service.gov.uk/search/companies?q=St.+James's+Place+PLC,1620598364,18:12:44,20210509
85,1997-06-30,STJ.L,GBP,1997-06-30,1997-06-30,Q2,0.0,0.0,0.0,0.0,0.0,0.0,0.0,0.0,-8300000.0,-11750000.0,0.0,200000.0,0.0,0.0,0.0,0.0,0.0,11750000.0,0.0,3300000.0,8450000.0,0.0,0.0245,0.0185,344500000,397300000,https://find-and-update.company-information.service.gov.uk/search/companies?q=St.+James's+Place+PLC,https://find-and-update.company-information.service.gov.uk/search/companies?q=St.+James's+Place+PLC,1620598364,18:12:44,20210509
86,1997-03-31,STJ.L,GBP,1997-03-31,1997-03-31,Q1,0.0,0.0,0.0,0.0,0.0,0.0,0.0,0.0,-8300000.0,-11750000.0,0.0,200000.0,0.0,0.0,0.0,0.0,0.0,11750000.0,0.0,3300000.0,8450000.0,0.0,0.0245,0.0185,344500000,397300000,https://find-and-update.company-information.service.gov.uk/search/companies?q=St.+James's+Place+PLC,https://find-and-update.company-information.service.gov.uk/search/companies?q=St.+James's+Place+PLC,1620598364,18:12:44,20210509
87,1997-01-31,STJ.L,GBP,1997-01-31,1997-01-31,Q1,0.0,0.0,0.0,0.0,0.0,0.0,0.0,0.0,-8300000.0,-11750000.0,0.0,200000.0,0.0,0.0,0.0,0.0,0.0,11750000.0,0.0,3300000.0,8450000.0,0.0,0.0245,0.0185,344500000,397300000,https://find-and-update.company-information.service.gov.uk/search/companies?q=St.+James's+Place+PLC,https://find-and-update.company-information.service.gov.uk/search/companies?q=St.+James's+Place+PLC,1620598364,18:12:44,20210509
88,1996-09-30,STJ.L,GBP,1996-09-30,1996-09-30,Q3,0.0,0.0,0.0,0.0,0.0,0.0,0.0,0.0,-3000000.0,-10550000.0,0.0,25000.0,10575000.0,0.0,10550000.0,0.0,0.0,10550000.0,0.0,2950000.0,7600000.0,0.0,0.0275,0.0275,278100000,278100000,https://find-and-update.company-information.service.gov.uk/search/companies?q=St.+James's+Place+PLC,https://find-and-update.company-information.service.gov.uk/search/companies?q=St.+James's+Place+PLC,1620598364,18:12:44,20210509
89,1996-06-30,STJ.L,GBP,1996-06-30,1996-06-30,Q2,0.0,0.0,0.0,0.0,0.0,0.0,0.0,0.0,-3000000.0,-10550000.0,0.0,25000.0,10575000.0,0.0,10550000.0,0.0,0.0,10550000.0,0.0,2950000.0,7600000.0,0.0,0.0275,0.0275,278100000,278100000,https://find-and-update.company-information.service.gov.uk/search/companies?q=St.+James's+Place+PLC,https://find-and-update.company-information.service.gov.uk/search/companies?q=St.+James's+Place+PLC,1620598364,18:12:44,20210509
90,1996-03-31,STJ.L,GBP,1996-03-31,1996-03-31,Q1,0.0,0.0,0.0,0.0,0.0,0.0,0.0,0.0,-3000000.0,-10550000.0,0.0,25000.0,10575000.0,0.0,10550000.0,0.0,0.0,10550000.0,0.0,2950000.0,7600000.0,0.0,0.0275,0.0275,278100000,278100000,https://find-and-update.company-information.service.gov.uk/search/companies?q=St.+James's+Place+PLC,https://find-and-update.company-information.service.gov.uk/search/companies?q=St.+James's+Place+PLC,1620598364,18:12:44,20210509
91,1996-01-31,STJ.L,GBP,1996-01-31,1996-01-31,Q1,0.0,0.0,0.0,0.0,0.0,0.0,0.0,0.0,-3000000.0,-10550000.0,0.0,25000.0,10575000.0,0.0,10550000.0,0.0,0.0,10550000.0,0.0,2950000.0,7600000.0,0.0,0.0275,0.0275,278100000,278100000,https://find-and-update.company-information.service.gov.uk/search/companies?q=St.+James's+Place+PLC,https://find-and-update.company-information.service.gov.uk/search/companies?q=St.+James's+Place+PLC,1620598364,18:12:44,20210509
