,date,symbol,reportedCurrency,fillingDate,acceptedDate,period,revenue,costOfRevenue,grossProfit,grossProfitRatio,researchAndDevelopmentExpenses,generalAndAdministrativeExpenses,sellingAndMarketingExpenses,otherExpenses,operatingExpenses,costAndExpenses,interestExpense,depreciationAndAmortization,ebitda,ebitdaratio,operatingIncome,operatingIncomeRatio,totalOtherIncomeExpensesNet,incomeBeforeTax,incomeBeforeTaxRatio,incomeTaxExpense,netIncome,netIncomeRatio,eps,epsdiluted,weightedAverageShsOut,weightedAverageShsOutDil,link,finalLink,timestamp,est_time,est_date
0,2019-06-30,TPD.AX,AUD,2019-06-30,2019-06-30,Q2,12724.5,5100.75,7623.75,0.5991394553813509,0.0,150175.0,48138.0,37465.75,175854.0,0.0,657.0,6955.25,-366543.25,-28.806102400880192,-373498.5,-29.352705410821642,-14420.0,-379323.25,-29.810464065385673,0.0,-379323.25,-29.810464065385673,-0.000225,-0.000225,1652980001,1652980001,,,1620598967,18:22:47,20210509
1,2019-03-31,TPD.AX,AUD,2019-03-31,2019-03-31,Q1,12724.5,5100.75,7623.75,0.5991394553813509,0.0,150175.0,48138.0,37465.75,175854.0,0.0,657.0,6955.25,-366543.25,-28.806102400880192,-373498.5,-29.352705410821642,-14420.0,-379323.25,-29.810464065385673,0.0,-379323.25,-29.810464065385673,-0.000225,-0.000225,1652980001,1652980001,,,1620598967,18:22:47,20210509
2,2019-01-31,TPD.AX,AUD,2019-01-31,2019-01-31,Q1,12724.5,5100.75,7623.75,0.5991394553813509,0.0,150175.0,48138.0,37465.75,175854.0,0.0,657.0,6955.25,-366543.25,-28.806102400880192,-373498.5,-29.352705410821642,-14420.0,-379323.25,-29.810464065385673,0.0,-379323.25,-29.810464065385673,-0.000225,-0.000225,1652980001,1652980001,,,1620598967,18:22:47,20210509
3,2018-06-30,TPD.AX,AUD,2018-06-30,2018-06-30,Q2,32505.5,15346.0,17159.5,0.5278952792604329,0.0,102925.75,21726.0,104.5,87689.25,0.0,-7.0,12204.5,-195181.5,-6.004568457645629,-207386.0,-6.38002799526234,-30792.75,-233049.0,-7.169525157281075,0.0,-233049.0,-7.169525157281075,-0.000225,-0.000225,1057045935,1057045935,,,1620598967,18:22:47,20210509
4,2018-03-31,TPD.AX,AUD,2018-03-31,2018-03-31,Q1,32505.5,15346.0,17159.5,0.5278952792604329,0.0,102925.75,21726.0,104.5,87689.25,0.0,-7.0,12204.5,-195181.5,-6.004568457645629,-207386.0,-6.38002799526234,-30792.75,-233049.0,-7.169525157281075,0.0,-233049.0,-7.169525157281075,-0.000225,-0.000225,1057045935,1057045935,,,1620598967,18:22:47,20210509
5,2018-01-31,TPD.AX,AUD,2018-01-31,2018-01-31,Q1,32505.5,15346.0,17159.5,0.5278952792604329,0.0,102925.75,21726.0,104.5,87689.25,0.0,-7.0,12204.5,-195181.5,-6.004568457645629,-207386.0,-6.38002799526234,-30792.75,-233049.0,-7.169525157281075,0.0,-233049.0,-7.169525157281075,-0.000225,-0.000225,1057045935,1057045935,,,1620598967,18:22:47,20210509
6,2017-06-30,TPD.AX,AUD,2017-06-30,2017-06-30,Q2,26170.25,34470.5,-8300.25,-0.3171635731412577,0.0,117179.25,0.0,0.0,14608.5,0.0,7005.25,0.0,-139474.0,-0.18763532988227197,-140088.0,-5.352948481577363,0.0,-146479.25,-5.597166630047478,0.0,-146479.25,-5.597166630047478,-0.000525,-0.000525,274460757,274460757,,,1620598967,18:22:47,20210509
7,2017-03-31,TPD.AX,AUD,2017-03-31,2017-03-31,Q1,26170.25,34470.5,-8300.25,-0.3171635731412577,0.0,117179.25,0.0,0.0,14608.5,0.0,7005.25,0.0,-139474.0,-0.18763532988227197,-140088.0,-5.352948481577363,0.0,-146479.25,-5.597166630047478,0.0,-146479.25,-5.597166630047478,-0.000525,-0.000525,274460757,274460757,,,1620598967,18:22:47,20210509
8,2017-01-31,TPD.AX,AUD,2017-01-31,2017-01-31,Q1,26170.25,34470.5,-8300.25,-0.3171635731412577,0.0,117179.25,0.0,0.0,14608.5,0.0,7005.25,0.0,-139474.0,-0.18763532988227197,-140088.0,-5.352948481577363,0.0,-146479.25,-5.597166630047478,0.0,-146479.25,-5.597166630047478,-0.000525,-0.000525,274460757,274460757,,,1620598967,18:22:47,20210509
9,2016-06-30,TPD.AX,AUD,2016-06-30,2016-06-30,Q2,33432.5,46903.5,-13471.0,-0.40293127944365514,0.0,109654.25,14304.75,54092.75,24404.5,0.0,475.25,0.0,-105831.75,-0.3159023638936331,-161834.5,-4.8406341135123006,111753.75,-48646.0,-1.4550512226127272,0.0,-48646.0,-1.4550512226127272,-0.0002,-0.0002,253456191,253456191,,,1620598967,18:22:47,20210509
10,2016-03-31,TPD.AX,AUD,2016-03-31,2016-03-31,Q1,33432.5,46903.5,-13471.0,-0.40293127944365514,0.0,109654.25,14304.75,54092.75,24404.5,0.0,475.25,0.0,-105831.75,-0.3159023638936331,-161834.5,-4.8406341135123006,111753.75,-48646.0,-1.4550512226127272,0.0,-48646.0,-1.4550512226127272,-0.0002,-0.0002,253456191,253456191,,,1620598967,18:22:47,20210509
11,2016-01-31,TPD.AX,AUD,2016-01-31,2016-01-31,Q1,33432.5,46903.5,-13471.0,-0.40293127944365514,0.0,109654.25,14304.75,54092.75,24404.5,0.0,475.25,0.0,-105831.75,-0.3159023638936331,-161834.5,-4.8406341135123006,111753.75,-48646.0,-1.4550512226127272,0.0,-48646.0,-1.4550512226127272,-0.0002,-0.0002,253456191,253456191,,,1620598967,18:22:47,20210509
12,2015-09-30,TPD.AX,AUD,2015-09-30,2015-09-30,Q3,102441.25,38763.75,63677.5,0.6216001854721609,0.0,221725.75,55431.75,-11390.25,82162.5,0.0,8554.5,64203.75,-295642.5,-2.885971227410833,-359846.25,-3.5127085036545336,-200752.25,-568218.5,-5.546774370675875,0.0,-568218.5,-5.546774370675875,-0.002375,-0.002375,239228657,239228657,,,1620598967,18:22:47,20210509
13,2015-06-30,TPD.AX,AUD,2015-06-30,2015-06-30,Q2,102441.25,38763.75,63677.5,0.6216001854721609,0.0,221725.75,55431.75,-11390.25,82162.5,0.0,8554.5,64203.75,-295642.5,-2.885971227410833,-359846.25,-3.5127085036545336,-200752.25,-568218.5,-5.546774370675875,0.0,-568218.5,-5.546774370675875,-0.002375,-0.002375,239228657,239228657,,,1620598967,18:22:47,20210509
14,2015-03-31,TPD.AX,AUD,2015-03-31,2015-03-31,Q1,102441.25,38763.75,63677.5,0.6216001854721609,0.0,221725.75,55431.75,-11390.25,82162.5,0.0,8554.5,64203.75,-295642.5,-2.885971227410833,-359846.25,-3.5127085036545336,-200752.25,-568218.5,-5.546774370675875,0.0,-568218.5,-5.546774370675875,-0.002375,-0.002375,239228657,239228657,,,1620598967,18:22:47,20210509
15,2015-01-31,TPD.AX,AUD,2015-01-31,2015-01-31,Q1,102441.25,38763.75,63677.5,0.6216001854721609,0.0,221725.75,55431.75,-11390.25,82162.5,0.0,8554.5,64203.75,-295642.5,-2.885971227410833,-359846.25,-3.5127085036545336,-200752.25,-568218.5,-5.546774370675875,0.0,-568218.5,-5.546774370675875,-0.002375,-0.002375,239228657,239228657,,,1620598967,18:22:47,20210509
16,2014-09-30,TPD.AX,AUD,2014-09-30,2014-09-30,Q3,155694.5,85027.0,70667.5,0.45388565427808947,0.0,169025.5,128645.5,114046.5,2407978.25,0.0,0.0,94587.25,-2634981.75,-16.924051588206392,-2729569.0,-17.531569837084803,-281795.75,-3010482.0,-19.335827534049052,0.0,-3010482.0,-19.335827534049052,-0.021185,-0.021185,142170282,142170282,,,1620598967,18:22:47,20210509
17,2014-06-30,TPD.AX,AUD,2014-06-30,2014-06-30,Q2,155694.5,85027.0,70667.5,0.45388565427808947,0.0,169025.5,128645.5,114046.5,2407978.25,0.0,0.0,94587.25,-2634981.75,-16.924051588206392,-2729569.0,-17.531569837084803,-281795.75,-3010482.0,-19.335827534049052,0.0,-3010482.0,-19.335827534049052,-0.021185,-0.021185,142170282,142170282,,,1620598967,18:22:47,20210509
18,2014-03-31,TPD.AX,AUD,2014-03-31,2014-03-31,Q1,155694.5,85027.0,70667.5,0.45388565427808947,0.0,169025.5,128645.5,114046.5,2407978.25,0.0,0.0,94587.25,-2634981.75,-16.924051588206392,-2729569.0,-17.531569837084803,-281795.75,-3010482.0,-19.335827534049052,0.0,-3010482.0,-19.335827534049052,-0.021185,-0.021185,142170282,142170282,,,1620598967,18:22:47,20210509
19,2014-01-31,TPD.AX,AUD,2014-01-31,2014-01-31,Q1,155694.5,85027.0,70667.5,0.45388565427808947,0.0,169025.5,128645.5,114046.5,2407978.25,0.0,0.0,94587.25,-2634981.75,-16.924051588206392,-2729569.0,-17.531569837084803,-281795.75,-3010482.0,-19.335827534049052,0.0,-3010482.0,-19.335827534049052,-0.021185,-0.021185,142170282,142170282,,,1620598967,18:22:47,20210509
20,2013-09-30,TPD.AX,AUD,2013-09-30,2013-09-30,Q3,140164.0,33468.5,106695.5,0.7612190005992979,0.0,118007.0,224256.0,109736.75,1299568.5,0.0,0.0,58995.25,-1535136.0,-10.952427156759224,-1594131.25,-11.373328743471934,-1290349.75,-2881035.5,-20.554746582574698,0.0,-2881035.5,-20.554746582574698,-0.02208,-0.02208,130459208,130459208,,,1620598967,18:22:47,20210509
21,2013-06-30,TPD.AX,AUD,2013-06-30,2013-06-30,Q2,140164.0,33468.5,106695.5,0.7612190005992979,0.0,118007.0,224256.0,109736.75,1299568.5,0.0,0.0,58995.25,-1535136.0,-10.952427156759224,-1594131.25,-11.373328743471934,-1290349.75,-2881035.5,-20.554746582574698,0.0,-2881035.5,-20.554746582574698,-0.02208,-0.02208,130459208,130459208,,,1620598967,18:22:47,20210509
22,2013-03-31,TPD.AX,AUD,2013-03-31,2013-03-31,Q1,140164.0,33468.5,106695.5,0.7612190005992979,0.0,118007.0,224256.0,109736.75,1299568.5,0.0,0.0,58995.25,-1535136.0,-10.952427156759224,-1594131.25,-11.373328743471934,-1290349.75,-2881035.5,-20.554746582574698,0.0,-2881035.5,-20.554746582574698,-0.02208,-0.02208,130459208,130459208,,,1620598967,18:22:47,20210509
23,2013-01-31,TPD.AX,AUD,2013-01-31,2013-01-31,Q1,140164.0,33468.5,106695.5,0.7612190005992979,0.0,118007.0,224256.0,109736.75,1299568.5,0.0,0.0,58995.25,-1535136.0,-10.952427156759224,-1594131.25,-11.373328743471934,-1290349.75,-2881035.5,-20.554746582574698,0.0,-2881035.5,-20.554746582574698,-0.02208,-0.02208,130459208,130459208,,,1620598967,18:22:47,20210509
