,date,symbol,reportedCurrency,fillingDate,acceptedDate,period,revenue,costOfRevenue,grossProfit,grossProfitRatio,researchAndDevelopmentExpenses,generalAndAdministrativeExpenses,sellingAndMarketingExpenses,otherExpenses,operatingExpenses,costAndExpenses,interestExpense,depreciationAndAmortization,ebitda,ebitdaratio,operatingIncome,operatingIncomeRatio,totalOtherIncomeExpensesNet,incomeBeforeTax,incomeBeforeTaxRatio,incomeTaxExpense,netIncome,netIncomeRatio,eps,epsdiluted,weightedAverageShsOut,weightedAverageShsOutDil,link,finalLink,timestamp,est_time,est_date
0,2019-09-30,0310.HK,HKD,2019-09-30,2019-09-30,Q3,828250.0,0.0,0.0,0.0,0.0,4604250.0,0.0,0.0,0.0,4604250.0,1060750.0,175000.0,-3601000.0,-4.347721098702083,-3776000.0,-4.55900996076064,0.0,-19624000.0,-23.69332930878358,0.0,-19624000.0,-23.69332930878358,-0.0162,-0.0162,1211320000,1211320000,https://www1.hkexnews.hk/search/titlesearch.xhtml,https://www1.hkexnews.hk/search/titlesearch.xhtml,1620584660,14:24:20,20210509
1,2019-06-30,0310.HK,HKD,2019-06-30,2019-06-30,Q2,828250.0,0.0,0.0,0.0,0.0,4604250.0,0.0,0.0,0.0,4604250.0,1060750.0,175000.0,-3601000.0,-4.347721098702083,-3776000.0,-4.55900996076064,0.0,-19624000.0,-23.69332930878358,0.0,-19624000.0,-23.69332930878358,-0.0162,-0.0162,1211320000,1211320000,https://www1.hkexnews.hk/search/titlesearch.xhtml,https://www1.hkexnews.hk/search/titlesearch.xhtml,1620584660,14:24:20,20210509
2,2019-03-31,0310.HK,HKD,2019-03-31,2019-03-31,Q1,828250.0,0.0,0.0,0.0,0.0,4604250.0,0.0,0.0,0.0,4604250.0,1060750.0,175000.0,-3601000.0,-4.347721098702083,-3776000.0,-4.55900996076064,0.0,-19624000.0,-23.69332930878358,0.0,-19624000.0,-23.69332930878358,-0.0162,-0.0162,1211320000,1211320000,https://www1.hkexnews.hk/search/titlesearch.xhtml,https://www1.hkexnews.hk/search/titlesearch.xhtml,1620584660,14:24:20,20210509
3,2019-01-31,0310.HK,HKD,2019-01-31,2019-01-31,Q1,828250.0,0.0,0.0,0.0,0.0,4604250.0,0.0,0.0,0.0,4604250.0,1060750.0,175000.0,-3601000.0,-4.347721098702083,-3776000.0,-4.55900996076064,0.0,-19624000.0,-23.69332930878358,0.0,-19624000.0,-23.69332930878358,-0.0162,-0.0162,1211320000,1211320000,https://www1.hkexnews.hk/search/titlesearch.xhtml,https://www1.hkexnews.hk/search/titlesearch.xhtml,1620584660,14:24:20,20210509
4,2018-09-30,0310.HK,HKD,2018-09-30,2018-09-30,Q3,1175500.0,0.0,0.0,0.0,0.0,5202250.0,0.0,0.0,0.0,5202250.0,1136500.0,150000.0,-3876750.0,-3.2979583156103787,-4026750.0,-3.4255635899617185,0.0,-21801000.0,-18.546150574223734,0.0,-21801000.0,-18.546150574223734,-0.018,-0.018,1211320200,1211320200,https://www1.hkexnews.hk/search/titlesearch.xhtml,https://www1.hkexnews.hk/search/titlesearch.xhtml,1620584660,14:24:20,20210509
5,2018-06-30,0310.HK,HKD,2018-06-30,2018-06-30,Q2,1175500.0,0.0,0.0,0.0,0.0,5202250.0,0.0,0.0,0.0,5202250.0,1136500.0,150000.0,-3876750.0,-3.2979583156103787,-4026750.0,-3.4255635899617185,0.0,-21801000.0,-18.546150574223734,0.0,-21801000.0,-18.546150574223734,-0.018,-0.018,1211320200,1211320200,https://www1.hkexnews.hk/search/titlesearch.xhtml,https://www1.hkexnews.hk/search/titlesearch.xhtml,1620584660,14:24:20,20210509
6,2018-03-31,0310.HK,HKD,2018-03-31,2018-03-31,Q1,1175500.0,0.0,0.0,0.0,0.0,5202250.0,0.0,0.0,0.0,5202250.0,1136500.0,150000.0,-3876750.0,-3.2979583156103787,-4026750.0,-3.4255635899617185,0.0,-21801000.0,-18.546150574223734,0.0,-21801000.0,-18.546150574223734,-0.018,-0.018,1211320200,1211320200,https://www1.hkexnews.hk/search/titlesearch.xhtml,https://www1.hkexnews.hk/search/titlesearch.xhtml,1620584660,14:24:20,20210509
7,2018-01-31,0310.HK,HKD,2018-01-31,2018-01-31,Q1,1175500.0,0.0,0.0,0.0,0.0,5202250.0,0.0,0.0,0.0,5202250.0,1136500.0,150000.0,-3876750.0,-3.2979583156103787,-4026750.0,-3.4255635899617185,0.0,-21801000.0,-18.546150574223734,0.0,-21801000.0,-18.546150574223734,-0.018,-0.018,1211320200,1211320200,https://www1.hkexnews.hk/search/titlesearch.xhtml,https://www1.hkexnews.hk/search/titlesearch.xhtml,1620584660,14:24:20,20210509
8,2017-09-30,0310.HK,HKD,2017-09-30,2017-09-30,Q3,1202000.0,0.0,0.0,0.0,0.0,5218500.0,0.0,0.0,0.0,5218500.0,786000.0,159250.0,-3857250.0,-3.209026622296173,-4016500.0,-3.341514143094842,0.0,239250.0,0.1990432612312812,199250.0,40000.0,0.033277870216306155,2.5e-05,2.5e-05,1211320200,1211320200,https://www1.hkexnews.hk/search/titlesearch.xhtml,https://www1.hkexnews.hk/search/titlesearch.xhtml,1620584660,14:24:20,20210509
9,2017-06-30,0310.HK,HKD,2017-06-30,2017-06-30,Q2,1202000.0,0.0,0.0,0.0,0.0,5218500.0,0.0,0.0,0.0,5218500.0,786000.0,159250.0,-3857250.0,-3.209026622296173,-4016500.0,-3.341514143094842,0.0,239250.0,0.1990432612312812,199250.0,40000.0,0.033277870216306155,2.5e-05,2.5e-05,1211320200,1211320200,https://www1.hkexnews.hk/search/titlesearch.xhtml,https://www1.hkexnews.hk/search/titlesearch.xhtml,1620584660,14:24:20,20210509
10,2017-03-31,0310.HK,HKD,2017-03-31,2017-03-31,Q1,1202000.0,0.0,0.0,0.0,0.0,5218500.0,0.0,0.0,0.0,5218500.0,786000.0,159250.0,-3857250.0,-3.209026622296173,-4016500.0,-3.341514143094842,0.0,239250.0,0.1990432612312812,199250.0,40000.0,0.033277870216306155,2.5e-05,2.5e-05,1211320200,1211320200,https://www1.hkexnews.hk/search/titlesearch.xhtml,https://www1.hkexnews.hk/search/titlesearch.xhtml,1620584660,14:24:20,20210509
11,2017-01-31,0310.HK,HKD,2017-01-31,2017-01-31,Q1,1202000.0,0.0,0.0,0.0,0.0,5218500.0,0.0,0.0,0.0,5218500.0,786000.0,159250.0,-3857250.0,-3.209026622296173,-4016500.0,-3.341514143094842,0.0,239250.0,0.1990432612312812,199250.0,40000.0,0.033277870216306155,2.5e-05,2.5e-05,1211320200,1211320200,https://www1.hkexnews.hk/search/titlesearch.xhtml,https://www1.hkexnews.hk/search/titlesearch.xhtml,1620584660,14:24:20,20210509
12,2016-09-30,0310.HK,HKD,2016-09-30,2016-09-30,Q3,1803750.0,0.0,0.0,0.0,0.0,5238000.0,0.0,0.0,0.0,5238000.0,0.0,109500.0,-3324750.0,-1.8432432432432433,-3434250.0,-1.903950103950104,0.0,-10824250.0,-6.000970200970201,0.0,-10824250.0,-6.000970200970201,-0.009,-0.009,1211320200,1211320200,https://www1.hkexnews.hk/search/titlesearch.xhtml,https://www1.hkexnews.hk/search/titlesearch.xhtml,1620584660,14:24:20,20210509
13,2016-06-30,0310.HK,HKD,2016-06-30,2016-06-30,Q2,1803750.0,0.0,0.0,0.0,0.0,5238000.0,0.0,0.0,0.0,5238000.0,0.0,109500.0,-3324750.0,-1.8432432432432433,-3434250.0,-1.903950103950104,0.0,-10824250.0,-6.000970200970201,0.0,-10824250.0,-6.000970200970201,-0.009,-0.009,1211320200,1211320200,https://www1.hkexnews.hk/search/titlesearch.xhtml,https://www1.hkexnews.hk/search/titlesearch.xhtml,1620584660,14:24:20,20210509
14,2016-03-31,0310.HK,HKD,2016-03-31,2016-03-31,Q1,1803750.0,0.0,0.0,0.0,0.0,5238000.0,0.0,0.0,0.0,5238000.0,0.0,109500.0,-3324750.0,-1.8432432432432433,-3434250.0,-1.903950103950104,0.0,-10824250.0,-6.000970200970201,0.0,-10824250.0,-6.000970200970201,-0.009,-0.009,1211320200,1211320200,https://www1.hkexnews.hk/search/titlesearch.xhtml,https://www1.hkexnews.hk/search/titlesearch.xhtml,1620584660,14:24:20,20210509
15,2016-01-31,0310.HK,HKD,2016-01-31,2016-01-31,Q1,1803750.0,0.0,0.0,0.0,0.0,5238000.0,0.0,0.0,0.0,5238000.0,0.0,109500.0,-3324750.0,-1.8432432432432433,-3434250.0,-1.903950103950104,0.0,-10824250.0,-6.000970200970201,0.0,-10824250.0,-6.000970200970201,-0.009,-0.009,1211320200,1211320200,https://www1.hkexnews.hk/search/titlesearch.xhtml,https://www1.hkexnews.hk/search/titlesearch.xhtml,1620584660,14:24:20,20210509
16,2015-09-30,0310.HK,HKD,2015-09-30,2015-09-30,Q3,2514750.0,0.0,0.0,0.0,0.0,4898500.0,0.0,0.0,0.0,4898500.0,0.0,43750.0,-2340000.0,-0.9305099910527885,-2383750.0,-0.9479073466547371,0.0,4282000.0,1.702753752858137,500.0,4281500.0,1.7025549259369719,0.004,0.004,1092826435,1092826435,https://www1.hkexnews.hk/search/titlesearch.xhtml,https://www1.hkexnews.hk/search/titlesearch.xhtml,1620584660,14:24:20,20210509
17,2015-06-30,0310.HK,HKD,2015-06-30,2015-06-30,Q2,2514750.0,0.0,0.0,0.0,0.0,4898500.0,0.0,0.0,0.0,4898500.0,0.0,43750.0,-2340000.0,-0.9305099910527885,-2383750.0,-0.9479073466547371,0.0,4282000.0,1.702753752858137,500.0,4281500.0,1.7025549259369719,0.004,0.004,1092826435,1092826435,https://www1.hkexnews.hk/search/titlesearch.xhtml,https://www1.hkexnews.hk/search/titlesearch.xhtml,1620584660,14:24:20,20210509
18,2015-03-31,0310.HK,HKD,2015-03-31,2015-03-31,Q1,2514750.0,0.0,0.0,0.0,0.0,4898500.0,0.0,0.0,0.0,4898500.0,0.0,43750.0,-2340000.0,-0.9305099910527885,-2383750.0,-0.9479073466547371,0.0,4282000.0,1.702753752858137,500.0,4281500.0,1.7025549259369719,0.004,0.004,1092826435,1092826435,https://www1.hkexnews.hk/search/titlesearch.xhtml,https://www1.hkexnews.hk/search/titlesearch.xhtml,1620584660,14:24:20,20210509
19,2015-01-31,0310.HK,HKD,2015-01-31,2015-01-31,Q1,2514750.0,0.0,0.0,0.0,0.0,4898500.0,0.0,0.0,0.0,4898500.0,0.0,43750.0,-2340000.0,-0.9305099910527885,-2383750.0,-0.9479073466547371,0.0,4282000.0,1.702753752858137,500.0,4281500.0,1.7025549259369719,0.004,0.004,1092826435,1092826435,https://www1.hkexnews.hk/search/titlesearch.xhtml,https://www1.hkexnews.hk/search/titlesearch.xhtml,1620584660,14:24:20,20210509
20,2014-09-30,0310.HK,HKD,2014-09-30,2014-09-30,Q3,3976750.0,0.0,3976750.0,1.0,0.0,3860500.0,0.0,0.0,0.0,3860500.0,0.0,104000.0,220250.0,0.05538442195259948,116250.0,0.029232413402904382,0.0,-3953750.0,-0.9942163827245867,0.0,-3953750.0,-0.9942163827245867,-0.0055,-0.0055,712546800,712546800,https://www1.hkexnews.hk/search/titlesearch.xhtml,https://www1.hkexnews.hk/search/titlesearch.xhtml,1620584660,14:24:20,20210509
21,2014-06-30,0310.HK,HKD,2014-06-30,2014-06-30,Q2,3976750.0,0.0,3976750.0,1.0,0.0,3860500.0,0.0,0.0,0.0,3860500.0,0.0,104000.0,220250.0,0.05538442195259948,116250.0,0.029232413402904382,0.0,-3953750.0,-0.9942163827245867,0.0,-3953750.0,-0.9942163827245867,-0.0055,-0.0055,712546800,712546800,https://www1.hkexnews.hk/search/titlesearch.xhtml,https://www1.hkexnews.hk/search/titlesearch.xhtml,1620584660,14:24:20,20210509
22,2014-03-31,0310.HK,HKD,2014-03-31,2014-03-31,Q1,3976750.0,0.0,3976750.0,1.0,0.0,3860500.0,0.0,0.0,0.0,3860500.0,0.0,104000.0,220250.0,0.05538442195259948,116250.0,0.029232413402904382,0.0,-3953750.0,-0.9942163827245867,0.0,-3953750.0,-0.9942163827245867,-0.0055,-0.0055,712546800,712546800,https://www1.hkexnews.hk/search/titlesearch.xhtml,https://www1.hkexnews.hk/search/titlesearch.xhtml,1620584660,14:24:20,20210509
23,2014-01-31,0310.HK,HKD,2014-01-31,2014-01-31,Q1,3976750.0,0.0,3976750.0,1.0,0.0,3860500.0,0.0,0.0,0.0,3860500.0,0.0,104000.0,220250.0,0.05538442195259948,116250.0,0.029232413402904382,0.0,-3953750.0,-0.9942163827245867,0.0,-3953750.0,-0.9942163827245867,-0.0055,-0.0055,712546800,712546800,https://www1.hkexnews.hk/search/titlesearch.xhtml,https://www1.hkexnews.hk/search/titlesearch.xhtml,1620584660,14:24:20,20210509
24,2013-09-30,0310.HK,HKD,2013-09-30,2013-09-30,Q3,2961000.0,0.0,2961000.0,1.0,0.0,4157000.0,0.0,0.0,0.0,4157000.0,0.0,80750.0,-1115250.0,-0.37664640324214793,-1196000.0,-0.4039175954069571,0.0,-1027750.0,-0.3470955758189801,8500.0,-1036250.0,-0.3499662276258021,-0.0015,-0.0015,712546800,712546800,https://www1.hkexnews.hk/search/titlesearch.xhtml,https://www1.hkexnews.hk/search/titlesearch.xhtml,1620584660,14:24:20,20210509
25,2013-06-30,0310.HK,HKD,2013-06-30,2013-06-30,Q2,2961000.0,0.0,2961000.0,1.0,0.0,4157000.0,0.0,0.0,0.0,4157000.0,0.0,80750.0,-1115250.0,-0.37664640324214793,-1196000.0,-0.4039175954069571,0.0,-1027750.0,-0.3470955758189801,8500.0,-1036250.0,-0.3499662276258021,-0.0015,-0.0015,712546800,712546800,https://www1.hkexnews.hk/search/titlesearch.xhtml,https://www1.hkexnews.hk/search/titlesearch.xhtml,1620584660,14:24:20,20210509
26,2013-03-31,0310.HK,HKD,2013-03-31,2013-03-31,Q1,2961000.0,0.0,2961000.0,1.0,0.0,4157000.0,0.0,0.0,0.0,4157000.0,0.0,80750.0,-1115250.0,-0.37664640324214793,-1196000.0,-0.4039175954069571,0.0,-1027750.0,-0.3470955758189801,8500.0,-1036250.0,-0.3499662276258021,-0.0015,-0.0015,712546800,712546800,https://www1.hkexnews.hk/search/titlesearch.xhtml,https://www1.hkexnews.hk/search/titlesearch.xhtml,1620584660,14:24:20,20210509
27,2013-01-31,0310.HK,HKD,2013-01-31,2013-01-31,Q1,2961000.0,0.0,2961000.0,1.0,0.0,4157000.0,0.0,0.0,0.0,4157000.0,0.0,80750.0,-1115250.0,-0.37664640324214793,-1196000.0,-0.4039175954069571,0.0,-1027750.0,-0.3470955758189801,8500.0,-1036250.0,-0.3499662276258021,-0.0015,-0.0015,712546800,712546800,https://www1.hkexnews.hk/search/titlesearch.xhtml,https://www1.hkexnews.hk/search/titlesearch.xhtml,1620584660,14:24:20,20210509
28,2012-09-30,0310.HK,HKD,2012-09-30,2012-09-30,Q3,2451750.0,0.0,2451750.0,1.0,0.0,3507000.0,0.0,0.0,0.0,3502250.0,0.0,80750.0,-969750.0,-0.3955338023860508,-1050500.0,-0.42846946058937496,0.0,-132250.0,-0.053941062506373,0.0,-132250.0,-0.053941062506373,-0.00025,-0.00025,712546800,712546800,https://www1.hkexnews.hk/search/titlesearch.xhtml,https://www1.hkexnews.hk/search/titlesearch.xhtml,1620584660,14:24:20,20210509
29,2012-06-30,0310.HK,HKD,2012-06-30,2012-06-30,Q2,2451750.0,0.0,2451750.0,1.0,0.0,3507000.0,0.0,0.0,0.0,3502250.0,0.0,80750.0,-969750.0,-0.3955338023860508,-1050500.0,-0.42846946058937496,0.0,-132250.0,-0.053941062506373,0.0,-132250.0,-0.053941062506373,-0.00025,-0.00025,712546800,712546800,https://www1.hkexnews.hk/search/titlesearch.xhtml,https://www1.hkexnews.hk/search/titlesearch.xhtml,1620584660,14:24:20,20210509
30,2012-03-31,0310.HK,HKD,2012-03-31,2012-03-31,Q1,2451750.0,0.0,2451750.0,1.0,0.0,3507000.0,0.0,0.0,0.0,3502250.0,0.0,80750.0,-969750.0,-0.3955338023860508,-1050500.0,-0.42846946058937496,0.0,-132250.0,-0.053941062506373,0.0,-132250.0,-0.053941062506373,-0.00025,-0.00025,712546800,712546800,https://www1.hkexnews.hk/search/titlesearch.xhtml,https://www1.hkexnews.hk/search/titlesearch.xhtml,1620584660,14:24:20,20210509
31,2012-01-31,0310.HK,HKD,2012-01-31,2012-01-31,Q1,2451750.0,0.0,2451750.0,1.0,0.0,3507000.0,0.0,0.0,0.0,3502250.0,0.0,80750.0,-969750.0,-0.3955338023860508,-1050500.0,-0.42846946058937496,0.0,-132250.0,-0.053941062506373,0.0,-132250.0,-0.053941062506373,-0.00025,-0.00025,712546800,712546800,https://www1.hkexnews.hk/search/titlesearch.xhtml,https://www1.hkexnews.hk/search/titlesearch.xhtml,1620584660,14:24:20,20210509
32,2011-09-30,0310.HK,HKD,2011-09-30,2011-09-30,Q3,3379750.0,0.0,3379750.0,1.0,0.0,3283000.0,0.0,0.0,0.0,13805500.0,0.0,79750.0,-10346000.0,-3.0611731636955395,-10425750.0,-3.084769583549079,0.0,-10278500.0,-3.0412012722834527,-12000.0,-10266500.0,-3.037650713810193,-0.015,-0.015,716552827,716552827,https://www1.hkexnews.hk/search/titlesearch.xhtml,https://www1.hkexnews.hk/search/titlesearch.xhtml,1620584660,14:24:20,20210509
33,2011-06-30,0310.HK,HKD,2011-06-30,2011-06-30,Q2,3379750.0,0.0,3379750.0,1.0,0.0,3283000.0,0.0,0.0,0.0,13805500.0,0.0,79750.0,-10346000.0,-3.0611731636955395,-10425750.0,-3.084769583549079,0.0,-10278500.0,-3.0412012722834527,-12000.0,-10266500.0,-3.037650713810193,-0.015,-0.015,716552827,716552827,https://www1.hkexnews.hk/search/titlesearch.xhtml,https://www1.hkexnews.hk/search/titlesearch.xhtml,1620584660,14:24:20,20210509
34,2011-03-31,0310.HK,HKD,2011-03-31,2011-03-31,Q1,3379750.0,0.0,3379750.0,1.0,0.0,3283000.0,0.0,0.0,0.0,13805500.0,0.0,79750.0,-10346000.0,-3.0611731636955395,-10425750.0,-3.084769583549079,0.0,-10278500.0,-3.0412012722834527,-12000.0,-10266500.0,-3.037650713810193,-0.015,-0.015,716552827,716552827,https://www1.hkexnews.hk/search/titlesearch.xhtml,https://www1.hkexnews.hk/search/titlesearch.xhtml,1620584660,14:24:20,20210509
35,2011-01-31,0310.HK,HKD,2011-01-31,2011-01-31,Q1,3379750.0,0.0,3379750.0,1.0,0.0,3283000.0,0.0,0.0,0.0,13805500.0,0.0,79750.0,-10346000.0,-3.0611731636955395,-10425750.0,-3.084769583549079,0.0,-10278500.0,-3.0412012722834527,-12000.0,-10266500.0,-3.037650713810193,-0.015,-0.015,716552827,716552827,https://www1.hkexnews.hk/search/titlesearch.xhtml,https://www1.hkexnews.hk/search/titlesearch.xhtml,1620584660,14:24:20,20210509
36,2010-09-30,0310.HK,HKD,2010-09-30,2010-09-30,Q3,3183500.0,0.0,3183500.0,1.0,0.0,6932750.0,0.0,0.0,0.0,7318500.0,0.0,72250.0,-4062750.0,-1.2761897282864771,-4135000.0,-1.2988848751374273,0.0,-14167250.0,-4.450212030783729,-20750.0,-14146500.0,-4.443694047432071,-0.0225,-0.0225,634754608,634754608,https://www1.hkexnews.hk/search/titlesearch.xhtml,https://www1.hkexnews.hk/search/titlesearch.xhtml,1620584660,14:24:20,20210509
37,2010-06-30,0310.HK,HKD,2010-06-30,2010-06-30,Q2,3183500.0,0.0,3183500.0,1.0,0.0,6932750.0,0.0,0.0,0.0,7318500.0,0.0,72250.0,-4062750.0,-1.2761897282864771,-4135000.0,-1.2988848751374273,0.0,-14167250.0,-4.450212030783729,-20750.0,-14146500.0,-4.443694047432071,-0.0225,-0.0225,634754608,634754608,https://www1.hkexnews.hk/search/titlesearch.xhtml,https://www1.hkexnews.hk/search/titlesearch.xhtml,1620584660,14:24:20,20210509
38,2010-03-31,0310.HK,HKD,2010-03-31,2010-03-31,Q1,3183500.0,0.0,3183500.0,1.0,0.0,6932750.0,0.0,0.0,0.0,7318500.0,0.0,72250.0,-4062750.0,-1.2761897282864771,-4135000.0,-1.2988848751374273,0.0,-14167250.0,-4.450212030783729,-20750.0,-14146500.0,-4.443694047432071,-0.0225,-0.0225,634754608,634754608,https://www1.hkexnews.hk/search/titlesearch.xhtml,https://www1.hkexnews.hk/search/titlesearch.xhtml,1620584660,14:24:20,20210509
39,2010-01-31,0310.HK,HKD,2010-01-31,2010-01-31,Q1,3183500.0,0.0,3183500.0,1.0,0.0,6932750.0,0.0,0.0,0.0,7318500.0,0.0,72250.0,-4062750.0,-1.2761897282864771,-4135000.0,-1.2988848751374273,0.0,-14167250.0,-4.450212030783729,-20750.0,-14146500.0,-4.443694047432071,-0.0225,-0.0225,634754608,634754608,https://www1.hkexnews.hk/search/titlesearch.xhtml,https://www1.hkexnews.hk/search/titlesearch.xhtml,1620584660,14:24:20,20210509
40,2009-09-30,0310.HK,HKD,2009-09-30,2009-09-30,Q3,1867913.0,0.0,0.0,0.0,0.0,3379327.75,0.0,0.0,0.0,3379327.75,30507.5,0.0,-1729559.25,-1.079993645779987,-1511414.75,-0.8091462236196225,0.0,-25481891.25,-13.641904762159694,22914.0,-25504805.25,-13.654171928778268,-0.050625,-0.050625,506844472,506844472,https://www1.hkexnews.hk/search/titlesearch.xhtml,https://www1.hkexnews.hk/search/titlesearch.xhtml,1620584660,14:24:20,20210509
41,2009-06-30,0310.HK,HKD,2009-06-30,2009-06-30,Q2,1867913.0,0.0,0.0,0.0,0.0,3379327.75,0.0,0.0,0.0,3379327.75,30507.5,0.0,-1729559.25,-1.079993645779987,-1511414.75,-0.8091462236196225,0.0,-25481891.25,-13.641904762159694,22914.0,-25504805.25,-13.654171928778268,-0.050625,-0.050625,506844472,506844472,https://www1.hkexnews.hk/search/titlesearch.xhtml,https://www1.hkexnews.hk/search/titlesearch.xhtml,1620584660,14:24:20,20210509
42,2009-03-31,0310.HK,HKD,2009-03-31,2009-03-31,Q1,1867913.0,0.0,0.0,0.0,0.0,3379327.75,0.0,0.0,0.0,3379327.75,30507.5,0.0,-1729559.25,-1.079993645779987,-1511414.75,-0.8091462236196225,0.0,-25481891.25,-13.641904762159694,22914.0,-25504805.25,-13.654171928778268,-0.050625,-0.050625,506844472,506844472,https://www1.hkexnews.hk/search/titlesearch.xhtml,https://www1.hkexnews.hk/search/titlesearch.xhtml,1620584660,14:24:20,20210509
43,2009-01-31,0310.HK,HKD,2009-01-31,2009-01-31,Q1,1867913.0,0.0,0.0,0.0,0.0,3379327.75,0.0,0.0,0.0,3379327.75,30507.5,0.0,-1729559.25,-1.079993645779987,-1511414.75,-0.8091462236196225,0.0,-25481891.25,-13.641904762159694,22914.0,-25504805.25,-13.654171928778268,-0.050625,-0.050625,506844472,506844472,https://www1.hkexnews.hk/search/titlesearch.xhtml,https://www1.hkexnews.hk/search/titlesearch.xhtml,1620584660,14:24:20,20210509
44,2008-09-30,0310.HK,HKD,2008-09-30,2008-09-30,Q3,3666220.5,0.0,0.0,0.0,0.0,1350000.0,0.0,-5802424.5,0.0,3210175.75,18780.0,0.0,-5720392.5,-0.6409036617679643,456044.75,0.12439097702934125,0.0,-13365421.25,-3.6455584845483244,24443.5,-13389864.75,-3.6522257049187306,-0.03079048842265481,-0.029932033858028038,434870164,447342296,https://www1.hkexnews.hk/search/titlesearch.xhtml,https://www1.hkexnews.hk/search/titlesearch.xhtml,1620584660,14:24:20,20210509
45,2008-06-30,0310.HK,HKD,2008-06-30,2008-06-30,Q2,3666220.5,0.0,0.0,0.0,0.0,1350000.0,0.0,-5802424.5,0.0,3210175.75,18780.0,0.0,-5720392.5,-0.6409036617679643,456044.75,0.12439097702934125,0.0,-13365421.25,-3.6455584845483244,24443.5,-13389864.75,-3.6522257049187306,-0.03079048842265481,-0.029932033858028038,434870164,447342296,https://www1.hkexnews.hk/search/titlesearch.xhtml,https://www1.hkexnews.hk/search/titlesearch.xhtml,1620584660,14:24:20,20210509
46,2008-03-31,0310.HK,HKD,2008-03-31,2008-03-31,Q1,3666220.5,0.0,0.0,0.0,0.0,1350000.0,0.0,-5802424.5,0.0,3210175.75,18780.0,0.0,-5720392.5,-0.6409036617679643,456044.75,0.12439097702934125,0.0,-13365421.25,-3.6455584845483244,24443.5,-13389864.75,-3.6522257049187306,-0.03079048842265481,-0.029932033858028038,434870164,447342296,https://www1.hkexnews.hk/search/titlesearch.xhtml,https://www1.hkexnews.hk/search/titlesearch.xhtml,1620584660,14:24:20,20210509
47,2008-01-31,0310.HK,HKD,2008-01-31,2008-01-31,Q1,3666220.5,0.0,0.0,0.0,0.0,1350000.0,0.0,-5802424.5,0.0,3210175.75,18780.0,0.0,-5720392.5,-0.6409036617679643,456044.75,0.12439097702934125,0.0,-13365421.25,-3.6455584845483244,24443.5,-13389864.75,-3.6522257049187306,-0.03079048842265481,-0.029932033858028038,434870164,447342296,https://www1.hkexnews.hk/search/titlesearch.xhtml,https://www1.hkexnews.hk/search/titlesearch.xhtml,1620584660,14:24:20,20210509
48,2007-09-30,0310.HK,HKD,2007-09-30,2007-09-30,Q3,15739533.5,0.0,0.0,0.0,0.0,0.0,0.0,0.0,0.0,2729567.5,0.0,0.0,13009966.0,1.2098058903459086,13009966.0,0.8265788817692723,0.0,37752152.75,2.398556015017853,192424.5,37559728.25,2.3863304620813572,0.1533125,0.1453125,244988036,258475549,https://www1.hkexnews.hk/search/titlesearch.xhtml,https://www1.hkexnews.hk/search/titlesearch.xhtml,1620584660,14:24:20,20210509
49,2007-06-30,0310.HK,HKD,2007-06-30,2007-06-30,Q2,15739533.5,0.0,0.0,0.0,0.0,0.0,0.0,0.0,0.0,2729567.5,0.0,0.0,13009966.0,1.2098058903459086,13009966.0,0.8265788817692723,0.0,37752152.75,2.398556015017853,192424.5,37559728.25,2.3863304620813572,0.1533125,0.1453125,244988036,258475549,https://www1.hkexnews.hk/search/titlesearch.xhtml,https://www1.hkexnews.hk/search/titlesearch.xhtml,1620584660,14:24:20,20210509
50,2007-03-31,0310.HK,HKD,2007-03-31,2007-03-31,Q1,15739533.5,0.0,0.0,0.0,0.0,0.0,0.0,0.0,0.0,2729567.5,0.0,0.0,13009966.0,1.2098058903459086,13009966.0,0.8265788817692723,0.0,37752152.75,2.398556015017853,192424.5,37559728.25,2.3863304620813572,0.1533125,0.1453125,244988036,258475549,https://www1.hkexnews.hk/search/titlesearch.xhtml,https://www1.hkexnews.hk/search/titlesearch.xhtml,1620584660,14:24:20,20210509
51,2007-01-31,0310.HK,HKD,2007-01-31,2007-01-31,Q1,15739533.5,0.0,0.0,0.0,0.0,0.0,0.0,0.0,0.0,2729567.5,0.0,0.0,13009966.0,1.2098058903459086,13009966.0,0.8265788817692723,0.0,37752152.75,2.398556015017853,192424.5,37559728.25,2.3863304620813572,0.1533125,0.1453125,244988036,258475549,https://www1.hkexnews.hk/search/titlesearch.xhtml,https://www1.hkexnews.hk/search/titlesearch.xhtml,1620584660,14:24:20,20210509
52,2006-09-30,0310.HK,HKD,2006-09-30,2006-09-30,Q3,34528713.75,31026594.25,3502119.5,0.10142629480369798,0.0,0.0,0.0,0.0,0.0,30675892.25,0.0,0.0,3852821.5,8.961929264047141,3852821.5,0.1115831168196933,0.0,2752977.0,0.07973007682627621,334530.0,2418447.0,0.07004161862241393,0.014,0.014,172746214,172746214,https://www1.hkexnews.hk/search/titlesearch.xhtml,https://www1.hkexnews.hk/search/titlesearch.xhtml,1620584660,14:24:20,20210509
53,2006-06-30,0310.HK,HKD,2006-06-30,2006-06-30,Q2,34528713.75,31026594.25,3502119.5,0.10142629480369798,0.0,0.0,0.0,0.0,0.0,30675892.25,0.0,0.0,3852821.5,8.961929264047141,3852821.5,0.1115831168196933,0.0,2752977.0,0.07973007682627621,334530.0,2418447.0,0.07004161862241393,0.014,0.014,172746214,172746214,https://www1.hkexnews.hk/search/titlesearch.xhtml,https://www1.hkexnews.hk/search/titlesearch.xhtml,1620584660,14:24:20,20210509
54,2006-03-31,0310.HK,HKD,2006-03-31,2006-03-31,Q1,34528713.75,31026594.25,3502119.5,0.10142629480369798,0.0,0.0,0.0,0.0,0.0,30675892.25,0.0,0.0,3852821.5,8.961929264047141,3852821.5,0.1115831168196933,0.0,2752977.0,0.07973007682627621,334530.0,2418447.0,0.07004161862241393,0.014,0.014,172746214,172746214,https://www1.hkexnews.hk/search/titlesearch.xhtml,https://www1.hkexnews.hk/search/titlesearch.xhtml,1620584660,14:24:20,20210509
55,2006-01-31,0310.HK,HKD,2006-01-31,2006-01-31,Q1,34528713.75,31026594.25,3502119.5,0.10142629480369798,0.0,0.0,0.0,0.0,0.0,30675892.25,0.0,0.0,3852821.5,8.961929264047141,3852821.5,0.1115831168196933,0.0,2752977.0,0.07973007682627621,334530.0,2418447.0,0.07004161862241393,0.014,0.014,172746214,172746214,https://www1.hkexnews.hk/search/titlesearch.xhtml,https://www1.hkexnews.hk/search/titlesearch.xhtml,1620584660,14:24:20,20210509
56,2005-09-30,0310.HK,HKD,2005-09-30,2005-09-30,Q3,1859005.5,0.0,0.0,0.0,0.0,0.0,0.0,0.0,0.0,3446982.0,0.0,0.0,-1587976.5,-1.1706756995459315,-1587976.5,-0.8542075319303789,0.0,-1942351.25,-1.0448335144785748,38838.5,-1981189.75,-1.065725598982897,-0.0114375,-0.0114375,173218776,173218776,https://www1.hkexnews.hk/search/titlesearch.xhtml,https://www1.hkexnews.hk/search/titlesearch.xhtml,1620584660,14:24:20,20210509
57,2005-06-30,0310.HK,HKD,2005-06-30,2005-06-30,Q2,1859005.5,0.0,0.0,0.0,0.0,0.0,0.0,0.0,0.0,3446982.0,0.0,0.0,-1587976.5,-1.1706756995459315,-1587976.5,-0.8542075319303789,0.0,-1942351.25,-1.0448335144785748,38838.5,-1981189.75,-1.065725598982897,-0.0114375,-0.0114375,173218776,173218776,https://www1.hkexnews.hk/search/titlesearch.xhtml,https://www1.hkexnews.hk/search/titlesearch.xhtml,1620584660,14:24:20,20210509
58,2005-03-31,0310.HK,HKD,2005-03-31,2005-03-31,Q1,1859005.5,0.0,0.0,0.0,0.0,0.0,0.0,0.0,0.0,3446982.0,0.0,0.0,-1587976.5,-1.1706756995459315,-1587976.5,-0.8542075319303789,0.0,-1942351.25,-1.0448335144785748,38838.5,-1981189.75,-1.065725598982897,-0.0114375,-0.0114375,173218776,173218776,https://www1.hkexnews.hk/search/titlesearch.xhtml,https://www1.hkexnews.hk/search/titlesearch.xhtml,1620584660,14:24:20,20210509
59,2005-01-31,0310.HK,HKD,2005-01-31,2005-01-31,Q1,1859005.5,0.0,0.0,0.0,0.0,0.0,0.0,0.0,0.0,3446982.0,0.0,0.0,-1587976.5,-1.1706756995459315,-1587976.5,-0.8542075319303789,0.0,-1942351.25,-1.0448335144785748,38838.5,-1981189.75,-1.065725598982897,-0.0114375,-0.0114375,173218776,173218776,https://www1.hkexnews.hk/search/titlesearch.xhtml,https://www1.hkexnews.hk/search/titlesearch.xhtml,1620584660,14:24:20,20210509
60,2004-09-30,0310.HK,HKD,2004-09-30,2004-09-30,Q3,1218098.0,0.0,0.0,0.0,0.0,908353.25,0.0,0.0,0.0,3627632.25,270177.75,19368.75,-2390165.5,-1.9622111685595083,-2409534.25,-1.9781119827797107,0.0,-744677.25,-0.6113442842858292,201346.25,-946023.5,-0.7766398926851534,-0.0055,-0.0055,172780800,172780800,https://www1.hkexnews.hk/search/titlesearch.xhtml,https://www1.hkexnews.hk/search/titlesearch.xhtml,1620584660,14:24:20,20210509
61,2004-06-30,0310.HK,HKD,2004-06-30,2004-06-30,Q2,1218098.0,0.0,0.0,0.0,0.0,908353.25,0.0,0.0,0.0,3627632.25,270177.75,19368.75,-2390165.5,-1.9622111685595083,-2409534.25,-1.9781119827797107,0.0,-744677.25,-0.6113442842858292,201346.25,-946023.5,-0.7766398926851534,-0.0055,-0.0055,172780800,172780800,https://www1.hkexnews.hk/search/titlesearch.xhtml,https://www1.hkexnews.hk/search/titlesearch.xhtml,1620584660,14:24:20,20210509
62,2004-03-31,0310.HK,HKD,2004-03-31,2004-03-31,Q1,1218098.0,0.0,0.0,0.0,0.0,908353.25,0.0,0.0,0.0,3627632.25,270177.75,19368.75,-2390165.5,-1.9622111685595083,-2409534.25,-1.9781119827797107,0.0,-744677.25,-0.6113442842858292,201346.25,-946023.5,-0.7766398926851534,-0.0055,-0.0055,172780800,172780800,https://www1.hkexnews.hk/search/titlesearch.xhtml,https://www1.hkexnews.hk/search/titlesearch.xhtml,1620584660,14:24:20,20210509
63,2004-01-31,0310.HK,HKD,2004-01-31,2004-01-31,Q1,1218098.0,0.0,0.0,0.0,0.0,908353.25,0.0,0.0,0.0,3627632.25,270177.75,19368.75,-2390165.5,-1.9622111685595083,-2409534.25,-1.9781119827797107,0.0,-744677.25,-0.6113442842858292,201346.25,-946023.5,-0.7766398926851534,-0.0055,-0.0055,172780800,172780800,https://www1.hkexnews.hk/search/titlesearch.xhtml,https://www1.hkexnews.hk/search/titlesearch.xhtml,1620584660,14:24:20,20210509
64,2003-09-30,0310.HK,HKD,2003-09-30,2003-09-30,Q3,910716.5,0.0,0.0,0.0,0.0,887397.0,0.0,0.0,0.0,9624395.0,2898.25,22302.5,-8691376.0,-9.543448482595846,-8713678.5,-9.567937442661904,0.0,-5889341.5,-6.466712198582106,306124.75,-6195466.25,-6.802848361702022,-0.05625,-0.05625,110118174,110118174,https://www1.hkexnews.hk/search/titlesearch.xhtml,https://www1.hkexnews.hk/search/titlesearch.xhtml,1620584660,14:24:20,20210509
65,2003-06-30,0310.HK,HKD,2003-06-30,2003-06-30,Q2,910716.5,0.0,0.0,0.0,0.0,887397.0,0.0,0.0,0.0,9624395.0,2898.25,22302.5,-8691376.0,-9.543448482595846,-8713678.5,-9.567937442661904,0.0,-5889341.5,-6.466712198582106,306124.75,-6195466.25,-6.802848361702022,-0.05625,-0.05625,110118174,110118174,https://www1.hkexnews.hk/search/titlesearch.xhtml,https://www1.hkexnews.hk/search/titlesearch.xhtml,1620584660,14:24:20,20210509
66,2003-03-31,0310.HK,HKD,2003-03-31,2003-03-31,Q1,910716.5,0.0,0.0,0.0,0.0,887397.0,0.0,0.0,0.0,9624395.0,2898.25,22302.5,-8691376.0,-9.543448482595846,-8713678.5,-9.567937442661904,0.0,-5889341.5,-6.466712198582106,306124.75,-6195466.25,-6.802848361702022,-0.05625,-0.05625,110118174,110118174,https://www1.hkexnews.hk/search/titlesearch.xhtml,https://www1.hkexnews.hk/search/titlesearch.xhtml,1620584660,14:24:20,20210509
67,2003-01-31,0310.HK,HKD,2003-01-31,2003-01-31,Q1,910716.5,0.0,0.0,0.0,0.0,887397.0,0.0,0.0,0.0,9624395.0,2898.25,22302.5,-8691376.0,-9.543448482595846,-8713678.5,-9.567937442661904,0.0,-5889341.5,-6.466712198582106,306124.75,-6195466.25,-6.802848361702022,-0.05625,-0.05625,110118174,110118174,https://www1.hkexnews.hk/search/titlesearch.xhtml,https://www1.hkexnews.hk/search/titlesearch.xhtml,1620584660,14:24:20,20210509
68,2002-09-30,0310.HK,HKD,2002-09-30,2002-09-30,Q3,986063.5,0.0,986063.5,1.0,0.0,874901.0,0.0,0.0,0.0,1465580.25,5832.75,21839.75,-457677.0,-0.4641455646619107,-479516.75,-0.4862939861378096,0.0,-3395523.0,-3.4435135262587044,442200.5,-3837723.5,-3.8919638542548225,-0.010625,-0.010625,359960000,359960000,https://www1.hkexnews.hk/search/titlesearch.xhtml,https://www1.hkexnews.hk/search/titlesearch.xhtml,1620584660,14:24:20,20210509
69,2002-06-30,0310.HK,HKD,2002-06-30,2002-06-30,Q2,986063.5,0.0,986063.5,1.0,0.0,874901.0,0.0,0.0,0.0,1465580.25,5832.75,21839.75,-457677.0,-0.4641455646619107,-479516.75,-0.4862939861378096,0.0,-3395523.0,-3.4435135262587044,442200.5,-3837723.5,-3.8919638542548225,-0.010625,-0.010625,359960000,359960000,https://www1.hkexnews.hk/search/titlesearch.xhtml,https://www1.hkexnews.hk/search/titlesearch.xhtml,1620584660,14:24:20,20210509
70,2002-03-31,0310.HK,HKD,2002-03-31,2002-03-31,Q1,986063.5,0.0,986063.5,1.0,0.0,874901.0,0.0,0.0,0.0,1465580.25,5832.75,21839.75,-457677.0,-0.4641455646619107,-479516.75,-0.4862939861378096,0.0,-3395523.0,-3.4435135262587044,442200.5,-3837723.5,-3.8919638542548225,-0.010625,-0.010625,359960000,359960000,https://www1.hkexnews.hk/search/titlesearch.xhtml,https://www1.hkexnews.hk/search/titlesearch.xhtml,1620584660,14:24:20,20210509
71,2002-01-31,0310.HK,HKD,2002-01-31,2002-01-31,Q1,986063.5,0.0,986063.5,1.0,0.0,874901.0,0.0,0.0,0.0,1465580.25,5832.75,21839.75,-457677.0,-0.4641455646619107,-479516.75,-0.4862939861378096,0.0,-3395523.0,-3.4435135262587044,442200.5,-3837723.5,-3.8919638542548225,-0.010625,-0.010625,359960000,359960000,https://www1.hkexnews.hk/search/titlesearch.xhtml,https://www1.hkexnews.hk/search/titlesearch.xhtml,1620584660,14:24:20,20210509
72,2001-09-30,0310.HK,HKD,2001-09-30,2001-09-30,Q3,1128466.0,0.0,0.0,0.0,0.0,915117.25,0.0,0.0,0.0,2897314.25,5277.5,19016.0,-1749832.25,-1.5506291283919942,-1768848.25,-1.5674803228453493,0.0,-2809427.5,-2.4895987118796667,411243.0,-3220670.5,-2.8540252874255847,-0.00875,-0.00875,359960000,359960000,https://www1.hkexnews.hk/search/titlesearch.xhtml,https://www1.hkexnews.hk/search/titlesearch.xhtml,1620584660,14:24:20,20210509
73,2001-06-30,0310.HK,HKD,2001-06-30,2001-06-30,Q2,1128466.0,0.0,0.0,0.0,0.0,915117.25,0.0,0.0,0.0,2897314.25,5277.5,19016.0,-1749832.25,-1.5506291283919942,-1768848.25,-1.5674803228453493,0.0,-2809427.5,-2.4895987118796667,411243.0,-3220670.5,-2.8540252874255847,-0.00875,-0.00875,359960000,359960000,https://www1.hkexnews.hk/search/titlesearch.xhtml,https://www1.hkexnews.hk/search/titlesearch.xhtml,1620584660,14:24:20,20210509
74,2001-03-31,0310.HK,HKD,2001-03-31,2001-03-31,Q1,1128466.0,0.0,0.0,0.0,0.0,915117.25,0.0,0.0,0.0,2897314.25,5277.5,19016.0,-1749832.25,-1.5506291283919942,-1768848.25,-1.5674803228453493,0.0,-2809427.5,-2.4895987118796667,411243.0,-3220670.5,-2.8540252874255847,-0.00875,-0.00875,359960000,359960000,https://www1.hkexnews.hk/search/titlesearch.xhtml,https://www1.hkexnews.hk/search/titlesearch.xhtml,1620584660,14:24:20,20210509
75,2001-01-31,0310.HK,HKD,2001-01-31,2001-01-31,Q1,1128466.0,0.0,0.0,0.0,0.0,915117.25,0.0,0.0,0.0,2897314.25,5277.5,19016.0,-1749832.25,-1.5506291283919942,-1768848.25,-1.5674803228453493,0.0,-2809427.5,-2.4895987118796667,411243.0,-3220670.5,-2.8540252874255847,-0.00875,-0.00875,359960000,359960000,https://www1.hkexnews.hk/search/titlesearch.xhtml,https://www1.hkexnews.hk/search/titlesearch.xhtml,1620584660,14:24:20,20210509
76,2000-09-30,0310.HK,HKD,2000-09-30,2000-09-30,Q3,785090.25,0.0,0.0,0.0,0.0,854393.0,0.0,0.0,0.0,1473139.5,68106.0,22634.75,-665414.5,-0.8475643405328241,-688049.25,-0.8763951023465136,0.0,4044933.5,5.152189190987915,140670.0,3904263.5,4.9730123383903955,0.015,0.015,261669318,261669318,https://www1.hkexnews.hk/search/titlesearch.xhtml,https://www1.hkexnews.hk/search/titlesearch.xhtml,1620584660,14:24:20,20210509
77,2000-06-30,0310.HK,HKD,2000-06-30,2000-06-30,Q2,785090.25,0.0,0.0,0.0,0.0,854393.0,0.0,0.0,0.0,1473139.5,68106.0,22634.75,-665414.5,-0.8475643405328241,-688049.25,-0.8763951023465136,0.0,4044933.5,5.152189190987915,140670.0,3904263.5,4.9730123383903955,0.015,0.015,261669318,261669318,https://www1.hkexnews.hk/search/titlesearch.xhtml,https://www1.hkexnews.hk/search/titlesearch.xhtml,1620584660,14:24:20,20210509
78,2000-03-31,0310.HK,HKD,2000-03-31,2000-03-31,Q1,785090.25,0.0,0.0,0.0,0.0,854393.0,0.0,0.0,0.0,1473139.5,68106.0,22634.75,-665414.5,-0.8475643405328241,-688049.25,-0.8763951023465136,0.0,4044933.5,5.152189190987915,140670.0,3904263.5,4.9730123383903955,0.015,0.015,261669318,261669318,https://www1.hkexnews.hk/search/titlesearch.xhtml,https://www1.hkexnews.hk/search/titlesearch.xhtml,1620584660,14:24:20,20210509
79,2000-01-31,0310.HK,HKD,2000-01-31,2000-01-31,Q1,785090.25,0.0,0.0,0.0,0.0,854393.0,0.0,0.0,0.0,1473139.5,68106.0,22634.75,-665414.5,-0.8475643405328241,-688049.25,-0.8763951023465136,0.0,4044933.5,5.152189190987915,140670.0,3904263.5,4.9730123383903955,0.015,0.015,261669318,261669318,https://www1.hkexnews.hk/search/titlesearch.xhtml,https://www1.hkexnews.hk/search/titlesearch.xhtml,1620584660,14:24:20,20210509
80,1999-09-30,0310.HK,HKD,1999-09-30,1999-09-30,Q3,609751.25,0.0,0.0,0.0,0.0,633581.25,0.0,0.0,0.0,2029816.25,0.0,51201.25,-1368863.75,-2.2449543973874593,-1420065.0,-2.328925114954664,0.0,-1633433.5,-2.678852236875283,273139.0,-1906572.5,-3.126803758089877,-0.011875,-0.011875,158540000,158540000,https://www1.hkexnews.hk/search/titlesearch.xhtml,https://www1.hkexnews.hk/search/titlesearch.xhtml,1620584660,14:24:20,20210509
81,1999-06-30,0310.HK,HKD,1999-06-30,1999-06-30,Q2,609751.25,0.0,0.0,0.0,0.0,633581.25,0.0,0.0,0.0,2029816.25,0.0,51201.25,-1368863.75,-2.2449543973874593,-1420065.0,-2.328925114954664,0.0,-1633433.5,-2.678852236875283,273139.0,-1906572.5,-3.126803758089877,-0.011875,-0.011875,158540000,158540000,https://www1.hkexnews.hk/search/titlesearch.xhtml,https://www1.hkexnews.hk/search/titlesearch.xhtml,1620584660,14:24:20,20210509
82,1999-03-31,0310.HK,HKD,1999-03-31,1999-03-31,Q1,609751.25,0.0,0.0,0.0,0.0,633581.25,0.0,0.0,0.0,2029816.25,0.0,51201.25,-1368863.75,-2.2449543973874593,-1420065.0,-2.328925114954664,0.0,-1633433.5,-2.678852236875283,273139.0,-1906572.5,-3.126803758089877,-0.011875,-0.011875,158540000,158540000,https://www1.hkexnews.hk/search/titlesearch.xhtml,https://www1.hkexnews.hk/search/titlesearch.xhtml,1620584660,14:24:20,20210509
83,1999-01-31,0310.HK,HKD,1999-01-31,1999-01-31,Q1,609751.25,0.0,0.0,0.0,0.0,633581.25,0.0,0.0,0.0,2029816.25,0.0,51201.25,-1368863.75,-2.2449543973874593,-1420065.0,-2.328925114954664,0.0,-1633433.5,-2.678852236875283,273139.0,-1906572.5,-3.126803758089877,-0.011875,-0.011875,158540000,158540000,https://www1.hkexnews.hk/search/titlesearch.xhtml,https://www1.hkexnews.hk/search/titlesearch.xhtml,1620584660,14:24:20,20210509
