,date,symbol,reportedCurrency,fillingDate,acceptedDate,period,revenue,costOfRevenue,grossProfit,grossProfitRatio,researchAndDevelopmentExpenses,generalAndAdministrativeExpenses,sellingAndMarketingExpenses,otherExpenses,operatingExpenses,costAndExpenses,interestExpense,depreciationAndAmortization,ebitda,ebitdaratio,operatingIncome,operatingIncomeRatio,totalOtherIncomeExpensesNet,incomeBeforeTax,incomeBeforeTaxRatio,incomeTaxExpense,netIncome,netIncomeRatio,eps,epsdiluted,weightedAverageShsOut,weightedAverageShsOutDil,link,finalLink,timestamp,est_time,est_date
0,2019-06-30,OZL.AX,AUD,2019-06-30,2019-06-30,Q2,273175000.0,35200000.0,237975000.0,0.8711448705042555,0.0,24750000.0,20125000.0,-10550000.0,124175000.0,0.0,2500000.0,0.0,59650000.0,4.579631181894384,68925000.0,0.25231078978676674,-10550000.0,57150000.0,0.20920655257618742,16175000.0,40975000.0,0.14999542417864006,0.12675,0.12675,323431247.0,323431247.0,,,1620596281,17:38:01,20210509
1,2019-03-31,OZL.AX,AUD,2019-03-31,2019-03-31,Q1,273175000.0,35200000.0,237975000.0,0.8711448705042555,0.0,24750000.0,20125000.0,-10550000.0,124175000.0,0.0,2500000.0,0.0,59650000.0,4.579631181894384,68925000.0,0.25231078978676674,-10550000.0,57150000.0,0.20920655257618742,16175000.0,40975000.0,0.14999542417864006,0.12675,0.12675,323431247.0,323431247.0,,,1620596281,17:38:01,20210509
2,2019-01-31,OZL.AX,AUD,2019-01-31,2019-01-31,Q1,273175000.0,35200000.0,237975000.0,0.8711448705042555,0.0,24750000.0,20125000.0,-10550000.0,124175000.0,0.0,2500000.0,0.0,59650000.0,4.579631181894384,68925000.0,0.25231078978676674,-10550000.0,57150000.0,0.20920655257618742,16175000.0,40975000.0,0.14999542417864006,0.12675,0.12675,323431247.0,323431247.0,,,1620596281,17:38:01,20210509
3,2018-06-30,OZL.AX,AUD,2018-06-30,2018-06-30,Q2,279250000.0,20925000.0,258325000.0,0.9250671441360788,0.0,17525000.0,18225000.0,-11575000.0,134500000.0,0.0,1275000.0,0.0,79500000.0,3.5125786163522013,88075000.0,0.3153983885407341,-11575000.0,78225000.0,0.2801253357206804,22625000.0,55600000.0,0.1991047448522829,0.17875,0.17875,311168127.0,311168127.0,,,1620596281,17:38:01,20210509
4,2018-03-31,OZL.AX,AUD,2018-03-31,2018-03-31,Q1,279250000.0,20925000.0,258325000.0,0.9250671441360788,0.0,17525000.0,18225000.0,-11575000.0,134500000.0,0.0,1275000.0,0.0,79500000.0,3.5125786163522013,88075000.0,0.3153983885407341,-11575000.0,78225000.0,0.2801253357206804,22625000.0,55600000.0,0.1991047448522829,0.17875,0.17875,311168127.0,311168127.0,,,1620596281,17:38:01,20210509
5,2018-01-31,OZL.AX,AUD,2018-01-31,2018-01-31,Q1,279250000.0,20925000.0,258325000.0,0.9250671441360788,0.0,17525000.0,18225000.0,-11575000.0,134500000.0,0.0,1275000.0,0.0,79500000.0,3.5125786163522013,88075000.0,0.3153983885407341,-11575000.0,78225000.0,0.2801253357206804,22625000.0,55600000.0,0.1991047448522829,0.17875,0.17875,311168127.0,311168127.0,,,1620596281,17:38:01,20210509
6,2017-06-30,OZL.AX,AUD,2017-06-30,2017-06-30,Q2,255775000.0,35525000.0,220250000.0,0.8611083960512169,0.0,14050000.0,15900000.0,-13550000.0,15700000.0,0.0,950000.0,80875000.0,174600000.0,0.6826312188446877,93725000.0,0.366435343563679,-13550000.0,82350000.0,0.32196266249633465,24575000.0,57775000.0,0.2258821229596325,0.1935,0.1935,298582892.0,298582892.0,,,1620596281,17:38:01,20210509
7,2017-03-31,OZL.AX,AUD,2017-03-31,2017-03-31,Q1,255775000.0,35525000.0,220250000.0,0.8611083960512169,0.0,14050000.0,15900000.0,-13550000.0,15700000.0,0.0,950000.0,80875000.0,174600000.0,0.6826312188446877,93725000.0,0.366435343563679,-13550000.0,82350000.0,0.32196266249633465,24575000.0,57775000.0,0.2258821229596325,0.1935,0.1935,298582892.0,298582892.0,,,1620596281,17:38:01,20210509
8,2017-01-31,OZL.AX,AUD,2017-01-31,2017-01-31,Q1,255775000.0,35525000.0,220250000.0,0.8611083960512169,0.0,14050000.0,15900000.0,-13550000.0,15700000.0,0.0,950000.0,80875000.0,174600000.0,0.6826312188446877,93725000.0,0.366435343563679,-13550000.0,82350000.0,0.32196266249633465,24575000.0,57775000.0,0.2258821229596325,0.1935,0.1935,298582892.0,298582892.0,,,1620596281,17:38:01,20210509
9,2016-06-30,OZL.AX,AUD,2016-06-30,2016-06-30,Q2,205725000.0,21475000.0,184250000.0,0.8956130757078624,0.0,15100000.0,13225000.0,-8175000.0,25575000.0,0.0,1200000.0,90375000.0,130350000.0,0.6336128326649654,39975000.0,0.1943127962085308,-8175000.0,34050000.0,0.16551221290557783,7100000.0,26950000.0,0.13100012152144855,0.08925,0.08925,301740328.0,301740328.0,,,1620596281,17:38:01,20210509
10,2016-03-31,OZL.AX,AUD,2016-03-31,2016-03-31,Q1,205725000.0,21475000.0,184250000.0,0.8956130757078624,0.0,15100000.0,13225000.0,-8175000.0,25575000.0,0.0,1200000.0,90375000.0,130350000.0,0.6336128326649654,39975000.0,0.1943127962085308,-8175000.0,34050000.0,0.16551221290557783,7100000.0,26950000.0,0.13100012152144855,0.08925,0.08925,301740328.0,301740328.0,,,1620596281,17:38:01,20210509
11,2016-01-31,OZL.AX,AUD,2016-01-31,2016-01-31,Q1,205725000.0,21475000.0,184250000.0,0.8956130757078624,0.0,15100000.0,13225000.0,-8175000.0,25575000.0,0.0,1200000.0,90375000.0,130350000.0,0.6336128326649654,39975000.0,0.1943127962085308,-8175000.0,34050000.0,0.16551221290557783,7100000.0,26950000.0,0.13100012152144855,0.08925,0.08925,301740328.0,301740328.0,,,1620596281,17:38:01,20210509
12,2015-09-30,OZL.AX,AUD,2015-09-30,2015-09-30,Q3,219850000.0,44800000.0,175050000.0,0.796224698658176,0.0,15975000.0,13525000.0,-2200000.0,23475000.0,0.0,1175000.0,71275000.0,122075000.0,0.5552649533773028,50800000.0,0.23106663634296112,-4100000.0,47425000.0,0.21571526040482147,14875000.0,32550000.0,0.14805549238116897,0.10725,0.10725,303433159.0,303433159.0,,,1620596281,17:38:01,20210509
13,2015-06-30,OZL.AX,AUD,2015-06-30,2015-06-30,Q2,219850000.0,44800000.0,175050000.0,0.796224698658176,0.0,15975000.0,13525000.0,-2200000.0,23475000.0,0.0,1175000.0,71275000.0,122075000.0,0.5552649533773028,50800000.0,0.23106663634296112,-4100000.0,47425000.0,0.21571526040482147,14875000.0,32550000.0,0.14805549238116897,0.10725,0.10725,303433159.0,303433159.0,,,1620596281,17:38:01,20210509
14,2015-03-31,OZL.AX,AUD,2015-03-31,2015-03-31,Q1,219850000.0,44800000.0,175050000.0,0.796224698658176,0.0,15975000.0,13525000.0,-2200000.0,23475000.0,0.0,1175000.0,71275000.0,122075000.0,0.5552649533773028,50800000.0,0.23106663634296112,-4100000.0,47425000.0,0.21571526040482147,14875000.0,32550000.0,0.14805549238116897,0.10725,0.10725,303433159.0,303433159.0,,,1620596281,17:38:01,20210509
15,2015-01-31,OZL.AX,AUD,2015-01-31,2015-01-31,Q1,219850000.0,44800000.0,175050000.0,0.796224698658176,0.0,15975000.0,13525000.0,-2200000.0,23475000.0,0.0,1175000.0,71275000.0,122075000.0,0.5552649533773028,50800000.0,0.23106663634296112,-4100000.0,47425000.0,0.21571526040482147,14875000.0,32550000.0,0.14805549238116897,0.10725,0.10725,303433159.0,303433159.0,,,1620596281,17:38:01,20210509
16,2014-09-30,OZL.AX,AUD,2014-09-30,2014-09-30,Q3,207750000.0,68675000.0,139075000.0,0.6694344163658243,0.0,17300000.0,11400000.0,2525000.0,23675000.0,0.0,925000.0,74025000.0,86700000.0,0.41732851985559566,12675000.0,0.06101083032490975,2150000.0,14975000.0,0.07208182912154032,4575000.0,12125000.0,0.05836341756919374,0.04,0.04,303451160.0,303451160.0,,,1620596281,17:38:01,20210509
17,2014-06-30,OZL.AX,AUD,2014-06-30,2014-06-30,Q2,207750000.0,68675000.0,139075000.0,0.6694344163658243,0.0,17300000.0,11400000.0,2525000.0,23675000.0,0.0,925000.0,74025000.0,86700000.0,0.41732851985559566,12675000.0,0.06101083032490975,2150000.0,14975000.0,0.07208182912154032,4575000.0,12125000.0,0.05836341756919374,0.04,0.04,303451160.0,303451160.0,,,1620596281,17:38:01,20210509
18,2014-03-31,OZL.AX,AUD,2014-03-31,2014-03-31,Q1,207750000.0,68675000.0,139075000.0,0.6694344163658243,0.0,17300000.0,11400000.0,2525000.0,23675000.0,0.0,925000.0,74025000.0,86700000.0,0.41732851985559566,12675000.0,0.06101083032490975,2150000.0,14975000.0,0.07208182912154032,4575000.0,12125000.0,0.05836341756919374,0.04,0.04,303451160.0,303451160.0,,,1620596281,17:38:01,20210509
19,2014-01-31,OZL.AX,AUD,2014-01-31,2014-01-31,Q1,207750000.0,68675000.0,139075000.0,0.6694344163658243,0.0,17300000.0,11400000.0,2525000.0,23675000.0,0.0,925000.0,74025000.0,86700000.0,0.41732851985559566,12675000.0,0.06101083032490975,2150000.0,14975000.0,0.07208182912154032,4575000.0,12125000.0,0.05836341756919374,0.04,0.04,303451160.0,303451160.0,,,1620596281,17:38:01,20210509
20,2013-09-30,OZL.AX,AUD,2013-09-30,2013-09-30,Q3,161000000.0,79625000.0,81375000.0,0.5054347826086957,0.0,19625000.0,10075000.0,8525000.0,30925000.0,0.0,1350000.0,54625000.0,20750000.0,0.12888198757763975,-33875000.0,-0.21040372670807453,-74625000.0,-106750000.0,-0.6630434782608695,-33150000.0,-73600000.0,-0.45714285714285713,-0.24275,-0.24275,306850519.0,306850519.0,,,1620596281,17:38:01,20210509
21,2013-06-30,OZL.AX,AUD,2013-06-30,2013-06-30,Q2,161000000.0,79625000.0,81375000.0,0.5054347826086957,0.0,19625000.0,10075000.0,8525000.0,30925000.0,0.0,1350000.0,54625000.0,20750000.0,0.12888198757763975,-33875000.0,-0.21040372670807453,-74625000.0,-106750000.0,-0.6630434782608695,-33150000.0,-73600000.0,-0.45714285714285713,-0.24275,-0.24275,306850519.0,306850519.0,,,1620596281,17:38:01,20210509
22,2013-03-31,OZL.AX,AUD,2013-03-31,2013-03-31,Q1,161000000.0,79625000.0,81375000.0,0.5054347826086957,0.0,19625000.0,10075000.0,8525000.0,30925000.0,0.0,1350000.0,54625000.0,20750000.0,0.12888198757763975,-33875000.0,-0.21040372670807453,-74625000.0,-106750000.0,-0.6630434782608695,-33150000.0,-73600000.0,-0.45714285714285713,-0.24275,-0.24275,306850519.0,306850519.0,,,1620596281,17:38:01,20210509
23,2013-01-31,OZL.AX,AUD,2013-01-31,2013-01-31,Q1,161000000.0,79625000.0,81375000.0,0.5054347826086957,0.0,19625000.0,10075000.0,8525000.0,30925000.0,0.0,1350000.0,54625000.0,20750000.0,0.12888198757763975,-33875000.0,-0.21040372670807453,-74625000.0,-106750000.0,-0.6630434782608695,-33150000.0,-73600000.0,-0.45714285714285713,-0.24275,-0.24275,306850519.0,306850519.0,,,1620596281,17:38:01,20210509
24,2012-09-30,OZL.AX,AUD,2012-09-30,2012-09-30,Q3,246425000.0,88975000.0,157450000.0,0.638936796185452,0.0,19800000.0,11850000.0,150000.0,41900000.0,0.0,900000.0,38725000.0,83900000.0,0.34046870244496297,45175000.0,0.183321497413006,-375000.0,49775000.0,0.2019884346149944,11775000.0,38000000.0,0.15420513340773054,0.12375,0.12375,306850519.0,306850519.0,,,1620596281,17:38:01,20210509
25,2012-06-30,OZL.AX,AUD,2012-06-30,2012-06-30,Q2,246425000.0,88975000.0,157450000.0,0.638936796185452,0.0,19800000.0,11850000.0,150000.0,41900000.0,0.0,900000.0,38725000.0,83900000.0,0.34046870244496297,45175000.0,0.183321497413006,-375000.0,49775000.0,0.2019884346149944,11775000.0,38000000.0,0.15420513340773054,0.12375,0.12375,306850519.0,306850519.0,,,1620596281,17:38:01,20210509
26,2012-03-31,OZL.AX,AUD,2012-03-31,2012-03-31,Q1,246425000.0,88975000.0,157450000.0,0.638936796185452,0.0,19800000.0,11850000.0,150000.0,41900000.0,0.0,900000.0,38725000.0,83900000.0,0.34046870244496297,45175000.0,0.183321497413006,-375000.0,49775000.0,0.2019884346149944,11775000.0,38000000.0,0.15420513340773054,0.12375,0.12375,306850519.0,306850519.0,,,1620596281,17:38:01,20210509
27,2012-01-31,OZL.AX,AUD,2012-01-31,2012-01-31,Q1,246425000.0,88975000.0,157450000.0,0.638936796185452,0.0,19800000.0,11850000.0,150000.0,41900000.0,0.0,900000.0,38725000.0,83900000.0,0.34046870244496297,45175000.0,0.183321497413006,-375000.0,49775000.0,0.2019884346149944,11775000.0,38000000.0,0.15420513340773054,0.12375,0.12375,306850519.0,306850519.0,,,1620596281,17:38:01,20210509
28,2011-09-30,OZL.AX,AUD,2011-09-30,2011-09-30,Q3,278975000.0,71375000.0,207600000.0,0.7441527018550049,0.0,16650000.0,8400000.0,-17550000.0,33375000.0,0.0,725000.0,41050000.0,149175000.0,0.5347253338112734,108125000.0,0.3875795322161484,-21650000.0,95000000.0,0.3405323057621651,28675000.0,68625000.0,0.24598978403082714,0.214,0.214,320989929.0,320989929.0,,,1620596281,17:38:01,20210509
29,2011-06-30,OZL.AX,AUD,2011-06-30,2011-06-30,Q2,278975000.0,71375000.0,207600000.0,0.7441527018550049,0.0,16650000.0,8400000.0,-17550000.0,33375000.0,0.0,725000.0,41050000.0,149175000.0,0.5347253338112734,108125000.0,0.3875795322161484,-21650000.0,95000000.0,0.3405323057621651,28675000.0,68625000.0,0.24598978403082714,0.214,0.214,320989929.0,320989929.0,,,1620596281,17:38:01,20210509
30,2011-03-31,OZL.AX,AUD,2011-03-31,2011-03-31,Q1,278975000.0,71375000.0,207600000.0,0.7441527018550049,0.0,16650000.0,8400000.0,-17550000.0,33375000.0,0.0,725000.0,41050000.0,149175000.0,0.5347253338112734,108125000.0,0.3875795322161484,-21650000.0,95000000.0,0.3405323057621651,28675000.0,68625000.0,0.24598978403082714,0.214,0.214,320989929.0,320989929.0,,,1620596281,17:38:01,20210509
31,2011-01-31,OZL.AX,AUD,2011-01-31,2011-01-31,Q1,278975000.0,71375000.0,207600000.0,0.7441527018550049,0.0,16650000.0,8400000.0,-17550000.0,33375000.0,0.0,725000.0,41050000.0,149175000.0,0.5347253338112734,108125000.0,0.3875795322161484,-21650000.0,95000000.0,0.3405323057621651,28675000.0,68625000.0,0.24598978403082714,0.214,0.214,320989929.0,320989929.0,,,1620596281,17:38:01,20210509
32,2010-09-30,OZL.AX,AUD,2010-09-30,2010-09-30,Q3,282100000.0,57625000.0,224475000.0,0.7957284650833037,0.0,13125000.0,9800000.0,-26225000.0,26000000.0,0.0,2175000.0,38150000.0,175550000.0,0.6222970577809287,137400000.0,0.4870613257710032,21100000.0,165400000.0,0.5863169088975541,30575000.0,146725000.0,0.5201169797943992,0.4675,0.4525,313567409.0,324254144.0,,,1620596281,17:38:01,20210509
33,2010-06-30,OZL.AX,AUD,2010-06-30,2010-06-30,Q2,282100000.0,57625000.0,224475000.0,0.7957284650833037,0.0,13125000.0,9800000.0,-26225000.0,26000000.0,0.0,2175000.0,38150000.0,175550000.0,0.6222970577809287,137400000.0,0.4870613257710032,21100000.0,165400000.0,0.5863169088975541,30575000.0,146725000.0,0.5201169797943992,0.4675,0.4525,313567409.0,324254144.0,,,1620596281,17:38:01,20210509
34,2010-03-31,OZL.AX,AUD,2010-03-31,2010-03-31,Q1,282100000.0,57625000.0,224475000.0,0.7957284650833037,0.0,13125000.0,9800000.0,-26225000.0,26000000.0,0.0,2175000.0,38150000.0,175550000.0,0.6222970577809287,137400000.0,0.4870613257710032,21100000.0,165400000.0,0.5863169088975541,30575000.0,146725000.0,0.5201169797943992,0.4675,0.4525,313567409.0,324254144.0,,,1620596281,17:38:01,20210509
35,2010-01-31,OZL.AX,AUD,2010-01-31,2010-01-31,Q1,282100000.0,57625000.0,224475000.0,0.7957284650833037,0.0,13125000.0,9800000.0,-26225000.0,26000000.0,0.0,2175000.0,38150000.0,175550000.0,0.6222970577809287,137400000.0,0.4870613257710032,21100000.0,165400000.0,0.5863169088975541,30575000.0,146725000.0,0.5201169797943992,0.4675,0.4525,313567409.0,324254144.0,,,1620596281,17:38:01,20210509
36,2009-09-30,OZL.AX,AUD,2009-09-30,2009-09-30,Q3,152125000.0,27900000.0,124225000.0,0.8165981922760888,0.0,15200000.0,7200000.0,-30125000.0,16075000.0,0.0,23425000.0,21425000.0,85750000.0,0.5636811832374692,64325000.0,0.4228430566967954,-30275000.0,11975000.0,0.07871815940838127,4150000.0,-129325000.0,-0.8501232539030402,-0.415,-0.415,311388311.0,311388311.0,,,1620596281,17:38:01,20210509
37,2009-06-30,OZL.AX,AUD,2009-06-30,2009-06-30,Q2,152125000.0,27900000.0,124225000.0,0.8165981922760888,0.0,15200000.0,7200000.0,-30125000.0,16075000.0,0.0,23425000.0,21425000.0,85750000.0,0.5636811832374692,64325000.0,0.4228430566967954,-30275000.0,11975000.0,0.07871815940838127,4150000.0,-129325000.0,-0.8501232539030402,-0.415,-0.415,311388311.0,311388311.0,,,1620596281,17:38:01,20210509
38,2009-03-31,OZL.AX,AUD,2009-03-31,2009-03-31,Q1,152125000.0,27900000.0,124225000.0,0.8165981922760888,0.0,15200000.0,7200000.0,-30125000.0,16075000.0,0.0,23425000.0,21425000.0,85750000.0,0.5636811832374692,64325000.0,0.4228430566967954,-30275000.0,11975000.0,0.07871815940838127,4150000.0,-129325000.0,-0.8501232539030402,-0.415,-0.415,311388311.0,311388311.0,,,1620596281,17:38:01,20210509
39,2009-01-31,OZL.AX,AUD,2009-01-31,2009-01-31,Q1,152125000.0,27900000.0,124225000.0,0.8165981922760888,0.0,15200000.0,7200000.0,-30125000.0,16075000.0,0.0,23425000.0,21425000.0,85750000.0,0.5636811832374692,64325000.0,0.4228430566967954,-30275000.0,11975000.0,0.07871815940838127,4150000.0,-129325000.0,-0.8501232539030402,-0.415,-0.415,311388311.0,311388311.0,,,1620596281,17:38:01,20210509
40,2008-09-30,OZL.AX,AUD,2008-09-30,2008-09-30,Q3,219800000.0,41500000.0,178300000.0,0.8111919927206551,0.0,50550000.0,17800000.0,13100000.0,61425000.0,0.0,10700000.0,53125000.0,48525000.0,0.22076888080072793,-4600000.0,-0.020928116469517744,-333775000.0,-344275000.0,-1.5663102820746133,28350000.0,-625425000.0,-2.845427661510464,-2.615,-2.615,239345197.0,239345197.0,,,1620596281,17:38:01,20210509
41,2008-06-30,OZL.AX,AUD,2008-06-30,2008-06-30,Q2,219800000.0,41500000.0,178300000.0,0.8111919927206551,0.0,50550000.0,17800000.0,13100000.0,61425000.0,0.0,10700000.0,53125000.0,48525000.0,0.22076888080072793,-4600000.0,-0.020928116469517744,-333775000.0,-344275000.0,-1.5663102820746133,28350000.0,-625425000.0,-2.845427661510464,-2.615,-2.615,239345197.0,239345197.0,,,1620596281,17:38:01,20210509
42,2008-03-31,OZL.AX,AUD,2008-03-31,2008-03-31,Q1,219800000.0,41500000.0,178300000.0,0.8111919927206551,0.0,50550000.0,17800000.0,13100000.0,61425000.0,0.0,10700000.0,53125000.0,48525000.0,0.22076888080072793,-4600000.0,-0.020928116469517744,-333775000.0,-344275000.0,-1.5663102820746133,28350000.0,-625425000.0,-2.845427661510464,-2.615,-2.615,239345197.0,239345197.0,,,1620596281,17:38:01,20210509
43,2008-01-31,OZL.AX,AUD,2008-01-31,2008-01-31,Q1,219800000.0,41500000.0,178300000.0,0.8111919927206551,0.0,50550000.0,17800000.0,13100000.0,61425000.0,0.0,10700000.0,53125000.0,48525000.0,0.22076888080072793,-4600000.0,-0.020928116469517744,-333775000.0,-344275000.0,-1.5663102820746133,28350000.0,-625425000.0,-2.845427661510464,-2.615,-2.615,239345197.0,239345197.0,,,1620596281,17:38:01,20210509
44,2007-09-30,OZL.AX,AUD,2007-09-30,2007-09-30,Q3,280032750.0,60696500.0,219336250.0,0.7832521374732062,0.0,29966250.0,0.0,-19337750.0,20795750.0,0.0,10820750.0,25297750.0,168574250.0,0.6019804826399769,143276500.0,0.5116419418800122,-19808250.0,118929750.0,0.4246994324770942,37814500.0,76450000.0,0.27300378259328595,0.506,0.47075,151085912.0,162400425.0,,,1620596281,17:38:01,20210509
45,2007-06-30,OZL.AX,AUD,2007-06-30,2007-06-30,Q2,280032750.0,60696500.0,219336250.0,0.7832521374732062,0.0,29966250.0,0.0,-19337750.0,20795750.0,0.0,10820750.0,25297750.0,168574250.0,0.6019804826399769,143276500.0,0.5116419418800122,-19808250.0,118929750.0,0.4246994324770942,37814500.0,76450000.0,0.27300378259328595,0.506,0.47075,151085912.0,162400425.0,,,1620596281,17:38:01,20210509
46,2007-03-31,OZL.AX,AUD,2007-03-31,2007-03-31,Q1,280032750.0,60696500.0,219336250.0,0.7832521374732062,0.0,29966250.0,0.0,-19337750.0,20795750.0,0.0,10820750.0,25297750.0,168574250.0,0.6019804826399769,143276500.0,0.5116419418800122,-19808250.0,118929750.0,0.4246994324770942,37814500.0,76450000.0,0.27300378259328595,0.506,0.47075,151085912.0,162400425.0,,,1620596281,17:38:01,20210509
47,2007-01-31,OZL.AX,AUD,2007-01-31,2007-01-31,Q1,280032750.0,60696500.0,219336250.0,0.7832521374732062,0.0,29966250.0,0.0,-19337750.0,20795750.0,0.0,10820750.0,25297750.0,168574250.0,0.6019804826399769,143276500.0,0.5116419418800122,-19808250.0,118929750.0,0.4246994324770942,37814500.0,76450000.0,0.27300378259328595,0.506,0.47075,151085912.0,162400425.0,,,1620596281,17:38:01,20210509
48,2006-09-30,OZL.AX,AUD,2006-09-30,2006-09-30,Q3,371163750.0,61593750.0,309570000.0,0.8340523555977651,0.0,27591250.0,52361500.0,-8838000.0,13939750.0,0.0,11369250.0,26340250.0,215677500.0,0.5810844943774817,189337250.0,0.510117838824508,-8883500.0,173836250.0,0.4683546009005459,36331750.0,138291500.0,0.37258891796410615,1.0035,0.9095,137824151.0,152052226.0,,,1620596281,17:38:01,20210509
49,2006-06-30,OZL.AX,AUD,2006-06-30,2006-06-30,Q2,371163750.0,61593750.0,309570000.0,0.8340523555977651,0.0,27591250.0,52361500.0,-8838000.0,13939750.0,0.0,11369250.0,26340250.0,215677500.0,0.5810844943774817,189337250.0,0.510117838824508,-8883500.0,173836250.0,0.4683546009005459,36331750.0,138291500.0,0.37258891796410615,1.0035,0.9095,137824151.0,152052226.0,,,1620596281,17:38:01,20210509
50,2006-03-31,OZL.AX,AUD,2006-03-31,2006-03-31,Q1,371163750.0,61593750.0,309570000.0,0.8340523555977651,0.0,27591250.0,52361500.0,-8838000.0,13939750.0,0.0,11369250.0,26340250.0,215677500.0,0.5810844943774817,189337250.0,0.510117838824508,-8883500.0,173836250.0,0.4683546009005459,36331750.0,138291500.0,0.37258891796410615,1.0035,0.9095,137824151.0,152052226.0,,,1620596281,17:38:01,20210509
51,2006-01-31,OZL.AX,AUD,2006-01-31,2006-01-31,Q1,371163750.0,61593750.0,309570000.0,0.8340523555977651,0.0,27591250.0,52361500.0,-8838000.0,13939750.0,0.0,11369250.0,26340250.0,215677500.0,0.5810844943774817,189337250.0,0.510117838824508,-8883500.0,173836250.0,0.4683546009005459,36331750.0,138291500.0,0.37258891796410615,1.0035,0.9095,137824151.0,152052226.0,,,1620596281,17:38:01,20210509
52,2005-09-30,OZL.AX,AUD,2005-09-30,2005-09-30,Q3,110866750.0,58950750.0,51916000.0,0.46827385126739984,0.0,2391500.0,0.0,-3243000.0,3582000.0,0.0,8985250.0,13014500.0,45942500.0,0.4143938556871199,32928000.0,0.29700518866116304,-3243000.0,22876250.0,0.2063400433403162,2800750.0,20075500.0,0.18107773520915874,0.1525,0.1525,130853321.0,130853321.0,,,1620596281,17:38:01,20210509
53,2005-06-30,OZL.AX,AUD,2005-06-30,2005-06-30,Q2,110866750.0,58950750.0,51916000.0,0.46827385126739984,0.0,2391500.0,0.0,-3243000.0,3582000.0,0.0,8985250.0,13014500.0,45942500.0,0.4143938556871199,32928000.0,0.29700518866116304,-3243000.0,22876250.0,0.2063400433403162,2800750.0,20075500.0,0.18107773520915874,0.1525,0.1525,130853321.0,130853321.0,,,1620596281,17:38:01,20210509
54,2005-03-31,OZL.AX,AUD,2005-03-31,2005-03-31,Q1,110866750.0,58950750.0,51916000.0,0.46827385126739984,0.0,2391500.0,0.0,-3243000.0,3582000.0,0.0,8985250.0,13014500.0,45942500.0,0.4143938556871199,32928000.0,0.29700518866116304,-3243000.0,22876250.0,0.2063400433403162,2800750.0,20075500.0,0.18107773520915874,0.1525,0.1525,130853321.0,130853321.0,,,1620596281,17:38:01,20210509
55,2005-01-31,OZL.AX,AUD,2005-01-31,2005-01-31,Q1,110866750.0,58950750.0,51916000.0,0.46827385126739984,0.0,2391500.0,0.0,-3243000.0,3582000.0,0.0,8985250.0,13014500.0,45942500.0,0.4143938556871199,32928000.0,0.29700518866116304,-3243000.0,22876250.0,0.2063400433403162,2800750.0,20075500.0,0.18107773520915874,0.1525,0.1525,130853321.0,130853321.0,,,1620596281,17:38:01,20210509
56,2004-09-30,OZL.AX,AUD,2004-09-30,2004-09-30,Q3,18455000.0,-1832750.0,20287750.0,1.0993091303169873,0.0,1741000.0,0.0,-198750.0,10792250.0,0.0,1575500.0,4797000.0,7754500.0,0.42018423191547005,2957500.0,0.1602546735302086,-498750.0,-1279000.0,-0.06930371173123814,-1279000.0,2250.0,0.0001219181793551883,-0.0045,-0.0045,115262864.0,115262864.0,,,1620596281,17:38:01,20210509
57,2004-06-30,OZL.AX,AUD,2004-06-30,2004-06-30,Q2,18455000.0,-1832750.0,20287750.0,1.0993091303169873,0.0,1741000.0,0.0,-198750.0,10792250.0,0.0,1575500.0,4797000.0,7754500.0,0.42018423191547005,2957500.0,0.1602546735302086,-498750.0,-1279000.0,-0.06930371173123814,-1279000.0,2250.0,0.0001219181793551883,-0.0045,-0.0045,115262864.0,115262864.0,,,1620596281,17:38:01,20210509
58,2004-03-31,OZL.AX,AUD,2004-03-31,2004-03-31,Q1,18455000.0,-1832750.0,20287750.0,1.0993091303169873,0.0,1741000.0,0.0,-198750.0,10792250.0,0.0,1575500.0,4797000.0,7754500.0,0.42018423191547005,2957500.0,0.1602546735302086,-498750.0,-1279000.0,-0.06930371173123814,-1279000.0,2250.0,0.0001219181793551883,-0.0045,-0.0045,115262864.0,115262864.0,,,1620596281,17:38:01,20210509
59,2004-01-31,OZL.AX,AUD,2004-01-31,2004-01-31,Q1,18455000.0,-1832750.0,20287750.0,1.0993091303169873,0.0,1741000.0,0.0,-198750.0,10792250.0,0.0,1575500.0,4797000.0,7754500.0,0.42018423191547005,2957500.0,0.1602546735302086,-498750.0,-1279000.0,-0.06930371173123814,-1279000.0,2250.0,0.0001219181793551883,-0.0045,-0.0045,115262864.0,115262864.0,,,1620596281,17:38:01,20210509
60,2003-09-30,OZL.AX,AUD,2003-09-30,2003-09-30,Q3,21558076.0,6716269.25,14841806.75,0.6884569267684185,0.0,1783716.75,0.0,3200.75,242257.0,0.0,0.0,5102366.75,12814903.75,0.5944363379180962,7712537.0,0.357756276580526,3200.75,2842191.25,0.13183881761990263,2842191.25,-793881.0,-0.03682522503399654,0.02171575,0.02171575,89893424.0,89893424.0,,,1620596281,17:38:01,20210509
61,2003-06-30,OZL.AX,AUD,2003-06-30,2003-06-30,Q2,21558076.0,6716269.25,14841806.75,0.6884569267684185,0.0,1783716.75,0.0,3200.75,242257.0,0.0,0.0,5102366.75,12814903.75,0.5944363379180962,7712537.0,0.357756276580526,3200.75,2842191.25,0.13183881761990263,2842191.25,-793881.0,-0.03682522503399654,0.02171575,0.02171575,89893424.0,89893424.0,,,1620596281,17:38:01,20210509
62,2003-03-31,OZL.AX,AUD,2003-03-31,2003-03-31,Q1,21558076.0,6716269.25,14841806.75,0.6884569267684185,0.0,1783716.75,0.0,3200.75,242257.0,0.0,0.0,5102366.75,12814903.75,0.5944363379180962,7712537.0,0.357756276580526,3200.75,2842191.25,0.13183881761990263,2842191.25,-793881.0,-0.03682522503399654,0.02171575,0.02171575,89893424.0,89893424.0,,,1620596281,17:38:01,20210509
63,2003-01-31,OZL.AX,AUD,2003-01-31,2003-01-31,Q1,21558076.0,6716269.25,14841806.75,0.6884569267684185,0.0,1783716.75,0.0,3200.75,242257.0,0.0,0.0,5102366.75,12814903.75,0.5944363379180962,7712537.0,0.357756276580526,3200.75,2842191.25,0.13183881761990263,2842191.25,-793881.0,-0.03682522503399654,0.02171575,0.02171575,89893424.0,89893424.0,,,1620596281,17:38:01,20210509
64,2002-09-30,OZL.AX,AUD,2002-09-30,2002-09-30,Q3,0.0,0.0,0.0,0.0,0.0,435381.5,0.0,485.5,332803.0,0.0,7705.5,9912.25,-768184.5,0.0,-778096.75,0.0,21616.5,-2421366.0,0.0,-2421366.0,241514.0,0.0,-0.03860575,-0.03860575,58325900.0,58325900.0,,,1620596281,17:38:01,20210509
65,2002-06-30,OZL.AX,AUD,2002-06-30,2002-06-30,Q2,0.0,0.0,0.0,0.0,0.0,435381.5,0.0,485.5,332803.0,0.0,7705.5,9912.25,-768184.5,0.0,-778096.75,0.0,21616.5,-2421366.0,0.0,-2421366.0,241514.0,0.0,-0.03860575,-0.03860575,58325900.0,58325900.0,,,1620596281,17:38:01,20210509
66,2002-03-31,OZL.AX,AUD,2002-03-31,2002-03-31,Q1,0.0,0.0,0.0,0.0,0.0,435381.5,0.0,485.5,332803.0,0.0,7705.5,9912.25,-768184.5,0.0,-778096.75,0.0,21616.5,-2421366.0,0.0,-2421366.0,241514.0,0.0,-0.03860575,-0.03860575,58325900.0,58325900.0,,,1620596281,17:38:01,20210509
67,2002-01-31,OZL.AX,AUD,2002-01-31,2002-01-31,Q1,0.0,0.0,0.0,0.0,0.0,435381.5,0.0,485.5,332803.0,0.0,7705.5,9912.25,-768184.5,0.0,-778096.75,0.0,21616.5,-2421366.0,0.0,-2421366.0,241514.0,0.0,-0.03860575,-0.03860575,58325900.0,58325900.0,,,1620596281,17:38:01,20210509
68,2001-09-30,OZL.AX,AUD,2001-09-30,2001-09-30,Q3,0.0,0.0,0.0,0.0,0.0,179673.0,0.0,-166678.5,11227.5,0.0,43867.75,7269.75,-190900.5,0.0,-198170.25,0.0,-400917.25,-540134.25,0.0,-540134.25,-163152.75,0.0,-0.0241285,-0.0241285,36184833.0,36184833.0,,,1620596281,17:38:01,20210509
69,2001-06-30,OZL.AX,AUD,2001-06-30,2001-06-30,Q2,0.0,0.0,0.0,0.0,0.0,179673.0,0.0,-166678.5,11227.5,0.0,43867.75,7269.75,-190900.5,0.0,-198170.25,0.0,-400917.25,-540134.25,0.0,-540134.25,-163152.75,0.0,-0.0241285,-0.0241285,36184833.0,36184833.0,,,1620596281,17:38:01,20210509
70,2001-03-31,OZL.AX,AUD,2001-03-31,2001-03-31,Q1,0.0,0.0,0.0,0.0,0.0,179673.0,0.0,-166678.5,11227.5,0.0,43867.75,7269.75,-190900.5,0.0,-198170.25,0.0,-400917.25,-540134.25,0.0,-540134.25,-163152.75,0.0,-0.0241285,-0.0241285,36184833.0,36184833.0,,,1620596281,17:38:01,20210509
71,2001-01-31,OZL.AX,AUD,2001-01-31,2001-01-31,Q1,0.0,0.0,0.0,0.0,0.0,179673.0,0.0,-166678.5,11227.5,0.0,43867.75,7269.75,-190900.5,0.0,-198170.25,0.0,-400917.25,-540134.25,0.0,-540134.25,-163152.75,0.0,-0.0241285,-0.0241285,36184833.0,36184833.0,,,1620596281,17:38:01,20210509
72,2000-09-30,OZL.AX,AUD,2000-09-30,2000-09-30,Q3,0.0,0.0,0.0,0.0,0.0,0.0,0.0,0.0,0.0,0.0,21056.0,0.0,-768750.5,0.0,0.0,0.0,-34575.5,-789806.5,0.0,-789806.5,-789806.5,0.0,-0.0304535,-0.0304535,25850197.0,25850197.0,,,1620596281,17:38:01,20210509
73,2000-06-30,OZL.AX,AUD,2000-06-30,2000-06-30,Q2,0.0,0.0,0.0,0.0,0.0,0.0,0.0,0.0,0.0,0.0,21056.0,0.0,-768750.5,0.0,0.0,0.0,-34575.5,-789806.5,0.0,-789806.5,-789806.5,0.0,-0.0304535,-0.0304535,25850197.0,25850197.0,,,1620596281,17:38:01,20210509
74,2000-03-31,OZL.AX,AUD,2000-03-31,2000-03-31,Q1,0.0,0.0,0.0,0.0,0.0,0.0,0.0,0.0,0.0,0.0,21056.0,0.0,-768750.5,0.0,0.0,0.0,-34575.5,-789806.5,0.0,-789806.5,-789806.5,0.0,-0.0304535,-0.0304535,25850197.0,25850197.0,,,1620596281,17:38:01,20210509
75,2000-01-31,OZL.AX,AUD,2000-01-31,2000-01-31,Q1,0.0,0.0,0.0,0.0,0.0,0.0,0.0,0.0,0.0,0.0,21056.0,0.0,-768750.5,0.0,0.0,0.0,-34575.5,-789806.5,0.0,-789806.5,-789806.5,0.0,-0.0304535,-0.0304535,25850197.0,25850197.0,,,1620596281,17:38:01,20210509
76,1999-09-30,OZL.AX,AUD,1999-09-30,1999-09-30,Q3,0.0,0.0,0.0,0.0,0.0,0.0,0.0,0.0,0.0,0.0,0.0,0.0,0.0,0.0,0.0,0.0,0.0,-1461514.0,0.0,-1461514.0,-1461514.0,0.0,-0.0702775,-0.0702775,18134536.0,18134536.0,,,1620596281,17:38:01,20210509
77,1999-06-30,OZL.AX,AUD,1999-06-30,1999-06-30,Q2,0.0,0.0,0.0,0.0,0.0,0.0,0.0,0.0,0.0,0.0,0.0,0.0,0.0,0.0,0.0,0.0,0.0,-1461514.0,0.0,-1461514.0,-1461514.0,0.0,-0.0702775,-0.0702775,18134536.0,18134536.0,,,1620596281,17:38:01,20210509
78,1999-03-31,OZL.AX,AUD,1999-03-31,1999-03-31,Q1,0.0,0.0,0.0,0.0,0.0,0.0,0.0,0.0,0.0,0.0,0.0,0.0,0.0,0.0,0.0,0.0,0.0,-1461514.0,0.0,-1461514.0,-1461514.0,0.0,-0.0702775,-0.0702775,18134536.0,18134536.0,,,1620596281,17:38:01,20210509
79,1999-01-31,OZL.AX,AUD,1999-01-31,1999-01-31,Q1,0.0,0.0,0.0,0.0,0.0,0.0,0.0,0.0,0.0,0.0,0.0,0.0,0.0,0.0,0.0,0.0,0.0,-1461514.0,0.0,-1461514.0,-1461514.0,0.0,-0.0702775,-0.0702775,18134536.0,18134536.0,,,1620596281,17:38:01,20210509
80,1998-09-30,OZL.AX,AUD,1998-09-30,1998-09-30,Q3,0.0,0.0,0.0,0.0,0.0,0.0,0.0,0.0,0.0,0.0,25850.5,0.0,-80600.5,0.0,0.0,0.0,0.0,-106451.0,0.0,-106451.0,-106451.0,0.0,-0.0086675,-0.0086675,12302384.0,12302384.0,,,1620596281,17:38:01,20210509
81,1998-06-30,OZL.AX,AUD,1998-06-30,1998-06-30,Q2,0.0,0.0,0.0,0.0,0.0,0.0,0.0,0.0,0.0,0.0,25850.5,0.0,-80600.5,0.0,0.0,0.0,0.0,-106451.0,0.0,-106451.0,-106451.0,0.0,-0.0086675,-0.0086675,12302384.0,12302384.0,,,1620596281,17:38:01,20210509
82,1998-03-31,OZL.AX,AUD,1998-03-31,1998-03-31,Q1,0.0,0.0,0.0,0.0,0.0,0.0,0.0,0.0,0.0,0.0,25850.5,0.0,-80600.5,0.0,0.0,0.0,0.0,-106451.0,0.0,-106451.0,-106451.0,0.0,-0.0086675,-0.0086675,12302384.0,12302384.0,,,1620596281,17:38:01,20210509
83,1998-01-31,OZL.AX,AUD,1998-01-31,1998-01-31,Q1,0.0,0.0,0.0,0.0,0.0,0.0,0.0,0.0,0.0,0.0,25850.5,0.0,-80600.5,0.0,0.0,0.0,0.0,-106451.0,0.0,-106451.0,-106451.0,0.0,-0.0086675,-0.0086675,12302384.0,12302384.0,,,1620596281,17:38:01,20210509
84,1997-09-30,OZL.AX,AUD,1997-09-30,1997-09-30,Q3,0.0,0.0,0.0,0.0,0.0,0.0,0.0,0.0,0.0,0.0,840.0,0.0,-505043.75,0.0,0.0,0.0,0.0,-505883.75,0.0,-505883.75,-505883.75,0.0,-0.052708,-0.052708,10332610.0,10332610.0,,,1620596281,17:38:01,20210509
85,1997-06-30,OZL.AX,AUD,1997-06-30,1997-06-30,Q2,0.0,0.0,0.0,0.0,0.0,0.0,0.0,0.0,0.0,0.0,840.0,0.0,-505043.75,0.0,0.0,0.0,0.0,-505883.75,0.0,-505883.75,-505883.75,0.0,-0.052708,-0.052708,10332610.0,10332610.0,,,1620596281,17:38:01,20210509
86,1997-03-31,OZL.AX,AUD,1997-03-31,1997-03-31,Q1,0.0,0.0,0.0,0.0,0.0,0.0,0.0,0.0,0.0,0.0,840.0,0.0,-505043.75,0.0,0.0,0.0,0.0,-505883.75,0.0,-505883.75,-505883.75,0.0,-0.052708,-0.052708,10332610.0,10332610.0,,,1620596281,17:38:01,20210509
87,1997-01-31,OZL.AX,AUD,1997-01-31,1997-01-31,Q1,0.0,0.0,0.0,0.0,0.0,0.0,0.0,0.0,0.0,0.0,840.0,0.0,-505043.75,0.0,0.0,0.0,0.0,-505883.75,0.0,-505883.75,-505883.75,0.0,-0.052708,-0.052708,10332610.0,10332610.0,,,1620596281,17:38:01,20210509
88,1996-09-30,OZL.AX,AUD,1996-09-30,1996-09-30,Q3,0.0,0.0,0.0,0.0,0.0,0.0,0.0,0.0,0.0,0.0,0.0,0.0,-238811.0,0.0,0.0,0.0,0.0,-238811.0,0.0,-238811.0,-238811.0,0.0,-0.02787670426151907,-0.02787670100743718,8566687.0,8566688.0,,,1620596281,17:38:01,20210509
89,1996-06-30,OZL.AX,AUD,1996-06-30,1996-06-30,Q2,0.0,0.0,0.0,0.0,0.0,0.0,0.0,0.0,0.0,0.0,0.0,0.0,-238811.0,0.0,0.0,0.0,0.0,-238811.0,0.0,-238811.0,-238811.0,0.0,-0.02787670426151907,-0.02787670100743718,8566687.0,8566688.0,,,1620596281,17:38:01,20210509
90,1996-03-31,OZL.AX,AUD,1996-03-31,1996-03-31,Q1,0.0,0.0,0.0,0.0,0.0,0.0,0.0,0.0,0.0,0.0,0.0,0.0,-238811.0,0.0,0.0,0.0,0.0,-238811.0,0.0,-238811.0,-238811.0,0.0,-0.02787670426151907,-0.02787670100743718,8566687.0,8566688.0,,,1620596281,17:38:01,20210509
91,1996-01-31,OZL.AX,AUD,1996-01-31,1996-01-31,Q1,0.0,0.0,0.0,0.0,0.0,0.0,0.0,0.0,0.0,0.0,0.0,0.0,-238811.0,0.0,0.0,0.0,0.0,-238811.0,0.0,-238811.0,-238811.0,0.0,-0.02787670426151907,-0.02787670100743718,8566687.0,8566688.0,,,1620596281,17:38:01,20210509
92,1995-09-30,OZL.AX,AUD,1995-09-30,1995-09-30,Q3,0.0,0.0,0.0,0.0,0.0,0.0,0.0,0.0,0.0,0.0,0.0,0.0,-129250.0,0.0,0.0,0.0,0.0,-129250.0,0.0,-129250.0,-129250.0,0.0,-0.0257685,-0.0257685,7165482.0,7165482.0,,,1620596281,17:38:01,20210509
93,1995-06-30,OZL.AX,AUD,1995-06-30,1995-06-30,Q2,0.0,0.0,0.0,0.0,0.0,0.0,0.0,0.0,0.0,0.0,0.0,0.0,-129250.0,0.0,0.0,0.0,0.0,-129250.0,0.0,-129250.0,-129250.0,0.0,-0.0257685,-0.0257685,7165482.0,7165482.0,,,1620596281,17:38:01,20210509
94,1995-03-31,OZL.AX,AUD,1995-03-31,1995-03-31,Q1,0.0,0.0,0.0,0.0,0.0,0.0,0.0,0.0,0.0,0.0,0.0,0.0,-129250.0,0.0,0.0,0.0,0.0,-129250.0,0.0,-129250.0,-129250.0,0.0,-0.0257685,-0.0257685,7165482.0,7165482.0,,,1620596281,17:38:01,20210509
95,1995-01-31,OZL.AX,AUD,1995-01-31,1995-01-31,Q1,0.0,0.0,0.0,0.0,0.0,0.0,0.0,0.0,0.0,0.0,0.0,0.0,-129250.0,0.0,0.0,0.0,0.0,-129250.0,0.0,-129250.0,-129250.0,0.0,-0.0257685,-0.0257685,7165482.0,7165482.0,,,1620596281,17:38:01,20210509
96,1994-09-30,OZL.AX,AUD,1994-09-30,1994-09-30,Q3,0.0,0.0,0.0,0.0,0.0,0.0,0.0,0.0,0.0,0.0,0.0,0.0,-71250.0,0.0,0.0,0.0,0.0,-71250.0,0.0,-71250.0,-71250.0,0.0,-0.02389425,-0.02389425,3168245.0,3168245.0,,,1620596281,17:38:01,20210509
97,1994-06-30,OZL.AX,AUD,1994-06-30,1994-06-30,Q2,0.0,0.0,0.0,0.0,0.0,0.0,0.0,0.0,0.0,0.0,0.0,0.0,-71250.0,0.0,0.0,0.0,0.0,-71250.0,0.0,-71250.0,-71250.0,0.0,-0.02389425,-0.02389425,3168245.0,3168245.0,,,1620596281,17:38:01,20210509
98,1994-03-31,OZL.AX,AUD,1994-03-31,1994-03-31,Q1,0.0,0.0,0.0,0.0,0.0,0.0,0.0,0.0,0.0,0.0,0.0,0.0,-71250.0,0.0,0.0,0.0,0.0,-71250.0,0.0,-71250.0,-71250.0,0.0,-0.02389425,-0.02389425,3168245.0,3168245.0,,,1620596281,17:38:01,20210509
99,1994-01-31,OZL.AX,AUD,1994-01-31,1994-01-31,Q1,0.0,0.0,0.0,0.0,0.0,0.0,0.0,0.0,0.0,0.0,0.0,0.0,-71250.0,0.0,0.0,0.0,0.0,-71250.0,0.0,-71250.0,-71250.0,0.0,-0.02389425,-0.02389425,3168245.0,3168245.0,,,1620596281,17:38:01,20210509
100,1993-09-30,OZL.AX,AUD,1993-09-30,1993-09-30,Q3,0.0,0.0,0.0,0.0,0.0,0.0,0.0,0.0,0.0,0.0,0.0,0.0,-223000.0,0.0,0.0,0.0,0.0,-223000.0,0.0,-223000.0,-223000.0,0.0,-0.112444,-0.112444,1983210.0,1983210.0,,,1620596281,17:38:01,20210509
101,1993-06-30,OZL.AX,AUD,1993-06-30,1993-06-30,Q2,0.0,0.0,0.0,0.0,0.0,0.0,0.0,0.0,0.0,0.0,0.0,0.0,-223000.0,0.0,0.0,0.0,0.0,-223000.0,0.0,-223000.0,-223000.0,0.0,-0.112444,-0.112444,1983210.0,1983210.0,,,1620596281,17:38:01,20210509
102,1993-03-31,OZL.AX,AUD,1993-03-31,1993-03-31,Q1,0.0,0.0,0.0,0.0,0.0,0.0,0.0,0.0,0.0,0.0,0.0,0.0,-223000.0,0.0,0.0,0.0,0.0,-223000.0,0.0,-223000.0,-223000.0,0.0,-0.112444,-0.112444,1983210.0,1983210.0,,,1620596281,17:38:01,20210509
103,1993-01-31,OZL.AX,AUD,1993-01-31,1993-01-31,Q1,0.0,0.0,0.0,0.0,0.0,0.0,0.0,0.0,0.0,0.0,0.0,0.0,-223000.0,0.0,0.0,0.0,0.0,-223000.0,0.0,-223000.0,-223000.0,0.0,-0.112444,-0.112444,1983210.0,1983210.0,,,1620596281,17:38:01,20210509
104,1992-09-30,OZL.AX,AUD,1992-09-30,1992-09-30,Q3,0.0,0.0,0.0,0.0,0.0,0.0,0.0,0.0,0.0,0.0,0.0,0.0,-139250.0,0.0,0.0,0.0,0.0,-139250.0,0.0,-139250.0,-139250.0,0.0,-0.15663025,-0.15663025,1083433.0,1083433.0,,,1620596281,17:38:01,20210509
105,1992-06-30,OZL.AX,AUD,1992-06-30,1992-06-30,Q2,0.0,0.0,0.0,0.0,0.0,0.0,0.0,0.0,0.0,0.0,0.0,0.0,-139250.0,0.0,0.0,0.0,0.0,-139250.0,0.0,-139250.0,-139250.0,0.0,-0.15663025,-0.15663025,1083433.0,1083433.0,,,1620596281,17:38:01,20210509
106,1992-03-31,OZL.AX,AUD,1992-03-31,1992-03-31,Q1,0.0,0.0,0.0,0.0,0.0,0.0,0.0,0.0,0.0,0.0,0.0,0.0,-139250.0,0.0,0.0,0.0,0.0,-139250.0,0.0,-139250.0,-139250.0,0.0,-0.15663025,-0.15663025,1083433.0,1083433.0,,,1620596281,17:38:01,20210509
107,1992-01-31,OZL.AX,AUD,1992-01-31,1992-01-31,Q1,0.0,0.0,0.0,0.0,0.0,0.0,0.0,0.0,0.0,0.0,0.0,0.0,-139250.0,0.0,0.0,0.0,0.0,-139250.0,0.0,-139250.0,-139250.0,0.0,-0.15663025,-0.15663025,1083433.0,1083433.0,,,1620596281,17:38:01,20210509
108,1991-09-30,OZL.AX,AUD,1991-09-30,1991-09-30,Q3,0.0,0.0,0.0,0.0,0.0,0.0,0.0,0.0,0.0,0.0,0.0,0.0,-113500.0,0.0,0.0,0.0,0.0,-113500.0,0.0,-113500.0,-113500.0,0.0,-0.00035092465880391573,-0.00035092465880391573,323431247.0,323431247.0,,,1620596281,17:38:01,20210509
109,1991-06-30,OZL.AX,AUD,1991-06-30,1991-06-30,Q2,0.0,0.0,0.0,0.0,0.0,0.0,0.0,0.0,0.0,0.0,0.0,0.0,-113500.0,0.0,0.0,0.0,0.0,-113500.0,0.0,-113500.0,-113500.0,0.0,-0.00035092465880391573,-0.00035092465880391573,323431247.0,323431247.0,,,1620596281,17:38:01,20210509
110,1991-03-31,OZL.AX,AUD,1991-03-31,1991-03-31,Q1,0.0,0.0,0.0,0.0,0.0,0.0,0.0,0.0,0.0,0.0,0.0,0.0,-113500.0,0.0,0.0,0.0,0.0,-113500.0,0.0,-113500.0,-113500.0,0.0,-0.00035092465880391573,-0.00035092465880391573,323431247.0,323431247.0,,,1620596281,17:38:01,20210509
111,1991-01-31,OZL.AX,AUD,1991-01-31,1991-01-31,Q1,0.0,0.0,0.0,0.0,0.0,0.0,0.0,0.0,0.0,0.0,0.0,0.0,-113500.0,0.0,0.0,0.0,0.0,-113500.0,0.0,-113500.0,-113500.0,0.0,-0.00035092465880391573,-0.00035092465880391573,323431247.0,323431247.0,,,1620596281,17:38:01,20210509
112,1990-09-30,OZL.AX,AUD,1990-09-30,1990-09-30,Q3,0.0,0.0,0.0,0.0,0.0,0.0,0.0,0.0,0.0,0.0,1000.0,0.0,-65500.0,0.0,0.0,0.0,0.0,-66500.0,0.0,-66500.0,-66500.0,0.0,-0.00020560783973973918,-0.00020560783973973918,323431247.0,323431247.0,,,1620596281,17:38:01,20210509
113,1990-06-30,OZL.AX,AUD,1990-06-30,1990-06-30,Q2,0.0,0.0,0.0,0.0,0.0,0.0,0.0,0.0,0.0,0.0,1000.0,0.0,-65500.0,0.0,0.0,0.0,0.0,-66500.0,0.0,-66500.0,-66500.0,0.0,-0.00020560783973973918,-0.00020560783973973918,323431247.0,323431247.0,,,1620596281,17:38:01,20210509
114,1990-03-31,OZL.AX,AUD,1990-03-31,1990-03-31,Q1,0.0,0.0,0.0,0.0,0.0,0.0,0.0,0.0,0.0,0.0,1000.0,0.0,-65500.0,0.0,0.0,0.0,0.0,-66500.0,0.0,-66500.0,-66500.0,0.0,-0.00020560783973973918,-0.00020560783973973918,323431247.0,323431247.0,,,1620596281,17:38:01,20210509
115,1990-01-31,OZL.AX,AUD,1990-01-31,1990-01-31,Q1,0.0,0.0,0.0,0.0,0.0,0.0,0.0,0.0,0.0,0.0,1000.0,0.0,-65500.0,0.0,0.0,0.0,0.0,-66500.0,0.0,-66500.0,-66500.0,0.0,-0.00020560783973973918,-0.00020560783973973918,323431247.0,323431247.0,,,1620596281,17:38:01,20210509
116,1989-09-30,OZL.AX,AUD,1989-09-30,1989-09-30,Q3,0.0,0.0,0.0,0.0,0.0,0.0,0.0,0.0,0.0,0.0,2500.0,0.0,-248750.0,0.0,0.0,0.0,0.0,-251250.0,0.0,-251250.0,-251250.0,0.0,-0.0007768266125505183,-0.0007768266125505183,323431247.0,323431247.0,,,1620596281,17:38:01,20210509
117,1989-06-30,OZL.AX,AUD,1989-06-30,1989-06-30,Q2,0.0,0.0,0.0,0.0,0.0,0.0,0.0,0.0,0.0,0.0,2500.0,0.0,-248750.0,0.0,0.0,0.0,0.0,-251250.0,0.0,-251250.0,-251250.0,0.0,-0.0007768266125505183,-0.0007768266125505183,323431247.0,323431247.0,,,1620596281,17:38:01,20210509
118,1989-03-31,OZL.AX,AUD,1989-03-31,1989-03-31,Q1,0.0,0.0,0.0,0.0,0.0,0.0,0.0,0.0,0.0,0.0,2500.0,0.0,-248750.0,0.0,0.0,0.0,0.0,-251250.0,0.0,-251250.0,-251250.0,0.0,-0.0007768266125505183,-0.0007768266125505183,323431247.0,323431247.0,,,1620596281,17:38:01,20210509
119,1989-01-31,OZL.AX,AUD,1989-01-31,1989-01-31,Q1,0.0,0.0,0.0,0.0,0.0,0.0,0.0,0.0,0.0,0.0,2500.0,0.0,-248750.0,0.0,0.0,0.0,0.0,-251250.0,0.0,-251250.0,-251250.0,0.0,-0.0007768266125505183,-0.0007768266125505183,323431247.0,323431247.0,,,1620596281,17:38:01,20210509
