,date,symbol,reportedCurrency,fillingDate,acceptedDate,period,revenue,costOfRevenue,grossProfit,grossProfitRatio,researchAndDevelopmentExpenses,generalAndAdministrativeExpenses,sellingAndMarketingExpenses,otherExpenses,operatingExpenses,costAndExpenses,interestExpense,depreciationAndAmortization,ebitda,ebitdaratio,operatingIncome,operatingIncomeRatio,totalOtherIncomeExpensesNet,incomeBeforeTax,incomeBeforeTaxRatio,incomeTaxExpense,netIncome,netIncomeRatio,eps,epsdiluted,weightedAverageShsOut,weightedAverageShsOutDil,link,finalLink,timestamp,est_time,est_date
0,2018-09-30,KERX,USD,2018-11-08 00:00:00,2018-11-08 17:32:07,Q3,28036000.0,14529000.0,13507000.0,0.48177343415608503,7896000.0,26453000.0,0.0,8373000.0,34349000.0,28193000.0,144000.0,2526000.0,-14469000.0,-0.5160864602653731,-16995000.0,-0.606184905121986,-95000.0,-16995000.0,-0.606184905121986,0.0,-16995000.0,-0.606184905121986,-0.14134,-0.14134,120245049.0,120245049.0,https://www.sec.gov/Archives/edgar/data/1114220/000111422018000104/0001114220-18-000104-index.html,https://www.sec.gov/Archives/edgar/data/1114220/000111422018000104/kerx-9302018x10q.htm,1620594105,17:01:45,20210509
1,2018-06-30,KERX,USD,2018-08-09 00:00:00,2018-08-09 16:15:44,Q2,25749000.0,7428000.0,18321000.0,0.7115227775835955,8774000.0,28711000.0,0.0,8415000.0,37485000.0,53328000.0,0.0,1601000.0,-19917000.0,-0.7735057672142608,-21518000.0,-0.8356829391432677,-51000.0,-21518000.0,-0.8356829391432677,0.0,-21518000.0,-0.8356829391432677,-0.17895123482381384,-0.17909339093618654,120245049.0,120149604.0,https://www.sec.gov/Archives/edgar/data/1114220/000111422018000090/0001114220-18-000090-index.html,https://www.sec.gov/Archives/edgar/data/1114220/000111422018000090/kerx-6302018x10q.htm,1620594105,17:01:45,20210509
2,2018-03-31,KERX,USD,2018-05-10 00:00:00,2018-05-10 16:23:03,Q1,21751000.0,9601000.0,12150000.0,0.5585950071261091,8388000.0,25837000.0,0.0,10278000.0,34225000.0,54104000.0,0.0,314000.0,-22216000.0,-1.0213783274332215,-22530000.0,-1.0358144453128593,222000.0,-22530000.0,-1.0358144453128593,-634000.0,-21896000.0,-1.0066663601673487,-0.1820948153965158,-0.18270369425935246,120245049.0,119844320.0,https://www.sec.gov/Archives/edgar/data/1114220/000111422018000050/0001114220-18-000050-index.html,https://www.sec.gov/Archives/edgar/data/1114220/000111422018000050/kerx-3312018x10q.htm,1620594105,17:01:45,20210509
3,2017-12-31,KERX,USD,2018-02-21 00:00:00,2018-02-21 17:15:49,Q4,18682000.0,7447000.0,11235000.0,0.6013810084573387,12628000.0,28787000.0,0.0,8279000.0,41415000.0,57141000.0,0.0,308000.0,-30416000.0,-1.6280912107911358,-30724000.0,-1.6445776683438604,288000.0,-30724000.0,-1.6445776683438604,-235000.0,-30429000.0,-1.6287870677657639,-0.253058236102511,-0.26573766221490075,120245049.0,114507668.0,https://www.sec.gov/Archives/edgar/data/1114220/000111422018000029/0001114220-18-000029-index.html,https://www.sec.gov/Archives/edgar/data/1114220/000111422018000029/kerx-12312017x10k.htm,1620594105,17:01:45,20210509
4,2017-09-30,KERX,USD,2017-11-07 00:00:00,2017-11-07 08:50:09,Q3,14995000.0,5855000.0,9140000.0,0.6095365121707236,9275000.0,22746000.0,0.0,6693000.0,32021000.0,44569000.0,0.0,292000.0,-23186000.0,-1.5462487495831945,-23478000.0,-1.5657219073024342,241000.0,-23478000.0,-1.5657219073024342,20000.0,-23498000.0,-1.5670556852284094,-0.19541760925225288,-0.2080784690135624,120245049.0,112928551.0,https://www.sec.gov/Archives/edgar/data/1114220/000111422017000046/0001114220-17-000046-index.html,https://www.sec.gov/Archives/edgar/data/1114220/000111422017000046/kerx-9302017x10q.htm,1620594105,17:01:45,20210509
5,2017-06-30,KERX,USD,2017-07-27 00:00:00,2017-07-27 07:20:19,Q2,15145000.0,4380000.0,10765000.0,0.7107956421261142,9012000.0,24986000.0,0.0,4997000.0,33998000.0,43375000.0,63000000.0,63255000.0,-23222000.0,-1.5333113238692637,-86477000.0,-5.709937273027402,338000.0,-86477000.0,-5.709937273027402,20000.0,-86497000.0,-5.711257840871575,-0.7193393883518647,-0.7874376883042749,120245049.0,109846152.0,https://www.sec.gov/Archives/edgar/data/1114220/000111422017000016/0001114220-17-000016-index.html,https://www.sec.gov/Archives/edgar/data/1114220/000111422017000016/kerx-6302017x10q.htm,1620594105,17:01:45,20210509
6,2017-03-31,KERX,USD,2017-05-04 00:00:00,2017-05-04 16:36:34,Q1,11819000.0,4273000.0,7546000.0,0.6384634909890854,6764000.0,23103000.0,0.0,5062000.0,29867000.0,39202000.0,0.0,291000.0,-22705000.0,-1.92105931127845,-22996000.0,-1.9456806836449785,114000.0,-22996000.0,-1.9456806836449785,20000.0,-23016000.0,-1.9473728741856333,-0.19140912820452174,-0.2149588937813352,120245049.0,107071634.0,https://www.sec.gov/Archives/edgar/data/1114220/000111422017000010/0001114220-17-000010-index.html,https://www.sec.gov/Archives/edgar/data/1114220/000111422017000010/kerx-3312017x10q.htm,1620594105,17:01:45,20210509
7,2016-12-31,KERX,USD,2017-03-01 00:00:00,2017-03-01 08:18:14,Q4,9533000.0,13438000.0,-3905000.0,-0.4096297073324242,6184000.0,23035000.0,0.0,40689000.0,29219000.0,81243000.0,9000.0,291000.0,-33473000.0,-3.511276618063569,-33764000.0,-3.5418021609147172,143000.0,-33764000.0,-3.5418021609147172,40000.0,-33784000.0,-3.5439001363684044,-0.2809595927729216,-0.3191833471473853,120245049.0,105845121.0,https://www.sec.gov/Archives/edgar/data/1114220/000111422017000006/0001114220-17-000006-index.html,https://www.sec.gov/Archives/edgar/data/1114220/000111422017000006/kerx-12312016x10k.htm,1620594105,17:01:45,20210509
8,2016-09-30,KERX,USD,2016-11-09 00:00:00,2016-11-09 07:18:58,Q3,6337000.0,18195000.0,-11858000.0,-1.8712324443743096,8675000.0,20521000.0,0.0,18967000.0,29195000.0,48163000.0,0.0,317000.0,-41359000.0,-6.526589869023197,-41676000.0,-6.576613539529746,150000.0,-41676000.0,-6.576613539529746,20000.0,-41696000.0,-6.579769607069592,-0.3467585596809063,-0.3940809636580059,120245049.0,105805669.0,https://www.sec.gov/Archives/edgar/data/1114220/000119312516763698/0001193125-16-763698-index.html,https://www.sec.gov/Archives/edgar/data/1114220/000119312516763698/d268086d10q.htm,1620594105,17:01:45,20210509
9,2016-06-30,KERX,USD,2016-08-05,2016-08-05 17:31:30,Q2,9288000.0,5099000.0,4189000.0,0.4510120585701981,7029000.0,20188000.0,0.0,5704000.0,27217000.0,31850000.0,18500000.0,18798000.0,-25833000.0,-2.781330749354005,-44631000.0,-4.805232558139535,-2520000.0,-44631000.0,-4.805232558139535,20000.0,-44651000.0,-4.807385874246339,-0.37133337606274336,-0.4222484486381492,120245049.0,105745800.0,https://www.sec.gov/Archives/edgar/data/1114220/000119312516673647/0001193125-16-673647-index.htm,https://www.sec.gov/Archives/edgar/data/1114220/000119312516673647/d222301d10q.htm,1620594105,17:01:45,20210509
10,2016-03-31,KERX,USD,2016-04-28 00:00:00,2016-04-28 16:05:41,Q1,6825000.0,1071000.0,5754000.0,0.8430769230769231,7616000.0,20809000.0,0.0,1797000.0,28425000.0,31293000.0,15700000.0,16070000.0,-24874000.0,-3.6445421245421246,-40944000.0,-5.999120879120879,-1799000.0,-40944000.0,-5.999120879120879,20000.0,-40964000.0,-6.002051282051282,-0.34067099095281667,-0.38773465535416135,120245049.0,105649571.0,https://www.sec.gov/Archives/edgar/data/1114220/000119312516563667/0001193125-16-563667-index.html,https://www.sec.gov/Archives/edgar/data/1114220/000119312516563667/d344249d10q.htm,1620594105,17:01:45,20210509
11,2015-12-31,KERX,USD,2016-02-26 00:00:00,2016-02-26 16:13:03,Q4,5783000.0,1075000.0,4708000.0,0.8141103233615771,7990000.0,21563000.0,0.0,1683000.0,29553000.0,32311000.0,11357000.0,11583000.0,-26268000.0,-4.5422790938959015,-37851000.0,-6.54521874459623,-12308000.0,-37761000.0,-6.529655887947432,23000.0,-37784000.0,-6.5336330624243475,-0.314224995658657,-0.36366296654869534,120245049.0,103898399.0,https://www.sec.gov/Archives/edgar/data/1114220/000119312516481950/0001193125-16-481950-index.html,https://www.sec.gov/Archives/edgar/data/1114220/000119312516481950/d116816d10k.htm,1620594105,17:01:45,20210509
12,2015-09-30,KERX,USD,2015-10-29 00:00:00,2015-10-29 17:16:29,Q3,4208000.0,3065000.0,1143000.0,0.2716254752851711,11150000.0,20205000.0,0.0,3676000.0,31355000.0,38096000.0,0.0,208000.0,-30515000.0,-7.25166349809886,-30723000.0,-7.301093155893536,100000.0,-30723000.0,-7.301093155893536,22000.0,-30745000.0,-7.3063212927756656,-0.25568620293048405,-0.297173019980002,120245049.0,103458248.0,https://www.sec.gov/Archives/edgar/data/1114220/000119312515358194/0001193125-15-358194-index.html,https://www.sec.gov/Archives/edgar/data/1114220/000119312515358194/d96935d10q.htm,1620594105,17:01:45,20210509
13,2015-06-30,KERX,USD,2015-08-06 00:00:00,2015-08-06 17:02:24,Q2,2514000.0,304000.0,2210000.0,0.8790771678599841,7963000.0,20762000.0,0.0,757000.0,28725000.0,29786000.0,0.0,187000.0,-26667000.0,-10.607398568019093,-26854000.0,-10.68178202068417,114000.0,-26854000.0,-10.68178202068417,23000.0,-26877000.0,-10.6909307875895,-0.22351855833997789,-0.2620348858839388,120245049.0,102570312.0,https://www.sec.gov/Archives/edgar/data/1114220/000119312515281210/0001193125-15-281210-index.html,https://www.sec.gov/Archives/edgar/data/1114220/000119312515281210/d944025d10q.htm,1620594105,17:01:45,20210509
14,2015-03-31,KERX,USD,2015-05-04 00:00:00,2015-05-04 16:34:59,Q1,1175000.0,76000.0,1099000.0,0.9353191489361702,9591000.0,18880000.0,0.0,528000.0,28471000.0,29075000.0,0.0,138000.0,-27579000.0,-23.471489361702126,-27717000.0,-23.588936170212765,107000.0,-27717000.0,-23.588936170212765,22000.0,-27739000.0,-23.607659574468084,-0.2306872526618539,-0.27586312518839473,120245049.0,100553490.0,https://www.sec.gov/Archives/edgar/data/1114220/000119312515169127/0001193125-15-169127-index.html,https://www.sec.gov/Archives/edgar/data/1114220/000119312515169127/d896097d10q.htm,1620594105,17:01:45,20210509
15,2014-12-31,KERX,USD,2015-02-27,2015-02-27 16:32:22,Q4,569000.0,500000.0,69000.0,0.12126537785588752,5815000.0,34050000.0,0.0,341000.0,39865000.0,40706000.0,0.0,121000.0,-39464000.0,-69.3567662565905,-39585000.0,-69.56942003514939,52000.0,-39585000.0,-69.56942003514939,700000.0,-40285000.0,-70.79964850615114,-0.3350241888129631,-0.4426879197307297,120245049.0,91000902.0,https://www.sec.gov/Archives/edgar/data/1114220/000119312515069937/0001193125-15-069937-index.htm,https://www.sec.gov/Archives/edgar/data/1114220/000119312515069937/d846100d10k.htm,1620594105,17:01:45,20210509
16,2014-09-30,KERX,USD,2014-11-06 00:00:00,2014-11-06 17:05:20,Q3,256000.0,0.0,256000.0,1.0,19053000.0,16447000.0,0.0,154000.0,35500000.0,35654000.0,0.0,97000.0,-35192000.0,-137.46875,-35289000.0,-137.84765625,109000.0,-35289000.0,-137.84765625,0.0,-35289000.0,-137.84765625,-0.29347570060867956,-0.38933540714097337,120245049.0,90639072.0,https://www.sec.gov/Archives/edgar/data/1114220/000119312514401240/0001193125-14-401240-index.html,https://www.sec.gov/Archives/edgar/data/1114220/000119312514401240/d790137d10q.htm,1620594105,17:01:45,20210509
17,2014-06-30,KERX,USD,2014-08-07 00:00:00,2014-08-07 17:03:19,Q2,10000000.0,0.0,10000000.0,1.0,10275000.0,12268000.0,0.0,0.0,22543000.0,22543000.0,0.0,56000.0,-35888000.0,-3.5888,-35944000.0,-3.5944,250000.0,-35944000.0,-3.5944,0.0,-35944000.0,-3.5944,-0.2989229103312187,-0.3992655176230728,120245049.0,90025305.0,https://www.sec.gov/Archives/edgar/data/1114220/000119312514300926/0001193125-14-300926-index.html,https://www.sec.gov/Archives/edgar/data/1114220/000119312514300926/d748370d10q.htm,1620594105,17:01:45,20210509
18,2014-03-31,KERX,USD,2014-05-08 00:00:00,2014-05-08 16:02:53,Q1,10000000.0,0.0,10000000.0,1.0,16359000.0,7292000.0,0.0,2552000.0,23651000.0,23651000.0,0.0,32000.0,-13498000.0,-1.3498,-13530000.0,-1.353,121000.0,-13530000.0,-1.353,0.0,-13530000.0,-1.353,-0.11252022526100014,-0.1528512399201075,120245049.0,88517437.0,https://www.sec.gov/Archives/edgar/data/1114220/000119312514189915/0001193125-14-189915-index.html,https://www.sec.gov/Archives/edgar/data/1114220/000119312514189915/d706558d10q.htm,1620594105,17:01:45,20210509
19,2013-12-31,KERX,USD,2014-03-13,2014-03-13 17:01:49,Q4,7000000.0,0.0,7000000.0,1.0,10457000.0,7282000.0,0.0,5953000.0,17739000.0,17739000.0,0.0,20000.0,-47063000.0,-6.723285714285714,-47083000.0,-6.726142857142857,351000.0,-46732000.0,-6.676,-19597000.0,-46732000.0,-6.676,-0.38863970191404723,-0.5768701795581882,120245049.0,81009561.0,https://www.sec.gov/Archives/edgar/data/1114220/000119312514097931/0001193125-14-097931-index.htm,https://www.sec.gov/Archives/edgar/data/1114220/000119312514097931/d653044d10k.htm,1620594105,17:01:45,20210509
20,2013-09-30,KERX,USD,2013-11-04 00:00:00,2013-11-04 17:01:51,Q3,7000000.0,0.0,7000000.0,1.0,10670000.0,5062000.0,0.0,1960000.0,15732000.0,15732000.0,0.0,12000.0,-29052000.0,-4.150285714285714,-29064000.0,-4.152,280000.0,-29064000.0,-4.152,0.0,-29064000.0,-4.152,-0.24170641736775375,-0.36090097841492025,120245049.0,80531785.0,https://www.sec.gov/Archives/edgar/data/1114220/000119312513425377/0001193125-13-425377-index.html,https://www.sec.gov/Archives/edgar/data/1114220/000119312513425377/d600298d10q.htm,1620594105,17:01:45,20210509
21,2013-06-30,KERX,USD,2013-08-02 00:00:00,2013-08-02 16:04:45,Q2,7000000.0,0.0,7000000.0,1.0,7177000.0,4277000.0,0.0,1219000.0,11454000.0,11454000.0,0.0,12000.0,-13401000.0,-1.9144285714285714,-13413000.0,-1.9161428571428571,199000.0,-13413000.0,-1.9161428571428571,0.0,-13413000.0,-1.9161428571428571,-0.11154721222659238,-0.1679243086906257,120245049.0,79875273.0,https://www.sec.gov/Archives/edgar/data/1114220/000119312513317170/0001193125-13-317170-index.html,https://www.sec.gov/Archives/edgar/data/1114220/000119312513317170/d542045d10q.htm,1620594105,17:01:45,20210509
22,2013-03-31,KERX,USD,2013-05-08 00:00:00,2013-05-08 16:36:49,Q1,7000000.0,0.0,7000000.0,1.0,6430000.0,2728000.0,0.0,581000.0,9158000.0,9158000.0,0.0,10000.0,-2045000.0,-0.29214285714285715,-2055000.0,-0.2935714285714286,103000.0,-2055000.0,-0.2935714285714286,0.0,-2055000.0,-0.2935714285714286,-0.017090100732546586,-0.026349500232683398,120245049.0,77990094.0,https://www.sec.gov/Archives/edgar/data/1114220/000119312513207631/0001193125-13-207631-index.html,https://www.sec.gov/Archives/edgar/data/1114220/000119312513207631/d516023d10q.htm,1620594105,17:01:45,20210509
23,2012-12-31,KERX,USD,2013-03-12 00:00:00,2013-03-12 16:03:07,Q4,5000000.0,0.0,5000000.0,1.0,11884000.0,1464000.0,0.0,2167000.0,6678000.0,13348000.0,0.0,20000.0,-27059000.0,-5.4118,-27079000.0,-5.4158,1719000.0,-12276000.0,-2.4552,0.0,-12030000.0,-2.406,-0.10004569917884935,-0.17856518907411412,120245049.0,67370354.0,https://www.sec.gov/Archives/edgar/data/1114220/000114420413014537/0001144204-13-014537-index.html,https://www.sec.gov/Archives/edgar/data/1114220/000114420413014537/v334530_10k.htm,1620594105,17:01:45,20210509
24,2012-09-30,KERX,USD,2012-11-08 00:00:00,2012-11-08 17:01:29,Q3,0.0,0.0,0.0,0.0,3929000.0,1597000.0,0.0,1629000.0,5526000.0,5526000.0,0.0,8000.0,-18724000.0,0.0,-18732000.0,0.0,1669000.0,-18732000.0,0.0,0.0,-16093000.0,0.0,-0.13383503216003512,-0.22496503522213238,120245049.0,71535561.0,https://www.sec.gov/Archives/edgar/data/1114220/000114420412060484/0001144204-12-060484-index.html,https://www.sec.gov/Archives/edgar/data/1114220/000114420412060484/v324782_10q.htm,1620594105,17:01:45,20210509
25,2012-06-30,KERX,USD,2012-08-08 00:00:00,2012-08-08 16:30:33,Q2,0.0,0.0,0.0,0.0,3799000.0,1900000.0,0.0,1084000.0,5699000.0,5699000.0,0.0,9000.0,-13248000.0,0.0,-13257000.0,0.0,1618000.0,-13257000.0,0.0,0.0,-10618000.0,0.0,-0.08830301196018474,-0.14882430550678102,120245049.0,71345873.0,https://www.sec.gov/Archives/edgar/data/1114220/000114420412043665/0001144204-12-043665-index.html,https://www.sec.gov/Archives/edgar/data/1114220/000114420412043665/v318892_10q.htm,1620594105,17:01:45,20210509
26,2012-03-31,KERX,USD,2012-05-09,2012-05-09,Q1,0.0,0.0,0.0,0.0,7400000.0,1776000.0,0.0,646000.0,9176000.0,9176000.0,0.0,10000.0,-9104000.0,0.0,-9114000.0,0.0,62000.0,-9114000.0,0.0,0.0,-9114000.0,0.0,-0.07579522047514821,-0.1277438990759844,120245049.0,71345873.0,https://www.sec.gov/Archives/edgar/data/1114220/000114420412026997/0001144204-12-026997-index.htm,https://www.sec.gov/Archives/edgar/data/1114220/000114420412026997/v310369_10q.htm,1620594105,17:01:45,20210509
27,2011-12-31,KERX,USD,2012-03-02 00:00:00,2012-03-02 16:30:43,Q4,5000000.0,0.0,5000000.0,1.0,6863000.0,1838000.0,0.0,2092000.0,8701000.0,8701000.0,0.0,14000.0,-28735000.0,-5.747,-28749000.0,-5.7498,380000.0,-8621000.0,-1.7242,0.0,-8375000.0,-1.675,-0.12431,-0.12431,67370354.0,67370354.0,https://www.sec.gov/Archives/edgar/data/1114220/000114420412012714/0001144204-12-012714-index.html,https://www.sec.gov/Archives/edgar/data/1114220/000114420412012714/v302731_10k.htm,1620594105,17:01:45,20210509
28,2011-09-30,KERX,USD,2011-11-04 00:00:00,2011-11-04 17:01:51,Q3,5000000.0,0.0,5000000.0,1.0,8772000.0,1583000.0,0.0,1564000.0,10355000.0,10355000.0,0.0,12000.0,-19736000.0,-3.9472,-19748000.0,-3.9496,300000.0,-19748000.0,-3.9496,0.0,-19748000.0,-3.9496,-0.29313,-0.29313,67370354.0,67370354.0,https://www.sec.gov/Archives/edgar/data/1114220/000114420411061458/0001144204-11-061458-index.html,https://www.sec.gov/Archives/edgar/data/1114220/000114420411061458/v238183_10q.htm,1620594105,17:01:45,20210509
29,2011-06-30,KERX,USD,2011-08-08 00:00:00,2011-08-08 17:01:41,Q2,5000000.0,3036201.0,5000000.0,1.0,8984611.0,1404000.0,0.0,519000.0,8218000.0,884191.0,0.0,21000.0,-3075000.0,-0.615,-3096000.0,-0.6192,122000.0,-3096000.0,-0.6192,0.0,-3096000.0,-0.6192,-0.04595,-0.04595,67370354.0,67370354.0,https://www.sec.gov/Archives/edgar/data/1114220/000114420411044597/0001144204-11-044597-index.html,https://www.sec.gov/Archives/edgar/data/1114220/000114420411044597/v229284_10q.htm,1620594105,17:01:45,20210509
30,2011-03-31,KERX,USD,2011-05-10 00:00:00,2011-05-09 19:49:11,Q1,0.0,0.0,0.0,0.0,4618000.0,1284000.0,0.0,573000.0,6475000.0,6475000.0,0.0,11000.0,-6394000.0,0.0,-6405000.0,0.0,70000.0,-6405000.0,0.0,0.0,-6405000.0,0.0,-0.10406,-0.10406,61549633.0,61549633.0,https://www.sec.gov/Archives/edgar/data/1114220/000114420411027263/0001144204-11-027263-index.html,https://www.sec.gov/Archives/edgar/data/1114220/000114420411027263/v219278_10q.htm,1620594105,17:01:45,20210509
31,2010-12-31,KERX,USD,2011-03-09,2011-03-09 17:04:48,Q4,0.0,0.0,0.0,0.0,13728000.0,5014000.0,0.0,2473000.0,6001000.0,21215000.0,-764000.0,12000.0,-21203000.0,0.0,-21215000.0,0.0,764000.0,0.0,0.0,0.0,0.0,0.0,-0.34,-0.34,58219823.0,58219823.0,https://www.sec.gov/Archives/edgar/data/1114220/000114420411013791/0001144204-11-013791-index.htm,https://www.sec.gov/Archives/edgar/data/1114220/000114420411013791/v213588_10k.htm,1620594105,17:01:45,20210509
32,2010-09-30,KERX,USD,2010-11-05 00:00:00,2010-11-05 16:59:02,Q3,0.0,0.0,0.0,0.0,9584000.0,3673000.0,0.0,1957000.0,5933000.0,15214000.0,0.0,15000.0,-15199000.0,0.0,-15214000.0,0.0,197000.0,-15017000.0,0.0,0.0,-15017000.0,0.0,-0.25794,-0.25794,58219823.0,58219823.0,https://www.sec.gov/Archives/edgar/data/1114220/000114420410057983/0001144204-10-057983-index.html,https://www.sec.gov/Archives/edgar/data/1114220/000114420410057983/v201097_10q.htm,1620594105,17:01:45,20210509
33,2010-06-30,KERX,USD,2010-08-09 00:00:00,2010-08-09 17:26:14,Q2,0.0,0.0,0.0,0.0,5683000.0,2254000.0,0.0,1344000.0,5180000.0,9281000.0,0.0,15000.0,-9266000.0,0.0,-9281000.0,0.0,112000.0,-9169000.0,0.0,0.0,-9169000.0,0.0,-0.15902,-0.15902,57658247.0,57658247.0,https://www.sec.gov/Archives/edgar/data/1114220/000114420410042335/0001144204-10-042335-index.html,https://www.sec.gov/Archives/edgar/data/1114220/000114420410042335/v192723_10q.htm,1620594105,17:01:45,20210509
34,2010-03-31,KERX,USD,2010-05-11 00:00:00,2010-05-11 17:08:11,Q1,0.0,0.0,0.0,0.0,2554000.0,898000.0,0.0,649000.0,4101000.0,4101000.0,0.0,18000.0,-4083000.0,0.0,-4101000.0,0.0,86000.0,-4015000.0,0.0,0.0,-4015000.0,0.0,-0.07059,-0.07059,56880953.0,56880953.0,https://www.sec.gov/Archives/edgar/data/1114220/000114420410026202/0001144204-10-026202-index.html,https://www.sec.gov/Archives/edgar/data/1114220/000114420410026202/v184057_10q.htm,1620594105,17:01:45,20210509
35,2009-12-31,KERX,USD,2010-03-25 00:00:00,2010-03-25 17:03:58,Q4,25194000.0,0.0,25194000.0,1.0,7372000.0,4904000.0,0.0,3100000.0,4948000.0,15376000.0,-667000.0,20000.0,9838000.0,0.3904897991585298,9818000.0,0.3896959593554021,667000.0,10485000.0,0.41617051678971184,0.0,10485000.0,0.41617051678971184,0.21,0.21,49928571.0,49928571.0,https://www.sec.gov/Archives/edgar/data/1114220/000114420410015670/0001144204-10-015670-index.html,https://www.sec.gov/Archives/edgar/data/1114220/000114420410015670/v178368_10k.htm,1620594105,17:01:45,20210509
36,2009-09-30,KERX,USD,2009-11-10 00:00:00,2009-11-10 17:03:16,Q3,3500000.0,0.0,3500000.0,1.0,1527000.0,904000.0,0.0,638000.0,3069000.0,3069000.0,-129000.0,23000.0,454000.0,0.12971428571428573,431000.0,0.12314285714285714,129000.0,560000.0,0.16,0.0,560000.0,0.16,0.0117,0.0117,47880737.0,47880737.0,https://www.sec.gov/Archives/edgar/data/1114220/000114420409057869/0001144204-09-057869-index.html,https://www.sec.gov/Archives/edgar/data/1114220/000114420409057869/v165354_10q.htm,1620594105,17:01:45,20210509
37,2009-06-30,KERX,USD,2009-08-12 00:00:00,2009-08-12 16:36:14,Q2,18364000.0,0.0,18364000.0,1.0,1456000.0,1528000.0,0.0,1389000.0,4373000.0,4373000.0,-141000.0,24000.0,14015000.0,0.7631779568721412,13991000.0,0.7618710520583751,141000.0,14132000.0,0.7695491178392507,0.0,14132000.0,0.7695491178392507,0.29531,0.29531,47854664.0,47854664.0,https://www.sec.gov/Archives/edgar/data/1114220/000114420409042375/0001144204-09-042375-index.html,https://www.sec.gov/Archives/edgar/data/1114220/000114420409042375/v157337_10q.htm,1620594105,17:01:45,20210509
38,2009-03-31,KERX,USD,2009-05-13 00:00:00,2009-05-13 16:52:59,Q1,3330000.0,0.0,3330000.0,1.0,1374000.0,1041000.0,0.0,571000.0,2986000.0,2986000.0,-107000.0,25000.0,369000.0,0.11081081081081082,344000.0,0.1033033033033033,107000.0,451000.0,0.13543543543543543,0.0,451000.0,0.13543543543543543,0.00942,0.00942,47853895.0,47853895.0,https://www.sec.gov/Archives/edgar/data/1114220/000114420409026108/0001144204-09-026108-index.html,https://www.sec.gov/Archives/edgar/data/1114220/000114420409026108/v148753_10q.htm,1620594105,17:01:45,20210509
39,2008-12-31,KERX,USD,2009-03-31 00:00:00,2009-03-31 14:58:56,Q4,327000.0,0.0,327000.0,1.0,798000.0,1225000.0,0.0,1997000.0,4020000.0,4020000.0,114000.0,26000.0,-3781000.0,-11.562691131498472,-3807000.0,-11.642201834862385,-114000.0,-3982000.0,-12.17737003058104,0.0,-3807000.0,-11.642201834862385,-0.08423,-0.08423,45197435.0,45197435.0,https://www.sec.gov/Archives/edgar/data/1114220/000114420409017660/0001144204-09-017660-index.html,https://www.sec.gov/Archives/edgar/data/1114220/000114420409017660/v144562_10k.htm,1620594105,17:01:45,20210509
40,2008-09-30,KERX,USD,2008-11-10 00:00:00,2008-11-10 17:29:10,Q3,368000.0,13000.0,355000.0,0.9646739130434783,2206000.0,2197000.0,0.0,2009000.0,6488000.0,6425000.0,622000.0,16000.0,-6650000.0,-18.070652173913043,-6666000.0,-18.11413043478261,-622000.0,-6666000.0,-18.11413043478261,0.0,-6841000.0,-18.589673913043477,-0.15426,-0.15426,44348537.0,44348537.0,https://www.sec.gov/Archives/edgar/data/1114220/000114420408062432/0001144204-08-062432-index.html,https://www.sec.gov/Archives/edgar/data/1114220/000114420408062432/v131074_10q.htm,1620594105,17:01:45,20210509
41,2008-06-30,KERX,USD,2008-08-11 00:00:00,2008-08-11 16:44:28,Q2,389000.0,14000.0,375000.0,0.9640102827763496,4243000.0,2085000.0,0.0,2032000.0,8346000.0,8374000.0,-274000.0,34000.0,-7663000.0,-19.69922879177378,-7697000.0,-19.786632390745503,274000.0,-7697000.0,-19.786632390745503,0.0,-7697000.0,-19.786632390745503,-0.1753,-0.1753,43906974.0,43906974.0,https://www.sec.gov/Archives/edgar/data/1114220/000114420408045382/0001144204-08-045382-index.html,https://www.sec.gov/Archives/edgar/data/1114220/000114420408045382/v122019_10q.htm,1620594105,17:01:45,20210509
42,2008-03-31,KERX,USD,2008-05-12 00:00:00,2008-05-12 16:50:02,Q1,199000.0,0.0,199000.0,1.0,30828000.0,1967000.0,0.0,737000.0,33532000.0,33532000.0,1203000.0,35000.0,-34501000.0,-173.3718592964824,-34536000.0,-173.54773869346732,-1203000.0,-34536000.0,-173.54773869346732,0.0,-34536000.0,-173.54773869346732,-0.78997,-0.78997,43718077.0,43718077.0,https://www.sec.gov/Archives/edgar/data/1114220/000114420408027790/0001144204-08-027790-index.html,https://www.sec.gov/Archives/edgar/data/1114220/000114420408027790/v113586_10q.htm,1620594105,17:01:45,20210509
43,2007-12-31,KERX,USD,2008-02-27,2008-02-27 17:16:16,Q4,42000.0,54000.0,-12000.0,-0.2857142857142857,17446000.0,2795000.0,0.0,3055000.0,30993000.0,23350000.0,0.0,35000.0,-21778000.0,-518.5238095238095,-21813000.0,-519.3571428571429,1441000.0,-21813000.0,-519.3571428571429,0.0,-21813000.0,-519.3571428571429,-0.5,-0.5,43626000.0,43626000.0,https://www.sec.gov/Archives/edgar/data/1114220/000114420408012104/0001144204-08-012104-index.htm,https://www.sec.gov/Archives/edgar/data/1114220/000114420408012104/v105021_10k.htm,1620594105,17:01:45,20210509
44,2007-09-30,KERX,USD,2007-11-09 00:00:00,2007-11-09 13:52:56,Q3,52000.0,28000.0,24000.0,0.46153846153846156,15967000.0,2087000.0,0.0,2543000.0,20569000.0,20625000.0,0.0,32000.0,-19496000.0,-374.9230769230769,-19528000.0,-375.53846153846155,1017000.0,-19528000.0,-375.53846153846155,0.0,-19528000.0,-375.53846153846155,-0.44829,-0.44829,43561160.0,43561160.0,https://www.sec.gov/Archives/edgar/data/1114220/000114420407059683/0001144204-07-059683-index.html,https://www.sec.gov/Archives/edgar/data/1114220/000114420407059683/v092169_10q.htm,1620594105,17:01:45,20210509
45,2007-06-30,KERX,USD,2007-08-09 00:00:00,2007-08-09 16:30:41,Q2,50000.0,46000.0,4000.0,0.08,15685000.0,2394000.0,0.0,2631000.0,20664000.0,20756000.0,0.0,35000.0,-19425000.0,-388.5,-19460000.0,-389.2,1200000.0,-19460000.0,-389.2,0.0,-19460000.0,-389.2,-0.44703,-0.44703,43531495.0,43531495.0,https://www.sec.gov/Archives/edgar/data/1114220/000114420407041640/0001144204-07-041640-index.html,https://www.sec.gov/Archives/edgar/data/1114220/000114420407041640/v083658_10q.htm,1620594105,17:01:45,20210509
46,2007-03-31,KERX,USD,2007-05-07 00:00:00,2007-05-07 17:06:20,Q1,42000.0,54000.0,-12000.0,-0.2857142857142857,17446000.0,2795000.0,0.0,3055000.0,23242000.0,23350000.0,0.0,49000.0,-21764000.0,-518.1904761904761,-21813000.0,-519.3571428571429,1441000.0,-21813000.0,-519.3571428571429,0.0,-21813000.0,-519.3571428571429,-0.50138,-0.50138,43506236.0,43506236.0,https://www.sec.gov/Archives/edgar/data/1114220/000114420407023147/0001144204-07-023147-index.html,https://www.sec.gov/Archives/edgar/data/1114220/000114420407023147/v072746_10q.htm,1620594105,17:01:45,20210509
47,2006-12-31,KERX,USD,2007-03-16,2007-03-16 16:24:41,Q4,101000.0,163000.0,-62000.0,-0.6138613861386139,16504000.0,2564000.0,0.0,1030000.0,19935000.0,20261000.0,0.0,53000.0,-18294000.0,-181.12871287128712,-18347000.0,-181.65346534653466,1650000.0,-18347000.0,-181.65346534653466,0.0,-18347000.0,-181.65346534653466,-0.43776,-0.43776,41911363.0,41911363.0,https://www.sec.gov/Archives/edgar/data/1114220/000114420407013171/0001144204-07-013171-index.htm,https://www.sec.gov/Archives/edgar/data/1114220/000114420407013171/v068370_10k.htm,1620594105,17:01:45,20210509
48,2006-09-30,KERX,USD,2006-11-08,2006-11-08 17:20:33,Q3,74000.0,79000.0,-5000.0,-0.06756756756756757,14950000.0,2041000.0,0.0,2938000.0,19850000.0,20008000.0,0.0,51000.0,-17942000.0,-242.45945945945945,-17993000.0,-243.14864864864865,1862000.0,-17993000.0,-243.14864864864865,0.0,-17993000.0,-243.14864864864865,-0.43383,-0.43383,41474449.0,41474449.0,https://www.sec.gov/Archives/edgar/data/1114220/000114420406045997/0001144204-06-045997-index.htm,https://www.sec.gov/Archives/edgar/data/1114220/000114420406045997/v056801_10q.htm,1620594105,17:01:45,20210509
49,2006-06-30,KERX,USD,2006-08-09,2006-08-09 06:01:42,Q2,247000.0,117000.0,130000.0,0.5263157894736842,12352000.0,1860000.0,0.0,5762000.0,19857000.0,20091000.0,0.0,68000.0,-17760000.0,-71.90283400809717,-17828000.0,-72.17813765182186,1899000.0,-17828000.0,-72.17813765182186,0.0,-17828000.0,-72.17813765182186,-0.43902,-0.43902,40608571.0,40608571.0,https://www.sec.gov/Archives/edgar/data/1114220/000114420406031633/0001144204-06-031633-index.htm,https://www.sec.gov/Archives/edgar/data/1114220/000114420406031633/v049311_10q.htm,1620594105,17:01:45,20210509
50,2006-03-31,KERX,USD,2006-05-10,2006-05-10 16:39:39,Q1,112000.0,171000.0,-59000.0,-0.5267857142857143,12333000.0,2645000.0,0.0,5712000.0,20519000.0,20861000.0,0.0,52000.0,-19544000.0,-174.5,-19596000.0,-174.96428571428572,982000.0,-19596000.0,-174.96428571428572,0.0,-19596000.0,-174.96428571428572,-0.51471,-0.51471,38071609.0,38071609.0,https://www.sec.gov/Archives/edgar/data/1114220/000114420406019276/0001144204-06-019276-index.htm,https://www.sec.gov/Archives/edgar/data/1114220/000114420406019276/v042398_10-q.htm,1620594105,17:01:45,20210509
51,2005-12-31,KERX,USD,2006-03-08,2006-03-08 17:23:23,Q4,209000.0,280000.0,-71000.0,-0.3397129186602871,8459000.0,790000.0,0.0,1110000.0,10079000.0,10639000.0,0.0,54000.0,-9109000.0,-43.58373205741627,-9163000.0,-43.8421052631579,987000.0,-9163000.0,-43.8421052631579,0.0,-9163000.0,-43.8421052631579,-0.26574,-0.26574,34480769.0,34480769.0,https://www.sec.gov/Archives/edgar/data/1114220/000114420406009168/0001144204-06-009168-index.htm,https://www.sec.gov/Archives/edgar/data/1114220/000114420406009168/v037102_10k.htm,1620594105,17:01:45,20210509
52,2005-09-30,KERX,USD,2005-11-04,2005-11-04 16:58:36,Q3,82000.0,197000.0,-115000.0,-1.4024390243902438,6501000.0,1282000.0,0.0,70000.0,7656000.0,8050000.0,0.0,50000.0,-6898000.0,-84.1219512195122,-6948000.0,-84.73170731707317,823000.0,-6948000.0,-84.73170731707317,0.0,-6948000.0,-84.73170731707317,-0.20889,-0.20889,33261801.0,33261801.0,https://www.sec.gov/Archives/edgar/data/1114220/000114420405034035/0001144204-05-034035-index.htm,https://www.sec.gov/Archives/edgar/data/1114220/000114420405034035/v028239_10q.htm,1620594105,17:01:45,20210509
53,2005-06-30,KERX,USD,2005-08-05,2005-08-05 16:36:20,Q2,126000.0,161000.0,-35000.0,-0.2777777777777778,5180000.0,699000.0,0.0,466000.0,6184000.0,6506000.0,0.0,46000.0,-5906000.0,-46.87301587301587,-5952000.0,-47.23809523809524,267000.0,-5952000.0,-47.23809523809524,0.0,-5952000.0,-47.23809523809524,-0.18893,-0.18893,31503469.0,31503469.0,https://www.sec.gov/Archives/edgar/data/1114220/000114420405023916/0001144204-05-023916-index.htm,https://www.sec.gov/Archives/edgar/data/1114220/000114420405023916/v022969_10q.htm,1620594105,17:01:45,20210509
54,2005-03-31,KERX,USD,2005-05-04,2005-05-04 17:10:28,Q1,157000.0,181000.0,-24000.0,-0.15286624203821655,4042000.0,645000.0,0.0,542000.0,5048000.0,5410000.0,0.0,40000.0,-4792000.0,-30.522292993630572,-4832000.0,-30.777070063694268,240000.0,-4832000.0,-30.777070063694268,0.0,-4832000.0,-30.777070063694268,-0.15351,-0.15351,31477797.0,31477797.0,https://www.sec.gov/Archives/edgar/data/1114220/000114420405013974/0001144204-05-013974-index.htm,https://www.sec.gov/Archives/edgar/data/1114220/000114420405013974/v017404_10q.htm,1620594105,17:01:45,20210509
55,2004-12-31,KERX,USD,2005-03-14 00:00:00,2005-03-14 17:18:16,Q4,167000.0,216000.0,-49000.0,-0.2934131736526946,0.0,1147000.0,0.0,3946000.0,81891000.0,5309000.0,0.0,39000.0,-4570000.0,-27.365269461077844,-4609000.0,-27.59880239520958,770000.0,-4609000.0,-27.59880239520958,0.0,-4608000.0,-27.592814371257486,-0.15387,-0.15387,29948181.0,29948181.0,https://www.sec.gov/Archives/edgar/data/1114220/000114420405007524/0001144204-05-007524-index.html,https://www.sec.gov/Archives/edgar/data/1114220/000114420405007524/v014136_10-k.htm,1620594105,17:01:45,20210509
56,2004-09-30,KERX,USD,2004-11-12 00:00:00,2004-11-12 16:44:03,Q3,397000.0,416000.0,-19000.0,-0.04785894206549118,0.0,596000.0,0.0,3241000.0,3421000.0,4253000.0,0.0,40000.0,-3213000.0,-8.093198992443325,-3253000.0,-8.193954659949622,0.0,-3253000.0,-8.193954659949622,0.0,-3253000.0,-8.193954659949622,-0.10959,-0.10959,29683258.0,29683258.0,https://www.sec.gov/Archives/edgar/data/1114220/000114420404018560/0001144204-04-018560-index.html,https://www.sec.gov/Archives/edgar/data/1114220/000114420404018560/form10q.htm,1620594105,17:01:45,20210509
57,2004-06-30,KERX,USD,2004-08-12 00:00:00,2004-08-12 16:06:02,Q2,150000.0,123000.0,27000.0,0.18,0.0,745000.0,0.0,4953000.0,3456000.0,5821000.0,0.0,41000.0,-3218000.0,-21.453333333333333,-3259000.0,-21.726666666666667,0.0,-3259000.0,-21.726666666666667,0.0,-3259000.0,-21.726666666666667,-0.11181,-0.11181,29147498.0,29147498.0,https://www.sec.gov/Archives/edgar/data/1114220/000114420404011651/0001144204-04-011651-index.html,https://www.sec.gov/Archives/edgar/data/1114220/000114420404011651/form10q.htm,1620594105,17:01:45,20210509
58,2004-03-31,KERX,USD,2004-05-14 00:00:00,2004-05-14 12:45:55,Q1,95000.0,80000.0,15000.0,0.15789473684210525,18800000.0,1093000.0,0.0,0.0,-1637000.0,19973000.0,0.0,35000.0,-21787000.0,-229.33684210526314,-21822000.0,-229.70526315789473,0.0,-21822000.0,-229.70526315789473,0.0,-21823000.0,-229.7157894736842,-0.78421,-0.78421,27828090.0,27828090.0,https://www.sec.gov/Archives/edgar/data/1114220/000114420404006616/0001144204-04-006616-index.html,https://www.sec.gov/Archives/edgar/data/1114220/000114420404006616/keryx10q.htm,1620594105,17:01:45,20210509
59,2003-12-31,KERX,USD,2003-12-31,2003-12-31,Q4,0.0,0.0,0.0,0.0,1290000.0,0.0,0.0,0.0,2461000.0,2461000.0,0.0,35000.0,-2426000.0,0.0,-2461000.0,0.0,0.0,-2398000.0,0.0,-143000.0,-2255000.0,0.0,0.0,0.0,0.0,0.0,,,1620594105,17:01:45,20210509
60,2003-09-30,KERX,USD,2003-09-30,2003-09-30,Q3,0.0,0.0,0.0,0.0,810000.0,0.0,0.0,0.0,1590000.0,1590000.0,0.0,174000.0,-1416000.0,0.0,-1590000.0,0.0,0.0,-1556000.0,0.0,0.0,-1556000.0,0.0,-0.07,-0.07,21107158.0,21107158.0,,,1620594105,17:01:45,20210509
61,2003-06-30,KERX,USD,2003-06-30,2003-06-30,Q2,0.0,0.0,0.0,0.0,305000.0,0.0,0.0,0.0,-1560000.0,-1560000.0,0.0,467000.0,2027000.0,0.0,1560000.0,0.0,-3120000.0,-1495000.0,0.0,14000.0,-1509000.0,0.0,-0.07,-0.07,20739770.0,20739770.0,,,1620594105,17:01:45,20210509
62,2003-03-31,KERX,USD,2003-03-31,2003-03-31,Q1,0.0,0.0,0.0,0.0,3105000.0,0.0,0.0,0.0,3771000.0,3771000.0,0.0,264000.0,-3507000.0,0.0,-3771000.0,0.0,0.0,-3686000.0,0.0,102000.0,-3788000.0,0.0,-0.19,-0.19,20011036.0,20011036.0,,,1620594105,17:01:45,20210509
63,2002-12-31,KERX,USD,2002-12-31,2002-12-31,Q4,0.0,0.0,0.0,0.0,2115000.0,0.0,0.0,0.0,2881000.0,2881000.0,0.0,291000.0,-2590000.0,0.0,-2881000.0,0.0,0.0,-2771000.0,0.0,26000.0,-2797000.0,0.0,0.0,0.0,0.0,0.0,,,1620594105,17:01:45,20210509
64,2002-09-30,KERX,USD,2002-09-30,2002-09-30,Q3,0.0,0.0,0.0,0.0,2111000.0,0.0,0.0,0.0,3065000.0,3065000.0,0.0,231000.0,-2834000.0,0.0,-3065000.0,0.0,0.0,-2996000.0,0.0,36000.0,-3032000.0,0.0,-0.15,-0.15,19907185.0,19907185.0,,,1620594105,17:01:45,20210509
65,2002-06-30,KERX,USD,2002-06-30,2002-06-30,Q2,0.0,0.0,0.0,0.0,1552000.0,0.0,0.0,0.0,2632000.0,2632000.0,0.0,220000.0,-2412000.0,0.0,-2632000.0,0.0,0.0,-2472000.0,0.0,-61000.0,-2411000.0,0.0,-0.12,-0.12,19897032.0,19897032.0,,,1620594105,17:01:45,20210509
66,2002-03-31,KERX,USD,2002-03-31,2002-03-31,Q1,0.0,0.0,0.0,0.0,2363000.0,0.0,0.0,0.0,3667000.0,3667000.0,0.0,211000.0,-3456000.0,0.0,-3667000.0,0.0,0.0,-3493000.0,0.0,50000.0,-3543000.0,0.0,-0.18,-0.18,19890335.0,19890335.0,,,1620594105,17:01:45,20210509
67,2001-12-31,KERX,USD,2001-12-31,2001-12-31,Q4,0.0,0.0,0.0,0.0,1932866.0,0.0,0.0,0.0,20806523.0,20806523.0,0.0,185933.0,-20620591.0,0.0,-20806524.0,0.0,17933048.0,-2642375.0,0.0,17329.0,-2659704.0,0.0,0.0,0.0,0.0,0.0,,,1620594105,17:01:45,20210509
68,2001-09-30,KERX,USD,2001-09-30,2001-09-30,Q3,1.0,0.0,1.0,1.0,723513.0,0.0,0.0,0.0,1832017.0,1832017.0,0.0,26722.0,-1805294.0,-1805294.0,-1832016.0,-1832016.0,0.0,-1250475.0,-1250475.0,59092.0,-1309567.0,-1309567.0,-0.07,-0.07,19734224.0,19734224.0,,,1620594105,17:01:45,20210509
69,2001-06-30,KERX,USD,2001-06-30,2001-06-30,Q2,1.0,0.0,1.0,1.0,2711314.0,0.0,0.0,0.0,3986699.0,3986699.0,0.0,22646.0,-3964052.0,-3964052.0,-3986698.0,-3986698.0,0.0,-3437875.0,-3437875.0,10489.0,-3448364.0,-3448364.0,-0.17,-0.17,19721973.0,19721973.0,,,1620594105,17:01:45,20210509
70,2001-03-31,KERX,USD,2001-03-31,2001-03-31,Q1,1.0,14699.0,14700.0,14700.0,2031306.0,0.0,0.0,0.0,3162507.0,3147808.0,0.0,14699.0,-3133108.0,-3133108.0,-3147807.0,-3147807.0,-1.0,-2278273.0,-2278273.0,110090.0,-2388363.0,-2388363.0,-0.12,-0.12,19594448.0,19594448.0,,,1620594105,17:01:45,20210509
71,2000-12-31,KERX,USD,2000-12-31,2000-12-31,Q4,1.0,35967.0,35968.0,35968.0,2263106.0,0.0,0.0,0.0,3566000.0,3530033.0,0.0,35967.0,-3494065.0,-3494065.0,-3530032.0,-3530032.0,-1.0,-2896427.0,-2896427.0,127000.0,-3023427.0,-3023427.0,0.0,0.0,0.0,0.0,,,1620594105,17:01:45,20210509
72,2000-09-30,KERX,USD,2000-09-30,2000-09-30,Q3,1.0,4819.0,-4818.0,-4818.0,1892833.0,0.0,0.0,0.0,3252871.0,3257690.0,0.0,-4819.0,-3262508.0,-3262508.0,-3257689.0,-3257689.0,-1.0,-2726823.0,-2726823.0,38000.0,-2764823.0,-2764823.0,-0.17,-0.17,15927878.0,15927878.0,,,1620594105,17:01:45,20210509
73,2000-06-30,KERX,USD,2000-06-30,2000-06-30,Q2,1.0,8815.0,8816.0,8816.0,1128791.0,0.0,0.0,0.0,3312689.0,3303874.0,0.0,8815.0,-3295058.0,-3295058.0,-3303873.0,-3303873.0,-1.0,-3205927.0,-3205927.0,27879.0,-3233806.0,-3233806.0,-0.4,-0.4,8108306.0,8108306.0,,,1620594105,17:01:45,20210509
74,2000-03-31,KERX,USD,2000-03-31,2000-03-31,Q1,1.0,7309.0,7310.0,7310.0,1400879.0,0.0,0.0,0.0,2501701.0,2494392.0,0.0,7309.0,-2487082.0,-2487082.0,-2494391.0,-2494391.0,-1.0,-2439720.0,-2439720.0,27121.0,-2466841.0,-2466841.0,-0.17,-0.17,8108306.0,8108306.0,,,1620594105,17:01:45,20210509
