,date,symbol,reportedCurrency,fillingDate,acceptedDate,period,revenue,costOfRevenue,grossProfit,grossProfitRatio,researchAndDevelopmentExpenses,generalAndAdministrativeExpenses,sellingAndMarketingExpenses,otherExpenses,operatingExpenses,costAndExpenses,interestExpense,depreciationAndAmortization,ebitda,ebitdaratio,operatingIncome,operatingIncomeRatio,totalOtherIncomeExpensesNet,incomeBeforeTax,incomeBeforeTaxRatio,incomeTaxExpense,netIncome,netIncomeRatio,eps,epsdiluted,weightedAverageShsOut,weightedAverageShsOutDil,link,finalLink,timestamp,est_time,est_date
0,2017-09-30,INVT,USD,2017-11-13,2017-11-13 06:22:01,Q3,1256608000.0,370492000.0,886116000.0,0.7051650156612086,0.0,711047.0,0.0,874152000.0,711047.0,711047.0,97385.0,0.0,-2405604000.0,-1.9143631108507984,-2405604000.0,-1.9143631108507984,38731803000.0,36326199000.0,28.90813921286511,0.0,36326199000.0,28.90813921286511,2611.1639117071163,670.4119356662751,13911880.0,54184893.0,https://www.sec.gov/Archives/edgar/data/1084752/000114420417057917/0001144204-17-057917-index.htm,https://www.sec.gov/Archives/edgar/data/1084752/000114420417057917/tv478768_10q.htm,1620593683,16:54:43,20210509
1,2017-06-30,INVT,USD,2017-08-14,2017-08-14 16:27:35,Q2,1153003.0,334305.0,818698.0,0.710057129079456,0.0,876252.0,0.0,460220.0,1002167.0,1670777.0,924511.0,690363.0,-182778637.0,-158.52399083089983,-183469000.0,-159.12274295903828,39878219.0,39694750.0,34.42727382322509,0.0,39694750.0,34.42727382322509,3.198876522024478,1.8344418617139613,12408966.0,21638598.0,https://www.sec.gov/Archives/edgar/data/1084752/000114420417043181/0001144204-17-043181-index.htm,https://www.sec.gov/Archives/edgar/data/1084752/000114420417043181/v472522_10q.htm,1620593683,16:54:43,20210509
2,2017-03-31,INVT,USD,2017-05-15,2017-05-15 16:44:41,Q1,103605.0,36187.0,67418.0,0.6507214902755658,0.0,1200761.0,0.0,413932.0,1578506.0,1650880.0,1049031.0,1355798.0,-1509732202.0,-14572.001370590222,-1511088000.0,-14585.087592297668,-1049031000.0,-2560119000.0,-24710.38077312871,0.0,-2560119000.0,-24710.38077312871,-206.3120327672749,-222.13026032716704,12408966.0,11525305.0,https://www.sec.gov/Archives/edgar/data/1084752/000114420417027547/0001144204-17-027547-index.htm,https://www.sec.gov/Archives/edgar/data/1084752/000114420417027547/v466582_10q.htm,1620593683,16:54:43,20210509
3,2016-12-31,INVT,USD,2017-03-31,2017-03-31 16:19:02,Q4,100244.0,36525.0,63719.0,0.635639040740593,0.0,1079116.0,0.0,414270.0,1456861.0,1529911.0,1080766.0,1419669.0,-1391722331.0,-13883.347941023902,-1393142000.0,-13897.510075415985,-1077569000.0,-2470711000.0,-24646.971389808867,4872.0,-2475583000.0,-24695.572802362236,-199.49953928473977,-404.4565351645644,12408966.0,6120764.0,https://www.sec.gov/Archives/edgar/data/1084752/000114420417018214/0001144204-17-018214-index.htm,https://www.sec.gov/Archives/edgar/data/1084752/000114420417018214/v462089_10k.htm,1620593683,16:54:43,20210509
4,2016-09-30,INVT,USD,2016-11-14,2016-11-14 17:37:34,Q3,106095.0,35736.0,70359.0,0.6631698006503606,0.0,1620311.0,0.0,413482.0,1998057.0,2069529.0,867713.0,1027621.0,-1926670379.0,-18159.86030444413,-1927698000.0,-18169.54616145907,-867383000.0,-2795081000.0,-26345.077524859797,0.0,-2795081000.0,-26345.077524859797,-225.2468900309663,-617.0745201308381,12408966.0,4529568.0,https://www.sec.gov/Archives/edgar/data/1084752/000114420416134392/0001144204-16-134392-index.htm,https://www.sec.gov/Archives/edgar/data/1084752/000114420416134392/v451926_10q.htm,1620593683,16:54:43,20210509
5,2016-06-30,INVT,USD,2016-08-15,2016-08-15 16:49:30,Q2,1441209.0,271889.0,1169320.0,0.8113465847077003,0.0,1791278.0,0.0,649633.0,2169022.0,2712800.0,971445.0,1097776.0,-998604224.0,-692.893413793558,-999702000.0,-693.6551187232386,-968032000.0,-1967734000.0,-1365.3356314039115,0.0,-1967734000.0,-1365.3356314039115,-453.72027,-453.72027,4336888.0,4336888.0,https://www.sec.gov/Archives/edgar/data/1084752/000114420416119516/0001144204-16-119516-index.htm,https://www.sec.gov/Archives/edgar/data/1084752/000114420416119516/v446033_10q.htm,1620593683,16:54:43,20210509
6,2016-03-31,INVT,USD,2016-05-11,2016-05-11 17:30:46,Q1,126971.0,49125.0,77846.0,0.6131006292775516,0.0,1595221.0,0.0,426870.0,1972966.0,2071216.0,1028583.0,1170115.0,-1893949885.0,-14916.397326948674,-1895120000.0,-14925.61293523718,1403283.0,-491837000.0,-3873.616810137748,0.0,-491837000.0,-3873.616810137748,-113.40781684931683,-118.36144065696006,4336888.0,4155382.0,https://www.sec.gov/Archives/edgar/data/1084752/000114420416100944/0001144204-16-100944-index.htm,https://www.sec.gov/Archives/edgar/data/1084752/000114420416100944/v438875_10q.htm,1620593683,16:54:43,20210509
7,2015-12-31,INVT,USD,2016-04-04,2016-04-04 16:12:10,Q4,404999.0,231191.0,173808.0,0.42915661520151904,0.0,1611028.0,0.0,608936.0,1988773.0,2451155.0,457886.0,1461078.0,-1813503922.0,-4477.798518021033,-1814965000.0,-4481.4061269287085,500000.0,-2252243000.0,-5561.107558290268,-14041000.0,-2238202000.0,-5526.438336884782,-516.0848055103106,-650.0035285210502,4336888.0,3443369.0,https://www.sec.gov/Archives/edgar/data/1084752/000114420416092554/0001144204-16-092554-index.htm,https://www.sec.gov/Archives/edgar/data/1084752/000114420416092554/v434820_10k.htm,1620593683,16:54:43,20210509
8,2015-09-30,INVT,USD,2015-11-10,2015-11-10 08:46:00,Q3,132500.0,51650.0,80850.0,0.610188679245283,0.0,1930706.0,0.0,429392.0,2308447.0,2411748.0,1279879.0,861341.0,-2226736659.0,-16805.55969056604,-2227598000.0,-16812.06037735849,1600000.0,-3470867000.0,-26195.222641509434,0.0,-3470867000.0,-26195.222641509434,-800.3128049421613,-107.6789279123535,4336888.0,32233484.0,https://www.sec.gov/Archives/edgar/data/1084752/000114420415063983/0001144204-15-063983-index.htm,https://www.sec.gov/Archives/edgar/data/1084752/000114420415063983/v423175_10q.htm,1620593683,16:54:43,20210509
9,2015-06-30,INVT,USD,2015-08-07,2015-08-07 08:45:51,Q2,4183891.0,792483.0,3391408.0,0.8105870826940759,0.0,1164946.0,0.0,1179521.0,1551984.0,3136950.0,1243506.0,1277250.0,3116674.0,0.7449223701095463,1839424.0,0.4396443406388933,-1238071.0,601353.0,0.14373056085830152,0.0,601353.0,0.14373056085830152,0.01964,0.01964,30611175.0,30611175.0,https://www.sec.gov/Archives/edgar/data/1084752/000114420415047090/0001144204-15-047090-index.htm,https://www.sec.gov/Archives/edgar/data/1084752/000114420415047090/v417016_10q.htm,1620593683,16:54:43,20210509
10,2015-03-31,INVT,USD,2015-05-15,2015-05-15 09:37:33,Q1,166912.0,69667.0,97245.0,0.5826123945552147,0.0,2825560.0,0.0,457252.0,3213145.0,3352479.0,1248483.0,1302525.0,-3114597475.0,-18660.117157544097,-3115900000.0,-18667.920820552146,37000.0,-6625833000.0,-39696.564656825154,0.0,-6625833000.0,-39696.564656825154,-216.4514429779321,-246.5006699882967,30611175.0,26879574.0,https://www.sec.gov/Archives/edgar/data/1084752/000114420415031091/0001144204-15-031091-index.htm,https://www.sec.gov/Archives/edgar/data/1084752/000114420415031091/v409662_10q.htm,1620593683,16:54:43,20210509
11,2014-12-31,INVT,USD,2015-03-31,2015-03-31 17:08:03,Q4,365621.0,314213.0,51408.0,0.14060461516160178,0.0,2691280.0,0.0,1073934.0,3078864.0,4079427.0,867718.0,1043175.0,-3712762825.0,-10154.676085345207,-3713806000.0,-10157.529244764388,242000.0,-7746848000.0,-21188.192144324315,2400.0,-7749248000.0,-21194.756318701606,-253.15094895899946,-435.03148305564775,30611175.0,17813074.0,https://www.sec.gov/Archives/edgar/data/1084752/000114420415020239/0001144204-15-020239-index.htm,https://www.sec.gov/Archives/edgar/data/1084752/000114420415020239/v403841_10k.htm,1620593683,16:54:43,20210509
12,2014-09-30,INVT,USD,2014-11-13,2014-11-13 16:33:17,Q3,306602000.0,339795000.0,-33193000.0,-0.1082608724013542,0.0,2559474000.0,0.0,387585000.0,2947059.0,3286854000.0,-295634609.0,-847905024.0,6235938806.0,20.3388719121206,7083843830.0,23.104362756929177,2301447864.0,9385291694.0,30.610666903673167,0.0,9385291694.0,30.610666903673167,306.5969108993693,597.8575955749338,30611175.0,15698206.0,https://www.sec.gov/Archives/edgar/data/1084752/000114420414067771/0001144204-14-067771-index.htm,https://www.sec.gov/Archives/edgar/data/1084752/000114420414067771/v392575_10q.htm,1620593683,16:54:43,20210509
13,2014-06-30,INVT,USD,2014-08-14,2014-08-14 16:59:11,Q2,32625000.0,67015000.0,-34390000.0,-1.0540996168582375,0.0,6433410000.0,0.0,625371000.0,3692578.0,7125796000.0,296160000.0,849189000.0,-6244727000.0,-191.40925670498083,-7093916000.0,-217.43803831417625,2000.0,-9396034000.0,-288.0010421455939,17000.0,-9396191000.0,-288.00585440613025,-306.95296733954183,-692.0528886765405,30611175.0,13577273.0,https://www.sec.gov/Archives/edgar/data/1084752/000114420414050321/0001144204-14-050321-index.htm,https://www.sec.gov/Archives/edgar/data/1084752/000114420414050321/v385592_10q.htm,1620593683,16:54:43,20210509
14,2014-04-30,INVT,USD,2014-06-03,2014-06-03 16:03:27,Q3,4505000.0,3474000.0,1031000.0,0.2288568257491676,0.0,1210000.0,0.0,4000.0,1210000.0,4684000.0,0.0,42000.0,46000.0,0.01021087680355161,4000.0,0.0008879023307436182,4000.0,-293000.0,-0.06503884572697004,-3000.0,-226000.0,-0.05016648168701443,-0.07817,-0.07817,2891000.0,2891000.0,https://www.sec.gov/Archives/edgar/data/1084752/000114420414035338/0001144204-14-035338-index.htm,https://www.sec.gov/Archives/edgar/data/1084752/000114420414035338/v379776_10q.htm,1620593683,16:54:43,20210509
15,2014-01-31,INVT,USD,2014-03-14,2014-03-14 15:05:16,Q2,4633000.0,3680000.0,953000.0,0.20569825167278222,0.0,1539000.0,0.0,-9000.0,1539000.0,5216000.0,0.0,40000.0,19000.0,0.004101014461472048,-21000.0,-0.0045327001942585795,460000.0,-849000.0,-0.1832505935678826,-21000.0,-810000.0,-0.17483272177854522,-280.17987,-280.17987,2891.0,2891.0,https://www.sec.gov/Archives/edgar/data/1084752/000114420414015714/0001144204-14-015714-index.htm,https://www.sec.gov/Archives/edgar/data/1084752/000114420414015714/v370022_10q.htm,1620593683,16:54:43,20210509
16,2013-10-31,INVT,USD,2013-12-13,2013-12-13 15:48:32,Q1,5281000.0,4036000.0,1245000.0,0.23575080477182353,0.0,1227000.0,0.0,3000.0,1227000.0,5266000.0,0.0,41000.0,56000.0,0.01060405226282901,15000.0,0.002840371141829199,-466000.0,-451000.0,-0.08540049233099792,7000.0,-400000.0,-0.07574323044877863,-0.13846,-0.13846,2889000.0,2889000.0,https://www.sec.gov/Archives/edgar/data/1084752/000114420413067166/0001144204-13-067166-index.htm,https://www.sec.gov/Archives/edgar/data/1084752/000114420413067166/v362095_10q.htm,1620593683,16:54:43,20210509
17,2013-07-31,INVT,USD,2013-11-12,2013-11-12 17:21:05,Q4,4509000.0,3913000.0,596000.0,0.13218008427589265,-268000.0,1049000.0,0.0,-19000.0,781000.0,4675000.0,0.0,63000.0,-100000.0,-0.022177866489243733,-163000.0,-0.03614992237746729,263000.0,-28000.0,-0.006209802616988246,7000.0,21000.0,0.004657351962741184,7.29927,7.29927,2877.0,2877.0,https://www.sec.gov/Archives/edgar/data/1084752/000114420413060627/0001144204-13-060627-index.htm,https://www.sec.gov/Archives/edgar/data/1084752/000114420413060627/v357238_10k.htm,1620593683,16:54:43,20210509
18,2013-04-30,INVT,USD,2013-06-14,2013-06-14 10:07:47,Q3,5102000.0,3694000.0,1408000.0,0.2759702077616621,63000.0,1249000.0,0.0,5000.0,1312000.0,5011000.0,0.0,28000.0,119000.0,0.023324186593492748,91000.0,0.017836142689141514,5000.0,-22000.0,-0.00431203449627597,6000.0,-28000.0,-0.005488043904351235,-9.73236,-9.73236,2877.0,2877.0,https://www.sec.gov/Archives/edgar/data/1084752/000114420413034858/0001144204-13-034858-index.htm,https://www.sec.gov/Archives/edgar/data/1084752/000114420413034858/v344324_10q.htm,1620593683,16:54:43,20210509
19,2013-01-31,INVT,USD,2013-03-15,2013-03-15 10:19:57,Q2,5241000.0,3954000.0,1287000.0,0.2455638236977676,96000.0,1312000.0,0.0,24000.0,1408000.0,5386000.0,0.0,17000.0,41000.0,0.007822934554474336,24000.0,0.0045792787635947334,24000.0,94000.0,0.01793550849074604,0.0,83000.0,0.01583667239076512,0.02885,0.02885,2877000.0,2877000.0,https://www.sec.gov/Archives/edgar/data/1084752/000119312513109062/0001193125-13-109062-index.htm,https://www.sec.gov/Archives/edgar/data/1084752/000119312513109062/d468747d10q.htm,1620593683,16:54:43,20210509
20,2012-10-31,INVT,USD,2012-12-14,2012-12-14 16:00:36,Q1,5734000.0,4219000.0,1515000.0,0.2642134635507499,109000.0,1292000.0,0.0,14000.0,1415000.0,5634000.0,0.0,26000.0,126000.0,0.021974189047785142,100000.0,0.017439832577607256,14000.0,142000.0,0.0247645622602023,7000.0,88000.0,0.015347052668294385,30.58742,30.58742,2877.0,2877.0,https://www.sec.gov/Archives/edgar/data/1084752/000119312512503304/0001193125-12-503304-index.htm,https://www.sec.gov/Archives/edgar/data/1084752/000119312512503304/d449398d10q.htm,1620593683,16:54:43,20210509
21,2012-07-31,INVT,USD,2012-10-29,2012-10-29 17:05:07,Q4,5633000.0,4117000.0,1516000.0,0.2691283507899876,98000.0,1131000.0,0.0,25000.0,1268000.0,5371000.0,0.0,28000.0,276000.0,0.04899698206994497,248000.0,0.04402627374400852,14000.0,190000.0,0.033729806497425886,6000.0,160000.0,0.02840404757677969,55.69092,55.69092,2873.0,2873.0,https://www.sec.gov/Archives/edgar/data/1084752/000119312512439887/0001193125-12-439887-index.htm,https://www.sec.gov/Archives/edgar/data/1084752/000119312512439887/d359939d10k.htm,1620593683,16:54:43,20210509
22,2012-04-30,INVT,USD,2012-06-12,2012-06-12 14:25:10,Q3,4961000.0,3704000.0,1257000.0,0.2533763354162467,149000.0,1193000.0,0.0,3000.0,1345000.0,5046000.0,0.0,29000.0,32000.0,0.006450312437008668,3000.0,0.0006047167909695626,3000.0,-108000.0,-0.02176980447490425,-4000.0,-104000.0,-0.02096351542027817,-0.03622,-0.03622,2871000.0,2871000.0,https://www.sec.gov/Archives/edgar/data/1084752/000119312512268004/0001193125-12-268004-index.htm,https://www.sec.gov/Archives/edgar/data/1084752/000119312512268004/d321508d10q.htm,1620593683,16:54:43,20210509
23,2012-01-31,INVT,USD,2012-03-13,2012-03-13 16:03:41,Q2,5673000.0,4062000.0,1611000.0,0.28397673188789,104000.0,1337000.0,0.0,-8000.0,1433000.0,5503000.0,0.0,25000.0,203000.0,0.035783536047946415,178000.0,0.03137669663317469,-8000.0,84000.0,0.014806980433632998,10000.0,5000.0,0.0008813678829543451,0.00174,0.00174,2869000.0,2869000.0,https://www.sec.gov/Archives/edgar/data/1084752/000119312512112017/0001193125-12-112017-index.htm,https://www.sec.gov/Archives/edgar/data/1084752/000119312512112017/d300912d10q.htm,1620593683,16:54:43,20210509
24,2011-10-31,INVT,USD,2011-12-13,2011-12-13 16:12:45,Q1,6230000.0,4502000.0,1728000.0,0.27736757624398073,108000.0,1275000.0,0.0,-9000.0,1374000.0,5885000.0,0.0,23000.0,377000.0,0.060513643659711076,354000.0,0.05682182985553772,-9000.0,366000.0,0.058747993579454254,8000.0,346000.0,0.055537720706260035,0.12064,0.12064,2868000.0,2868000.0,https://www.sec.gov/Archives/edgar/data/1084752/000119312511339509/0001193125-11-339509-index.htm,https://www.sec.gov/Archives/edgar/data/1084752/000119312511339509/d237327d10q.htm,1620593683,16:54:43,20210509
25,2011-07-31,INVT,USD,2011-10-28,2011-10-28 14:02:55,Q4,6305000.0,5059000.0,1246000.0,0.19762093576526565,92000.0,1345000.0,0.0,947000.0,1468000.0,7443000.0,-19000.0,43000.0,-1095000.0,-0.17367168913560665,-1138000.0,-0.18049167327517843,238000.0,-1119000.0,-0.1774781919111816,30000.0,-1042000.0,-0.16526566217287866,-0.36434,-0.36434,2860000.0,2860000.0,https://www.sec.gov/Archives/edgar/data/1084752/000119312511285844/0001193125-11-285844-index.htm,https://www.sec.gov/Archives/edgar/data/1084752/000119312511285844/d248972d10k.htm,1620593683,16:54:43,20210509
26,2011-04-30,INVT,USD,2011-06-10,2011-06-10 15:22:07,Q3,5561000.0,3882000.0,1679000.0,0.30192411436791944,121000.0,1413000.0,0.0,-1000.0,1533000.0,5415000.0,-56000.0,85000.0,231000.0,0.04153929149433555,146000.0,0.02625427081460169,-238000.0,202000.0,0.03632440208595576,24000.0,-54000.0,-0.009710483725948571,-0.01889,-0.01889,2859000.0,2859000.0,https://www.sec.gov/Archives/edgar/data/1084752/000119312511162905/0001193125-11-162905-index.htm,https://www.sec.gov/Archives/edgar/data/1084752/000119312511162905/d10q.htm,1620593683,16:54:43,20210509
27,2011-01-31,INVT,USD,2011-03-15,2011-03-15 12:47:33,Q2,5687000.0,3918000.0,1769000.0,0.31106031299454895,137000.0,1421000.0,0.0,-13000.0,1630000.0,5463000.0,136000.0,88000.0,312000.0,0.05486196588711095,224000.0,0.03938807807279761,0.0,88000.0,0.015473887814313346,0.0,88000.0,0.015473887814313346,0.0308,0.0308,2857000.0,2857000.0,https://www.sec.gov/Archives/edgar/data/1084752/000119312511066907/0001193125-11-066907-index.htm,https://www.sec.gov/Archives/edgar/data/1084752/000119312511066907/d10q.htm,1620593683,16:54:43,20210509
28,2010-10-31,INVT,USD,2010-12-14,2010-12-14 09:51:13,Q1,5863000.0,4250000.0,1613000.0,0.27511512877366534,133000.0,1571000.0,0.0,33000.0,1737000.0,5987000.0,158000.0,62000.0,-62000.0,-0.01057479106259594,-124000.0,-0.02114958212519188,0.0,-282000.0,-0.04809824322019444,0.0,-282000.0,-0.04809824322019444,-0.09877,-0.09877,2855000.0,2855000.0,https://www.sec.gov/Archives/edgar/data/1084752/000119312510279920/0001193125-10-279920-index.htm,https://www.sec.gov/Archives/edgar/data/1084752/000119312510279920/d10q.htm,1620593683,16:54:43,20210509
29,2010-07-31,INVT,USD,2010-10-29,2010-10-29 14:11:32,Q4,5477000.0,14510000.0,-9033000.0,-1.6492605440934818,107000.0,1438000.0,0.0,-5000.0,1540000.0,16050000.0,172000.0,89000.0,424000.0,0.07741464305276612,335000.0,0.06116487127989775,0.0,685000.0,0.12506846813949243,-229000.0,418000.0,0.07631915282088735,0.15144927536231884,0.15133960897900073,2760000.0,2762000.0,https://www.sec.gov/Archives/edgar/data/1084752/000119312510241045/0001193125-10-241045-index.htm,https://www.sec.gov/Archives/edgar/data/1084752/000119312510241045/d10k.htm,1620593683,16:54:43,20210509
30,2010-04-30,INVT,USD,2010-06-10,2010-06-10 11:55:34,Q3,3576000.0,2250000.0,1326000.0,0.37080536912751677,141000.0,1058000.0,0.0,25000.0,1224000.0,3474000.0,149000.0,47000.0,149000.0,0.041666666666666664,102000.0,0.028523489932885907,0.0,-45000.0,-0.012583892617449664,-19000.0,-26000.0,-0.00727069351230425,-0.009478672985781991,-0.00947176684881603,2743000.0,2745000.0,https://www.sec.gov/Archives/edgar/data/1084752/000119312510136811/0001193125-10-136811-index.htm,https://www.sec.gov/Archives/edgar/data/1084752/000119312510136811/d10q.htm,1620593683,16:54:43,20210509
31,2010-01-31,INVT,USD,2010-03-15,2010-03-15 16:43:26,Q2,3516000.0,2252000.0,1264000.0,0.3594994311717861,117000.0,1133000.0,0.0,13000.0,1263000.0,3515000.0,297000.0,47000.0,48000.0,0.013651877133105802,1000.0,0.0002844141069397042,0.0,-248000.0,-0.07053469852104664,0.0,-269000.0,-0.07650739476678044,-0.0983187134502924,-0.09824689554419284,2736000.0,2738000.0,https://www.sec.gov/Archives/edgar/data/1084752/000119312510057082/0001193125-10-057082-index.htm,https://www.sec.gov/Archives/edgar/data/1084752/000119312510057082/d10q.htm,1620593683,16:54:43,20210509
32,2009-10-31,INVT,USD,2009-12-15,2009-12-15 15:55:09,Q1,4525000.0,2804000.0,1721000.0,0.3803314917127072,137000.0,1155000.0,0.0,19000.0,1311000.0,4115000.0,53000.0,50000.0,460000.0,0.10165745856353592,410000.0,0.09060773480662983,0.0,358000.0,0.07911602209944751,0.0,379000.0,0.08375690607734806,0.13857404021937844,0.1385233918128655,2735000.0,2736000.0,https://www.sec.gov/Archives/edgar/data/1084752/000119312509253202/0001193125-09-253202-index.htm,https://www.sec.gov/Archives/edgar/data/1084752/000119312509253202/d10q.htm,1620593683,16:54:43,20210509
33,2009-07-31,INVT,USD,2009-10-29,2009-10-29 17:10:26,Q4,5089000.0,5982000.0,-893000.0,-0.17547651797995678,172000.0,1326000.0,0.0,33000.0,1531000.0,7513000.0,466000.0,51000.0,618000.0,0.12143839654156023,567000.0,0.11141678129298486,0.0,116000.0,0.02279426213401454,-5000.0,111000.0,0.021811750835134605,0.04059,0.04059,2735000.0,2735000.0,https://www.sec.gov/Archives/edgar/data/1084752/000119312509217550/0001193125-09-217550-index.htm,https://www.sec.gov/Archives/edgar/data/1084752/000119312509217550/d10k.htm,1620593683,16:54:43,20210509
34,2009-04-30,INVT,USD,2009-06-12,2009-06-12 13:55:14,Q3,2465000.0,2712000.0,-247000.0,-0.10020283975659229,172000.0,852000.0,0.0,26000.0,1050000.0,3762000.0,0.0,46000.0,105000.0,0.04259634888438134,59000.0,0.023935091277890466,0.0,60000.0,0.02434077079107505,0.0,60000.0,0.02434077079107505,0.02194,0.02194,2735000.0,2735000.0,https://www.sec.gov/Archives/edgar/data/1084752/000119312509130035/0001193125-09-130035-index.htm,https://www.sec.gov/Archives/edgar/data/1084752/000119312509130035/d10q.htm,1620593683,16:54:43,20210509
35,2009-01-31,INVT,USD,2009-03-13,2009-03-13 16:47:51,Q2,1307000.0,1406000.0,-99000.0,-0.0757459831675593,277000.0,688000.0,0.0,17000.0,982000.0,2388000.0,0.0,39000.0,-339000.0,-0.2593726090283091,-378000.0,-0.28921193573068094,0.0,-376000.0,-0.28768171384850805,0.0,-376000.0,-0.28768171384850805,-0.13748,-0.13748,2735000.0,2735000.0,https://www.sec.gov/Archives/edgar/data/1084752/000119312509053935/0001193125-09-053935-index.htm,https://www.sec.gov/Archives/edgar/data/1084752/000119312509053935/d10q.htm,1620593683,16:54:43,20210509
36,2008-10-31,INVT,USD,2008-12-15,2008-12-15 17:30:14,Q1,1784000.0,1626000.0,158000.0,0.08856502242152467,305000.0,767000.0,0.0,44000.0,1116000.0,2742000.0,0.0,44000.0,-101000.0,-0.05661434977578475,-145000.0,-0.0812780269058296,0.0,-134000.0,-0.07511210762331838,0.0,-134000.0,-0.07511210762331838,-0.04899,-0.04899,2735000.0,2735000.0,https://www.sec.gov/Archives/edgar/data/1084752/000119312508253669/0001193125-08-253669-index.htm,https://www.sec.gov/Archives/edgar/data/1084752/000119312508253669/d10q.htm,1620593683,16:54:43,20210509
37,2008-07-31,INVT,USD,2008-10-30,2008-10-30 14:29:54,Q4,1604000.0,1472000.0,132000.0,0.08229426433915212,501000.0,596000.0,0.0,123000.0,937000.0,2692000.0,0.0,48000.0,-304000.0,-0.18952618453865336,-352000.0,-0.2194513715710723,0.0,-331000.0,-0.20635910224438903,0.0,-922000.0,-0.5748129675810474,-0.33835,-0.33835,2725000.0,2725000.0,https://www.sec.gov/Archives/edgar/data/1084752/000119312508220118/0001193125-08-220118-index.htm,https://www.sec.gov/Archives/edgar/data/1084752/000119312508220118/d10ksb.htm,1620593683,16:54:43,20210509
38,2008-04-30,INVT,USD,2008-06-16,2008-06-16 17:16:22,Q3,1514000.0,1502000.0,12000.0,0.007926023778071334,703000.0,1150000.0,0.0,123000.0,1976000.0,3478000.0,0.0,59000.0,-1154000.0,-0.76221928665786,-1213000.0,-0.8011889035667107,0.0,-1197000.0,-0.7906208718626155,0.0,-1197000.0,-0.7906208718626155,-0.43975,-0.43975,2722000.0,2722000.0,https://www.sec.gov/Archives/edgar/data/1084752/000119312508134507/0001193125-08-134507-index.htm,https://www.sec.gov/Archives/edgar/data/1084752/000119312508134507/d10qsb.htm,1620593683,16:54:43,20210509
39,2008-01-31,INVT,USD,2008-03-17,2008-03-17 16:13:59,Q2,1480000.0,1312000.0,168000.0,0.11351351351351352,680000.0,1107000.0,0.0,11000.0,1798000.0,3110000.0,0.0,59000.0,-915000.0,-0.6182432432432432,-974000.0,-0.6581081081081082,0.0,-940000.0,-0.6351351351351351,0.0,-940000.0,-0.6351351351351351,-0.0692,-0.0692,13584000.0,13584000.0,https://www.sec.gov/Archives/edgar/data/1084752/000119312508058849/0001193125-08-058849-index.htm,https://www.sec.gov/Archives/edgar/data/1084752/000119312508058849/d10qsb.htm,1620593683,16:54:43,20210509
40,2007-10-31,INVT,USD,2007-12-14,2007-12-14 15:19:49,Q1,2396000.0,2024000.0,372000.0,0.15525876460767946,757000.0,1040000.0,0.0,26000.0,1823000.0,3847000.0,0.0,57000.0,-382000.0,-0.15943238731218698,-439000.0,-0.1832220367278798,0.0,-393000.0,-0.16402337228714525,0.0,-393000.0,-0.16402337228714525,-0.02894,-0.02894,13580000.0,13580000.0,https://www.sec.gov/Archives/edgar/data/1084752/000119312507265551/0001193125-07-265551-index.htm,https://www.sec.gov/Archives/edgar/data/1084752/000119312507265551/d10qsb.htm,1620593683,16:54:43,20210509
41,2007-07-31,INVT,USD,2007-10-30,2007-10-30 16:36:55,Q4,2897000.0,2594000.0,303000.0,0.10459095616154643,647000.0,1398000.0,0.0,-17000.0,2017000.0,4622000.0,0.0,144000.0,-284000.0,-0.09803244735933725,-428000.0,-0.14773904038660685,-28000.0,-375000.0,-0.12944425267518123,0.0,-375000.0,-0.12944425267518123,-0.02766,-0.02766,13558000.0,13558000.0,https://www.sec.gov/Archives/edgar/data/1084752/000119312507229675/0001193125-07-229675-index.htm,https://www.sec.gov/Archives/edgar/data/1084752/000119312507229675/d10ksb.htm,1620593683,16:54:43,20210509
42,2007-04-30,INVT,USD,2007-06-13,2007-06-13 08:17:30,Q3,3570000.0,3410000.0,160000.0,0.04481792717086835,715000.0,1191000.0,0.0,-2000.0,1904000.0,5314000.0,0.0,41000.0,2000.0,0.0005602240896358543,-39000.0,-0.010924369747899159,28000.0,20000.0,0.0056022408963585435,0.0,20000.0,0.0056022408963585435,0.00148,0.00148,13558000.0,13558000.0,https://www.sec.gov/Archives/edgar/data/1084752/000119312507134517/0001193125-07-134517-index.htm,https://www.sec.gov/Archives/edgar/data/1084752/000119312507134517/d10qsb.htm,1620593683,16:54:43,20210509
43,2007-01-31,INVT,USD,2007-03-16,2007-03-16 16:41:57,Q2,1487000.0,2283000.0,-796000.0,-0.535305985205111,768000.0,1120000.0,0.0,24000.0,1912000.0,4195000.0,0.0,48000.0,-1047000.0,-0.7041022192333557,-1095000.0,-0.7363819771351715,0.0,-1015000.0,-0.6825823806321453,0.0,-1015000.0,-0.6825823806321453,-0.07491,-0.07491,13549000.0,13549000.0,https://www.sec.gov/Archives/edgar/data/1084752/000119312507057180/0001193125-07-057180-index.htm,https://www.sec.gov/Archives/edgar/data/1084752/000119312507057180/d10qsb.htm,1620593683,16:54:43,20210509
44,2006-10-31,INVT,USD,2006-12-15,2006-12-15 16:31:40,Q1,2708000.0,943000.0,1765000.0,0.6517725258493353,742000.0,1057000.0,0.0,6000.0,1618000.0,2748000.0,0.0,51000.0,11000.0,0.004062038404726735,-40000.0,-0.014771048744460856,0.0,40000.0,0.014771048744460856,0.0,40000.0,0.014771048744460856,0.0029526832509042594,0.0029143897996357013,13547000.0,13725000.0,https://www.sec.gov/Archives/edgar/data/1084752/000119312506254440/0001193125-06-254440-index.htm,https://www.sec.gov/Archives/edgar/data/1084752/000119312506254440/d10qsb.htm,1620593683,16:54:43,20210509
45,2006-07-31,INVT,USD,2006-10-30,2006-10-30 17:27:31,Q4,3967000.0,3967000.0,0.0,0.0,2565000.0,4747000.0,0.0,60000.0,1838000.0,11339000.0,0.0,49000.0,724000.0,0.18250567179228636,675000.0,0.17015376859087472,60000.0,861000.0,0.21704058482480465,0.0,1637000.0,0.41265439879001764,0.12272284279181347,0.12192760315805154,13339000.0,13426000.0,https://www.sec.gov/Archives/edgar/data/1084752/000119312506218216/0001193125-06-218216-index.htm,https://www.sec.gov/Archives/edgar/data/1084752/000119312506218216/d10ksb.htm,1620593683,16:54:43,20210509
46,2006-04-30,INVT,USD,2006-06-14,2006-06-14 09:07:50,Q3,3047000.0,1107000.0,1940000.0,0.6366918280275681,643000.0,1074000.0,0.0,127000.0,1716000.0,2887000.0,0.0,70000.0,230000.0,0.07548408270429931,160000.0,0.05251066622907778,127000.0,269000.0,0.08828355759763702,0.0,294000.0,0.09648834919593043,0.022090314824554813,0.021950126922502613,13309000.0,13394000.0,https://www.sec.gov/Archives/edgar/data/1084752/000119312506129432/0001193125-06-129432-index.htm,https://www.sec.gov/Archives/edgar/data/1084752/000119312506129432/d10qsb.htm,1620593683,16:54:43,20210509
47,2006-01-31,INVT,USD,2006-03-17,2006-03-17 16:50:41,Q2,3665000.0,1778000.0,1887000.0,0.5148703956343793,1258000.0,2121000.0,0.0,-64000.0,1753000.0,1601000.0,0.0,76000.0,209000.0,0.05702592087312415,133000.0,0.036289222373806274,-64000.0,127000.0,0.03465211459754434,0.0,878000.0,0.23956343792633014,0.06605973967346325,0.065738244983528,13291000.0,13356000.0,https://www.sec.gov/Archives/edgar/data/1084752/000119312506058151/0001193125-06-058151-index.htm,https://www.sec.gov/Archives/edgar/data/1084752/000119312506058151/d10qsb.htm,1620593683,16:54:43,20210509
48,2005-10-31,INVT,USD,2005-12-15,2005-12-15 16:54:49,Q1,2471000.0,3862000.0,-1391000.0,-0.5629299878591664,0.0,315000.0,0.0,0.0,1941000.0,4177000.0,0.0,90000.0,315000.0,0.1274787535410765,225000.0,0.09105625252934035,0.0,234000.0,0.09469850263051396,0.0,234000.0,0.09469850263051396,0.01799,0.01799,13006666.0,13006666.0,https://www.sec.gov/Archives/edgar/data/1084752/000119312505243458/0001193125-05-243458-index.htm,https://www.sec.gov/Archives/edgar/data/1084752/000119312505243458/d10qsb.htm,1620593683,16:54:43,20210509
49,2005-07-31,INVT,USD,2005-10-28,2005-10-28 16:39:52,Q4,4245000.0,5162000.0,-917000.0,-0.2160188457008245,795000.0,2069000.0,0.0,2000.0,2864000.0,8026000.0,0.0,127000.0,-587000.0,-0.13828032979976443,-714000.0,-0.16819787985865725,2000.0,-682000.0,-0.16065959952885747,-56000.0,-825000.0,-0.19434628975265017,-0.06343,-0.06343,13006666.0,13006666.0,https://www.sec.gov/Archives/edgar/data/1084752/000119312505211161/0001193125-05-211161-index.htm,https://www.sec.gov/Archives/edgar/data/1084752/000119312505211161/d10k.htm,1620593683,16:54:43,20210509
50,2005-04-30,INVT,USD,2005-06-14,2005-06-14 16:57:49,Q3,3991000.0,5148000.0,-1157000.0,-0.2899022801302932,771000.0,2220000.0,0.0,89000.0,2991000.0,8139000.0,-249000.0,193000.0,-651000.0,-0.16311701327987974,-844000.0,-0.21147582059634176,89000.0,-782000.0,-0.19594086695063895,-65000.0,-835000.0,-0.20922074668003007,-0.06504,-0.06504,12838000.0,12838000.0,https://www.sec.gov/Archives/edgar/data/1084752/000119312505125257/0001193125-05-125257-index.htm,https://www.sec.gov/Archives/edgar/data/1084752/000119312505125257/d10q.htm,1620593683,16:54:43,20210509
51,2005-01-31,INVT,USD,2005-03-17,2005-03-17 16:49:52,Q2,4399000.0,9956000.0,-5557000.0,-1.2632416458285973,775000.0,1972000.0,0.0,-39000.0,2747000.0,12703000.0,364000.0,110000.0,-328000.0,-0.07456240054557854,-438000.0,-0.09956808365537623,-39000.0,-364000.0,-0.0827460786542396,38000.0,-389000.0,-0.0884291884519209,-0.0401,-0.0401,9700000.0,9700000.0,https://www.sec.gov/Archives/edgar/data/1084752/000119312505054095/0001193125-05-054095-index.htm,https://www.sec.gov/Archives/edgar/data/1084752/000119312505054095/d10q.htm,1620593683,16:54:43,20210509
52,2004-10-31,INVT,USD,2004-12-15,2004-12-15 12:25:09,Q1,6467000.0,3668000.0,2799000.0,0.43281274161125716,866000.0,1845000.0,0.0,9000.0,2711000.0,6379000.0,-115000.0,139000.0,227000.0,0.03510128343899799,88000.0,0.013607546002783362,9000.0,115000.0,0.01778258852636462,4000.0,98000.0,0.015153858048554198,0.01,0.01,9800000.0,9800000.0,https://www.sec.gov/Archives/edgar/data/1084752/000119312504213484/0001193125-04-213484-index.htm,https://www.sec.gov/Archives/edgar/data/1084752/000119312504213484/d10q.htm,1620593683,16:54:43,20210509
53,2004-07-31,INVT,USD,2004-10-28,2004-10-28 17:16:48,Q4,6183000.0,3557000.0,2626000.0,0.4247129225295164,858000.0,2029000.0,0.0,108000.0,2887000.0,6444000.0,-3000.0,137000.0,-124000.0,-0.020054989487303897,-261000.0,-0.042212518195050945,108000.0,-340000.0,-0.054989487303897785,24000.0,-364000.0,-0.058871098172408216,-0.0286,-0.0286,12728571.0,12728571.0,https://www.sec.gov/Archives/edgar/data/1084752/000114544304001650/0001145443-04-001650-index.htm,https://www.sec.gov/Archives/edgar/data/1084752/000114544304001650/d15537_10k.htm,1620593683,16:54:43,20210509
54,2004-04-30,INVT,USD,2004-06-14,2004-06-14 12:59:04,Q3,2770000.0,1259000.0,1511000.0,0.5454873646209386,855000.0,1598000.0,0.0,8000.0,2453000.0,3712000.0,-9000.0,138000.0,-804000.0,-0.29025270758122745,-942000.0,-0.340072202166065,8000.0,-944000.0,-0.3407942238267148,0.0,-944000.0,-0.3407942238267148,-0.07165,-0.07165,13175000.0,13175000.0,https://www.sec.gov/Archives/edgar/data/1084752/000119312504102334/0001193125-04-102334-index.htm,https://www.sec.gov/Archives/edgar/data/1084752/000119312504102334/d10q.htm,1620593683,16:54:43,20210509
55,2004-01-31,INVT,USD,2004-03-16,2004-03-16 16:16:55,Q2,3958000.0,1591000.0,2367000.0,0.5980293077311774,717000.0,1542000.0,0.0,29000.0,2259000.0,3850000.0,-8000.0,157000.0,265000.0,0.06695300656897422,108000.0,0.027286508337544216,29000.0,87000.0,0.021980798383021728,0.0,87000.0,0.021980798383021728,0.00626,0.00626,13900000.0,13900000.0,https://www.sec.gov/Archives/edgar/data/1084752/000119312504043259/0001193125-04-043259-index.htm,https://www.sec.gov/Archives/edgar/data/1084752/000119312504043259/d10q.htm,1620593683,16:54:43,20210509
56,2003-10-31,INVT,USD,2003-12-15,2003-12-15 14:53:03,Q1,5039000.0,2100000.0,2939000.0,0.58325064496924,676000.0,1918000.0,0.0,22000.0,2594000.0,4694000.0,-9000.0,164000.0,509000.0,0.10101210557650328,345000.0,0.06846596546933915,22000.0,330000.0,0.06548918436197658,0.0,330000.0,0.06548918436197658,0.03,0.03,11000000.0,11000000.0,https://www.sec.gov/Archives/edgar/data/1084752/000119312503094207/0001193125-03-094207-index.htm,https://www.sec.gov/Archives/edgar/data/1084752/000119312503094207/d10q.htm,1620593683,16:54:43,20210509
57,2003-07-31,INVT,USD,2003-10-29,2003-10-29 16:00:42,Q4,5035000.0,2298000.0,2737000.0,0.5435948361469712,693000.0,1832000.0,0.0,14000.0,2525000.0,4823000.0,-9000.0,169000.0,381000.0,0.07567030784508441,212000.0,0.042105263157894736,14000.0,208000.0,0.04131082423038729,0.0,208000.0,0.04131082423038729,0.0166,0.0166,12533333.0,12533333.0,https://www.sec.gov/Archives/edgar/data/1084752/000119312503069303/0001193125-03-069303-index.htm,https://www.sec.gov/Archives/edgar/data/1084752/000119312503069303/d10k.htm,1620593683,16:54:43,20210509
58,2003-04-30,INVT,USD,2003-06-11,2003-06-11 12:03:26,Q3,4749000.0,1781000.0,2968000.0,0.6249736786691935,686000.0,2197000.0,0.0,10000.0,2883000.0,4664000.0,-9000.0,192000.0,277000.0,0.058328069067172035,85000.0,0.017898504948410193,10000.0,82000.0,0.017266793009054537,0.0,82000.0,0.017266793009054537,0.00671,0.00671,12228571.0,12228571.0,https://www.sec.gov/Archives/edgar/data/1084752/000101287003003046/0001012870-03-003046-index.htm,https://www.sec.gov/Archives/edgar/data/1084752/000101287003003046/d10q.htm,1620593683,16:54:43,20210509
59,2003-01-31,INVT,USD,2003-03-17,2003-03-17 15:36:58,Q2,4118000.0,1629000.0,2489000.0,0.6044196211753279,733000.0,2338000.0,0.0,32000.0,3008000.0,4637000.0,-8000.0,186000.0,-333000.0,-0.08086449732880038,-519000.0,-0.12603205439533754,60000.0,-532000.0,-0.12918892666342885,0.0,-532000.0,-0.12918892666342885,-0.04448,-0.04448,11960000.0,11960000.0,https://www.sec.gov/Archives/edgar/data/1084752/000101287003001213/0001012870-03-001213-index.htm,https://www.sec.gov/Archives/edgar/data/1084752/000101287003001213/d10q.htm,1620593683,16:54:43,20210509
60,2002-10-31,INVT,USD,2002-12-13,2002-12-13 10:47:43,Q1,3555000.0,1770000.0,1785000.0,0.5021097046413502,747000.0,2300000.0,0.0,28000.0,523000.0,4817000.0,-9000.0,182000.0,-1080000.0,-0.3037974683544304,-1262000.0,-0.3549929676511955,0.0,-1262000.0,-0.3549929676511955,0.0,-1262000.0,-0.3549929676511955,-0.1,-0.1,12620000.0,12620000.0,https://www.sec.gov/Archives/edgar/data/1084752/000101287002004660/0001012870-02-004660-index.htm,https://www.sec.gov/Archives/edgar/data/1084752/000101287002004660/d10q.htm,1620593683,16:54:43,20210509
61,2002-07-31,INVT,USD,2002-10-29,2002-10-29 14:05:28,Q4,3728000.0,1741000.0,1987000.0,0.5329935622317596,752000.0,2492000.0,0.0,0.0,3244000.0,4985000.0,-6000.0,176000.0,-1833000.0,-0.4916845493562232,-2009000.0,-0.5388948497854077,39000.0,-2009000.0,-0.5388948497854077,0.0,9903000.0,2.656384120171674,2.6599,2.6599,3723076.0,3723076.0,https://www.sec.gov/Archives/edgar/data/1084752/000101287002004144/0001012870-02-004144-index.htm,https://www.sec.gov/Archives/edgar/data/1084752/000101287002004144/d10k.htm,1620593683,16:54:43,20210509
