,date,symbol,reportedCurrency,fillingDate,acceptedDate,period,revenue,costOfRevenue,grossProfit,grossProfitRatio,researchAndDevelopmentExpenses,generalAndAdministrativeExpenses,sellingAndMarketingExpenses,otherExpenses,operatingExpenses,costAndExpenses,interestExpense,depreciationAndAmortization,ebitda,ebitdaratio,operatingIncome,operatingIncomeRatio,totalOtherIncomeExpensesNet,incomeBeforeTax,incomeBeforeTaxRatio,incomeTaxExpense,netIncome,netIncomeRatio,eps,epsdiluted,weightedAverageShsOut,weightedAverageShsOutDil,link,finalLink,timestamp,est_time,est_date
0,2021-03-31,LIVN,USD,2021-04-28,2021-04-28 15:08:50,Q1,247603000.0,79284000.0,168319000.0,0.6797938635638502,44625000.0,0.0,0.0,966000.0,163942000.0,243226000.0,15936000.0,18167000.0,22544000.0,0.09104897759720197,4377000.0,-0.10824586131832005,-15169000.0,-26802000.0,-0.10824586131832005,2856000.0,-29698000.0,-0.11994200393371647,-0.61,-0.61,48736000.0,48736000.0,https://www.sec.gov/Archives/edgar/data/1639691/000163969121000047/0001639691-21-000047-index.htm,https://www.sec.gov/Archives/edgar/data/1639691/000163969121000047/livn-20210331.htm,1620594464,17:07:44,20210509
1,2020-12-31,LIVN,USD,2021-03-01,2021-03-01 15:32:11,Q4,269555000.0,96902000.0,172653000.0,0.640511212925006,44480000.0,110346000.0,0.0,0.0,205990000.0,302892000.0,15600000.0,19955000.0,-13382000.0,-0.04964478492329951,-33337000.0,-0.12367420378030458,-248314000.0,-297602000.0,-1.104049266383484,-18317000.0,-279826000.0,-1.0381035410213129,-5.75,-5.75,48600000.0,48600000.0,https://www.sec.gov/Archives/edgar/data/1639691/000163969121000016/0001639691-21-000016-index.htm,https://www.sec.gov/Archives/edgar/data/1639691/000163969121000016/livn-20201231.htm,1620594464,17:07:44,20210509
2,2020-09-30,LIVN,USD,2020-10-29,2020-10-29 14:58:13,Q3,240083000.0,86467000.0,153616000.0,0.6398453868037304,47368000.0,99199000.0,0.0,0.0,156252000.0,233034000.0,14673000.0,9685000.0,2177000.0,0.009067697421308463,-7508000.0,-0.031272518254103786,0.0,-17546000.0,-0.0730830587755068,-3990000.0,-13556000.0,-0.05646380626699933,-1.32,-1.32,48582000.0,48582000.0,https://www.sec.gov/Archives/edgar/data/1639691/000163969120000111/0001639691-20-000111-index.htm,https://www.sec.gov/Archives/edgar/data/1639691/000163969120000111/livn-20200930.htm,1620594464,17:07:44,20210509
3,2020-06-30,LIVN,USD,2020-07-29,2020-07-29 17:27:03,Q2,182206000.0,61031000.0,121175000.0,0.665043961230695,25152000.0,98048000.0,0.0,0.0,132594000.0,197443000.0,8453000.0,16194000.000000004,957000.0000000037,0.0052522968508172275,-15237000.0,-0.08362512760282317,0.0,-21664000.0,-0.1188983897346959,66285000.0,-87993000.0,-0.4829314073082116,-1.81015,-1.81015,48611000.0,48611000.0,https://www.sec.gov/Archives/edgar/data/1639691/000163969120000098/0001639691-20-000098-index.htm,https://www.sec.gov/Archives/edgar/data/1639691/000163969120000098/livn-20200630.htm,1620594464,17:07:44,20210509
4,2020-03-31,LIVN,USD,2020-04-30 00:00:00,2020-04-30 16:15:37,Q1,242397000.0,70389000.0,172008000.0,0.7096127427319645,35902000.0,120177000.0,0.0,0.0,166346000.0,241788999.99999997,-6615000.0,17063000.0,17671000.0,0.07290106725743306,608000.0,0.0025082818681749362,0.0,-6007000.0,-0.02478165983902441,-44714000.0,37583000.0,0.1550472984401622,0.77063,0.77063,48769000.0,48769000.0,https://www.sec.gov/Archives/edgar/data/1639691/000163969120000050/0001639691-20-000050-index.html,https://www.sec.gov/Archives/edgar/data/1639691/000163969120000050/livn-20200331x10q.htm,1620594464,17:07:44,20210509
5,2019-12-31,LIVN,USD,2020-03-02 00:00:00,2020-03-02 14:03:06,Q4,287590000.0,82952000.0,204638000.0,0.7115615981084182,25866000.0,130610000.0,0.0,33834000.0,167161000.0,431566000.0,4601000.0,17887000.0,-126089000.0,-0.4384331861330366,-143976000.0,-0.5006293681977816,0.0,-150139000.0,-0.5220591814736256,-6722000.0,-143230000.0,-0.49803539761465976,-2.95875,-2.95875,48409000.0,48409000.0,https://www.sec.gov/Archives/edgar/data/1639691/000163969120000018/0001639691-20-000018-index.html,https://www.sec.gov/Archives/edgar/data/1639691/000163969120000018/livn-20191231x10xk.htm,1620594464,17:07:44,20210509
6,2019-09-30,LIVN,USD,2019-10-30 00:00:00,2019-10-30 15:56:27,Q3,268610000.0,89204000.0,179406000.0,0.6679051412829009,45904000.0,123015000.0,0.0,-33834000.0,180065000.0,242848999.99999997,-2111000.0,18973999.999999996,44735000.0,0.1665425710137374,25761000.0,0.09590484345333383,0.0,21465000.0,0.0799113957038085,-10653000.0,32118000.0,0.11957112542347642,0.65789,0.65789,48820000.0,48820000.0,https://www.sec.gov/Archives/edgar/data/1639691/000163969119000143/0001639691-19-000143-index.html,https://www.sec.gov/Archives/edgar/data/1639691/000163969119000143/livn-20190930x10q.htm,1620594464,17:07:44,20210509
7,2019-06-30,LIVN,USD,2019-07-31,2019-07-31 15:55:20,Q2,277169000.0,80055000.0,197114000.0,0.7111689979759641,34544000.0,127213000.0,0.0,0.0,170985000.0,307045000.0,-2111000.0,16968000.0,-12908000.0,-0.04657086470709206,-29876000.0,-0.10778983219624129,0.0,-35557000.0,-0.12828635236985378,-6164000.0,-29215000.0,-0.10540500561029552,-0.60434,-0.60434,48342000.0,48342000.0,https://www.sec.gov/Archives/edgar/data/1639691/000163969119000120/livn-20190630x10q.htm,https://www.sec.gov/Archives/edgar/data/1639691/000163969119000120/livn-20190630x10q.htm,1620594464,17:07:44,20210509
8,2019-03-31,LIVN,USD,2019-05-01 00:00:00,2019-05-01 16:07:31,Q1,250801000.0,87201000.0,163600000.0,0.6523099987639602,43575000.0,125704000.0,0.0,0.0,178595000.0,271580000.0,-684000.0,16863000.0,-3916000.0,-0.015613972831049318,-20779000.0,-0.08285054684789933,0.0,-21463000.0,-0.08557780870092224,-6614000.0,-14849000.0,-0.05920630300517143,-0.30778,-0.30778,48246000.0,48246000.0,https://www.sec.gov/Archives/edgar/data/1639691/000163969119000072/0001639691-19-000072-index.html,https://www.sec.gov/Archives/edgar/data/1639691/000163969119000072/livn-20190331x10q.htm,1620594464,17:07:44,20210509
9,2018-12-31,LIVN,USD,2019-03-18 00:00:00,2019-03-18 09:28:17,Q4,296983000.0,92910000.0,204073000.0,0.6871538101507494,37640000.0,122231000.0,0.0,0.0,168990000.0,573435000.0,7714000.0,16909000.000000007,-259543000.0,-0.8739321779361108,-276452000.0,-0.9308680968270912,0.0,-279354000.0,-0.9406396999154834,-69832000.0,-210561000.0,-0.7090001784613934,-4.33824,-4.33824,48536000.0,48536000.0,https://www.sec.gov/Archives/edgar/data/1639691/000163969119000035/0001639691-19-000035-index.html,https://www.sec.gov/Archives/edgar/data/1639691/000163969119000035/livn-20181231x10xk.htm,1620594464,17:07:44,20210509
10,2018-09-30,LIVN,USD,2018-11-01 00:00:00,2018-10-31 19:18:39,Q3,272082000.0,97734000.0,174348000.0,0.6407921141420602,42417000.0,115136000.0,0.0,0.0,167010000.0,277839000.0,2633000.0,17830999.999999996,12073999.999999996,0.04437632772473003,-5757000.0,-0.021159062341499987,0.0,-8933000.0,-0.03283201387816908,-2660000.0,-7177000.0,-0.026378077197315514,-0.14756,-0.14756,48637000.0,48637000.0,https://www.sec.gov/Archives/edgar/data/1639691/000163969118000106/0001639691-18-000106-index.html,https://www.sec.gov/Archives/edgar/data/1639691/000163969118000106/livn-20180930x10q.htm,1620594464,17:07:44,20210509
11,2018-06-30,LIVN,USD,2018-08-02 00:00:00,2018-08-02 15:18:28,Q2,287500000.0,93500000.0,194000000.0,0.6747826086956522,34200000.0,123400000.0,0.0,14702000.0,167471000.0,265899999.99999997,3006000.0,18100000.0,39700000.0,0.13808695652173913,21600000.0,0.0751304347826087,0.0,18800000.0,0.06539130434782608,-1000000.0,15100000.0,0.052521739130434786,0.30629,0.30629,49300000.0,49300000.0,https://www.sec.gov/Archives/edgar/data/1639691/000163969118000084/0001639691-18-000084-index.html,https://www.sec.gov/Archives/edgar/data/1639691/000163969118000084/livn-20180630x10q.htm,1620594464,17:07:44,20210509
12,2018-03-31,LIVN,USD,2018-05-03 00:00:00,2018-05-02 20:53:19,Q1,250400000.0,88300000.0,162100000.0,0.6473642172523961,31800000.0,104200000.0,0.0,13642000.0,144714000.0,226400000.00000003,2111000.0,17100000.0,41100000.0,0.1641373801916933,24000000.0,0.09584664536741214,0.0,22100000.0,0.08825878594249201,3900000.0,13300000.0,0.0531150159744409,0.27033,0.27033,49200000.0,49200000.0,https://www.sec.gov/Archives/edgar/data/1639691/000163969118000044/0001639691-18-000044-index.html,https://www.sec.gov/Archives/edgar/data/1639691/000163969118000044/livn-20180331x10q.htm,1620594464,17:07:44,20210509
13,2017-12-31,LIVN,USD,2018-02-28 00:00:00,2018-02-28 16:53:29,Q4,278400000.0,106100000.0,172200000.0,0.6185344827586207,32400000.0,101300000.0,0.0,10480000.0,29927000.0,268000000.0,7797000.0,19700000.000000004,30100000.000000004,0.10811781609195403,10400000.0,0.03735632183908046,0.0,7900000.0,0.028376436781609195,18100000.0,-111700000.0,-0.4012212643678161,-2.31743,-2.31743,48200000.0,48200000.0,https://www.sec.gov/Archives/edgar/data/1639691/000163969118000016/0001639691-18-000016-index.html,https://www.sec.gov/Archives/edgar/data/1639691/000163969118000016/livn-20171231x10k.htm,1620594464,17:07:44,20210509
14,2017-09-30,LIVN,USD,2017-11-02 00:00:00,2017-11-02 13:14:57,Q3,251300000.0,89400000.0,161900000.0,0.64424990051731,22900000.0,97200000.0,0.0,15155000.0,164920000.0,221199999.99999997,-700000.0,22199999.999999996,52200000.0,0.20771985674492638,30000000.0,0.1193792280143255,0.0,29300000.0,0.11659371269399124,1900000.0,27800000.0,0.11062475129327497,0.5732,0.5732,48500000.0,48500000.0,https://www.sec.gov/Archives/edgar/data/1639691/000163969117000097/0001639691-17-000097-index.html,https://www.sec.gov/Archives/edgar/data/1639691/000163969117000097/livn-20170930x10q.htm,1620594464,17:07:44,20210509
15,2017-06-30,LIVN,USD,2017-08-09 00:00:00,2017-08-09 14:34:09,Q2,255800000.0,85700000.0,170100000.0,0.664972634870993,33800000.0,94300000.0,0.0,16321000.0,175057000.0,188600000.0,-4200000.0,20900000.0,88100000.0,0.34440969507427677,67200000.0,0.2627052384675528,0.0,63000000.0,0.24628616106333073,3300000.0,47500000.0,0.18569194683346366,0.98344,0.98344,48300000.0,48300000.0,https://www.sec.gov/Archives/edgar/data/1639691/000163969117000087/0001639691-17-000087-index.html,https://www.sec.gov/Archives/edgar/data/1639691/000163969117000087/livn-20170630x10q.htm,1620594464,17:07:44,20210509
16,2017-03-31,LIVN,USD,2017-05-03 00:00:00,2017-05-03 15:13:01,Q1,226800000.0,79200000.0,147600000.0,0.6507936507936508,20400000.0,87300000.0,0.0,23772000.0,153462000.0,207100000.0,1100000.0,20200000.000000004,39900000.0,0.17592592592592593,19700000.0,0.08686067019400352,0.0,20900000.0,0.09215167548500881,5700000.0,11300000.0,0.04982363315696649,0.23444,0.23444,48200000.0,48200000.0,https://www.sec.gov/Archives/edgar/data/1639691/000163969117000033/0001639691-17-000033-index.html,https://www.sec.gov/Archives/edgar/data/1639691/000163969117000033/livn-20170331x10q.htm,1620594464,17:07:44,20210509
17,2016-12-31,LIVN,USD,2017-03-01 00:00:00,2017-03-01 12:45:18,Q4,61600000.0,42400000.0,19100000.0,0.31006493506493504,-11600000.0,11100000.0,0.0,-2900000.0,165855000.0,39000000.0,10616000.0,21200000.0,43800000.0,0.711038961038961,22600000.0,0.36688311688311687,-2900000.0,22400000.0,0.36363636363636365,-11800000.0,-29800000.0,-0.4837662337662338,-0.6157,-0.6157,48400000.0,48400000.0,https://www.sec.gov/Archives/edgar/data/1639691/000163969117000011/0001639691-17-000011-index.html,https://www.sec.gov/Archives/edgar/data/1639691/000163969117000011/livn-20161231x10k.htm,1620594464,17:07:44,20210509
18,2016-09-30,LIVN,USD,2016-11-02 00:00:00,2016-11-02 13:24:02,Q3,295300000.0,107100000.0,188100000.0,0.6369793430409753,32200000.0,109200000.0,0.0,26101000.0,151503000.0,272300000.0,-1700000.0,22500000.0,45500000.0,0.15408059600406365,23000000.0,0.07788689468337284,0.0,21300000.0,0.07213003725025398,9700000.0,-1600000.0,-0.005418218760582459,-0.03259,-0.03259,49100000.0,49100000.0,https://www.sec.gov/Archives/edgar/data/1639691/000163969116000066/0001639691-16-000066-index.html,https://www.sec.gov/Archives/edgar/data/1639691/000163969116000066/livn-20160930x10q.htm,1620594464,17:07:44,20210509
19,2016-06-30,LIVN,USD,2016-08-05,2016-08-05 12:22:23,Q2,321000000.0,131500000.0,189500000.0,0.5903426791277259,30200000.0,120600000.0,0.0,18050000.0,156684000.0,299100000.0,-1000000.0,18099999.999999996,40100000.0,0.1249221183800623,22000000.0,0.06853582554517133,0.0,20900000.0,0.06510903426791277,8400000.0,9000000.0,0.028037383177570093,0.18293,0.18293,49200000.0,49200000.0,https://www.sec.gov/Archives/edgar/data/1639691/000163969116000061/livn-20160630x10q.htm,https://www.sec.gov/Archives/edgar/data/1639691/000163969116000061/livn-20160630x10q.htm,1620594464,17:07:44,20210509
20,2016-03-31,LIVN,USD,2016-05-09 00:00:00,2016-05-09 13:48:53,Q1,287000000.0,123600000.0,163400000.0,0.5693379790940767,31700000.0,115800000.0,0.0,52242000.0,163157000.0,323100000.00000006,-2800000.0,23600000.0,-12500000.0,-0.04355400696864112,-36100000.0,-0.12578397212543554,0.0,-38900000.0,-0.13554006968641116,-1300000.0,-40400000.0,-0.14076655052264808,-0.82618,-0.82618,48900000.0,48900000.0,https://www.sec.gov/Archives/edgar/data/1639691/000163969116000042/0001639691-16-000042-index.html,https://www.sec.gov/Archives/edgar/data/1639691/000163969116000042/livn-20160331x10q.htm,1620594464,17:07:44,20210509
21,2015-12-31,LIVN,USD,2016-03-04,2016-03-04 12:38:40,Q4,1323576433.0,149181000.0,1174395433.0,0.887289470951165,51931000.0,173065000.0,0.0,67110000.0,292106000.0,441287000.0,0.0,-3583689.0,1506423.0,0.001138145831582663,5090112.0,0.0038457257723022633,0.0,7328566.0,0.005536942043754265,-12976000.0,12672180.0,0.009574195856054502,0.25905,0.25905,48918000.0,48918000.0,https://www.sec.gov/Archives/edgar/data/1639691/000163969116000034/0001639691-16-000034-index.htm,https://www.sec.gov/Archives/edgar/data/1639691/000163969116000034/livn-20151231x10k.htm,1620594464,17:07:44,20210509
22,2015-09-30,LIVN,USD,2015-09-30,2015-09-30,Q3,67521000.0,9536000.0,57985000.0,0.8587698641904,14739000.0,0.0,0.0,0.0,56435000.0,65971000.0,125000.0,2086000.0,3636000.0,0.05384991336028791,1550000.0,0.022955821151937915,-28011000.0,-26547000.0,-0.3931665704003199,-1456000.0,-25091000.0,-0.37160290872469304,-0.96,-0.96,26025000.0,26025000.0,,,1620594464,17:07:44,20210509
23,2015-06-30,LIVN,USD,2015-06-30,2015-06-30,Q2,81011000.0,9433000.0,71578000.0,0.883559022848749,9804000.0,0.0,0.0,0.0,43767000.0,53200000.0,22000.0,0.0,28115000.0,0.34705163496315317,27811000.0,0.34329905815259654,-8618000.0,19218000.0,0.23722704324104135,6799000.0,12419000.0,0.15330016911283653,0.48,0.47,25996000.0,26228000.0,,,1620594464,17:07:44,20210509
24,2015-04-30,LIVN,USD,2015-04-30,2015-04-30,Q1,74071607.0,7594738.0,66476869.0,0.8974676221078881,11374483.0,0.0,0.0,112216.0,41064437.0,48659175.0,7000.0,2781548.0,28193980.0,0.3806314071193298,25412432.0,0.34307925842624154,-8579856.0,16863660.0,0.2276669925630208,6349598.0,10514062.0,0.14194456453469412,0.4,0.4,26024071.0,26268665.0,,,1620594464,17:07:44,20210509
25,2014-10-31,LIVN,USD,2014-10-31,2014-10-31,Q3,73417194.0,6765872.0,66651322.0,0.9078434950810024,10816868.0,0.0,0.0,-7124.0,40389622.0,47155494.0,0.0,1449716.0,27711416.0,0.3774513092941144,26261700.0,0.3577050356895961,-7124.0,26297733.0,0.358195833526408,9024543.0,17273190.0,0.23527445083232137,0.65,0.64,26574687.0,26791871.0,,,1620594464,17:07:44,20210509
26,2014-07-31,LIVN,USD,2014-07-31,2014-07-31,Q2,72003966.0,6410392.0,65593574.0,0.9109716817543078,10562754.0,0.0,0.0,171455.0,43590360.0,50000752.0,0.0,1560614.0,23563828.0,0.3272573624625066,22003214.0,0.3055833618942601,171455.0,22212335.0,0.3084876602491591,8693513.0,13518822.0,0.18775107471163463,0.51,0.5,26674134.0,26915388.0,,,1620594464,17:07:44,20210509
27,2014-04-30,LIVN,USD,2014-04-30,2014-04-30,Q1,74849270.0,7424604.0,67424666.0,0.9008059263637441,11732285.0,0.0,0.0,-88867.0,44006646.0,51431250.0,3269.0,1452739.0,24870759.0,0.33227790999164053,23418020.0,0.31286905002547116,-88867.0,23363352.0,0.31213867550077645,4935346.0,18428006.0,0.24620154612062348,0.69,0.68,26818166.0,27116411.0,,,1620594464,17:07:44,20210509
28,2013-10-31,LIVN,USD,2013-10-31,2013-10-31,Q3,70101119.0,6926106.0,63175013.0,0.9011983531960452,11653450.0,0.0,0.0,-40782.0,41287375.0,48213481.0,159.0,1349628.0,23237266.0,0.331482098024712,21887638.0,0.31222950948899975,-40782.0,21892364.0,0.31229692638715223,8003902.0,13888462.0,0.1981204037556091,0.51,0.5,27274172.0,27579007.0,,,1620594464,17:07:44,20210509
29,2013-07-31,LIVN,USD,2013-07-31,2013-07-31,Q2,68872357.0,6544033.0,62328324.0,0.9049831705338617,11975165.0,0.0,0.0,-130691.0,41281436.0,47825469.0,0.0,1357001.0,22403889.0,0.3252958077215217,21046888.0,0.30559267777056043,-7573538.0,13516765.0,0.19625820269226446,4842839.0,8673926.0,0.12594205248413382,0.32,0.31,27513191.0,27845495.0,,,1620594464,17:07:44,20210509
30,2013-04-30,LIVN,USD,2013-04-30,2013-04-30,Q1,68343568.0,6359065.0,61984503.0,0.9069544481493854,11545403.0,0.0,0.0,-129342.0,41520934.0,47879999.0,18260.0,1197355.0,21660924.0,0.3169416615766973,20463569.0,0.29942201729941875,-129342.0,20359620.0,0.29790104022663844,8827549.0,11532071.0,0.16873674198572716,0.42,0.41,27564780.0,27910627.0,,,1620594464,17:07:44,20210509
31,2012-10-31,LIVN,USD,2012-10-31,2012-10-31,Q3,62955645.0,5169804.0,57785841.0,0.9178818039271935,10042416.0,0.0,0.0,0.0,37611896.0,42781700.0,59988.0,1194479.0,21368424.0,0.33942030138838225,20173945.0,0.3204469591249522,1202443.0,21328826.0,0.3387913188721996,7761922.0,13566904.0,0.21549940438224405,0.49,0.48,27649103.0,28063199.0,,,1620594464,17:07:44,20210509
32,2012-07-31,LIVN,USD,2012-07-31,2012-07-31,Q2,60321172.0,5011177.0,55309995.0,0.9169250723444167,9719303.0,0.0,0.0,0.0,38042619.0,43053796.0,28784.0,1123108.0,18390484.0,0.3048761055239444,17267376.0,0.28625730282561485,-3991420.0,13254251.0,0.2197280086003634,5179218.0,8075033.0,0.13386730947468992,0.29,0.29,27493419.0,27937237.0,,,1620594464,17:07:44,20210509
33,2012-04-30,LIVN,USD,2012-04-30,2012-04-30,Q1,57609008.0,4474144.0,53134864.0,0.9223360346701336,9128198.0,0.0,0.0,0.0,35167180.0,39641324.0,46428.0,2213271.0,20180955.0,0.35030901764529604,17967684.0,0.31189018217428777,-69088.0,17933843.0,0.311302756679997,7270623.0,10663220.0,0.18509640020185733,0.38784626968366503,0.38784626968366503,27493419.0,27493419.0,,,1620594464,17:07:44,20210509
34,2011-10-31,LIVN,USD,2011-10-31,2011-10-31,Q3,53695061.0,4160664.0,49534397.0,0.9225130966887253,8887425.0,0.0,0.0,0.0,34467658.0,38628322.0,89782.0,836132.0,15902871.0,0.29617008908882697,15066739.0,0.28059822857822997,-329483.0,14727756.0,0.2742851153479461,5699982.0,9027774.0,0.16813043568383318,0.32,0.32,27883020.0,28321810.0,,,1620594464,17:07:44,20210509
35,2011-07-31,LIVN,USD,2011-07-31,2011-07-31,Q2,52662076.0,6922034.0,45740042.0,0.8685575175577962,8221426.0,0.0,0.0,0.0,34229856.0,41151890.0,91035.0,746580.0,12256766.0,0.23274369206409562,11510186.0,0.21856688672888627,117553.0,11616741.0,0.22059025929779144,4732187.0,6884554.0,0.1307307748369054,0.24,0.24,28224094.0,28724294.0,,,1620594464,17:07:44,20210509
36,2011-04-30,LIVN,USD,2011-04-30,2011-04-30,Q1,51122589.0,6199158.0,44923431.0,0.8787393572731615,7613096.0,0.0,0.0,0.0,31893104.0,38092262.0,98815.0,713246.0,13743573.0,0.2688356217639917,13030327.0,0.2548839418128843,-86514.0,12928057.0,0.2528834562740944,5498860.0,7429197.0,0.14532121994056288,0.0,0.0,0.0,0.0,,,1620594464,17:07:44,20210509
37,2010-10-31,LIVN,USD,2010-10-31,2010-10-31,Q3,47461569.0,5551269.0,41910300.0,0.8830365468954471,7025901.0,0.0,0.0,0.0,29145369.0,34696638.0,96505.0,738045.0,13502976.0,0.28450336313154756,12764931.0,0.2689529922620131,-259482.0,12485377.0,0.2630628793582446,-12455868.0,24941245.0,0.5255040135735926,0.89,0.88,27946936.0,28419934.0,,,1620594464,17:07:44,20210509
38,2010-07-31,LIVN,USD,2010-07-31,2010-07-31,Q2,44798763.0,5462202.0,39336561.0,0.8780724815995478,6468867.0,0.0,0.0,0.0,27645363.0,33107565.0,108339.0,569704.0,12260902.0,0.2736884051910094,11691198.0,0.26097144691249624,10762.0,11606464.0,0.25908001075833276,4443168.0,7163296.0,0.15989941507983155,0.26,0.25,27775564.0,28212891.0,,,1620594464,17:07:44,20210509
39,2010-04-30,LIVN,USD,2010-04-30,2010-04-30,Q1,47734988.0,5497103.0,42237885.0,0.8848412196102364,6276617.0,0.0,0.0,0.0,30002310.0,35499413.0,199914.0,635526.0,12871101.0,0.26963662376955033,12235575.0,0.25632299310518314,-422198.0,11623061.0,0.24349144070173434,32757.0,11590304.0,0.2428052144896318,0.0,0.0,0.0,0.0,,,1620594464,17:07:44,20210509
40,2009-10-31,LIVN,USD,2009-10-31,2009-10-31,Q3,40718172.0,5117712.0,35600460.0,0.8743138076041331,5145194.0,0.0,0.0,0.0,26517214.0,31634926.0,430848.0,523398.0,9606644.0,0.2359301394964391,9083246.0,0.2230759769863932,1005042.0,9680944.0,0.2377548776010868,-40463173.0,50144117.0,1.2314923420432529,1.81,1.73,27748669.0,28876518.0,,,1620594464,17:07:44,20210509
41,2009-07-31,LIVN,USD,2009-07-31,2009-07-31,Q2,38501237.0,5340145.0,33161092.0,0.8612993914974731,5030089.0,0.0,0.0,0.0,26648980.0,31989125.0,502685.0,493617.0,7005729.0,0.18196114062517005,6512112.0,0.16914033177687252,2017219.0,8068909.0,0.2095753183202919,203450.0,7865459.0,0.20429107251800765,0.29,0.23,27532410.0,27748461.0,,,1620594464,17:07:44,20210509
42,2009-04-30,LIVN,USD,2009-04-30,2009-04-30,Q1,38577182.0,5111636.0,33465546.0,0.8674958684125761,5188948.0,0.0,0.0,0.0,26757071.0,31868707.0,607501.0,11447.0,6719922.0,0.17419421667450982,6708475.0,0.17389748686153383,585901.0,6764870.0,0.1753593613965893,241855.0,6523015.0,0.16908998174101986,0.0,0.0,0.0,0.0,,,1620594464,17:07:44,20210509
43,2008-10-31,LIVN,USD,2008-10-31,2008-10-31,Q3,36031971.0,5177800.0,30854171.0,0.8562998399393694,4806220.0,0.0,0.0,0.0,26337644.0,31515444.0,929018.0,360026.0,4876553.0,0.13533961270117587,4516527.0,0.12534776407318934,4450351.0,8471506.0,0.2351108131164959,121304.0,8350202.0,0.23174424735188648,0.31,0.14,26680551.0,27516723.0,,,1620594464,17:07:44,20210509
44,2008-07-31,LIVN,USD,2008-07-31,2008-07-31,Q2,33731858.0,4816762.0,28915096.0,0.8572043674558336,4608175.0,0.0,0.0,0.0,26132942.0,30949704.0,1161650.0,849031.0,3631185.0,0.10764853213837199,2782154.0,0.08247852816171584,17234.0,2146025.0,0.0636201243346868,93224.0,2052801.0,0.060856446152476984,0.08,0.08,26420783.0,26799038.0,,,1620594464,17:07:44,20210509
45,2008-04-30,LIVN,USD,2008-04-30,2008-04-30,Q1,33891644.0,5893833.0,27997811.0,0.8260977543609275,5210171.0,0.0,0.0,0.0,24974103.0,30867936.0,1119284.0,827701.0,3851409.0,0.11363889577029665,3023708.0,0.08921691730268382,-5887.0,2597200.0,0.07663245843134668,-306154.0,2903354.0,0.0856657764964131,0.0,0.0,0.0,0.0,,,1620594464,17:07:44,20210509
46,2007-10-31,LIVN,USD,2007-10-31,2007-10-31,Q3,28946696.0,4576104.0,24370592.0,0.8419127350492782,5886095.0,0.0,0.0,0.0,27978937.0,32555041.0,0.0,1033912.0,-2574433.0,-0.08893702410803637,-3608345.0,-0.1246548137998202,-83664.0,-4061998.0,-0.1403268269373472,15342.0,-4077340.0,-0.14085683561260326,-0.15,-0.15,26529485.0,26529485.0,,,1620594464,17:07:44,20210509
47,2007-07-31,LIVN,USD,2007-07-31,2007-07-31,Q2,29075469.0,5551767.0,23523702.0,0.8090566656035711,6307723.0,0.0,0.0,0.0,31432816.0,36984583.0,0.0,1063936.0,-6845178.0,-0.23542794786904384,-7909114.0,-0.2720201693049216,42566.0,-8146524.0,-0.2801854718147453,16939.0,-8163463.0,-0.2807680591497939,-0.31,-0.31,26353718.0,26353718.0,,,1620594464,17:07:44,20210509
48,2007-04-30,LIVN,USD,2007-04-30,2007-04-30,Q1,31431839.0,5725732.0,25706107.0,0.8178365573837407,6732491.0,0.0,0.0,0.0,35906307.0,41632039.0,1552842.0,1159820.0,-9040380.0,-0.28761855136761166,-10200200.0,-0.32451807862721616,-50917.0,-10770803.0,-0.34267174122392263,-3086.0,-10767717.0,-0.34257356052250076,0.0,0.0,0.0,0.0,,,1620594464,17:07:44,20210509
49,2006-10-31,LIVN,USD,2006-10-31,2006-10-31,Q3,34140796.0,3803946.0,30336850.0,0.8885806294615978,6974403.0,0.0,0.0,0.0,42593117.0,46397063.0,1444318.0,1146042.0,-11110225.0,-0.3254237247426803,-12256267.0,-0.3589918348711026,7056.0,-12452769.0,-0.3647474710314311,40934.0,-12493703.0,-0.3659464471771543,-0.49,-0.49,25418018.0,25418018.0,,,1620594464,17:07:44,20210509
50,2006-07-31,LIVN,USD,2006-07-31,2006-07-31,Q2,33731520.0,3801328.0,29930192.0,0.8873063532268928,6953557.0,0.0,0.0,0.0,38339462.0,42140790.0,1351623.0,1124373.0,-7284897.0,-0.21596705396021287,-8409270.0,-0.24930006118905995,69200.0,-8513735.0,-0.25239701620324256,19652.0,-8533387.0,-0.25297961669085767,-0.34,-0.34,25314450.0,25314450.0,,,1620594464,17:07:44,20210509
51,2006-04-30,LIVN,USD,2006-04-30,2006-04-30,Q1,36047613.0,4401476.0,31646137.0,0.8778982674941611,8447171.0,0.0,0.0,0.0,34874610.0,39276086.0,1287386.0,369637.0,-2858836.0,-0.07930722070279661,-3228473.0,-0.08956135320249915,-21596.0,-3493683.0,-0.0969185671184386,41294.0,-3534977.0,-0.09806410760124394,0.0,0.0,0.0,0.0,,,1620594464,17:07:44,20210509
52,2005-10-31,LIVN,USD,2005-10-31,2005-10-31,Q3,29070298.0,3791078.0,25279220.0,0.8695892969518235,7402409.0,0.0,0.0,0.0,47676429.0,51467507.0,487758.0,1776270.0,-20620939.0,-0.7093473551595515,-22397209.0,-0.7704499279642747,234869.0,-22033877.0,-0.7579515352749394,36184.0,-22070061.0,-0.7591962421575451,-0.88,-0.88,25063925.0,25063925.0,,,1620594464,17:07:44,20210509
53,2005-07-31,LIVN,USD,2005-07-31,2005-07-31,Q2,27019459.0,3760900.0,23258559.0,0.8608077237963943,6252508.0,0.0,0.0,0.0,42270568.0,46031468.0,0.0,1030394.0,-17981615.0,-0.6655061080238505,-19012009.0,-0.7036413645439755,-148464.0,-18841082.0,-0.6973152941367183,19988.0,-18861070.0,-0.6980550572829752,-0.76,-0.76,24829661.0,24829661.0,,,1620594464,17:07:44,20210509
54,2005-04-30,LIVN,USD,2005-04-30,2005-04-30,Q1,26659945.0,3317534.0,23342411.0,0.875561108621942,5401069.0,0.0,0.0,0.0,30113285.0,33430819.0,107278.0,917642.0,-5853232.0,-0.21955154071023028,-6770874.0,-0.2539717917647617,18270.0,-6454262.0,-0.24209584828475827,11819.0,-6466081.0,-0.2425391725301759,0.0,0.0,0.0,0.0,,,1620594464,17:07:44,20210509
55,2004-10-31,LIVN,USD,2004-10-31,2004-10-31,Q3,25420794.0,3721452.0,21699342.0,0.8536059888609302,4678369.0,0.0,0.0,0.0,23795680.0,27517132.0,111186.0,1037529.0,-1058809.0,-0.04165129539226824,-2096338.0,-0.0824654808185771,-35268.0,-2021479.0,-0.0795206868833444,4769.0,-2026248.0,-0.07970828920607279,-0.08,-0.08,23856708.0,23856708.0,,,1620594464,17:07:44,20210509
56,2004-07-31,LIVN,USD,2004-07-31,2004-07-31,Q2,25149322.0,4783132.0,20366190.0,0.8098106978788534,4726337.0,0.0,0.0,0.0,23364117.0,28147249.0,125134.0,1126388.0,-1871539.0,-0.07441707573667393,-2997927.0,-0.1192050823477468,66279.0,-2904190.0,-0.11547786457225367,4542.0,-2908732.0,-0.11565846586241967,-0.12,-0.12,23649269.0,23649269.0,,,1620594464,17:07:44,20210509
57,2004-04-30,LIVN,USD,2004-04-30,2004-04-30,Q1,26307817.0,3589785.0,22718032.0,0.8635468309666287,4746644.0,0.0,0.0,0.0,23569570.0,27159355.0,140820.0,1187180.0,335642.0,0.012758261166253362,-851538.0,-0.03236825009083802,-316857.0,-1170273.0,-0.044483850560462695,75257.0,-1245530.0,-0.047344483200563545,0.0,0.0,0.0,0.0,,,1620594464,17:07:44,20210509
58,2003-10-31,LIVN,USD,2003-10-31,2003-10-31,Q3,29296746.0,4357489.0,24939257.0,0.851263720551081,4613688.0,0.0,0.0,0.0,21065080.0,25422569.0,134009.0,1231498.0,5105675.0,0.17427447403203072,3874177.0,0.13223915720879034,178293.0,1026024.0,0.03502177340787267,178021.0,3848003.0,0.13134574740826166,0.17,0.15,22802669.0,26362832.0,,,1620594464,17:07:44,20210509
59,2003-07-31,LIVN,USD,2003-07-31,2003-07-31,Q2,26682274.0,3993953.0,22688321.0,0.8503143697572403,3776490.0,0.0,0.0,0.0,20060761.0,24054714.0,0.0,1245982.0,3873542.0,0.14517285895497511,2627560.0,0.0984758645383823,112574.0,2686820.0,0.10069681467179296,124830.0,2561990.0,0.09601842781466077,0.11,0.1,22435149.0,25132077.0,,,1620594464,17:07:44,20210509
60,2003-04-30,LIVN,USD,2003-04-30,2003-04-30,Q1,27777475.0,4124486.0,23652989.0,0.8515168855340524,4174846.0,0.0,0.0,0.0,19586395.0,23710881.0,0.0,1264870.0,5331464.0,0.19193479608927738,4066594.0,0.14639897974887928,61340.0,4135727.0,0.14888779487696416,101764.0,4033963.0,0.1452242509443353,0.0,0.0,0.0,0.0,,,1620594464,17:07:44,20210509
61,2002-10-31,LIVN,USD,2002-10-31,2002-10-31,Q3,26072385.0,3817536.0,22254849.0,0.8535793330759729,4594622.0,0.0,0.0,0.0,21163433.0,24980969.0,122576.0,1301866.0,2393282.0,0.09179375036077443,1091416.0,0.04186099583908415,-85378.0,0.0,0.0,0.0,1004106.0,0.0385122419755615,0.05,0.04,21898881.0,23518576.0,,,1620594464,17:07:44,20210509
62,2002-07-31,LIVN,USD,2002-07-31,2002-07-31,Q2,23055593.0,3950037.0,19105556.0,0.8286733722268605,4795938.0,0.0,0.0,0.0,23151483.0,27101520.0,97852.0,1229421.0,-2816506.0,-0.1221615076220334,-4045927.0,-0.175485705355746,339024.0,0.0,0.0,0.0,-3674807.0,-0.15938896041407394,-0.17,-0.17,21781872.0,21781872.0,,,1620594464,17:07:44,20210509
63,2002-04-30,LIVN,USD,2002-04-30,2002-04-30,Q1,20225414.0,3379471.0,16845943.0,0.8329096749268025,6081578.0,0.0,0.0,0.0,23883811.0,27263282.0,100851.0,1156710.0,-5881158.0,-0.2907805991017044,-7037868.0,-0.34797151741862986,80470.0,0.0,0.0,0.0,-6878177.0,-0.3400759559235722,0.0,0.0,0.0,0.0,,,1620594464,17:07:44,20210509
64,2001-10-31,LIVN,USD,2001-10-31,2001-10-31,Q3,16882244.0,3452267.0,13429977.0,0.7955089975005692,6035007.0,0.0,0.0,0.0,20586232.0,24038499.0,53665.0,1052960.0,-6103295.0,-0.3615215489125735,-7156255.0,-0.4238924043509856,38877.0,0.0,0.0,0.0,-6829747.0,-0.40455208442669116,-0.32,-0.32,21622189.0,21622189.0,,,1620594464,17:07:44,20210509
65,2001-07-31,LIVN,USD,2001-07-31,2001-07-31,Q2,14614924.0,3108459.0,11506465.0,0.7873092600413112,6127588.0,0.0,0.0,0.0,18675918.0,21784377.0,16659.0,995816.0,-6173637.0,-0.4224200550067862,-7169453.0,-0.49055698134318043,12334.0,0.0,0.0,0.0,-6636750.0,-0.4541077326163311,-0.31,-0.31,21587281.0,21587281.0,,,1620594464,17:07:44,20210509
66,2001-03-31,LIVN,USD,2001-03-31,2001-03-31,Q1,14323721.0,3083633.0,11240088.0,0.7847184401315831,4631222.0,0.0,0.0,0.0,15138658.0,18222291.0,17915.0,1189139.0,-2709431.0,-0.18915692367925904,-3898570.0,-0.2721757844906362,-268363.0,0.0,0.0,0.0,-4559052.0,-0.31828684739112134,-0.23,-0.23,20102862.0,20102862.0,,,1620594464,17:07:44,20210509
67,2000-12-31,LIVN,USD,2000-12-31,2000-12-31,Q4,14201205.0,2633858.0,11567347.0,0.8145327808450058,5247973.0,0.0,0.0,0.0,15428968.0,18062826.0,26030.0,758568.0,-3103053.0,-0.21850631689353123,-3861621.0,-0.27192206576836264,220441.0,0.0,0.0,0.0,-3444817.0,-0.2425721620101956,-0.18,-0.18,18785993.0,18785993.0,,,1620594464,17:07:44,20210509
68,2000-09-30,LIVN,USD,2000-09-30,2000-09-30,Q3,13353357.0,2848046.0,10505311.0,0.786716853297639,4106370.0,0.0,0.0,0.0,13941116.0,16789162.0,15424.0,596546.0,-2839259.0,-0.21262510992554157,-3435805.0,-0.2572989698395692,-6861687.0,0.0,0.0,0.0,-9946352.0,-0.7448577911906347,-0.53,-0.53,18660371.0,18660371.0,,,1620594464,17:07:44,20210509
69,2000-06-30,LIVN,USD,2000-06-30,2000-06-30,Q2,14073550.0,3172597.0,10900953.0,0.7745702399181443,2994320.0,0.0,0.0,0.0,13377248.0,16549845.0,0.0,461383.0,-2014912.0,-0.1431701312035698,-2476295.0,-0.175953828280711,17547.0,0.0,0.0,0.0,-2066349.0,-0.14682500150992464,0.0,0.0,0.0,0.0,,,1620594464,17:07:44,20210509
70,2000-03-31,LIVN,USD,2000-03-31,2000-03-31,Q1,14034508.0,2902812.0,11131696.0,0.7931661017258318,1757409.0,0.0,0.0,0.0,11456902.0,14359714.0,0.0,387950.0,62744.0,0.004470694662043016,-325206.0,-0.02317188461469401,-20136.0,0.0,0.0,0.0,13629.0,0.0009711063615482638,0.0,0.0,18222951.0,20606771.0,,,1620594464,17:07:44,20210509
71,1999-12-31,LIVN,USD,1999-12-31,1999-12-31,Q4,11100000.0,2300000.0,8800000.0,0.7927927927927928,1600000.0,0.0,0.0,0.0,9300000.0,11600000.0,0.0,300000.0,-200000.0,-0.018018018018018018,-500000.0,-0.04504504504504504,0.0,0.0,0.0,0.0,-200000.0,-0.018018018018018018,-0.01,-0.01,17767726.0,20000000.0,,,1620594464,17:07:44,20210509
72,1999-09-30,LIVN,USD,1999-09-30,1999-09-30,Q3,8700000.0,2000000.0,6700000.0,0.7701149425287356,1700000.0,0.0,0.0,0.0,8600000.0,10600000.0,0.0,300000.0,-1600000.0,-0.1839080459770115,-1900000.0,-0.21839080459770116,0.0,0.0,0.0,0.0,-800000.0,-0.09195402298850575,-0.04,-0.04,20000000.0,20000000.0,,,1620594464,17:07:44,20210509
73,1999-06-30,LIVN,USD,1999-06-30,1999-06-30,Q2,9900000.0,2100000.0,7800000.0,0.7878787878787878,1100000.0,0.0,0.0,0.0,8700000.0,10800000.0,0.0,500000.0,-400000.0,-0.04040404040404041,-900000.0,-0.09090909090909091,-1300000.0,0.0,0.0,0.0,-700000.0,-0.0707070707070707,0.0,0.0,0.0,0.0,,,1620594464,17:07:44,20210509
74,1999-03-31,LIVN,USD,1999-03-31,1999-03-31,Q1,8100000.0,1700000.0,6400000.0,0.7901234567901234,1900000.0,0.0,0.0,0.0,9800000.0,11500000.0,0.0,400000.0,-3000000.0,-0.37037037037037035,-3400000.0,-0.41975308641975306,200000.0,0.0,0.0,0.0,-3200000.0,-0.3950617283950617,-0.18,-0.18,17777778.0,17777778.0,,,1620594464,17:07:44,20210509
75,1998-12-31,LIVN,USD,1998-12-31,1998-12-31,Q4,6600000.0,1200000.0,5400000.0,0.8181818181818182,1900000.0,0.0,0.0,0.0,9800000.0,11000000.0,0.0,400000.0,-4000000.0,-0.6060606060606061,-4400000.0,-0.6666666666666666,600000.0,0.0,0.0,0.0,-3900000.0,-0.5909090909090909,-0.22,-0.22,17727273.0,17727273.0,,,1620594464,17:07:44,20210509
76,1998-09-30,LIVN,USD,1998-09-30,1998-09-30,Q3,5300000.0,1200000.0,4100000.0,0.7735849056603774,1900000.0,0.0,0.0,0.0,9500000.0,10700000.0,0.0,200000.0,-5200000.0,-0.9811320754716981,-5400000.0,-1.0188679245283019,700000.0,0.0,0.0,0.0,-4700000.0,-0.8867924528301887,-0.27,-0.27,17407407.0,17407407.0,,,1620594464,17:07:44,20210509
77,1998-06-30,LIVN,USD,1998-06-30,1998-06-30,Q2,5300000.0,800000.0,4500000.0,0.8490566037735849,2000000.0,0.0,0.0,0.0,10200000.0,11000000.0,0.0,500000.0,-5200000.0,-0.9811320754716981,-5700000.0,-1.0754716981132075,700000.0,0.0,0.0,0.0,-5100000.0,-0.9622641509433962,0.0,0.0,0.0,0.0,,,1620594464,17:07:44,20210509
78,1998-03-31,LIVN,USD,1998-03-31,1998-03-31,Q1,5200000.0,1300000.0,3900000.0,0.75,1800000.0,0.0,0.0,0.0,6100000.0,7400000.0,0.0,0.0,-2700000.0,-0.5192307692307693,-2200000.0,-0.4230769230769231,500000.0,0.0,0.0,0.0,-1700000.0,-0.3269230769230769,-0.1,-0.1,17000000.0,17000000.0,,,1620594464,17:07:44,20210509
79,1997-12-31,LIVN,USD,1997-12-31,1997-12-31,Q4,3300000.0,800000.0,2500000.0,0.7575757575757576,1600000.0,0.0,0.0,0.0,5600000.0,6400000.0,0.0,0.0,-3500000.0,-1.0606060606060606,-3100000.0,-0.9393939393939394,600000.0,0.0,0.0,0.0,-2500000.0,-0.7575757575757576,-0.15,-0.15,16666667.0,16666667.0,,,1620594464,17:07:44,20210509
80,1997-09-30,LIVN,USD,1997-09-30,1997-09-30,Q3,1100000.0,300000.0,800000.0,0.7272727272727273,2000000.0,0.0,0.0,0.0,6000000.0,6300000.0,0.0,0.0,-5400000.0,-4.909090909090909,-5200000.0,-4.7272727272727275,200000.0,0.0,0.0,0.0,-5000000.0,-4.545454545454546,-0.36,-0.36,13888889.0,13888889.0,,,1620594464,17:07:44,20210509
81,1997-06-30,LIVN,USD,1997-06-30,1997-06-30,Q2,400000.0,-100000.0,500000.0,1.25,1600000.0,0.0,0.0,0.0,4000000.0,3900000.0,0.0,200000.0,-3300000.0,-8.25,-3500000.0,-8.75,-100000.0,0.0,0.0,0.0,-3700000.0,-9.25,0.0,0.0,0.0,0.0,,,1620594464,17:07:44,20210509
82,1997-03-31,LIVN,USD,1997-03-31,1997-03-31,Q1,300000.0,100000.0,300000.0,1.0,1500000.0,0.0,0.0,0.0,3300000.0,3300000.0,0.0,0.0,-3100000.0,-10.333333333333334,-3000000.0,-10.0,100000.0,0.0,0.0,0.0,-3100000.0,-10.333333333333334,-0.26,-0.26,11923077.0,11923077.0,,,1620594464,17:07:44,20210509
83,1996-12-31,LIVN,USD,1996-12-31,1996-12-31,Q4,400000.0,100000.0,300000.0,0.75,1900000.0,0.0,0.0,0.0,3000000.0,3100000.0,0.0,0.0,-2600000.0,-6.5,-2700000.0,-6.75,0.0,0.0,0.0,0.0,-2700000.0,-6.75,-0.23,-0.23,11739130.0,11739130.0,,,1620594464,17:07:44,20210509
84,1996-09-30,LIVN,USD,1996-09-30,1996-09-30,Q3,300000.0,0.0,300000.0,1.0,1400000.0,0.0,0.0,0.0,2200000.0,2200000.0,0.0,0.0,-2100000.0,-7.0,-1900000.0,-6.333333333333333,200000.0,0.0,0.0,0.0,-1800000.0,-6.0,-0.16,-0.16,11250000.0,11250000.0,,,1620594464,17:07:44,20210509
85,1996-06-30,LIVN,USD,1996-06-30,1996-06-30,Q2,500000.0,0.0,300000.0,0.6,2000000.0,0.0,0.0,0.0,3500000.0,3700000.0,0.0,0.0,-3100000.0,-6.2,-3200000.0,-6.4,-100000.0,0.0,0.0,0.0,-3200000.0,-6.4,0.0,0.0,0.0,0.0,,,1620594464,17:07:44,20210509
86,1996-03-31,LIVN,USD,1996-03-31,1996-03-31,Q1,300000.0,0.0,300000.0,1.0,2000000.0,0.0,0.0,0.0,2800000.0,2800000.0,0.0,0.0,-2500000.0,-8.333333333333334,-2500000.0,-8.333333333333334,100000.0,0.0,0.0,0.0,-2300000.0,-7.666666666666667,-0.25,-0.25,9200000.0,9200000.0,,,1620594464,17:07:44,20210509
87,1995-12-31,LIVN,USD,1995-12-31,1995-12-31,Q4,400000.0,0.0,400000.0,1.0,2100000.0,0.0,0.0,0.0,3000000.0,3000000.0,0.0,100000.0,-2500000.0,-6.25,-2600000.0,-6.5,100000.0,0.0,0.0,0.0,-2500000.0,-6.25,-0.26,-0.26,9615385.0,9615385.0,,,1620594464,17:07:44,20210509
88,1995-09-30,LIVN,USD,1995-09-30,1995-09-30,Q3,200000.0,0.0,200000.0,1.0,1900000.0,0.0,0.0,0.0,2500000.0,2500000.0,0.0,100000.0,-2200000.0,-11.0,-2300000.0,-11.5,200000.0,0.0,0.0,0.0,-2100000.0,-10.5,-0.22,-0.22,9545455.0,9545455.0,,,1620594464,17:07:44,20210509
89,1995-06-30,LIVN,USD,1995-06-30,1995-06-30,Q2,400000.0,0.0,400000.0,1.0,0.0,0.0,0.0,0.0,3000000.0,3000000.0,0.0,100000.0,-2500000.0,-6.25,-2600000.0,-6.5,200000.0,0.0,0.0,0.0,-2400000.0,-6.0,0.0,0.0,0.0,0.0,,,1620594464,17:07:44,20210509
90,1995-03-31,LIVN,USD,1995-03-31,1995-03-31,Q1,300000.0,0.0,300000.0,1.0,0.0,0.0,0.0,0.0,2100000.0,2100000.0,0.0,100000.0,-1700000.0,-5.666666666666667,-1800000.0,-6.0,200000.0,0.0,0.0,0.0,-1600000.0,-5.333333333333333,-0.17,-0.17,9411765.0,9411765.0,,,1620594464,17:07:44,20210509
91,1994-12-31,LIVN,USD,1994-12-31,1994-12-31,Q4,100000.0,-100000.0,200000.0,2.0,0.0,0.0,0.0,0.0,2000000.0,1900000.0,0.0,0.0,-1900000.0,-19.0,-1800000.0,-18.0,200000.0,0.0,0.0,0.0,-1600000.0,-16.0,-0.18,-0.18,8888889.0,8888889.0,,,1620594464,17:07:44,20210509
92,1994-09-30,LIVN,USD,1994-09-30,1994-09-30,Q3,100000.0,0.0,100000.0,1.0,0.0,0.0,0.0,0.0,1900000.0,1900000.0,0.0,100000.0,-1700000.0,-17.0,-1800000.0,-18.0,100000.0,0.0,0.0,0.0,-1600000.0,-16.0,-0.17,-0.17,9411765.0,9411765.0,,,1620594464,17:07:44,20210509
93,1994-06-30,LIVN,USD,1994-06-30,1994-06-30,Q2,100000.0,-100000.0,200000.0,2.0,0.0,0.0,0.0,0.0,1600000.0,1500000.0,0.0,100000.0,-1300000.0,-13.0,-1400000.0,-14.0,200000.0,0.0,0.0,0.0,-1300000.0,-13.0,-0.13928571926020425,-0.13928571926020425,9333333.0,9333333.0,,,1620594464,17:07:44,20210509
94,1994-03-31,LIVN,USD,1994-03-31,1994-03-31,Q1,200000.0,0.0,200000.0,1.0,0.0,0.0,0.0,0.0,1700000.0,1700000.0,0.0,100000.0,-1400000.0,-7.0,-1500000.0,-7.5,200000.0,0.0,0.0,0.0,-1400000.0,-7.0,-0.15,-0.15,9333333.0,9333333.0,,,1620594464,17:07:44,20210509
95,1993-12-31,LIVN,USD,1993-12-31,1993-12-31,Q4,100000.0,-100000.0,200000.0,2.0,0.0,0.0,0.0,0.0,2000000.0,1900000.0,0.0,0.0,-1800000.0,-18.0,-1800000.0,-18.0,100000.0,0.0,0.0,0.0,-1700000.0,-17.0,-0.19,-0.19,8947368.0,8947368.0,,,1620594464,17:07:44,20210509
96,1993-09-30,LIVN,USD,1993-09-30,1993-09-30,Q3,100000.0,-100000.0,200000.0,2.0,0.0,0.0,0.0,0.0,1900000.0,1800000.0,0.0,100000.0,-1600000.0,-16.0,-1700000.0,-17.0,200000.0,0.0,0.0,0.0,-1500000.0,-15.0,-0.17,-0.17,8823529.0,8823529.0,,,1620594464,17:07:44,20210509
97,1993-06-30,LIVN,USD,1993-06-30,1993-06-30,Q2,0.0,100000.0,-100000.0,0.0,0.0,0.0,0.0,0.0,1600000.0,1700000.0,0.0,0.0,-1900000.0,0.0,-1700000.0,0.0,200000.0,0.0,0.0,0.0,-1500000.0,0.0,-0.1772727369421493,-0.1772727369421493,8461538.0,8461538.0,,,1620594464,17:07:44,20210509
98,1993-03-31,LIVN,USD,1993-03-31,1993-03-31,Q1,100000.0,-100000.0,200000.0,2.0,0.0,0.0,0.0,0.0,1300000.0,1200000.0,0.0,0.0,-1100000.0,-11.0,-1100000.0,-11.0,100000.0,0.0,0.0,0.0,-1100000.0,-11.0,-0.13,-0.13,8461538.0,8461538.0,,,1620594464,17:07:44,20210509
