,date,symbol,reportedCurrency,fillingDate,acceptedDate,period,revenue,costOfRevenue,grossProfit,grossProfitRatio,researchAndDevelopmentExpenses,generalAndAdministrativeExpenses,sellingAndMarketingExpenses,otherExpenses,operatingExpenses,costAndExpenses,interestExpense,depreciationAndAmortization,ebitda,ebitdaratio,operatingIncome,operatingIncomeRatio,totalOtherIncomeExpensesNet,incomeBeforeTax,incomeBeforeTaxRatio,incomeTaxExpense,netIncome,netIncomeRatio,eps,epsdiluted,weightedAverageShsOut,weightedAverageShsOutDil,link,finalLink,timestamp,est_time,est_date
0,2020-09-30,THGA,USD,2020-10-28,2020-10-28 15:51:48,Q3,1250000000.0,0.0,1250000000.0,1.0,0.0,0.0,0.0,137000000.0,137000000.0,137000000.0,-10000000.0,4000000.0,124000000.0,0.0992,120000000.0,0.096,9000000.0,148000000.0,0.1184,29000000.0,119000000.0,0.0952,5.11,5.11,38000000.0,38000000.0,https://www.sec.gov/Archives/edgar/data/944695/000156459020048311/0001564590-20-048311-index.htm,https://www.sec.gov/Archives/edgar/data/944695/000156459020048311/thg-10q_20200930.htm,1620598781,18:19:41,20210509
1,2020-06-30,THGA,USD,2020-07-29,2020-07-29 17:32:06,Q2,1224300000.0,712000000.0,512300000.0,0.4184431920280977,0.0,0.0,0.0,123000000.0,123000000.0,712000000.0,0.0,5900000.0,149000000.0,0.12170219717389529,143100000.0,0.11688311688311688,7000000.0,143100000.0,0.11688311688311688,27800000.0,115200000.0,0.0940945846606224,3.0157068062827226,2.9844559585492227,38200000.0,38600000.0,https://www.sec.gov/Archives/edgar/data/944695/000156459020034356/0001564590-20-034356-index.htm,https://www.sec.gov/Archives/edgar/data/944695/000156459020034356/thg-10q_20200630.htm,1620598781,18:19:41,20210509
2,2020-03-31,THGA,USD,2020-04-29,2020-04-29 14:38:34,Q1,1056200000.0,728200000.0,328000000.0,0.3105472448399924,0.0,0.0,0.0,135000000.0,135000000.0,728200000.0,0.0,6600000.0,-31400000.0,-0.029729217951145616,-38000000.0,-0.035978034463169856,6000000.0,-53000000.0,-0.05017989017231585,-15000000.0,-40000000.0,-0.03787161522438932,-1.04439,-1.04439,38300000.0,38300000.0,https://www.sec.gov/Archives/edgar/data/944695/000156459020019609/0001564590-20-019609-index.htm,https://www.sec.gov/Archives/edgar/data/944695/000156459020006025/thg-10k_20191231.htm,1620598781,18:19:41,20210509
3,2019-12-31,THGA,USD,2020-02-24,2020-02-24 16:09:26,Q4,1257900000.0,742900000.0,515000000.0,0.409412512918356,0.0,5000000.0,0.0,138000000.0,5000000.0,747900000.0,0.0,7700000.0,141100000.0,0.11217107878209714,133400000.0,0.1060497654821528,7000000.0,133400000.0,0.1060497654821528,23200000.0,109800000.0,0.08728833770569998,2.745,2.7044334975369457,40000000.0,40600000.0,https://www.sec.gov/Archives/edgar/data/944695/000156459020006025/0001564590-20-006025-index.htm,https://www.sec.gov/Archives/edgar/data/944695/000156459020006025/thg-10k_20191231.htm,1620598781,18:19:41,20210509
4,2019-09-30,THGA,USD,2019-10-31,2019-10-31 12:22:19,Q3,1214700000.0,705300000.0,509400000.0,0.41936280563102,0.0,0.0,0.0,137000000.0,137000000.0,705300000.0,0.0,7600000.0,137900000.0,0.11352597349139705,130300000.0,0.10726928459701984,7000000.0,130300000.0,0.10726928459701984,19100000.0,118900000.0,0.09788425125545402,2.9503722084367245,2.9070904645476774,40300000.0,40900000.0,https://www.sec.gov/Archives/edgar/data/944695/000156459019039041/0001564590-19-039041-index.htm,https://www.sec.gov/Archives/edgar/data/944695/000156459019039041/thg-10q_20190930.htm,1620598781,18:19:41,20210509
5,2019-06-30,THGA,USD,2019-08-01,2019-08-01 15:54:35,Q2,1198600000.0,717700000.0,480900000.0,0.4012180877690639,0.0,0.0,0.0,131000000.0,131000000.0,717700000.0,0.0,8000000.0,117800000.0,0.0982813282162523,109800000.0,0.09160687468713499,5000000.0,109800000.0,0.09160687468713499,24800000.0,74000000.0,0.06173869514433506,1.8181818181818181,1.796116504854369,40700000.0,41200000.0,https://www.sec.gov/Archives/edgar/data/944695/000156459019027917/0001564590-19-027917-index.htm,https://www.sec.gov/Archives/edgar/data/944695/000156459019027917/thg-10q_20190630.htm,1620598781,18:19:41,20210509
6,2019-03-31,THGA,USD,2019-05-02,2019-05-02 15:39:35,Q1,1219500000.0,699600000.0,519900000.0,0.4263222632226322,0.0,0.0,0.0,132000000.0,132000000.0,699600000.0,0.0,9700000.0,158300000.0,0.12980729807298072,148600000.0,0.12185321853218532,6000000.0,148600000.0,0.12185321853218532,26000000.0,122400000.0,0.1003690036900369,3.0147783251231526,2.970873786407767,40600000.0,41200000.0,https://www.sec.gov/Archives/edgar/data/944695/000156459019015295/0001564590-19-015295-index.htm,https://www.sec.gov/Archives/edgar/data/944695/000156459019003788/thg-10k_20181231.htm,1620598781,18:19:41,20210509
7,2018-12-31,THGA,USD,2019-02-22,2019-02-21 20:43:47,Q4,1102800000.0,706100000.0,396700000.0,0.3597207109176641,0.0,5100000.0,0.0,129000000.0,5100000.0,711200000.0,0.0,6000000.0,7100000.0,0.006438157417482771,1100000.0,0.0009974610083424013,6000000.0,1100000.0,0.0009974610083424013,-1000000.0,123600000.0,0.11207834602829161,2.9150943396226414,2.874418604651163,42400000.0,43000000.0,https://www.sec.gov/Archives/edgar/data/944695/000156459019003788/0001564590-19-003788-index.htm,https://www.sec.gov/Archives/edgar/data/944695/000156459019003788/thg-10k_20181231.htm,1620598781,18:19:41,20210509
8,2018-09-30,THGA,USD,2018-11-01,2018-11-01 14:43:52,Q3,697800000.0,449100000.0,248700000.0,0.35640584694754945,0.0,0.0,0.0,71000000.0,71000000.0,449100000.0,0.0,9400000.0,90300000.0,0.1294067067927773,80900000.0,0.11593579822298652,400000.0,80900000.0,0.11593579822298652,11000000.0,100400000.0,0.14388076812840356,2.3623529411764705,2.3294663573085845,42500000.0,43100000.0,https://www.sec.gov/Archives/edgar/data/944695/000156459018026164/0001564590-18-026164-index.htm,https://www.sec.gov/Archives/edgar/data/944695/000156459018026164/thg-10q_20180930.htm,1620598781,18:19:41,20210509
9,2018-06-30,THGA,USD,2018-08-03,2018-08-03 17:29:09,Q2,1362800000.0,783600000.0,579200000.0,0.42500733783387146,0.0,0.0,0.0,158000000.0,158000000.0,783600000.0,0.0,9500000.0,129400000.0,0.09495157029644849,119900000.0,0.0879806281185794,8000000.0,119900000.0,0.0879806281185794,20700000.0,99300000.0,0.07286469034341063,2.336470588235294,2.3039443155452437,42500000.0,43100000.0,https://www.sec.gov/Archives/edgar/data/944695/000156459018019211/0001564590-18-019211-index.htm,https://www.sec.gov/Archives/edgar/data/944695/000156459018019211/thg-10q_20180630.htm,1620598781,18:19:41,20210509
10,2018-03-31,THGA,USD,2018-05-03,2018-05-03 16:14:52,Q1,1330900000.0,785800000.0,545100000.0,0.4095724697573071,0.0,0.0,0.0,164000000.0,164000000.0,785800000.0,0.0,9400000.0,90000000.0,0.06762341272822901,80600000.0,0.060560522954391766,7000000.0,80600000.0,0.060560522954391766,12800000.0,67700000.0,0.05086783379667894,1.5929411764705883,1.5707656612529002,42500000.0,43100000.0,https://www.sec.gov/Archives/edgar/data/944695/000156459018010679/0001564590-18-010679-index.htm,https://www.sec.gov/Archives/edgar/data/944695/000156459018003531/thg-10k_20171231.htm,1620598781,18:19:41,20210509
11,2017-12-31,THGA,USD,2018-02-27,2018-02-27 16:52:13,Q4,1332200000.0,759200000.0,573000000.0,0.43011559825851975,0.0,7400000.0,0.0,158000000.0,7400000.0,766600000.0,0.0,-33500000.0,89100000.0,0.06688184957213632,122600000.0,0.09202822399039183,8000000.0,122600000.0,0.09202822399039183,55500000.0,51500000.0,0.03865785918030326,1.2117647058823529,1.197674418604651,42500000.0,43000000.0,https://www.sec.gov/Archives/edgar/data/944695/000156459018003531/0001564590-18-003531-index.htm,https://www.sec.gov/Archives/edgar/data/944695/000156459018003531/thg-10k_20171231.htm,1620598781,18:19:41,20210509
12,2017-09-30,THGA,USD,2017-11-02,2017-11-02 13:59:55,Q3,1325200000.0,878000000.0,447200000.0,0.3374584968306671,0.0,0.0,0.0,151000000.0,151000000.0,878000000.0,0.0,11100000.0,20000000.0,0.01509206157561123,8900000.0,0.0067159674011469965,8000000.0,8900000.0,0.0067159674011469965,-3000000.0,11100000.0,0.008376094174464232,0.2611764705882353,0.25874125874125875,42500000.0,42900000.0,https://www.sec.gov/Archives/edgar/data/944695/000156459017021095/0001564590-17-021095-index.htm,https://www.sec.gov/Archives/edgar/data/944695/000156459017021095/thg-10q_20170930.htm,1620598781,18:19:41,20210509
13,2017-06-30,THGA,USD,2017-08-03,2017-08-03 13:30:50,Q2,1266100000.0,725000000.0,541100000.0,0.4273754047863518,0.0,0.0,0.0,153000000.0,153000000.0,725000000.0,0.0,11300000.0,122300000.0,0.09659584550983334,111000000.0,0.08767080009477925,7000000.0,111000000.0,0.08767080009477925,32600000.0,78400000.0,0.0619224389858621,1.8447058823529412,1.8275058275058276,42500000.0,42900000.0,https://www.sec.gov/Archives/edgar/data/944695/000156459017015241/0001564590-17-015241-index.htm,https://www.sec.gov/Archives/edgar/data/944695/000156459017015241/thg-10q_20170630.htm,1620598781,18:19:41,20210509
14,2017-03-31,THGA,USD,2017-05-04,2017-05-04 14:41:48,Q1,1260900000.0,766500000.0,494400000.0,0.39210088032357837,0.0,0.0,0.0,157000000.0,157000000.0,766500000.0,0.0,11100000.0,70100000.0,0.05559520977079863,59000000.0,0.0467919739868348,6000000.0,59000000.0,0.0467919739868348,13800000.0,45200000.0,0.035847410579744624,1.0635294117647058,1.0536130536130537,42500000.0,42900000.0,https://www.sec.gov/Archives/edgar/data/944695/000094469517000049/0000944695-17-000049-index.htm,https://www.sec.gov/Archives/edgar/data/944695/000094469517000020/thg-20161231x10k.htm,1620598781,18:19:41,20210509
15,2016-12-31,THGA,USD,2017-02-22,2017-02-22 16:55:44,Q4,1255000000.0,843400000.0,411600000.0,0.32796812749003984,0.0,7000000.0,0.0,-9000000.0,7000000.0,850400000.0,0.0,8500000.0,-24300000.0,-0.019362549800796814,-32800000.0,-0.026135458167330677,8000000.0,-32800000.0,-0.026135458167330677,-20600000.0,-13500000.0,-0.010756972111553785,-0.31542056074766356,-0.3125,42800000.0,43200000.0,https://www.sec.gov/Archives/edgar/data/944695/000094469517000020/0000944695-17-000020-index.htm,https://www.sec.gov/Archives/edgar/data/944695/000094469517000020/thg-20161231x10k.htm,1620598781,18:19:41,20210509
16,2016-09-30,THGA,USD,2016-11-04,2016-11-04 11:12:33,Q3,1241200000.0,692000000.0,549200000.0,0.44247502417015794,0.0,0.0,0.0,155000000.0,155000000.0,692000000.0,0.0,10900000.0,135000000.0,0.1087657106026426,124100000.0,0.0999838865613922,8000000.0,124100000.0,0.0999838865613922,35800000.0,88400000.0,0.07122139864647116,2.0654205607476634,2.0415704387990763,42800000.0,43300000.0,https://www.sec.gov/Archives/edgar/data/944695/000094469516000234/0000944695-16-000234-index.htm,https://www.sec.gov/Archives/edgar/data/944695/000094469516000234/thg-20160930x10q.htm,1620598781,18:19:41,20210509
17,2016-06-30,THGA,USD,2016-07-29,2016-07-29 13:59:32,Q2,1222000000.0,729700000.0,492300000.0,0.40286415711947626,0.0,0.0,0.0,144000000.0,144000000.0,729700000.0,0.0,10300000.0,12300000.0,0.010065466448445172,2000000.0,0.0016366612111292963,8000000.0,-7000000.0,-0.0057283142389525366,-9000000.0,2000000.0,0.0016366612111292963,0.046511627906976744,0.04597701149425287,43000000.0,43500000.0,https://www.sec.gov/Archives/edgar/data/944695/000094469516000210/0000944695-16-000210-index.htm,https://www.sec.gov/Archives/edgar/data/944695/000094469516000210/thg-20160630x10q.htm,1620598781,18:19:41,20210509
18,2016-03-31,THGA,USD,2016-05-05,2016-05-05 13:45:56,Q1,1227600000.0,699600000.0,528000000.0,0.43010752688172044,0.0,0.0,0.0,146000000.0,146000000.0,699600000.0,0.0,10900000.0,119000000.0,0.09693711306614533,108100000.0,0.08805799934832192,6000000.0,108100000.0,0.08805799934832192,30000000.0,78200000.0,0.06370153144346692,1.8228438228438228,1.7977011494252872,42900000.0,43500000.0,https://www.sec.gov/Archives/edgar/data/944695/000094469516000170/0000944695-16-000170-index.htm,https://www.sec.gov/Archives/edgar/data/944695/000094469516000135/thg-20151231x10k.htm,1620598781,18:19:41,20210509
19,2015-12-31,THGA,USD,2016-02-25,2016-02-25 09:55:55,Q4,1204700000.0,675400000.0,529300000.0,0.4393624968871918,0.0,7000000.0,0.0,-8000000.0,7000000.0,682400000.0,0.0,10100000.0,109500000.0,0.09089399850585209,99400000.0,0.08251016850668216,8000000.0,99400000.0,0.08251016850668216,21600000.0,77600000.0,0.06441437702332531,1.7676537585421412,1.7321428571428572,43900000.0,44800000.0,https://www.sec.gov/Archives/edgar/data/944695/000094469516000135/0000944695-16-000135-index.htm,https://www.sec.gov/Archives/edgar/data/944695/000094469516000135/thg-20151231x10k.htm,1620598781,18:19:41,20210509
20,2015-09-30,THGA,USD,2015-10-30,2015-10-30 13:15:20,Q3,1233500000.0,690700000.0,542800000.0,0.44004864207539524,0.0,0.0,0.0,159000000.0,159000000.0,690700000.0,0.0,8800000.0,119200000.0,0.09663558978516416,110400000.0,0.08950141872719902,7000000.0,110400000.0,0.08950141872719902,33200000.0,78300000.0,0.06347790839075801,1.7755102040816326,1.74,44100000.0,45000000.0,https://www.sec.gov/Archives/edgar/data/944695/000094469515000101/0000944695-15-000101-index.htm,https://www.sec.gov/Archives/edgar/data/944695/000094469515000101/thg-20150930x10q.htm,1620598781,18:19:41,20210509
21,2015-06-30,THGA,USD,2015-07-30,2015-07-30 17:30:14,Q2,1297100000.0,744900000.0,552200000.0,0.4257189114177781,0.0,0.0,0.0,160000000.0,160000000.0,744900000.0,0.0,13300000.0,165900000.0,0.1279007015650297,152600000.0,0.11764705882352941,8000000.0,152600000.0,0.11764705882352941,31700000.0,120700000.0,0.09305373525557012,2.730769230769231,2.6762749445676275,44200000.0,45100000.0,https://www.sec.gov/Archives/edgar/data/944695/000094469515000072/0000944695-15-000072-index.htm,https://www.sec.gov/Archives/edgar/data/944695/000094469515000072/thg-20150630x10q.htm,1620598781,18:19:41,20210509
22,2015-03-31,THGA,USD,2015-05-01,2015-05-01 14:31:13,Q1,1298700000.0,773100000.0,525600000.0,0.4047124047124047,0.0,0.0,0.0,172000000.0,172000000.0,773100000.0,0.0,10700000.0,87700000.0,0.06752906752906752,77000000.0,0.05929005929005929,8000000.0,77000000.0,0.05929005929005929,22100000.0,54900000.0,0.04227304227304227,1.242081447963801,1.2172949002217295,44200000.0,45100000.0,https://www.sec.gov/Archives/edgar/data/944695/000094469515000047/0000944695-15-000047-index.htm,https://www.sec.gov/Archives/edgar/data/944695/000094469515000020/thg-20141231x10k.htm,1620598781,18:19:41,20210509
23,2014-12-31,THGA,USD,2015-02-24,2015-02-23 19:57:19,Q4,1285100000.0,695900000.0,589200000.0,0.45848572095556767,0.0,11100000.0,0.0,-9000000.0,11100000.0,707000000.0,0.0,22600000.0,145500000.0,0.11322076103027001,122900000.0,0.09563458096646175,8000000.0,122900000.0,0.09563458096646175,32800000.0,89900000.0,0.06995564547506031,2.043181818181818,2.002227171492205,44000000.0,44900000.0,https://www.sec.gov/Archives/edgar/data/944695/000094469515000020/0000944695-15-000020-index.htm,https://www.sec.gov/Archives/edgar/data/944695/000094469515000020/thg-20141231x10k.htm,1620598781,18:19:41,20210509
24,2014-09-30,THGA,USD,2014-10-30,2014-10-30 16:03:38,Q3,1265600000.0,755600000.0,510000000.0,0.4029709228824273,0.0,0.0,0.0,158000000.0,158000000.0,755600000.0,0.0,10900000.0,86200000.0,0.06810998735777497,75300000.0,0.05949747155499368,9000000.0,75300000.0,0.05949747155499368,20300000.0,54900000.0,0.04337863463969659,1.2477272727272728,1.22271714922049,44000000.0,44900000.0,https://www.sec.gov/Archives/edgar/data/944695/000094469514000093/0000944695-14-000093-index.htm,https://www.sec.gov/Archives/edgar/data/944695/000094469514000093/thg-20140930x10q.htm,1620598781,18:19:41,20210509
25,2014-06-30,THGA,USD,2014-08-01,2014-08-01 14:47:35,Q2,1273000000.0,725500000.0,547500000.0,0.4300864100549882,0.0,0.0,0.0,164000000.0,164000000.0,725500000.0,0.0,10500000.0,135700000.0,0.106598586017282,125200000.0,0.0983503534956795,9000000.0,111100000.0,0.08727415553809897,25200000.0,82600000.0,0.06488609583660644,1.8772727272727272,1.84375,44000000.0,44800000.0,https://www.sec.gov/Archives/edgar/data/944695/000094469514000080/0000944695-14-000080-index.htm,https://www.sec.gov/Archives/edgar/data/944695/000094469514000080/thg-20140630x10q.htm,1620598781,18:19:41,20210509
26,2014-03-31,THGA,USD,2014-05-01,2014-05-01 09:36:01,Q1,1243900000.0,750500000.0,493400000.0,0.39665567971701904,0.0,0.0,0.0,151000000.0,151000000.0,750500000.0,0.0,11600000.0,66200000.0,0.05321971219551411,54600000.0,0.04389420371412493,9000000.0,68700000.0,0.05522952005788247,17400000.0,54600000.0,0.04389420371412493,1.24373576309795,1.21875,43900000.0,44800000.0,https://www.sec.gov/Archives/edgar/data/944695/000119312514175019/0001193125-14-175019-index.htm,https://www.sec.gov/Archives/edgar/data/944695/000119312514066031/d628193d10k.htm,1620598781,18:19:41,20210509
27,2013-12-31,THGA,USD,2014-02-25,2014-02-25 06:46:24,Q4,1229000000.0,689700000.0,539300000.0,0.4388120423108218,0.0,6200000.0,0.0,-7000000.0,6200000.0,695900000.0,0.0,12400000.0,82500000.0,0.06712774613506917,70100000.0,0.05703824247355574,7000000.0,86300000.0,0.07021969080553295,23300000.0,70100000.0,0.05703824247355574,1.5895691609977325,1.5612472160356348,44100000.0,44900000.0,https://www.sec.gov/Archives/edgar/data/944695/000119312514066031/0001193125-14-066031-index.htm,https://www.sec.gov/Archives/edgar/data/944695/000119312514066031/d628193d10k.htm,1620598781,18:19:41,20210509
28,2013-09-30,THGA,USD,2013-11-01,2013-11-01 11:14:14,Q3,1201800000.0,695900000.0,505900000.0,0.4209519054751206,0.0,0.0,0.0,159000000.0,159000000.0,695900000.0,0.0,10900000.0,72200000.0,0.0600765518389083,61300000.0,0.0510068230986853,11000000.0,90600000.0,0.07538691962056915,24800000.0,61300000.0,0.0510068230986853,1.3900226757369614,1.3652561247216035,44100000.0,44900000.0,https://www.sec.gov/Archives/edgar/data/944695/000119312513422314/0001193125-13-422314-index.htm,https://www.sec.gov/Archives/edgar/data/944695/000119312513422314/d591411d10q.htm,1620598781,18:19:41,20210509
29,2013-06-30,THGA,USD,2013-08-01,2013-08-01 16:55:19,Q2,1182600000.0,692100000.0,490500000.0,0.4147640791476408,0.0,0.0,0.0,175000000.0,175000000.0,692100000.0,0.0,15300000.0,68700000.0,0.05809233891425672,53400000.0,0.04515474378488077,10000000.0,63700000.0,0.053864366649754775,12800000.0,53400000.0,0.04515474378488077,1.2054176072234764,1.1866666666666668,44300000.0,45000000.0,https://www.sec.gov/Archives/edgar/data/944695/000119312513315227/0001193125-13-315227-index.htm,https://www.sec.gov/Archives/edgar/data/944695/000119312513315227/d542228d10q.htm,1620598781,18:19:41,20210509
30,2013-03-31,THGA,USD,2013-05-01,2013-05-01 16:15:26,Q1,1180300000.0,683400000.0,496900000.0,0.4209946623739727,0.0,0.0,0.0,150000000.0,150000000.0,683400000.0,0.0,11300000.0,77500000.0,0.06566127255782428,66200000.0,0.05608743539778022,10000000.0,87500000.0,0.07413369482335,22500000.0,66200000.0,0.05608743539778022,1.484304932735426,1.4613686534216335,44600000.0,45300000.0,https://www.sec.gov/Archives/edgar/data/944695/000119312513192422/0001193125-13-192422-index.htm,https://www.sec.gov/Archives/edgar/data/944695/000119312513075166/d440346d10k.htm,1620598781,18:19:41,20210509
31,2012-12-31,THGA,USD,2013-02-26,2013-02-26 06:16:24,Q4,1184000000.0,872500000.0,311500000.0,0.26309121621621623,0.0,0.0,0.0,161000000.0,161000000.0,872500000.0,0.0,11900000.0,-43100000.0,-0.03640202702702703,-55000000.0,-0.0464527027027027,13000000.0,-107000000.0,-0.09037162162162163,-50000000.0,-55000000.0,-0.0464527027027027,-1.2304250559284116,-1.2141280353200883,44700000.0,45300000.0,https://www.sec.gov/Archives/edgar/data/944695/000119312513075166/0001193125-13-075166-index.htm,https://www.sec.gov/Archives/edgar/data/944695/000119312513075166/d440346d10k.htm,1620598781,18:19:41,20210509
32,2012-09-30,THGA,USD,2012-11-01,2012-11-01 16:25:24,Q3,1157700000.0,708400000.0,449300000.0,0.3880970890558867,0.0,0.0,0.0,146000000.0,146000000.0,708400000.0,0.0,10800000.0,39800000.0,0.034378509112896256,29000000.0,0.02504966744407014,12000000.0,51000000.0,0.04405286343612335,12300000.0,40400000.0,0.03489677809449771,0.9017857142857143,0.8898678414096917,44800000.0,45400000.0,https://www.sec.gov/Archives/edgar/data/944695/000119312512446614/0001193125-12-446614-index.htm,https://www.sec.gov/Archives/edgar/data/944695/000119312512446614/d402214d10q.htm,1620598781,18:19:41,20210509
33,2012-06-30,THGA,USD,2012-08-02,2012-08-02 17:23:44,Q2,1127200000.0,732100000.0,395100000.0,0.3505145493257629,0.0,0.0,0.0,135000000.0,135000000.0,732100000.0,0.0,10800000.0,21900000.0,0.019428672817601137,11100000.0,0.009847409510290986,12000000.0,11100000.0,0.009847409510290986,1300000.0,20800000.0,0.018452803406671398,0.46325167037861914,0.4581497797356828,44900000.0,45400000.0,https://www.sec.gov/Archives/edgar/data/944695/000119312512332254/0001193125-12-332254-index.htm,https://www.sec.gov/Archives/edgar/data/944695/000119312512332254/d365093d10q.htm,1620598781,18:19:41,20210509
34,2012-03-31,THGA,USD,2012-05-04,2012-05-04 15:56:46,Q1,1121800000.0,661400000.0,460400000.0,0.41041183811731147,0.0,0.0,0.0,145000000.0,145000000.0,661400000.0,0.0,11400000.0,82200000.0,0.07327509359957211,70800000.0,0.0631128543412373,14000000.0,70800000.0,0.0631128543412373,20100000.0,49700000.0,0.04430379746835443,1.1069042316258353,1.0923076923076922,44900000.0,45500000.0,https://www.sec.gov/Archives/edgar/data/944695/000119312512211862/0001193125-12-211862-index.htm,https://www.sec.gov/Archives/edgar/data/944695/000119312512086222/d262770d10k.htm,1620598781,18:19:41,20210509
35,2011-12-31,THGA,USD,2012-02-29,2012-02-28 19:32:05,Q4,1135900000.0,687400000.0,448500000.0,0.3948410951668281,0.0,0.0,0.0,116000000.0,116000000.0,687400000.0,0.0,16900000.0,80100000.0,0.07051677084250374,63200000.0,0.055638700589840655,49000000.0,63200000.0,0.055638700589840655,17100000.0,49300000.0,0.043401707896821906,1.0907079646017699,1.0764192139737991,45200000.0,45800000.0,https://www.sec.gov/Archives/edgar/data/944695/000119312512086222/0001193125-12-086222-index.htm,https://www.sec.gov/Archives/edgar/data/944695/000119312512086222/d262770d10k.htm,1620598781,18:19:41,20210509
36,2011-09-30,THGA,USD,2011-11-08,2011-11-08 13:25:50,Q3,1108000000.0,734900000.0,373100000.0,0.3367328519855596,0.0,0.0,0.0,133000000.0,133000000.0,734900000.0,0.0,7300000.0,-2700000.0,-0.0024368231046931407,-10000000.0,-0.009025270758122744,-1000000.0,-18000000.0,-0.016245487364620937,-9000000.0,-7000000.0,-0.00631768953068592,-0.15419,-0.15419,45400000.0,45400000.0,https://www.sec.gov/Archives/edgar/data/944695/000119312511301684/0001193125-11-301684-index.htm,https://www.sec.gov/Archives/edgar/data/944695/000119312511301684/d229190d10q.htm,1620598781,18:19:41,20210509
37,2011-06-30,THGA,USD,2011-08-09,2011-08-09 14:34:20,Q2,853900000.0,617500000.0,236400000.0,0.2768474060194402,0.0,0.0,0.0,107000000.0,107000000.0,617500000.0,0.0,5900000.0,-25100000.0,-0.029394542686497247,-31000000.0,-0.03630401686380138,-1000000.0,-59000000.0,-0.06909474177304134,-26000000.0,-34000000.0,-0.039817308818362804,-748898.67841,-748898.67841,45.4,45.4,https://www.sec.gov/Archives/edgar/data/944695/000119312511216229/0001193125-11-216229-index.htm,https://www.sec.gov/Archives/edgar/data/944695/000119312511216229/d10q.htm,1620598781,18:19:41,20210509
38,2011-03-31,THGA,USD,2011-05-09,2011-05-06 20:33:10,Q1,833800000.0,511000000.0,322800000.0,0.38714319980810746,0.0,0.0,0.0,91000000.0,91000000.0,511000000.0,0.0,6800000.0,44300000.0,0.05313024706164548,37500000.0,0.0449748141041017,-1000000.0,37500000.0,0.0449748141041017,9600000.0,29300000.0,0.0351403214200048,0.6467991169977925,0.6369565217391304,45300000.0,46000000.0,https://www.sec.gov/Archives/edgar/data/944695/000119312511131133/0001193125-11-131133-index.htm,https://www.sec.gov/Archives/edgar/data/944695/000119312512083502/d305934d10k.htm,1620598781,18:19:41,20210509
39,2010-12-31,THGA,USD,2011-02-24,2012-02-28 09:30:42,Q4,833300000.0,471700000.0,361600000.0,0.4339373574942998,0.0,0.0,0.0,3000000.0,3000000.0,471700000.0,0.0,7100000.0,82700000.0,0.09924396975879035,75600000.0,0.0907236289451578,0.0,75600000.0,0.0907236289451578,18200000.0,58400000.0,0.07008280331213249,1.280701754385965,1.2613390928725703,45600000.0,46300000.0,https://www.sec.gov/Archives/edgar/data/944695/000119312512083502/0001193125-12-083502-index.htm,https://www.sec.gov/Archives/edgar/data/944695/000119312512083502/d305934d10k.htm,1620598781,18:19:41,20210509
40,2010-09-30,THGA,USD,2010-11-04,2010-11-04 14:56:52,Q3,804000000.0,454600000.0,349400000.0,0.4345771144278607,0.0,0.0,0.0,103000000.0,103000000.0,454600000.0,0.0,6700000.0,79800000.0,0.09925373134328358,73100000.0,0.09092039800995025,9000000.0,73100000.0,0.09092039800995025,21700000.0,52300000.0,0.0650497512437811,1.1444201312910285,1.1271551724137931,45700000.0,46400000.0,https://www.sec.gov/Archives/edgar/data/944695/000119312510247894/0001193125-10-247894-index.htm,https://www.sec.gov/Archives/edgar/data/944695/000119312510247894/d10q.htm,1620598781,18:19:41,20210509
41,2010-06-30,THGA,USD,2010-08-06,2010-08-05 21:22:50,Q2,1514900000.0,930000000.0,584900000.0,0.38609809228331904,0.0,0.0,0.0,104000000.0,104000000.0,930000000.0,0.0,12700000.0,75100000.0,0.04957422932206746,62400000.0,0.04119083767905472,18000000.0,62400000.0,0.04119083767905472,18000000.0,44100000.0,0.029110832398178098,0.9545454545454546,0.9423076923076923,46200000.0,46800000.0,https://www.sec.gov/Archives/edgar/data/944695/000119312510179913/0001193125-10-179913-index.htm,https://www.sec.gov/Archives/edgar/data/944695/000119312510179913/d10q.htm,1620598781,18:19:41,20210509
42,2010-03-31,THGA,USD,2010-05-07,2010-05-07 14:55:12,Q1,746000000.0,0.0,746000000.0,1.0,0.0,0.0,0.0,101000000.0,101000000.0,101000000.0,0.0,4000000.0,46000000.0,0.06166219839142091,42000000.0,0.05630026809651475,-2000000.0,59000000.0,0.07908847184986595,17000000.0,41000000.0,0.054959785522788206,0.87234,0.87234,47000000.0,47000000.0,https://www.sec.gov/Archives/edgar/data/944695/000119312510112678/0001193125-10-112678-index.htm,https://www.sec.gov/Archives/edgar/data/944695/000119312510043678/d10k.htm,1620598781,18:19:41,20210509
43,2009-12-31,THGA,USD,2010-03-01,2010-03-01 06:09:40,Q4,44000000.0,0.0,44000000.0,1.0,0.0,0.0,0.0,6000000.0,6000000.0,6000000.0,-31000000.0,2000000.0,6000000.0,0.13636363636363635,4000000.0,0.09090909090909091,0.0,-10000000.0,-0.22727272727272727,0.0,197000000.0,4.4772727272727275,4.191489361702128,4.191489361702128,47000000.0,47000000.0,https://www.sec.gov/Archives/edgar/data/944695/000119312510043678/0001193125-10-043678-index.htm,https://www.sec.gov/Archives/edgar/data/944695/000119312510043678/d10k.htm,1620598781,18:19:41,20210509
44,2009-09-30,THGA,USD,2009-11-04,2009-11-04 17:19:52,Q3,708000000.0,0.0,708000000.0,1.0,0.0,0.0,0.0,92000000.0,92000000.0,92000000.0,0.0,4000000.0,52000000.0,0.07344632768361582,48000000.0,0.06779661016949153,-2000000.0,68000000.0,0.096045197740113,19000000.0,49000000.0,0.0692090395480226,0.9607843137254902,0.9607843137254902,51000000.0,51000000.0,https://www.sec.gov/Archives/edgar/data/944695/000119312509223986/0001193125-09-223986-index.htm,https://www.sec.gov/Archives/edgar/data/944695/000119312509223986/d10q.htm,1620598781,18:19:41,20210509
45,2009-06-30,THGA,USD,2009-08-07,2009-08-07 13:04:26,Q2,697000000.0,0.0,697000000.0,1.0,0.0,0.0,0.0,95000000.0,95000000.0,95000000.0,0.0,3000000.0,66000000.0,0.09469153515064563,63000000.0,0.09038737446197992,3000000.0,96000000.0,0.13773314203730272,33000000.0,65000000.0,0.09325681492109039,1.27451,1.27451,51000000.0,51000000.0,https://www.sec.gov/Archives/edgar/data/944695/000119312509168728/0001193125-09-168728-index.htm,https://www.sec.gov/Archives/edgar/data/944695/000119312509168728/d10q.htm,1620598781,18:19:41,20210509
46,2009-03-31,THGA,USD,2009-05-08,2009-05-08 15:10:27,Q1,698000000.0,0.0,698000000.0,1.0,0.0,0.0,0.0,94000000.0,94000000.0,94000000.0,0.0,2000000.0,22000000.0,0.03151862464183381,20000000.0,0.02865329512893983,8000000.0,33000000.0,0.04727793696275072,13000000.0,25000000.0,0.03581661891117478,0.4902,0.4902,51000000.0,51000000.0,https://www.sec.gov/Archives/edgar/data/944695/000119312509105206/0001193125-09-105206-index.htm,https://www.sec.gov/Archives/edgar/data/944695/000119312509040951/d10k.htm,1620598781,18:19:41,20210509
47,2008-12-31,THGA,USD,2009-02-27,2009-02-27 16:11:38,Q4,24000000.0,0.0,24000000.0,1.0,0.0,0.0,0.0,5000000.0,5000000.0,5000000.0,-40000000.0,1000000.0,13000000.0,0.5416666666666666,12000000.0,0.5,0.0,-23000000.0,-0.9583333333333334,0.0,20000000.0,0.8333333333333334,392156.86275,392156.86275,51.0,51.0,https://www.sec.gov/Archives/edgar/data/944695/000119312509040951/0001193125-09-040951-index.htm,https://www.sec.gov/Archives/edgar/data/944695/000119312509040951/d10k.htm,1620598781,18:19:41,20210509
48,2008-09-30,THGA,USD,2008-11-07,2008-11-07 11:23:12,Q3,247000000.0,0.0,247000000.0,1.0,0.0,0.0,0.0,247000000.0,247000000.0,247000000.0,0.0,5000000.0,66000000.0,0.26720647773279355,61000000.0,0.24696356275303644,25000000.0,114000000.0,0.46153846153846156,52000000.0,62000000.0,0.25101214574898784,1215686.27451,1215686.27451,51.0,51.0,https://www.sec.gov/Archives/edgar/data/944695/000119312508229399/0001193125-08-229399-index.htm,https://www.sec.gov/Archives/edgar/data/944695/000119312508229399/d10q.htm,1620598781,18:19:41,20210509
49,2008-06-30,THGA,USD,2008-08-11,2008-08-08 19:53:41,Q2,657000000.0,0.0,657000000.0,1.0,0.0,0.0,0.0,77000000.0,77000000.0,77000000.0,0.0,5000000.0,57000000.0,0.0867579908675799,52000000.0,0.0791476407914764,6000000.0,83000000.0,0.1263318112633181,30000000.0,48000000.0,0.0730593607305936,941176.47059,941176.47059,51.0,51.0,https://www.sec.gov/Archives/edgar/data/944695/000119312508172279/0001193125-08-172279-index.htm,https://www.sec.gov/Archives/edgar/data/944695/000119312508172279/d10q.htm,1620598781,18:19:41,20210509
50,2008-03-31,THGA,USD,2008-05-08,2008-05-07 19:55:02,Q1,717000000.0,0.0,717000000.0,1.0,0.0,0.0,0.0,92000000.0,92000000.0,92000000.0,0.0,4000000.0,57000000.0,0.0794979079497908,53000000.0,0.07391910739191074,11000000.0,80000000.0,0.11157601115760112,27000000.0,58000000.0,0.08089260808926081,1.13725,1.13725,51000000.0,51000000.0,https://www.sec.gov/Archives/edgar/data/944695/000119312508106267/0001193125-08-106267-index.htm,https://www.sec.gov/Archives/edgar/data/944695/000119312508039342/d10k.htm,1620598781,18:19:41,20210509
51,2007-12-31,THGA,USD,2008-02-27,2008-02-27 06:13:49,Q4,702000000.0,0.0,702000000.0,1.0,0.0,0.0,0.0,94000000.0,94000000.0,94000000.0,0.0,5000000.0,68000000.0,0.09686609686609686,63000000.0,0.08974358974358974,14000000.0,89000000.0,0.1267806267806268,27000000.0,76000000.0,0.10826210826210826,1.4902,1.4902,51000000.0,51000000.0,https://www.sec.gov/Archives/edgar/data/944695/000119312508039342/0001193125-08-039342-index.htm,https://www.sec.gov/Archives/edgar/data/944695/000119312508039342/d10k.htm,1620598781,18:19:41,20210509
52,2007-09-30,THGA,USD,2007-11-09,2007-11-09 12:44:32,Q3,695000000.0,0.0,695000000.0,1.0,0.0,0.0,0.0,91000000.0,91000000.0,91000000.0,0.0,4000000.0,57000000.0,0.08201438848920864,53000000.0,0.07625899280575539,14000000.0,78000000.0,0.11223021582733812,24000000.0,54000000.0,0.0776978417266187,1.05882,1.05882,51000000.0,51000000.0,https://www.sec.gov/Archives/edgar/data/944695/000119312507241879/0001193125-07-241879-index.htm,https://www.sec.gov/Archives/edgar/data/944695/000119312507241879/d10q.htm,1620598781,18:19:41,20210509
53,2007-06-30,THGA,USD,2007-08-09,2007-08-09 14:49:43,Q2,691000000.0,0.0,691000000.0,1.0,0.0,0.0,0.0,90000000.0,90000000.0,90000000.0,0.0,5000000.0,65000000.0,0.09406657018813314,60000000.0,0.08683068017366136,15000000.0,90000000.0,0.13024602026049203,30000000.0,60000000.0,0.08683068017366136,1.17647,1.17647,51000000.0,51000000.0,https://www.sec.gov/Archives/edgar/data/944695/000119312507177270/0001193125-07-177270-index.htm,https://www.sec.gov/Archives/edgar/data/944695/000119312507177270/d10q.htm,1620598781,18:19:41,20210509
54,2007-03-31,THGA,USD,2007-05-10,2007-05-10 15:43:57,Q1,698000000.0,0.0,698000000.0,1.0,0.0,0.0,0.0,93000000.0,93000000.0,93000000.0,0.0,4000000.0,67000000.0,0.09598853868194843,63000000.0,0.09025787965616046,13000000.0,91000000.0,0.1303724928366762,28000000.0,63000000.0,0.09025787965616046,1.23529,1.23529,51000000.0,51000000.0,https://www.sec.gov/Archives/edgar/data/944695/000119312507110136/0001193125-07-110136-index.htm,https://www.sec.gov/Archives/edgar/data/944695/000119312507043369/d10k.htm,1620598781,18:19:41,20210509
55,2006-12-31,THGA,USD,2007-03-01,2007-03-01 06:12:41,Q4,655000000.0,0.0,655000000.0,1.0,0.0,0.0,0.0,98000000.0,98000000.0,98000000.0,0.0,5000000.0,54000000.0,0.08244274809160305,49000000.0,0.07480916030534351,16000000.0,72000000.0,0.1099236641221374,23000000.0,46000000.0,0.07022900763358779,0.90196,0.90196,51000000.0,51000000.0,https://www.sec.gov/Archives/edgar/data/944695/000119312507043369/0001193125-07-043369-index.htm,https://www.sec.gov/Archives/edgar/data/944695/000119312507043369/d10k.htm,1620598781,18:19:41,20210509
56,2006-09-30,THGA,USD,2006-11-09,2006-11-09 09:58:29,Q3,671000000.0,0.0,671000000.0,1.0,0.0,0.0,0.0,107000000.0,107000000.0,107000000.0,0.0,6000000.0,35000000.0,0.05216095380029806,29000000.0,0.043219076005961254,22000000.0,44000000.0,0.06557377049180328,14000000.0,33000000.0,0.04918032786885246,0.64706,0.64706,51000000.0,51000000.0,https://www.sec.gov/Archives/edgar/data/944695/000119312506229553/0001193125-06-229553-index.htm,https://www.sec.gov/Archives/edgar/data/944695/000119312506229553/d10q.htm,1620598781,18:19:41,20210509
57,2006-06-30,THGA,USD,2006-08-09,2006-08-09 14:28:31,Q2,654000000.0,0.0,654000000.0,1.0,0.0,0.0,0.0,103000000.0,103000000.0,103000000.0,0.0,5000000.0,58000000.0,0.08868501529051988,53000000.0,0.08103975535168195,17000000.0,78000000.0,0.11926605504587157,25000000.0,51000000.0,0.0779816513761468,0.98077,0.98077,52000000.0,52000000.0,https://www.sec.gov/Archives/edgar/data/944695/000119312506167458/0001193125-06-167458-index.htm,https://www.sec.gov/Archives/edgar/data/944695/000119312506167458/d10q.htm,1620598781,18:19:41,20210509
58,2006-03-31,THGA,USD,2006-05-10,2006-05-10 15:09:03,Q1,664000000.0,0.0,664000000.0,1.0,0.0,0.0,0.0,105000000.0,105000000.0,105000000.0,0.0,5000000.0,65000000.0,0.09789156626506024,60000000.0,0.09036144578313253,19000000.0,85000000.0,0.1280120481927711,25000000.0,40000000.0,0.060240963855421686,0.75472,0.75472,53000000.0,53000000.0,https://www.sec.gov/Archives/edgar/data/944695/000119312506107437/0001193125-06-107437-index.htm,https://www.sec.gov/Archives/edgar/data/944695/000119312506056711/d10k.htm,1620598781,18:19:41,20210509
59,2005-12-31,THGA,USD,2006-03-16,2006-03-16 16:16:37,Q4,6000000.0,0.0,6000000.0,1.0,0.0,0.0,0.0,0.0,0.0,0.0,-40000000.0,7000000.0,126000000.0,21.0,119000000.0,19.833333333333332,0.0,-34000000.0,-5.666666666666667,0.0,-34000000.0,-5.666666666666667,-641509.43396,-641509.43396,53.0,53.0,https://www.sec.gov/Archives/edgar/data/944695/000119312506056711/0001193125-06-056711-index.htm,https://www.sec.gov/Archives/edgar/data/944695/000119312506056711/d10k.htm,1620598781,18:19:41,20210509
60,2005-09-30,THGA,USD,2005-11-09,2005-11-09 15:33:46,Q3,449000000.0,0.0,449000000.0,1.0,0.0,0.0,0.0,53000000.0,53000000.0,53000000.0,0.0,7000000.0,-139000000.0,-0.30957683741648107,-146000000.0,-0.32516703786191536,-109000000.0,-151000000.0,-0.3363028953229399,-24000000.0,-126000000.0,-0.2806236080178174,-2377358.49057,-2377358.49057,53.0,53.0,https://www.sec.gov/Archives/edgar/data/944695/000119312505221453/0001193125-05-221453-index.htm,https://www.sec.gov/Archives/edgar/data/944695/000119312505221453/d10q.htm,1620598781,18:19:41,20210509
61,2005-06-30,THGA,USD,2005-08-04,2005-08-04 17:06:39,Q2,741000000.0,0.0,741000000.0,1.0,0.0,0.0,0.0,119000000.0,119000000.0,119000000.0,0.0,8000000.0,86000000.0,0.11605937921727395,78000000.0,0.10526315789473684,82000000.0,78000000.0,0.10526315789473684,6000000.0,72000000.0,0.09716599190283401,1.35849,1.35849,53000000.0,53000000.0,https://www.sec.gov/Archives/edgar/data/944695/000119312505157883/0001193125-05-157883-index.htm,https://www.sec.gov/Archives/edgar/data/944695/000119312505157883/d10q.htm,1620598781,18:19:41,20210509
62,2005-03-31,THGA,USD,2005-05-05,2005-05-05 16:43:30,Q1,777000000.0,0.0,777000000.0,1.0,0.0,0.0,0.0,115000000.0,115000000.0,115000000.0,0.0,9000000.0,70000000.0,0.09009009009009009,61000000.0,0.07850707850707851,87000000.0,61000000.0,0.07850707850707851,14000000.0,46000000.0,0.059202059202059204,0.86792,0.86792,53000000.0,53000000.0,https://www.sec.gov/Archives/edgar/data/944695/000119312505097544/0001193125-05-097544-index.htm,https://www.sec.gov/Archives/edgar/data/944695/000119312505036571/d10k.htm,1620598781,18:19:41,20210509
63,2004-12-31,THGA,USD,2005-02-25,2005-02-25 06:13:41,Q4,771000000.0,0.0,771000000.0,1.0,0.0,0.0,0.0,154000000.0,154000000.0,154000000.0,0.0,10000000.0,97000000.0,0.125810635538262,87000000.0,0.11284046692607004,306000000.0,87000000.0,0.11284046692607004,4000000.0,63000000.0,0.08171206225680934,1.18868,1.18868,53000000.0,53000000.0,https://www.sec.gov/Archives/edgar/data/944695/000119312505036571/0001193125-05-036571-index.htm,https://www.sec.gov/Archives/edgar/data/944695/000119312505036571/d10k.htm,1620598781,18:19:41,20210509
64,2004-09-30,THGA,USD,2004-11-09,2004-11-09 11:50:39,Q3,760000000.0,0.0,760000000.0,1.0,0.0,0.0,0.0,115000000.0,115000000.0,115000000.0,0.0,9000000.0,25000000.0,0.03289473684210526,16000000.0,0.021052631578947368,23000000.0,16000000.0,0.021052631578947368,17000000.0,18000000.0,0.02368421052631579,0.33962,0.33962,53000000.0,53000000.0,https://www.sec.gov/Archives/edgar/data/944695/000119312504190738/0001193125-04-190738-index.htm,https://www.sec.gov/Archives/edgar/data/944695/000119312504190738/d10q.htm,1620598781,18:19:41,20210509
65,2004-06-30,THGA,USD,2004-08-05,2004-08-05 11:16:02,Q2,781000000.0,0.0,781000000.0,1.0,0.0,0.0,0.0,136000000.0,136000000.0,136000000.0,0.0,10000000.0,48000000.0,0.06145966709346991,38000000.0,0.04865556978233035,24000000.0,38000000.0,0.04865556978233035,6000000.0,32000000.0,0.040973111395646605,0.60377,0.60377,53000000.0,53000000.0,https://www.sec.gov/Archives/edgar/data/944695/000119312504132211/0001193125-04-132211-index.htm,https://www.sec.gov/Archives/edgar/data/944695/000119312504132211/d10q.htm,1620598781,18:19:41,20210509
66,2004-03-31,THGA,USD,2004-05-06,2004-05-06 17:02:24,Q1,799000000.0,0.0,799000000.0,1.0,0.0,0.0,0.0,135000000.0,135000000.0,135000000.0,0.0,9000000.0,54000000.0,0.06758448060075094,45000000.0,0.056320400500625784,26000000.0,45000000.0,0.056320400500625784,-23000000.0,12000000.0,0.015018773466833541,0.22642,0.22642,53000000.0,53000000.0,https://www.sec.gov/Archives/edgar/data/944695/000119312504080701/0001193125-04-080701-index.htm,https://www.sec.gov/Archives/edgar/data/944695/000119312504080701/d10q.htm,1620598781,18:19:41,20210509
