,date,symbol,reportedCurrency,fillingDate,acceptedDate,period,revenue,costOfRevenue,grossProfit,grossProfitRatio,researchAndDevelopmentExpenses,generalAndAdministrativeExpenses,sellingAndMarketingExpenses,otherExpenses,operatingExpenses,costAndExpenses,interestExpense,depreciationAndAmortization,ebitda,ebitdaratio,operatingIncome,operatingIncomeRatio,totalOtherIncomeExpensesNet,incomeBeforeTax,incomeBeforeTaxRatio,incomeTaxExpense,netIncome,netIncomeRatio,eps,epsdiluted,weightedAverageShsOut,weightedAverageShsOutDil,link,finalLink,timestamp,est_time,est_date
0,2021-02-27,FUL,USD,2021-03-25,2021-03-25 16:18:08,Q1,725904000,533540000.0,192364000.0,0.2649992285481276,0.0,-144014000.0,0.0,0.0,-144014000.0,389526000.0,20361000.0,17833000.0,56350000.0,0.07762734466265511,38517000.0,0.05306073530384183,7869000.0,38517000.0,0.05306073530384183,0.0,38517000.0,0.05306073530384183,0.57,0.56,52591000,52591000,https://www.sec.gov/Archives/edgar/data/39368/000143774921007161/0001437749-21-007161-index.htm,https://www.sec.gov/Archives/edgar/data/39368/000143774921007161/ful20201105_10q.htm,1620592327,16:32:07,20210509
1,2020-11-28,FUL,USD,2021-01-26,2021-01-26 15:18:19,Q4,777640000,564376000.0,213264000.0,0.274245151998354,0.0,-935951000.0,0.0,4964031.0,-795821000.0,-372954000.0,108049.0,-35275000.0,-21306000.0,-0.027398281981379558,13969000.0,0.01796332493184507,-4375000.0,58065000.0,0.07466822694305848,-64115000.0,117162000.0,0.15066354611388302,2.2277956304310624,2.2277956304310624,52591000,52591000,https://www.sec.gov/Archives/edgar/data/39368/000143774921001261/0001437749-21-001261-index.htm,https://www.sec.gov/Archives/edgar/data/39368/000143774921001261/ful20201128_10k.htm,1620592327,16:32:07,20210509
2,2020-08-29,FUL,USD,2020-09-24,2020-09-24 16:01:44,Q3,691463000,503248000.0,188215000.0,0.2721982231876471,0.0,128495000.0,0.0,0.0,129483999.99999999,632732000.0,-17451000.0,34845000.0,93576000.0,0.13533045152090567,58731000.0,0.0849372996096682,3922000.0,45202000.0,0.06537153831803003,5112000.0,41607000.0,0.06017241703460634,0.79114,0.79114,52591000,52591000,https://www.sec.gov/Archives/edgar/data/39368/000143774920020175/0001437749-20-020175-index.htm,https://www.sec.gov/Archives/edgar/data/39368/000143774920020175/ful20200829_10q.htm,1620592327,16:32:07,20210509
3,2020-05-30,FUL,USD,2020-06-25,2020-06-25 16:12:44,Q2,674602000,489694000.0,184908000.0,0.2740993949024758,0.0,127615000.0,0.0,-4969000000.0,128004999.99999994,617698999.9999999,-26579000.0,34071000.0,90974000.0,0.13485581127835375,56903000.0,0.08435047628082928,10882000.0,41206000.0,0.06108194164855722,11471000.0,31613000.0,0.0468617051239101,0.6076,0.6076,52029000,52029000,https://www.sec.gov/Archives/edgar/data/39368/000143774920013865/0001437749-20-013865-index.htm,https://www.sec.gov/Archives/edgar/data/39368/000143774920013865/ful20200530_10q.htm,1620592327,16:32:07,20210509
4,2020-02-29,FUL,USD,2020-03-26,2020-03-26 16:23:53,Q1,646564000,476302000.0,170262000.0,0.2633335601734708,0.0,0.0,0.0,4969000.0,141509000.0,617811000.0,22757000.0,34585000.0,63338000.0,0.09796091338212458,28753000.0,0.044470462320822066,4969000.0,13883000.0,0.021471965652278817,5611000.0,9895000.0,0.015303976095173873,0.1929037917925724,0.18818942563712437,51295000,52580000,https://www.sec.gov/Archives/edgar/data/39368/000143774920006222/0001437749-20-006222-index.htm,https://www.sec.gov/Archives/edgar/data/39368/000143774920001155/ful20191130_10k.htm,1620592327,16:32:07,20210509
5,2019-11-30,FUL,USD,2020-01-24,2020-01-24 16:33:29,Q4,739106000,537889000.0,201217000.0,0.27224376476445866,0.0,0.0,0.0,-14318000.0,148521000.0,686410000.0,23933000.0,34668000.0,87364000.0,0.11820226056884939,52696000.0,0.07129694522842461,8830000.0,40580000.0,0.05490416800837769,10506000.0,32214000.0,0.04358508793055394,0.63,0.61,51089000,52423000,https://www.sec.gov/Archives/edgar/data/39368/000143774920001155/0001437749-20-001155-index.htm,https://www.sec.gov/Archives/edgar/data/39368/000143774920001155/ful20191130_10k.htm,1620592327,16:32:07,20210509
6,2019-08-31,FUL,USD,2019-09-27,2019-09-27 16:36:48,Q3,725376000,518055000.0,207321000.0,0.2858117721016411,0.0,140615000.0,0.0,22762000.0,140615000.0,658670000.0,25607000.0,34780000.0,101486000.0,0.1399081304040939,66706000.0,0.09196058320098818,22762000.0,66976000.0,0.09233280395270867,19321000.0,49718000.0,0.06854100494088583,0.98,0.97,50939000,51502000,https://www.sec.gov/Archives/edgar/data/39368/000143774919019169/0001437749-19-019169-index.htm,https://www.sec.gov/Archives/edgar/data/39368/000143774919019169/ful20190831_10q.htm,1620592327,16:32:07,20210509
7,2019-06-01,FUL,USD,2019-06-28,2019-06-28 11:45:23,Q2,759583000,540506000.0,219077000.0,0.2884174606330052,0.0,145413000.0,0.0,-3365000000.0,146697000.0,687203000.0,-23778000.0,35703999.99999999,108084000.0,0.14229386387004447,72380000.0,0.09528912574399374,3147000.0,51449000.0,0.06773321677815328,16441000.0,36641000.0,0.048238309704140295,0.70321,0.70321,52105000,52105000,https://www.sec.gov/Archives/edgar/data/39368/000143774919013031/0001437749-19-013031-index.htm,https://www.sec.gov/Archives/edgar/data/39368/000143774919013031/ful20190601_10q.htm,1620592327,16:32:07,20210509
8,2019-03-02,FUL,USD,2019-03-29,2019-03-29 13:38:06,Q1,672935000,492634000.0,180301000.0,0.26793226686084093,0.0,144636000.0,0.0,3365000000.0,146088999.99999994,638722999.9999999,-19978000.0,36054000.0,70266000.0,0.10441721711606619,34212000.0,0.05083997711517457,-411000.0,13823000.0,0.02054135986387987,3140000.0,12244000.0,0.018194922243604507,0.23591,0.23591,51901000,51901000,https://www.sec.gov/Archives/edgar/data/39368/000143774919006012/0001437749-19-006012-index.htm,https://www.sec.gov/Archives/edgar/data/39368/000143774919001433/ful20181201_10k.htm,1620592327,16:32:07,20210509
9,2018-12-01,FUL,USD,2019-01-28,2019-01-28 16:55:08,Q4,768429000,558428000.0,210001000.0,0.2732861461501323,0.0,142579000.0,0.0,-2324000000.0,145504000.00000003,703932000.0,-34363000.0,36025999.99999999,100523000.0,0.1308162497771427,64497000.0,0.0839335839745767,13652000.0,42863000.0,0.05578003953520755,3488000.0,41345000.0,0.05380458051427003,0.79484,0.79484,52017000,52017000,https://www.sec.gov/Archives/edgar/data/39368/000143774919001433/0001437749-19-001433-index.htm,https://www.sec.gov/Archives/edgar/data/39368/000143774919001433/ful20181201_10k.htm,1620592327,16:32:07,20210509
10,2018-09-01,FUL,USD,2018-09-28,2018-09-28 14:01:52,Q3,770100000,553100000.0,217000000.0,0.2817815868069082,0.0,146900000.0,0.0,-1375000000.0,149699999.99999994,702799999.9999999,-10500000.0,36400000.0,103700000.0,0.1346578366445916,67300000.0,0.08739124788988444,-12000000.0,44800000.0,0.05817426308271653,9300000.0,37700000.0,0.048954681210232436,0.72361,0.72361,52100000,52100000,https://www.sec.gov/Archives/edgar/data/39368/000143774918017584/0001437749-18-017584-index.htm,https://www.sec.gov/Archives/edgar/data/39368/000143774918017584/ful20180902_10q.htm,1620592327,16:32:07,20210509
11,2018-06-02,FUL,USD,2018-06-29,2018-06-29 17:18:33,Q2,789400000,568200000.0,221200000.0,0.28021281986318725,0.0,146500000.0,0.0,809000000.0,147899999.99999997,716100000.0,-12500000.0,36100000.00000001,109400000.0,0.13858626805168484,73300000.0,0.09285533316442868,-6100000.0,55800000.0,0.0706865974157588,13500000.0,44500000.0,0.056371928046617684,0.85907,0.85907,51800000,51800000,https://www.sec.gov/Archives/edgar/data/39368/000143774918012715/0001437749-18-012715-index.htm,https://www.sec.gov/Archives/edgar/data/39368/000143774918012715/ful20180602_10q.htm,1620592327,16:32:07,20210509
12,2018-03-03,FUL,USD,2018-04-04,2018-04-04 16:03:33,Q1,713100000,527300000.0,185800000.0,0.26055251717851635,0.0,151100000.0,0.0,4074000000.0,153000000.0,680300000.0,-33100000.0,36599999.99999999,69400000.0,0.0973215537792736,32800000.0,0.045996353947552936,13500000.0,13200000.0,0.01851072780816155,3000000.0,47700000.0,0.06689103912494741,0.91908,0.91908,51900000,51900000,https://www.sec.gov/Archives/edgar/data/39368/000143774918006329/0001437749-18-006329-index.htm,https://www.sec.gov/Archives/edgar/data/39368/000143774918001406/ful20171202_10k.htm,1620592327,16:32:07,20210509
13,2017-12-02,FUL,USD,2018-01-31,2018-01-31 17:28:30,Q4,678200000,514600000.0,163600000.0,0.2412267767620171,0.0,153600000.0,0.0,-24401000000.0,153600000.00000003,668200000.0,-20100000.0,27800000.000000004,37800000.0,0.05573577115895016,10000000.0,0.014744913005013271,-14900000.0,-25100000.0,-0.03700973164258331,-16400000.0,-6500000.0,-0.009584193453258626,-0.12897,-0.12897,50400000,50400000,https://www.sec.gov/Archives/edgar/data/39368/000143774918001406/0001437749-18-001406-index.htm,https://www.sec.gov/Archives/edgar/data/39368/000143774918001406/ful20171202_10k.htm,1620592327,16:32:07,20210509
14,2017-09-02,FUL,USD,2017-09-29,2017-09-29 14:24:34,Q3,562900000,412000000.0,150900000.0,0.2680760348196838,0.0,109400000.0,0.0,150000000.0,110700000.00000004,522700000.00000006,-7300000.0,20300000.0,60500000.0,0.10747912595487653,40200000.0,0.07141588203943862,-600000.0,32200000.0,0.05720376621069462,9300000.0,25100000.0,0.044590513412684316,0.48643,0.48643,51600000,51600000,https://www.sec.gov/Archives/edgar/data/39368/000143774917016514/0001437749-17-016514-index.htm,https://www.sec.gov/Archives/edgar/data/39368/000143774917016514/ful20170902_10q.htm,1620592327,16:32:07,20210509
15,2017-06-03,FUL,USD,2017-06-30,2017-06-30 14:30:39,Q2,561700000,410400000.0,151300000.0,0.26936086879116966,0.0,102400000.0,0.0,-110000000.0,108000000.0,518400000.0,-8300000.0,19900000.0,63200000.0,0.11251557771052163,43300000.0,0.07708741320989852,100000.0,35000000.0,0.06231084208652306,11200000.0,25900000.0,0.04611002314402706,0.50097,0.50097,51700000,51700000,https://www.sec.gov/Archives/edgar/data/39368/000143774917012074/0001437749-17-012074-index.htm,https://www.sec.gov/Archives/edgar/data/39368/000143774917012074/ful20170602_10q.htm,1620592327,16:32:07,20210509
16,2017-03-04,FUL,USD,2017-03-31,2017-03-31 13:32:14,Q1,503300000,360700000.0,142600000.0,0.283330021855752,0.0,105800000.0,0.0,621000000.0,116500000.0,477200000.0,-7800000.0,19300000.0,45400000.0,0.09020464931452414,26100000.0,0.051857738923107494,621000000.0,18300000.0,0.03636002384263858,5800000.0,14800000.0,0.02940592092191536,0.28738,0.28738,51500000,51500000,https://www.sec.gov/Archives/edgar/data/39368/000143774917005734/0001437749-17-005734-index.htm,https://www.sec.gov/Archives/edgar/data/39368/000143774917001382/ful20160929_10k.htm,1620592327,16:32:07,20210509
17,2016-12-03,FUL,USD,2017-01-31,2017-01-31 16:34:39,Q4,574900000,411100000.0,163800000.0,0.284919116368064,0.0,106500000.0,0.0,54000000.0,108299999.99999996,519399999.99999994,-7500000.0,20500000.0,76000000.0,0.13219690380935814,55500000.0,0.09653852843972865,-100000.0,47900000.0,0.08331883805879284,13400000.0,36700000.0,0.0638371890763611,0.71401,0.71401,51400000,51400000,https://www.sec.gov/Archives/edgar/data/39368/000143774917001382/0001437749-17-001382-index.htm,https://www.sec.gov/Archives/edgar/data/39368/000143774917001382/ful20160929_10k.htm,1620592327,16:32:07,20210509
18,2016-08-27,FUL,USD,2016-09-23,2016-09-23 16:04:54,Q3,512900000,366700000.0,146200000.0,0.28504581789822575,0.0,97700000.0,0.0,-956000000.0,94900000.00000003,461600000.00000006,-7300000.0,18600000.0,69800000.0,0.13608890621953598,51200000.0,0.09982452719828426,-500000.0,43500000.0,0.0848118541626048,12500000.0,32700000.0,0.0637551179567167,0.63495,0.63495,51500000,51500000,https://www.sec.gov/Archives/edgar/data/39368/000143774916039079/0001437749-16-039079-index.htm,https://www.sec.gov/Archives/edgar/data/39368/000143774916039079/ful20160708_10q.htm,1620592327,16:32:07,20210509
19,2016-05-28,FUL,USD,2016-06-24,2016-06-24 15:43:10,Q2,532500000,374300000.0,158200000.0,0.29708920187793425,0.0,103700000.0,0.0,-1565000000.0,104000000.0,478300000.0,-8500000.0,18600000.0,72800000.0,0.13671361502347418,54200000.0,0.10178403755868545,300000.0,46000000.0,0.0863849765258216,14300000.0,33300000.0,0.06253521126760564,0.64912,0.64912,51300000,51300000,https://www.sec.gov/Archives/edgar/data/39368/000143774916034376/0001437749-16-034376-index.htm,https://www.sec.gov/Archives/edgar/data/39368/000143774916034376/ful20160528_10q.htm,1620592327,16:32:07,20210509
20,2016-02-27,FUL,USD,2016-04-05,2016-04-05 17:09:49,Q1,474300000,336700000.0,137600000.0,0.29011174362218006,0.0,99800000.0,0.0,-5082000000.0,100199999.99999999,436900000.0,-6300000.0,20000000.0,57400000.0,0.12102045119122919,37400000.0,0.07885304659498207,-5100000.0,26000000.0,0.05481762597512123,8800000.0,18900000.0,0.03984819734345351,0.37059,0.37059,51000000,51000000,https://www.sec.gov/Archives/edgar/data/39368/000143774916029095/0001437749-16-029095-index.htm,https://www.sec.gov/Archives/edgar/data/39368/000143774916024185/ful20151128_10k.htm,1620592327,16:32:07,20210509
21,2015-11-28,FUL,USD,2016-01-27,2016-01-27 16:50:55,Q4,548100000,392000000.0,156100000.0,0.2848020434227331,0.0,103800000.0,0.0,-1219000000.0,104000000.0,496000000.0,-6300000.0,19599999.999999993,71800000.0,0.13099799306695858,52200000.0,0.09523809523809523,-1200000.0,44700000.0,0.0815544608648057,21300000.0,25000000.0,0.04561211457763182,0.48828,0.48828,51200000,51200000,https://www.sec.gov/Archives/edgar/data/39368/000143774916024185/0001437749-16-024185-index.htm,https://www.sec.gov/Archives/edgar/data/39368/000143774916024185/ful20151128_10k.htm,1620592327,16:32:07,20210509
22,2015-08-29,FUL,USD,2015-09-25,2015-09-25 15:46:22,Q3,524100000,377300000.0,146800000.0,0.28009921770654456,0.0,98300000.0,0.0,-1040000000.0,99599999.99999997,476899999.99999994,-6400000.0,19000000.0,66200000.0,0.12631177256248807,47200000.0,0.0900591490173631,-1000000.0,39800000.0,0.075939706162946,14400000.0,26800000.0,0.05113527952680786,0.52039,0.52039,51500000,51500000,https://www.sec.gov/Archives/edgar/data/39368/000119312515329038/0001193125-15-329038-index.htm,https://www.sec.gov/Archives/edgar/data/39368/000119312515329038/d58282d10q.htm,1620592327,16:32:07,20210509
23,2015-05-30,FUL,USD,2015-06-30,2015-06-30 14:51:37,Q2,540800000,391800000.0,149000000.0,0.2755177514792899,0.0,100600000.0,0.0,-569000000.0,101500000.0,493300000.0,-6200000.0,18900000.000000004,66300000.0,0.12259615384615384,47400000.0,0.08764792899408284,-600000.0,40600000.0,0.07507396449704141,15400000.0,25200000.0,0.04659763313609468,0.48932,0.48932,51500000,51500000,https://www.sec.gov/Archives/edgar/data/39368/000119312515241028/0001193125-15-241028-index.htm,https://www.sec.gov/Archives/edgar/data/39368/000119312515241028/d949837d10q.htm,1620592327,16:32:07,20210509
24,2015-02-28,FUL,USD,2015-03-27,2015-03-27 16:45:18,Q1,470661000,354455000.0,116206000.0,0.24689957315350114,0.0,94833000.0,0.0,363000.0,94833000.0,449288000.0,6102000.0,17824000.0,39197000.0,0.08328074771438466,21373000.0,0.045410603385451526,-1998000.0,13273000.0,0.028200764456795868,4769000.0,9710000.0,0.020630559999660052,0.19347254323742727,0.18898771871776407,50188000,51379000,https://www.sec.gov/Archives/edgar/data/39368/000119312515109554/0001193125-15-109554-index.htm,https://www.sec.gov/Archives/edgar/data/39368/000119312515023748/d857282d10k.htm,1620592327,16:32:07,20210509
25,2014-11-29,FUL,USD,2015-01-28,2015-01-28 16:51:51,Q4,547700000,415200000.0,132500000.0,0.24192075953989411,0.0,93500000.0,0.0,2259000000.0,107400000.00000003,522600000.00000006,-5600000.0,18499999.999999993,43599999.99999999,0.07960562351652363,25100000.0,0.04582800803359503,2300000.0,21700000.0,0.03962023005294869,10900000.0,10700000.0,0.019536242468504657,0.20858,0.20858,51300000,51300000,https://www.sec.gov/Archives/edgar/data/39368/000119312515023748/0001193125-15-023748-index.htm,https://www.sec.gov/Archives/edgar/data/39368/000119312515023748/d857282d10k.htm,1620592327,16:32:07,20210509
26,2014-08-30,FUL,USD,2014-09-26,2014-09-26 16:18:01,Q3,526800000,401600000.0,125200000.0,0.23766135155656795,0.0,96800000.0,0.0,-289000000.0,109099999.99999997,510699999.99999994,-5300000.0,18300000.000000004,34300000.0,0.06511009870918755,16000000.0,0.030372057706909643,-300000.0,10500000.0,0.019931662870159454,8000000.0,4000000.0,0.007593014426727411,0.07797,0.07797,51300000,51300000,https://www.sec.gov/Archives/edgar/data/39368/000119312514354862/0001193125-14-354862-index.htm,https://www.sec.gov/Archives/edgar/data/39368/000119312514354862/d794433d10q.htm,1620592327,16:32:07,20210509
27,2014-05-31,FUL,USD,2014-06-27,2014-06-27 13:49:30,Q2,544034000,401379000.0,142655000.0,0.2622170673156457,0.0,96372000.0,0.0,-204000.0,96372000.0,497751000.0,4760000.0,17523000.0,63806000.0,0.11728311098203421,46283000.0,0.08507372700970896,-13742000.0,27781000.0,0.0510648231544352,8838000.0,20537000.0,0.037749478892863314,0.41,0.4,49956000,51175000,https://www.sec.gov/Archives/edgar/data/39368/000119312514252883/0001193125-14-252883-index.htm,https://www.sec.gov/Archives/edgar/data/39368/000119312514252883/d747282d10q.htm,1620592327,16:32:07,20210509
28,2014-03-01,FUL,USD,2014-03-28,2014-03-28 11:59:25,Q1,486000000,352900000.0,133100000.0,0.27386831275720164,0.0,96800000.0,0.0,-1050000000.0,108600000.00000001,461500000.0,-4100000.0,16200000.0,40700000.0,0.08374485596707819,24500000.0,0.050411522633744855,-1100000.0,19300000.0,0.0397119341563786,6500000.0,14600000.0,0.030041152263374487,0.2846,0.2846,51300000,51300000,https://www.sec.gov/Archives/edgar/data/39368/000119312514120546/0001193125-14-120546-index.htm,https://www.sec.gov/Archives/edgar/data/39368/000119312514020505/d661567d10k.htm,1620592327,16:32:07,20210509
29,2013-11-30,FUL,USD,2014-01-24,2014-01-24 17:01:46,Q4,533531000,387859000.0,145672000.0,0.27303380684533796,0.0,95510000.0,0.0,1777000.0,95510000.0,483369000.0,4330000.0,15862000.0,66024000.0,0.12374913547666395,50162000.0,0.09401890424361471,-15251000.0,31318000.0,0.05869949449985099,11675000.0,21886000.0,0.041021046574613286,0.43848296035101075,0.43848296035101075,49913000,49913000,https://www.sec.gov/Archives/edgar/data/39368/000119312514020505/0001193125-14-020505-index.htm,https://www.sec.gov/Archives/edgar/data/39368/000119312514020505/d661567d10k.htm,1620592327,16:32:07,20210509
30,2013-08-31,FUL,USD,2013-09-27,2013-09-27 16:56:33,Q3,514579000,370072000.0,144507000.0,0.2808256846859277,0.0,92245000.0,0.0,-1046000.0,92245000.0,462317000.0,4579000.0,15807000.0,68069000.0,0.1322809520015391,52262000.0,0.10156263664082678,-12180000.0,35503000.0,0.06899426521486497,10290000.0,28269000.0,0.05493617112241269,0.57,0.55,49913000,51127000,https://www.sec.gov/Archives/edgar/data/39368/000119312513382517/0001193125-13-382517-index.htm,https://www.sec.gov/Archives/edgar/data/39368/000119312513382517/d602888d10q.htm,1620592327,16:32:07,20210509
31,2013-06-01,FUL,USD,2013-06-28,2013-06-28 15:13:26,Q2,519000000,372400000.0,146600000.0,0.28246628131021195,0.0,93800000.0,0.0,-1814000000.0,104600000.00000001,477000000.0,-3000000.0,14399999.999999998,56400000.0,0.10867052023121387,42000000.0,0.08092485549132948,-3700000.0,35300000.0,0.06801541425818883,10900000.0,25900000.0,0.049903660886319846,0.50586,0.50586,51200000,51200000,https://www.sec.gov/Archives/edgar/data/39368/000119312513276968/0001193125-13-276968-index.htm,https://www.sec.gov/Archives/edgar/data/39368/000119312513276968/d560483d10q.htm,1620592327,16:32:07,20210509
32,2013-03-02,FUL,USD,2013-03-29,2013-03-29 12:32:32,Q1,479800000,346500000.0,133300000.0,0.27782409337223846,0.0,97600000.0,0.0,378000000.0,102899999.99999999,449400000.0,-5300000.0,15600000.0,46000000.0,0.09587328053355565,30400000.0,0.0633597332221759,400000.0,25500000.0,0.0531471446436015,7100000.0,20700000.0,0.043142976240100044,0.40588,0.40588,51000000,51000000,https://www.sec.gov/Archives/edgar/data/39368/000119312513134141/0001193125-13-134141-index.htm,https://www.sec.gov/Archives/edgar/data/39368/000119312513028025/d472120d10k.htm,1620592327,16:32:07,20210509
33,2012-12-01,FUL,USD,2013-01-29,2013-01-29 15:33:30,Q4,513300000,369500000.0,143800000.0,0.2801480615624391,0.0,95400000.0,0.0,759000000.0,105500000.0,475000000.0,-5500000.0,16600000.0,54900000.0,0.10695499707773232,38300000.0,0.0746152347555036,800000.0,33600000.0,0.06545879602571596,11200000.0,25100000.0,0.04889927917397233,0.49409,0.49409,50800000,50800000,https://www.sec.gov/Archives/edgar/data/39368/000119312513028025/0001193125-13-028025-index.htm,https://www.sec.gov/Archives/edgar/data/39368/000119312513028025/d472120d10k.htm,1620592327,16:32:07,20210509
34,2012-09-01,FUL,USD,2012-10-05,2012-10-05 17:18:14,Q3,500500000,366200000.0,134300000.0,0.2683316683316683,0.0,91400000.0,0.0,-623000000.0,96000000.0,462200000.0,-6000000.0,14800000.0,53100000.0,0.10609390609390609,38300000.0,0.07652347652347652,-600000.0,31700000.0,0.06333666333666334,9400000.0,83300000.0,0.16643356643356644,1.643,1.643,50700000,50700000,https://www.sec.gov/Archives/edgar/data/39368/000119312512416912/0001193125-12-416912-index.htm,https://www.sec.gov/Archives/edgar/data/39368/000119312512416912/d418143d10q.htm,1620592327,16:32:07,20210509
35,2012-06-02,FUL,USD,2012-07-06,2012-07-06 17:10:24,Q2,527000000,390400000.0,136600000.0,0.25920303605313094,0.0,93000000.0,0.0,505000000.0,125800000.00000007,516200000.00000006,-5700000.0,16400000.0,27200000.0,0.05161290322580645,10800000.0,0.02049335863377609,200000.0,5300000.0,0.010056925996204934,2400000.0,1900000.0,0.003605313092979127,0.03748,0.03748,50700000,50700000,https://www.sec.gov/Archives/edgar/data/39368/000119312512296397/0001193125-12-296397-index.htm,https://www.sec.gov/Archives/edgar/data/39368/000119312512296397/d356992d10q.htm,1620592327,16:32:07,20210509
36,2012-03-03,FUL,USD,2012-03-30,2012-03-30 16:27:09,Q1,345500000,247100000.0,98400000.0,0.2848046309696093,0.0,75000000.0,0.0,143000000.0,77200000.00000001,324300000.0,-2600000.0,9600000.0,30800000.0,0.08914616497829234,21200000.0,0.06136034732272069,400000.0,19000000.0,0.05499276410998553,7600000.0,15300000.0,0.04428364688856729,0.30417,0.30417,50300000,50300000,https://www.sec.gov/Archives/edgar/data/39368/000119312512143702/0001193125-12-143702-index.htm,https://www.sec.gov/Archives/edgar/data/39368/000119312512026988/d285612d10k.htm,1620592327,16:32:07,20210509
37,2011-12-03,FUL,USD,2012-01-27,2012-01-27 15:30:37,Q4,401500000,289300000.0,112200000.0,0.27945205479452057,0.0,76700000.0,0.0,2779000000.0,84199999.99999999,373500000.0,-2900000.0,10499999.999999998,38600000.0,0.09613947696139477,28100000.0,0.06998754669987546,2200000.0,27400000.0,0.06824408468244085,7800000.0,26400000.0,0.06575342465753424,0.53012,0.53012,49800000,49800000,https://www.sec.gov/Archives/edgar/data/39368/000119312512026988/0001193125-12-026988-index.htm,https://www.sec.gov/Archives/edgar/data/39368/000119312512026988/d285612d10k.htm,1620592327,16:32:07,20210509
38,2011-08-27,FUL,USD,2011-09-23,2011-09-23 15:56:52,Q3,363100000,260100000.0,103000000.0,0.28366841090608647,0.0,72100000.0,0.0,1568000000.0,72000000.0,332100000.0,-2800000.0,9700000.0,40700000.0,0.11209033324153125,31000000.0,0.08537592949600661,1700000.0,29900000.0,0.08234646103001927,9800000.0,23200000.0,0.06389424400991463,0.46493,0.46493,49900000,49900000,https://www.sec.gov/Archives/edgar/data/39368/000119312511255270/0001193125-11-255270-index.htm,https://www.sec.gov/Archives/edgar/data/39368/000119312511255270/d233893d10q.htm,1620592327,16:32:07,20210509
39,2011-05-28,FUL,USD,2011-06-24,2011-06-24 14:44:12,Q2,368400000,265400000.0,103000000.0,0.27958740499457113,0.0,70100000.0,0.0,-51000000.0,70100000.00000001,335500000.0,-2600000.0,8800000.0,41600000.0,0.11292073832790445,32800000.0,0.08903365906623235,-51000000.0,30300000.0,0.08224755700325732,8500000.0,25100000.0,0.06813246471226928,0.50301,0.50301,49900000,49900000,https://www.sec.gov/Archives/edgar/data/39368/000119312511173101/0001193125-11-173101-index.htm,https://www.sec.gov/Archives/edgar/data/39368/000119312511173101/d10q.htm,1620592327,16:32:07,20210509
40,2011-02-26,FUL,USD,2011-03-28,2011-03-28 15:44:42,Q1,311100000,225500000.0,85600000.0,0.27515268402442944,0.0,68000000.0,0.0,294000000.0,68300000.00000001,293800000.0,-2600000.0,10100000.0,27400000.0,0.08807457409193185,17300000.0,0.05560912889746062,200000.0,14900000.0,0.04789456766313083,5100000.0,14400000.0,0.04628736740597879,0.28858,0.28858,49900000,49900000,https://www.sec.gov/Archives/edgar/data/39368/000119312511079673/0001193125-11-079673-index.htm,https://www.sec.gov/Archives/edgar/data/39368/000119312511010956/d10k.htm,1620592327,16:32:07,20210509
41,2010-11-27,FUL,USD,2011-01-20,2011-01-20 14:57:00,Q4,360200000,258100000.0,102100000.0,0.28345363686840647,0.0,72500000.0,0.0,254000000.0,72500000.0,330600000.0,-2800000.0,8100000.000000001,37700000.0,0.10466407551360356,29600000.0,0.08217656857301499,300000.0,27100000.0,0.07523598001110494,8200000.0,21900000.0,0.06079955580233204,0.44064,0.44064,49700000,49700000,https://www.sec.gov/Archives/edgar/data/39368/000119312511010956/0001193125-11-010956-index.htm,https://www.sec.gov/Archives/edgar/data/39368/000119312511010956/d10k.htm,1620592327,16:32:07,20210509
42,2010-08-28,FUL,USD,2010-09-30,2010-09-30 15:28:45,Q3,338600000,242300000.0,96300000.0,0.2844063792085056,0.0,73600000.0,0.0,1041000000.0,73599999.99999997,315899999.99999994,-176917000.0,10099999.999999998,32800000.0,0.09686946249261666,22700000.0,0.0670407560543414,1000000.0,21100000.0,0.06231541642055523,4100000.0,19000000.0,0.05611340815121087,0.38306,0.38306,49600000,49600000,https://www.sec.gov/Archives/edgar/data/39368/000119312510220950/0001193125-10-220950-index.htm,https://www.sec.gov/Archives/edgar/data/39368/000119312510220950/d10q.htm,1620592327,16:32:07,20210509
43,2010-05-29,FUL,USD,2010-06-30,2010-06-30 15:37:56,Q2,347900000,246800000.0,101100000.0,0.29060074734119,0.0,74500000.0,0.0,1340000000.0,84099999.99999997,330899999.99999994,3043000000.0,10200000.0,27200000.0,0.07818338603046852,17000000.0,0.04886461626904283,1300000.0,15300000.0,0.04397815464213854,6000000.0,11000000.0,0.031618281115263006,0.22177,0.22177,49600000,49600000,https://www.sec.gov/Archives/edgar/data/39368/000119312510151285/0001193125-10-151285-index.htm,https://www.sec.gov/Archives/edgar/data/39368/000119312510151285/d10q.htm,1620592327,16:32:07,20210509
44,2010-02-27,FUL,USD,2010-03-31,2010-03-31 15:48:46,Q1,309400000,211800000.0,97600000.0,0.3154492566257272,0.0,71400000.0,0.0,-63000000.0,71399999.99999999,283200000.0,1948000000.0,10400000.0,36600000.0,0.1182934712346477,26200000.0,0.08468002585649645,-100000.0,24200000.0,0.07821590174531351,7100000.0,19000000.0,0.06140917905623788,0.38384,0.38384,49500000,49500000,https://www.sec.gov/Archives/edgar/data/39368/000119312510073329/0001193125-10-073329-index.htm,https://www.sec.gov/Archives/edgar/data/39368/000119312510010656/d10k.htm,1620592327,16:32:07,20210509
45,2009-11-28,FUL,USD,2010-01-22,2010-01-22 12:56:53,Q4,341600000,235100000.0,106500000.0,0.31176814988290397,0.0,71700000.0,0.0,0.0,71700000.00000001,306800000.0,1468000000.0,13300000.000000004,48100000.0,0.140807962529274,34800000.0,0.10187353629976581,-200000.0,33200000.0,0.09718969555035128,10600000.0,24600000.0,0.07201405152224824,0.49798,0.49798,49400000,49400000,https://www.sec.gov/Archives/edgar/data/39368/000119312510010656/0001193125-10-010656-index.htm,https://www.sec.gov/Archives/edgar/data/39368/000119312510010656/d10k.htm,1620592327,16:32:07,20210509
46,2009-08-29,FUL,USD,2009-10-01,2009-10-01 15:20:06,Q3,315300000,214900000.0,100400000.0,0.3184268950206153,0.0,68300000.0,0.0,2345000000.0,68299999.99999999,283200000.0,1680000000.0,11199999.999999998,43300000.0,0.13732952743418966,32100000.0,0.10180780209324453,18500000.0,48900000.0,0.15509039010466222,15100000.0,35400000.0,0.11227402473834443,0.71951,0.71951,49200000,49200000,https://www.sec.gov/Archives/edgar/data/39368/000119312509201948/0001193125-09-201948-index.htm,https://www.sec.gov/Archives/edgar/data/39368/000119312509201948/d10q.htm,1620592327,16:32:07,20210509
47,2009-05-30,FUL,USD,2009-07-01,2009-07-01 14:06:24,Q2,299200000,209800000.0,89400000.0,0.29879679144385024,0.0,61500000.0,0.0,-1293000000.0,61500000.0,271300000.0,2188000000.0,11000000.0,38900000.0,0.1300133689839572,27900000.0,0.09324866310160428,-1300000.0,24400000.0,0.08155080213903744,8100000.0,17600000.0,0.058823529411764705,0.35992,0.35992,48900000,48900000,https://www.sec.gov/Archives/edgar/data/39368/000119312509142612/0001193125-09-142612-index.htm,https://www.sec.gov/Archives/edgar/data/39368/000119312509142612/d10q.htm,1620592327,16:32:07,20210509
48,2009-02-28,FUL,USD,2009-04-03,2009-04-03 17:13:14,Q1,278563000,203564000.0,74999000.0,0.2692353255816458,0.0,0.0,0.0,0.0,62606000.0,266170000.0,2398000.0,11204000.0,23597000.0,0.08470974249990128,12393000.0,0.044489038386289634,-1842000.0,8153000.0,0.02926806503376256,3008000.0,6116000.0,0.02195553609057915,0.12665672630881378,0.12501021993295724,48288000,48924000,https://www.sec.gov/Archives/edgar/data/39368/000119312509072784/0001193125-09-072784-index.htm,https://www.sec.gov/Archives/edgar/data/39368/000119312509012966/d10k.htm,1620592327,16:32:07,20210509
49,2008-11-29,FUL,USD,2009-01-28,2009-01-28 14:48:43,Q4,350200000,262900000.0,87300000.0,0.24928612221587665,0.0,63300000.0,0.0,0.0,150200000.00000006,413100000.00000006,3991000000.0,11500000.0,-51500000.0,-0.14705882352941177,-63000000.0,-0.17989720159908623,-100000.0,-67100000.0,-0.1916047972587093,-23500000.0,-42400000.0,-0.12107367218732153,-0.87967,-0.87967,48200000,48200000,https://www.sec.gov/Archives/edgar/data/39368/000119312509012966/0001193125-09-012966-index.htm,https://www.sec.gov/Archives/edgar/data/39368/000119312509012966/d10k.htm,1620592327,16:32:07,20210509
50,2008-08-30,FUL,USD,2008-10-03,2008-10-03 16:39:22,Q3,362000000,271500000.0,90500000.0,0.25,0.0,63800000.0,0.0,0.0,64300000.00000001,335800000.0,3872000000.0,11499999.999999998,37700000.0,0.10414364640883977,26200000.0,0.07237569060773481,800000.0,23100000.0,0.06381215469613259,2300000.0,21700000.0,0.059944751381215466,0.44196,0.44196,49100000,49100000,https://www.sec.gov/Archives/edgar/data/39368/000119312508206012/0001193125-08-206012-index.htm,https://www.sec.gov/Archives/edgar/data/39368/000119312508206012/d10q.htm,1620592327,16:32:07,20210509
51,2008-05-31,FUL,USD,2008-07-02,2008-07-02 14:59:11,Q2,356765000,261542000.0,95223000.0,0.26690678738104917,0.0,0.0,0.0,0.0,62795000.0,324337000.0,0.0,11506000.0,43934000.0,0.12314548792622594,32428000.0,0.09089456645130548,1195000.0,29330000.0,0.08221097921601053,8343000.0,21366000.0,0.059888161675052204,0.42,0.41,51047000,51819000,https://www.sec.gov/Archives/edgar/data/39368/000119312508145807/0001193125-08-145807-index.htm,https://www.sec.gov/Archives/edgar/data/39368/000119312508145807/d10q.htm,1620592327,16:32:07,20210509
52,2008-03-01,FUL,USD,2008-04-04,2008-04-04 17:00:27,Q1,322600000,231100000.0,91500000.0,0.28363298202107873,0.0,65000000.0,0.0,0.0,65000000.00000003,296100000.00000006,2928000000.0,11700000.0,38200000.0,0.11841289522628642,26500000.0,0.08214507129572225,1300000.0,24900000.0,0.07718536887786732,7200000.0,18200000.0,0.056416615003099815,0.31652,0.31652,57500000,57500000,https://www.sec.gov/Archives/edgar/data/39368/000119312508075406/0001193125-08-075406-index.htm,https://www.sec.gov/Archives/edgar/data/39368/000119312508015595/d10k.htm,1620592327,16:32:07,20210509
53,2007-12-01,FUL,USD,2008-01-30,2008-01-30 17:26:16,Q4,360900000,253600000.0,107300000.0,0.2973122748683846,0.0,67800000.0,0.0,6502000000.0,67799999.99999999,321400000.0,3068000000.0,12099999.999999998,51600000.0,0.142975893599335,39500000.0,0.10944860072042117,2900000.0,39600000.0,0.10972568578553615,9600000.0,25700000.0,0.0712108617345525,0.42905,0.42905,59900000,59900000,https://www.sec.gov/Archives/edgar/data/39368/000119312508015595/0001193125-08-015595-index.htm,https://www.sec.gov/Archives/edgar/data/39368/000119312508015595/d10k.htm,1620592327,16:32:07,20210509
54,2007-09-01,FUL,USD,2007-10-05,2007-10-05 16:26:23,Q3,352300000,245900000.0,106400000.0,0.30201532784558616,0.0,67500000.0,0.0,-2657000000.0,67499999.99999997,313399999.99999994,2868000000.0,12400000.0,51300000.0,0.1456145330684076,38900000.0,0.11041725801873403,900000.0,37000000.0,0.10502412716434857,10500000.0,28400000.0,0.08061311382344592,0.46254,0.46254,61400000,61400000,https://www.sec.gov/Archives/edgar/data/39368/000119312507214261/0001193125-07-214261-index.htm,https://www.sec.gov/Archives/edgar/data/39368/000119312507214261/d10q.htm,1620592327,16:32:07,20210509
55,2007-06-02,FUL,USD,2007-07-06,2007-07-06 16:57:14,Q2,353700000,248300000.0,105400000.0,0.2979926491376873,0.0,69000000.0,0.0,2657000000.0,69099999.99999997,317399999.99999994,3181000000.0,11899999.999999998,48300000.0,0.13655640373197625,36400000.0,0.10291207237772124,1300000.0,34500000.0,0.09754028837998303,10000000.0,27300000.0,0.07718405428329092,0.4439,0.4439,61500000,61500000,https://www.sec.gov/Archives/edgar/data/39368/000119312507151055/0001193125-07-151055-index.htm,https://www.sec.gov/Archives/edgar/data/39368/000119312507151055/d10q.htm,1620592327,16:32:07,20210509
56,2007-03-03,FUL,USD,2007-04-06,2007-04-06 16:12:46,Q1,333400000,233700000.0,99700000.0,0.2990401919616077,0.0,71600000.0,0.0,0.0,71600000.00000001,305300000.0,3608000000.0,13900000.0,41900000.0,0.1256748650269946,28000000.0,0.08398320335932813,1400000.0,25900000.0,0.07768446310737852,7500000.0,20800000.0,0.0623875224955009,0.33987,0.33987,61200000,61200000,https://www.sec.gov/Archives/edgar/data/39368/000119312507076317/0001193125-07-076317-index.htm,https://www.sec.gov/Archives/edgar/data/39368/000119312507033125/d10k.htm,1620592327,16:32:07,20210509
57,2006-12-02,FUL,USD,2007-02-15,2007-02-15 17:02:44,Q4,375000000,265800000.0,109200000.0,0.2912,0.0,80400000.0,0.0,159000000.0,80399999.99999999,346200000.0,4674000000.0,11400000.000000004,40200000.0,0.1072,28800000.0,0.0768,159000000.0,24400000.0,0.06506666666666666,3100000.0,75200000.0,0.20053333333333334,1.24092,1.24092,60600000,60600000,https://www.sec.gov/Archives/edgar/data/39368/000119312507033125/0001193125-07-033125-index.htm,https://www.sec.gov/Archives/edgar/data/39368/000119312507033125/d10k.htm,1620592327,16:32:07,20210509
58,2006-09-02,FUL,USD,2006-10-06,2006-10-06 12:41:41,Q3,306300000,210700000.0,95600000.0,0.31211230819458047,0.0,67000000.0,0.0,274000.0,66900000.00000003,277600000.00000006,4575000.0,12699999.999999998,41400000.0,0.13516160626836435,28700000.0,0.09369898792033954,300000.0,24400000.0,0.07966046359777995,5600000.0,24200000.0,0.07900750897812601,0.40948,0.40948,59100000,59100000,https://www.sec.gov/Archives/edgar/data/39368/000119312506204229/0001193125-06-204229-index.htm,https://www.sec.gov/Archives/edgar/data/39368/000119312506204229/d10q.htm,1620592327,16:32:07,20210509
59,2006-06-03,FUL,USD,2006-07-07,2006-07-07 16:43:08,Q2,371800000,264300000.0,107500000.0,0.2891339429800968,0.0,76300000.0,0.0,-493000.0,76300000.00000001,340600000.0,4967000.0,12200000.000000004,43400000.0,0.11672942442173212,31200000.0,0.08391608391608392,-500000.0,25800000.0,0.06939214631522324,7600000.0,19500000.0,0.05244755244755245,0.32392,0.32392,60200000,60200000,https://www.sec.gov/Archives/edgar/data/39368/000119312506143313/0001193125-06-143313-index.htm,https://www.sec.gov/Archives/edgar/data/39368/000119312506143313/d10q.htm,1620592327,16:32:07,20210509
60,2006-03-04,FUL,USD,2006-04-07,2006-04-07 15:53:37,Q1,333000000,238900000.0,94100000.0,0.28258258258258256,0.0,73200000.0,0.0,499000.0,73299999.99999999,312200000.0,2743000.0,10399999.999999998,31300000.0,0.093993993993994,20900000.0,0.06276276276276277,500000.0,19400000.0,0.058258258258258255,5800000.0,15300000.0,0.04594594594594595,0.25845,0.25845,59200000,59200000,https://www.sec.gov/Archives/edgar/data/39368/000119312506075838/0001193125-06-075838-index.htm,https://www.sec.gov/Archives/edgar/data/39368/000119312506031637/d10k.htm,1620592327,16:32:07,20210509
61,2005-12-03,FUL,USD,2006-02-14,2006-02-14 17:04:20,Q4,394400000,288000000.0,106400000.0,0.2697768762677485,0.0,76600000.0,0.0,1095000.0,76600000.00000001,364600000.0,3179000.0,8200000.0,38000000.0,0.09634888438133875,29800000.0,0.0755578093306288,1100000.0,27800000.0,0.0704868154158215,7000000.0,23300000.0,0.05907707910750507,0.39559,0.39559,58900000,58900000,https://www.sec.gov/Archives/edgar/data/39368/000119312506031637/0001193125-06-031637-index.htm,https://www.sec.gov/Archives/edgar/data/39368/000119312506031637/d10k.htm,1620592327,16:32:07,20210509
62,2005-08-27,FUL,USD,2005-09-30,2005-09-30 15:41:26,Q3,301700000,218900000.0,82800000.0,0.27444481272787535,0.0,64800000.0,0.0,-25000.0,64799999.99999998,283700000.0,2942000.0,13499999.999999996,31499999.999999996,0.10440835266821344,18000000.0,0.05966191581040769,0.0,15400000.0,0.05104408352668213,4700000.0,15500000.0,0.051375538614517734,0.26678,0.26678,58100000,58100000,https://www.sec.gov/Archives/edgar/data/39368/000119312505194950/0001193125-05-194950-index.htm,https://www.sec.gov/Archives/edgar/data/39368/000119312505194950/d10q.htm,1620592327,16:32:07,20210509
63,2005-05-28,FUL,USD,2005-07-01,2005-07-01 15:26:12,Q2,387900000,288400000.0,99500000.0,0.25650940964166025,0.0,78500000.0,0.0,-462000.0,78500000.0,366900000.0,2894000.0,13900000.0,34900000.0,0.0899716421758185,21000000.0,0.054137664346481054,-500000.0,22700000.0,0.05852023717452952,7400000.0,16200000.0,0.04176334106728538,0.27787,0.27787,58300000,58300000,https://www.sec.gov/Archives/edgar/data/39368/000119312505136727/0001193125-05-136727-index.htm,https://www.sec.gov/Archives/edgar/data/39368/000119312505136727/d10q.htm,1620592327,16:32:07,20210509
64,2005-02-26,FUL,USD,2005-04-04,2005-04-04 16:30:25,Q1,353000000,262300000.0,90700000.0,0.25694050991501416,0.0,80300000.0,0.0,-352000.0,80300000.00000001,342600000.0,3330000.0,13900000.0,24300000.0,0.0688385269121813,10400000.0,0.029461756373937678,-400000.0,8500000.0,0.024079320113314446,2700000.0,6500000.0,0.018413597733711047,0.11226,0.11226,57900000,57900000,https://www.sec.gov/Archives/edgar/data/39368/000119312505069400/0001193125-05-069400-index.htm,https://www.sec.gov/Archives/edgar/data/39368/000119312505037453/d10k.htm,1620592327,16:32:07,20210509
65,2004-11-27,FUL,USD,2005-02-25,2005-02-25 17:14:27,Q4,378500000,285500000.0,93000000.0,0.24570673712021135,0.0,72200000.0,0.0,-1836000.0,72199999.99999999,357700000.0,3309000.0,10799999.999999994,31499999.999999993,0.08322324966974899,20700000.0,0.05468956406869221,-1400000.0,16100000.0,0.04253632760898283,5700000.0,10900000.0,0.02879788639365918,0.18826,0.18826,57900000,57900000,https://www.sec.gov/Archives/edgar/data/39368/000119312505037453/0001193125-05-037453-index.htm,https://www.sec.gov/Archives/edgar/data/39368/000119312505037453/d10k.htm,1620592327,16:32:07,20210509
66,2004-08-28,FUL,USD,2004-10-04,2004-10-04 17:22:02,Q3,349500000,255800000.0,93700000.0,0.2680972818311874,0.0,79100000.0,0.0,-895000.0,79000000.0,334800000.0,3205000.0,14500000.0,29200000.0,0.08354792560801144,14700000.0,0.04206008583690987,-1900000.0,9900000.0,0.02832618025751073,1700000.0,8900000.0,0.025464949928469243,0.15371,0.15371,57900000,57900000,https://www.sec.gov/Archives/edgar/data/39368/000119312504166331/0001193125-04-166331-index.htm,https://www.sec.gov/Archives/edgar/data/39368/000119312504166331/d10q.htm,1620592327,16:32:07,20210509
67,2004-05-29,FUL,USD,2004-05-29,2004-05-29,Q2,363100000,262900000.0,100100000.0,0.27568163040484717,0.0,77700000.0,0.0,0.0,77800000.00000001,340700000.0,-3600000.0,13600000.000000002,36000000.0,0.09914624070503994,22400000.0,0.06169099421646929,-2300000.0,16400000.0,0.0451666207656293,5400000.0,11200000.0,0.030845497108234646,0.19411,0.19411,57700000,57700000,,,1620592327,16:32:07,20210509
68,2004-02-28,FUL,USD,2004-02-28,2004-02-28,Q1,318600000,232800000.0,85800000.0,0.2693032015065913,0.0,75400000.0,0.0,0.0,75399999.99999999,308200000.0,-3600000.0,13500000.0,23900000.0,0.07501569365976146,10400000.0,0.032642812303829254,-1000000.0,5900000.0,0.018518518518518517,1900000.0,4600000.0,0.014438166980539862,0.07958,0.07958,57800000,57800000,,,1620592327,16:32:07,20210509
69,2003-11-29,FUL,USD,2003-11-29,2003-11-29,Q4,346200000,252800000.0,93400000.0,0.2697862507221259,0.0,72300000.0,0.0,0.0,72300000.00000001,325100000.0,-3400000.0,13800000.000000006,34900000.00000001,0.10080878105141539,21100000.0,0.060947429231658,-400000.0,17300000.0,0.04997111496244945,5200000.0,13300000.0,0.03841709994222992,0.2313,0.2313,57500000,57500000,,,1620592327,16:32:07,20210509
70,2003-08-30,FUL,USD,2003-08-30,2003-08-30,Q3,322100000,235000000.0,87100000.0,0.27041291524371314,0.0,67800000.0,0.0,0.0,67899999.99999999,302900000.0,-3700000.0,14799999.999999996,34000000.0,0.1055572803477181,19200000.0,0.05960881713753493,-900000.0,16600000.0,0.05153678981682707,4800000.0,12300000.0,0.038186898478733314,0.21429,0.21429,57400000,57400000,,,1620592327,16:32:07,20210509
71,2003-05-31,FUL,USD,2003-05-31,2003-05-31,Q2,324481000,234909000.0,89572000.0,0.2760469796382531,0.0,0.0,0.0,0.0,73129000.0,308038000.0,0.0,12470000.0,28913000.0,0.08910537134685852,16443000.0,0.050674769863258556,-119000.0,12227000.0,0.03768171325901979,2664000.0,9766000.0,0.03009729383230451,0.175,0.17,56446000,57296000,,,1620592327,16:32:07,20210509
72,2003-03-01,FUL,USD,2003-03-01,2003-03-01,Q1,294600000,212400000.0,82100000.0,0.2786829599456891,0.0,70900000.0,0.0,0.0,70999999.99999997,283399999.99999994,-3800000.0,13000000.0,24200000.0,0.08214528173794976,11200000.0,0.03801765105227427,-2700000.0,4800000.0,0.016293279022403257,1600000.0,3200000.0,0.010862186014935505,0.05585,0.05585,57300000,57300000,,,1620592327,16:32:07,20210509
73,2002-11-30,FUL,USD,2002-11-30,2002-11-30,Q4,329632000,238449000.0,91183000.0,0.2766205950878555,0.0,0.0,0.0,0.0,73673000.0,312122000.0,0.0,13791000.0,31301000.0,0.09495740704785943,17510000.0,0.05311984273371517,676000.0,13750000.0,0.041713183186098436,3725000.0,10376000.0,0.031477526453742355,0.1843966589657011,0.1843966589657011,56270000,56270000,,,1620592327,16:32:07,20210509
74,2002-08-31,FUL,USD,2002-10-15 00:00:00,2002-10-15 17:03:57,Q3,313936000,229752000.0,84184000.0,0.26815656694358087,0.0,67673000.0,0.0,0.0,67673000.0,297425000.0,0.0,14122000.0,30633000.0,0.09757721318994954,16511000.0,0.05259352224657255,1843000.0,13752000.0,0.04380510677335508,4728000.0,9199000.0,0.029302150756842157,0.165,0.16,56270000,57264000,https://www.sec.gov/Archives/edgar/data/39368/000104596902001702/0001045969-02-001702-index.html,https://www.sec.gov/Archives/edgar/data/39368/000104596902001702/d10q.txt,1620592327,16:32:07,20210509
75,2002-06-01,FUL,USD,2002-07-16 00:00:00,2002-07-16 15:25:19,Q2,319400000,232000000.0,87400000.0,0.2736380713838447,0.0,71400000.0,0.0,0.0,71300000.00000001,303300000.0,-4400000.0,15300000.0,31400000.0,0.09830932999373826,16100000.0,0.0504070131496556,-300000.0,11300000.0,0.03537883531621791,3600000.0,7900000.0,0.024733876017532873,0.13787,0.13787,57300000,57300000,https://www.sec.gov/Archives/edgar/data/39368/000104596902001175/0001045969-02-001175-index.html,https://www.sec.gov/Archives/edgar/data/39368/000104596902001175/d10q.txt,1620592327,16:32:07,20210509
76,2002-03-02,FUL,USD,2002-04-16 00:00:00,2002-04-16 00:00:00,Q1,293200000,218100000.0,75200000.0,0.25648021828103684,0.0,68800000.0,0.0,0.0,68799999.99999999,286900000.0,-4700000.0,14300000.0,20600000.0,0.07025920873124147,6300000.0,0.021487039563437928,-1100000.0,500000.0,0.0017053206002728514,-100000.0,700000.0,0.0023874488403819918,0.0123,0.0123,56900000,56900000,https://www.sec.gov/Archives/edgar/data/39368/000104596902000684/0001045969-02-000684-index.html,https://www.sec.gov/Archives/edgar/data/39368/000104596902000684/d10q.txt,1620592327,16:32:07,20210509
77,2001-12-01,FUL,USD,2002-03-01 00:00:00,2002-03-01 00:00:00,Q4,322900000,234100000.0,88800000.0,0.2750077423350883,0.0,63400000.0,0.0,0.0,63299999.99999998,297400000.0,-4900000.0,15000000.000000004,40500000.0,0.12542582842985445,25500000.0,0.07897181790027873,-3300000.0,17200000.0,0.05326726540724683,4900000.0,12900000.0,0.03995044905543512,0.22711,0.22711,56800000,56800000,https://www.sec.gov/Archives/edgar/data/39368/000104596902000336/0001045969-02-000336-index.html,https://www.sec.gov/Archives/edgar/data/39368/000104596902000336/d10k.txt,1620592327,16:32:07,20210509
78,2001-09-01,FUL,USD,2001-10-16 00:00:00,2001-10-16 00:00:00,Q3,315700000,229800000.0,85900000.0,0.27209375989863793,0.0,61200000.0,0.0,0.0,61199999.99999999,291000000.0,-5200000.0,13099999.999999998,37900000.0,0.12005068102629078,24800000.0,0.07855559075071271,-1500000.0,18000000.0,0.05701615457713019,3700000.0,14600000.0,0.04624643649033893,0.25704,0.25704,56800000,56800000,https://www.sec.gov/Archives/edgar/data/39368/000104596901501227/0001045969-01-501227-index.html,https://www.sec.gov/Archives/edgar/data/39368/000104596901501227/d10q.txt,1620592327,16:32:07,20210509
79,2001-06-02,FUL,USD,2001-07-16 00:00:00,2001-07-16 00:00:00,Q2,328500000,240300000.0,88200000.0,0.2684931506849315,0.0,64600000.0,0.0,0.0,64599999.99999997,304899999.99999994,-5500000.0,13300000.0,36900000.0,0.11232876712328767,23600000.0,0.07184170471841704,-200000.0,17900000.0,0.054490106544901065,6100000.0,11900000.0,0.036225266362252664,0.21062,0.21062,56500000,56500000,https://www.sec.gov/Archives/edgar/data/39368/000104596901500652/0001045969-01-500652-index.html,https://www.sec.gov/Archives/edgar/data/39368/000104596901500652/d10q.txt,1620592327,16:32:07,20210509
80,2001-03-03,FUL,USD,2001-04-17 00:00:00,2001-04-17 00:00:00,Q1,306900000,224400000.0,82600000.0,0.2691430433365917,0.0,68300000.0,0.0,0.0,68299999.99999999,292700000.0,-5700000.0,13000000.0,27300000.0,0.08895405669599218,14300000.0,0.04659498207885305,-500000.0,8100000.0,0.026392961876832845,3000000.0,5000000.0,0.016291951775822745,0.0885,0.0885,56500000,56500000,https://www.sec.gov/Archives/edgar/data/39368/000104596901000415/0001045969-01-000415-index.html,https://www.sec.gov/Archives/edgar/data/39368/000104596901000415/0001045969-01-000415-0001.txt,1620592327,16:32:07,20210509
81,2000-12-02,FUL,USD,2001-03-02,2001-03-02,Q4,364200000,263700000.0,100500000.0,0.2759472817133443,0.0,72400000.0,0.0,0.0,72699999.99999999,336400000.0,-5900000.0,13999999.999999996,41800000.0,0.11477210323997804,27800000.0,0.07633168588687535,500000.0,22400000.0,0.061504667764964306,8300000.0,14300000.0,0.03926414058209775,0.25355,0.25355,56400000,56400000,https://www.sec.gov/Archives/edgar/data/39368/000104596901000275/0001045969-01-000275-index.htm,https://www.sec.gov/Archives/edgar/data/39368/000104596901000275/0001045969-01-000275-0001.txt,1620592327,16:32:07,20210509
82,2000-08-26,FUL,USD,2000-10-10 00:00:00,2000-10-10 00:00:00,Q3,326000000,239900000.0,86000000.0,0.26380368098159507,0.0,67000000.0,0.0,0.0,67100000.0,307000000.0,-5800000.0,12300000.000000004,31300000.000000004,0.09601226993865032,19000000.0,0.05828220858895705,-1600000.0,11600000.0,0.03558282208588957,4300000.0,7400000.0,0.022699386503067485,0.13121,0.13121,56400000,56400000,https://www.sec.gov/Archives/edgar/data/39368/000104596900000739/0001045969-00-000739-index.html,https://www.sec.gov/Archives/edgar/data/39368/000104596900000739/0001045969-00-000739-0001.txt,1620592327,16:32:07,20210509
83,2000-05-27,FUL,USD,2000-07-11 00:00:00,2000-07-11 00:00:00,Q2,350200000,250400000.0,99700000.0,0.2846944603083952,0.0,67800000.0,0.0,0.0,67900000.0,318300000.0,-6100000.0,12700000.0,44600000.0,0.12735579668760708,31900000.0,0.0910908052541405,1700000.0,27600000.0,0.07881210736721873,9900000.0,17800000.0,0.0508280982295831,0.31616,0.31616,56300000,56300000,https://www.sec.gov/Archives/edgar/data/39368/000104596900000493/0001045969-00-000493-index.html,https://www.sec.gov/Archives/edgar/data/39368/000104596900000493/0001045969-00-000493-0001.txt,1620592327,16:32:07,20210509
84,2000-02-26,FUL,USD,2000-04-11 00:00:00,2000-04-11 00:00:00,Q1,323600000,230500000.0,93100000.0,0.2877008652657602,0.0,69600000.0,0.0,0.0,69300000.00000001,299800000.0,-6000000.0,13200000.0,37000000.0,0.11433868974042027,23800000.0,0.07354758961681088,-2500000.0,15300000.0,0.047280593325092705,6000000.0,9700000.0,0.029975278121137205,0.17199,0.17199,56400000,56400000,https://www.sec.gov/Archives/edgar/data/39368/000104596900000263/0001045969-00-000263-index.html,https://www.sec.gov/Archives/edgar/data/39368/0001045969-00-000263.txt,1620592327,16:32:07,20210509
85,1999-11-27,FUL,USD,1999-11-27,1999-11-27,Q4,357100000,239800000.0,117300000.0,0.3284794175301036,0.0,80000000.0,0.0,0.0,86000000.0,325800000.0,-6800000.0,13000000.0,44300000.0,0.12405488658639037,31300000.0,0.08765051806216746,-100000.0,24400000.0,0.06832819938392608,10200000.0,13700000.0,0.038364603752450294,0.24334,0.24334,56300000,56300000,,,1620592327,16:32:07,20210509
86,1999-08-28,FUL,USD,1999-10-12 00:00:00,1999-10-12 00:00:00,Q3,331900000,223200000.0,108700000.0,0.3275082856282013,0.0,78400000.0,0.0,0.0,81400000.00000003,304600000.00000006,-6500000.0,11999999.999999996,39300000.0,0.11840915938535704,27300000.0,0.0822536908707442,-200000.0,20600000.0,0.06206688761675203,8800000.0,12100000.0,0.036456764085567944,0.21569,0.21569,56100000,56100000,https://www.sec.gov/Archives/edgar/data/39368/000104596999000747/0001045969-99-000747-index.html,https://www.sec.gov/Archives/edgar/data/39368/0001045969-99-000747.txt,1620592327,16:32:07,20210509
87,1999-05-29,FUL,USD,1999-07-13 00:00:00,1999-07-13 00:00:00,Q2,348200000,235700000.0,112500000.0,0.32309017805858703,0.0,81800000.0,0.0,0.0,87900000.00000003,323600000.00000006,-6600000.0,13300000.0,37900000.0,0.10884549109707065,24600000.0,0.07064905226881103,-1200000.0,16800000.0,0.048248133256748996,7300000.0,10000000.0,0.02871912693854107,0.17889,0.17889,55900000,55900000,https://www.sec.gov/Archives/edgar/data/39368/000104596999000515/0001045969-99-000515-index.html,https://www.sec.gov/Archives/edgar/data/39368/0001045969-99-000515.txt,1620592327,16:32:07,20210509
88,1999-02-27,FUL,USD,1999-04-13 00:00:00,1999-04-13 00:00:00,Q1,327200000,222600000.0,104600000.0,0.31968215158924207,0.0,81900000.0,0.0,0.0,84100000.0,306700000.0,-6900000.0,12500000.0,33000000.0,0.1008557457212714,20500000.0,0.06265281173594132,-1000000.0,12600000.0,0.03850855745721271,5500000.0,7600000.0,0.023227383863080684,0.13718,0.13718,55400000,55400000,https://www.sec.gov/Archives/edgar/data/39368/000104596999000253/0001045969-99-000253-index.html,https://www.sec.gov/Archives/edgar/data/39368/0001045969-99-000253.txt,1620592327,16:32:07,20210509
89,1998-11-28,FUL,USD,1998-11-28,1998-11-28,Q4,361100000,248600000.0,112500000.0,0.3115480476322348,0.0,86500000.0,0.0,0.0,89299999.99999999,337900000.0,-7400000.0,14299999.999999996,37500000.0,0.10384934921074494,23200000.0,0.0642481307117142,100000.0,15800000.0,0.043755192467460534,7400000.0,9000000.0,0.024923843810578786,0.16275,0.16275,55300000,55300000,,,1620592327,16:32:07,20210509
90,1998-08-29,FUL,USD,1998-10-13 00:00:00,1998-10-13 00:00:00,Q3,333500000,230400000.0,103100000.0,0.3091454272863568,0.0,81200000.0,0.0,0.0,105200000.00000001,335600000.0,-7800000.0,12000000.000000004,9900000.000000004,0.029685157421289368,-2100000.0,-0.006296851574212893,-700000.0,-10600000.0,-0.031784107946026985,100000.0,-10300000.0,-0.03088455772113943,-0.18727,-0.18727,55000000,55000000,https://www.sec.gov/Archives/edgar/data/39368/000104596998000747/0001045969-98-000747-index.html,https://www.sec.gov/Archives/edgar/data/39368/0001045969-98-000747.txt,1620592327,16:32:07,20210509
91,1998-05-30,FUL,USD,1998-07-14 00:00:00,1998-07-14 00:00:00,Q2,342000000,233300000.0,108700000.0,0.31783625730994153,0.0,84000000.0,0.0,0.0,84000000.0,317300000.0,-6600000.0,12100000.0,36800000.0,0.10760233918128655,24700000.0,0.07222222222222222,0.0,18200000.0,0.05321637426900585,7400000.0,11300000.0,0.03304093567251462,0.20397,0.20397,55400000,55400000,https://www.sec.gov/Archives/edgar/data/39368/000104596998000543/0001045969-98-000543-index.html,https://www.sec.gov/Archives/edgar/data/39368/0001045969-98-000543.txt,1620592327,16:32:07,20210509
92,1998-02-28,FUL,USD,1998-04-13 00:00:00,1998-04-13 00:00:00,Q1,310700000,201900000.0,108800000.0,0.35017701963308656,0.0,82200000.0,0.0,0.0,93300000.0,295200000.0,0.0,11100000.0,26600000.0,0.08561313163823624,15500000.0,0.04988735114258127,-500000.0,9800000.0,0.03154168007724493,3800000.0,6000000.0,0.01931123270035404,0.11,0.1075,54545455,55813953,https://www.sec.gov/Archives/edgar/data/39368/000104596998000361/0001045969-98-000361-index.html,https://www.sec.gov/Archives/edgar/data/39368/0001045969-98-000361.txt,1620592327,16:32:07,20210509
93,1997-11-29,FUL,USD,1997-11-29,1997-11-29,Q4,350400000,240400000.0,110000000.0,0.3139269406392694,0.0,82300000.0,0.0,0.0,82299999.99999999,322700000.0,-5100000.0,12699999.999999996,40400000.0,0.11529680365296803,27700000.0,0.07905251141552512,-2700000.0,19900000.0,0.056792237442922375,8100000.0,9200000.0,0.026255707762557076,0.16487,0.16487,55800000,55800000,,,1620592327,16:32:07,20210509
94,1997-08-31,FUL,USD,1997-10-14 00:00:00,1997-10-14 00:00:00,Q3,323500000,209100000.0,114400000.0,0.3536321483771252,0.0,80800000.0,0.0,0.0,92400000.0,301500000.0,0.0,11600000.0,33600000.0,0.10386398763523957,22000000.0,0.06800618238021638,200000.0,17900000.0,0.0553323029366306,7100000.0,10800000.0,0.03338485316846986,0.1925,0.1925,56103896,56103896,https://www.sec.gov/Archives/edgar/data/39368/000104596997000026/0001045969-97-000026-index.html,https://www.sec.gov/Archives/edgar/data/39368/0001045969-97-000026.txt,1620592327,16:32:07,20210509
95,1997-05-31,FUL,USD,1997-07-15 00:00:00,1997-07-15 00:00:00,Q2,328900000,212100000.0,116800000.0,0.3551231377318334,0.0,83200000.0,0.0,0.0,94500000.0,306600000.0,0.0,11300000.0,33600000.0,0.10215871085436302,22300000.0,0.06780176345393736,1100000.0,18500000.0,0.05624809972636059,7400000.0,11100000.0,0.03374885983581636,0.195,0.195,56923077,56923077,https://www.sec.gov/Archives/edgar/data/39368/000095013197004440/0000950131-97-004440-index.html,https://www.sec.gov/Archives/edgar/data/39368/0000950131-97-004440.txt,1620592327,16:32:07,20210509
96,1997-03-01,FUL,USD,1997-04-14 00:00:00,1997-04-14 00:00:00,Q1,304100000,209400000.0,94700000.0,0.3114107201578428,0.0,79400000.0,0.0,0.0,79400000.0,288800000.0,-5000000.0,11200000.0,26500000.0,0.0871423873725748,15300000.0,0.05031239723775074,-500000.0,9900000.0,0.03255508056560342,4000000.0,5800000.0,0.01907267346267675,0.10302,0.10302,56300000,56300000,https://www.sec.gov/Archives/edgar/data/39368/000095013197002572/0000950131-97-002572-index.html,https://www.sec.gov/Archives/edgar/data/39368/0000950131-97-002572.txt,1620592327,16:32:07,20210509
97,1996-11-30,FUL,USD,1997-02-28 00:00:00,1997-02-28 00:00:00,Q4,333800000,213200000.0,120600000.0,0.36129418813660874,0.0,81800000.0,0.0,0.0,94000000.0,307200000.0,0.0,12200000.0,38800000.0,0.11623726782504494,26600000.0,0.07968843618933494,-1100000.0,21100000.0,0.06321150389454763,8800000.0,12300000.0,0.036848412222887955,0.21804545613123968,0.21804545613123968,56410256,56410256,https://www.sec.gov/Archives/edgar/data/39368/000095010997001762/0000950109-97-001762-index.html,https://www.sec.gov/Archives/edgar/data/39368/0000950109-97-001762.txt,1620592327,16:32:07,20210509
98,1996-08-31,FUL,USD,1996-10-15 00:00:00,1996-10-15 00:00:00,Q3,318100000,207300000.0,110800000.0,0.34831813895001573,0.0,75500000.0,0.0,0.0,83800000.0,291100000.0,0.0,8300000.0,35300000.0,0.11097139264382269,27000000.0,0.08487896887771142,14200000.0,36900000.0,0.1160012574662056,14900000.0,22000000.0,0.06916064130776485,0.39,0.39,56410256,56410256,https://www.sec.gov/Archives/edgar/data/39368/000095013196005044/0000950131-96-005044-index.html,https://www.sec.gov/Archives/edgar/data/39368/0000950131-96-005044.txt,1620592327,16:32:07,20210509
99,1996-06-01,FUL,USD,1996-07-16 00:00:00,1996-07-16 00:00:00,Q2,320200000,219000000.0,101300000.0,0.3163647720174891,0.0,84200000.0,0.0,0.0,84100000.00000001,303100000.0,-5000000.0,12100000.0,29200000.0,0.09119300437226734,17100000.0,0.05340412242348532,1900000.0,14000000.0,0.04372267332916927,5700000.0,8400000.0,0.02623360399750156,0.14894,0.14894,56400000,56400000,https://www.sec.gov/Archives/edgar/data/39368/000095013196003298/0000950131-96-003298-index.html,https://www.sec.gov/Archives/edgar/data/39368/0000950131-96-003298.txt,1620592327,16:32:07,20210509
100,1996-03-02,FUL,USD,1996-04-16 00:00:00,1996-04-16 00:00:00,Q1,303600000,211500000.0,92100000.0,0.30335968379446643,0.0,82000000.0,0.0,0.0,82000000.0,293500000.0,-5300000.0,14400000.0,24400000.0,0.08036890645586298,10000000.0,0.03293807641633729,-300000.0,4500000.0,0.014822134387351778,1800000.0,2700000.0,0.008893280632411068,0.04787,0.04787,56400000,56400000,https://www.sec.gov/Archives/edgar/data/39368/000095013196001581/0000950131-96-001581-index.html,https://www.sec.gov/Archives/edgar/data/39368/0000950131-96-001581.txt,1620592327,16:32:07,20210509
101,1995-11-30,FUL,USD,1996-02-27 00:00:00,1996-02-27 00:00:00,Q4,313100000,206700000.0,106400000.0,0.3398275311402108,0.0,83000000.0,0.0,0.0,93400000.0,300100000.0,0.0,10400000.0,23400000.0,0.07473650590865538,13000000.0,0.0415202810603641,200000.0,8800000.0,0.02810603641009262,2500000.0,6300000.0,0.02012136697540722,0.11096590820822573,0.11096590820822573,56774194,56774194,https://www.sec.gov/Archives/edgar/data/39368/000095013196000666/0000950131-96-000666-index.html,https://www.sec.gov/Archives/edgar/data/39368/0000950131-96-000666.txt,1620592327,16:32:07,20210509
102,1995-08-31,FUL,USD,1995-10-13 00:00:00,1995-10-13 00:00:00,Q3,312600000,201700000.0,110900000.0,0.35476647472808703,0.0,79700000.0,0.0,0.0,91300000.0,293000000.0,0.0,11600000.0,31200000.0,0.09980806142034548,19600000.0,0.06269993602047345,200000.0,14500000.0,0.04638515674984005,5700000.0,8800000.0,0.02815099168266155,0.155,0.155,56774194,56774194,https://www.sec.gov/Archives/edgar/data/39368/000095013195002847/0000950131-95-002847-index.html,https://www.sec.gov/Archives/edgar/data/39368/0000950131-95-002847.txt,1620592327,16:32:07,20210509
103,1995-05-31,FUL,USD,1995-07-14 00:00:00,1995-07-14 00:00:00,Q2,322400000,208700000.0,113700000.0,0.35266749379652607,0.0,81800000.0,0.0,0.0,91800000.0,300500000.0,0.0,10000000.0,31900000.0,0.0989454094292804,21900000.0,0.06792803970223325,-800000.0,16600000.0,0.05148883374689826,6500000.0,10100000.0,0.031327543424317615,0.18,0.18,56111111,56111111,https://www.sec.gov/Archives/edgar/data/39368/000095013195001881/0000950131-95-001881-index.html,https://www.sec.gov/Archives/edgar/data/39368/0000950131-95-001881.txt,1620592327,16:32:07,20210509
104,1995-02-28,FUL,USD,1995-04-12 00:00:00,1995-04-12 00:00:00,Q1,295600000,193100000.0,102500000.0,0.34675236806495263,0.0,78300000.0,0.0,0.0,87500000.0,280600000.0,0.0,9200000.0,24200000.0,0.08186738836265223,15000000.0,0.05074424898511502,-400000.0,10300000.0,0.03484438430311231,4300000.0,3500000.0,0.011840324763193504,0.0625,0.0625,56000000,56000000,https://www.sec.gov/Archives/edgar/data/39368/000095013195000915/0000950131-95-000915-index.html,https://www.sec.gov/Archives/edgar/data/39368/0000950131-95-000915.txt,1620592327,16:32:07,20210509
105,1994-11-30,FUL,USD,1994-11-30,1994-11-30,Q4,295700000,191500000.0,104200000.0,0.35238417314846127,0.0,0.0,0.0,0.0,87200000.0,278700000.0,0.0,10100000.0,27100000.0,0.09164693946567468,17000000.0,0.05749070003381806,0.0,13000000.0,0.043963476496449105,4400000.0,8600000.0,0.029083530605343254,0.1546067415730337,0.1546067415730337,55625000,55625000,,,1620592327,16:32:07,20210509
106,1994-08-31,FUL,USD,1994-08-31,1994-08-31,Q3,286800000,186700000.0,100100000.0,0.34902370990237097,0.0,0.0,0.0,0.0,81300000.0,268000000.0,0.0,8600000.0,27400000.0,0.09553695955369595,18800000.0,0.06555090655509066,0.0,14900000.0,0.051952580195258016,6000000.0,8900000.0,0.03103207810320781,0.16,0.16,55625000,55625000,,,1620592327,16:32:07,20210509
107,1994-05-31,FUL,USD,1994-05-31,1994-05-31,Q2,272400000,174800000.0,97600000.0,0.35829662261380324,0.0,0.0,0.0,0.0,77500000.0,252300000.0,0.0,7300000.0,27400000.0,0.10058737151248165,20100000.0,0.07378854625550661,-1000000.0,15900000.0,0.05837004405286344,6600000.0,9300000.0,0.034140969162995596,0.165,0.165,56363636,56363636,,,1620592327,16:32:07,20210509
108,1994-02-28,FUL,USD,1994-02-28,1994-02-28,Q1,242500000,158100000.0,84400000.0,0.34804123711340207,0.0,0.0,0.0,0.0,74200000.0,232300000.0,0.0,7400000.0,17600000.0,0.07257731958762886,10200000.0,0.04206185567010309,-400000.0,6800000.0,0.028041237113402062,2800000.0,4000000.0,0.016494845360824743,0.0725,0.0725,55172414,55172414,,,1620592327,16:32:07,20210509
109,1993-11-30,FUL,USD,1993-11-30,1993-11-30,Q4,247800000,161200000.0,86600000.0,0.34947538337368844,0.0,0.0,0.0,0.0,78800000.0,240000000.0,0.0,6300000.0,14100000.0,0.05690072639225181,7800000.0,0.031476997578692496,-400000.0,5100000.0,0.020581113801452784,4000000.0,-10600000.0,-0.042776432606941084,-0.18971590865973656,-0.18971590865973656,55873016,55873016,,,1620592327,16:32:07,20210509
110,1993-08-31,FUL,USD,1993-08-31,1993-08-31,Q3,252200000,161100000.0,91100000.0,0.3612212529738303,0.0,0.0,0.0,0.0,72500000.0,233600000.0,0.0,8700000.0,27300000.0,0.10824742268041238,18600000.0,0.07375099127676447,-400000.0,15700000.0,0.06225218080888184,6900000.0,8800000.0,0.034892942109436956,0.1575,0.1575,55873016,55873016,,,1620592327,16:32:07,20210509
111,1993-05-31,FUL,USD,1993-05-31,1993-05-31,Q2,247300000,156400000.0,90900000.0,0.3675697533360291,0.0,0.0,0.0,0.0,72400000.0,228800000.0,0.0,7200000.0,25700000.0,0.10392236150424586,18500000.0,0.07480792559644157,-900000.0,15000000.0,0.0606550748079256,6100000.0,8900000.0,0.035988677719369186,0.1575,0.1575,56507937,56507937,,,1620592327,16:32:07,20210509
112,1993-02-28,FUL,USD,1993-02-28,1993-02-28,Q1,228100000,149500000.0,78600000.0,0.34458570802279703,0.0,0.0,0.0,0.0,70000000.0,219500000.0,0.0,7500000.0,16100000.0,0.07058307759754494,8600000.0,0.03770276194651469,-500000.0,5100000.0,0.02235861464270057,2100000.0,3000000.0,0.0131521262604121,0.0525,0.0525,57142857,57142857,,,1620592327,16:32:07,20210509
113,1992-11-30,FUL,USD,1992-11-30,1992-11-30,Q4,243400000,153300000.0,90100000.0,0.37017255546425637,0.0,0.0,0.0,0.0,72900000.0,226200000.0,0.0,9100000.0,26300000.0,0.10805258833196385,17200000.0,0.07066557107641742,1200000.0,15600000.0,0.06409202958093672,6400000.0,9200000.0,0.03779786359901397,0.16300970921264965,0.16300970921264965,56438356,56438356,,,1620592327,16:32:07,20210509
114,1992-08-31,FUL,USD,1992-08-31,1992-08-31,Q3,236900000,148900000.0,88000000.0,0.37146475306036303,0.0,0.0,0.0,0.0,67800000.0,216700000.0,0.0,7400000.0,27600000.0,0.11650485436893204,20200000.0,0.08526804558885606,500000.0,17700000.0,0.0747150696496412,7400000.0,10300000.0,0.043478260869565216,0.1825,0.1825,56438356,56438356,,,1620592327,16:32:07,20210509
115,1992-05-31,FUL,USD,1992-05-31,1992-05-31,Q2,234600000,147200000.0,87400000.0,0.37254901960784315,0.0,0.0,0.0,0.0,67200000.0,214400000.0,0.0,7700000.0,27900000.0,0.11892583120204604,20200000.0,0.08610400682011936,100000.0,16800000.0,0.07161125319693094,6700000.0,10100000.0,0.04305200341005968,0.1825,0.1825,55342466,55342466,,,1620592327,16:32:07,20210509
116,1992-02-29,FUL,USD,1992-02-29,1992-02-29,Q1,218800000,139300000.0,79500000.0,0.363345521023766,0.0,0.0,0.0,0.0,65700000.0,205000000.0,0.0,7400000.0,21200000.0,0.09689213893967093,13800000.0,0.06307129798903108,300000.0,10200000.0,0.04661791590493602,4200000.0,6000000.0,0.027422303473491772,0.1075,0.1075,55813953,55813953,,,1620592327,16:32:07,20210509
117,1991-11-30,FUL,USD,1991-11-30,1991-11-30,Q4,220600000,138700000.0,81900000.0,0.371260199456029,0.0,0.0,0.0,0.0,63800000.0,202500000.0,0.0,7800000.0,25900000.0,0.11740707162284678,18100000.0,0.08204895738893926,1100000.0,15100000.0,0.06844968268359021,6300000.0,8800000.0,0.03989120580235721,0.15829268389202855,0.15829268389202855,55593220,55593220,,,1620592327,16:32:07,20210509
118,1991-08-31,FUL,USD,1991-08-31,1991-08-31,Q3,213900000,136700000.0,77200000.0,0.36091631603553065,0.0,0.0,0.0,0.0,60500000.0,197200000.0,0.0,6900000.0,23600000.0,0.11033193080878916,16700000.0,0.07807386629266012,500000.0,13400000.0,0.06264609630668537,5200000.0,8200000.0,0.0383356708742403,0.1475,0.1475,55593220,55593220,,,1620592327,16:32:07,20210509
119,1991-05-31,FUL,USD,1991-05-31,1991-05-31,Q2,216300000,139300000.0,77000000.0,0.3559870550161812,0.0,0.0,0.0,0.0,62000000.0,201300000.0,0.0,7000000.0,22000000.0,0.10171058714748035,15000000.0,0.06934812760055478,800000.0,12100000.0,0.055940822931114194,5000000.0,7100000.0,0.03282478039759593,0.1275,0.1275,55686275,55686275,,,1620592327,16:32:07,20210509
120,1991-02-28,FUL,USD,1991-02-28,1991-02-28,Q1,202100000,130800000.0,71300000.0,0.3527956457199406,0.0,0.0,0.0,0.0,61200000.0,192000000.0,0.0,7000000.0,17100000.0,0.08461157842652152,10100000.0,0.0499752597723899,0.0,6200000.0,0.030677882236516577,2600000.0,3600000.0,0.017812963879267688,0.0675,0.0675,53333333,53333333,,,1620592327,16:32:07,20210509
121,1990-11-30,FUL,USD,1990-11-30,1990-11-30,Q4,203000000,128500000.0,74500000.0,0.3669950738916256,0.0,0.0,0.0,0.0,60400000.0,188900000.0,0.0,7400000.0,21500000.0,0.10591133004926108,14100000.0,0.06945812807881774,900000.0,11400000.0,0.0561576354679803,4400000.0,7000000.0,0.034482758620689655,0.12777777706790125,0.12777777706790125,54782609,54782609,,,1620592327,16:32:07,20210509
122,1990-08-31,FUL,USD,1990-08-31,1990-08-31,Q3,203100000,129800000.0,73300000.0,0.36090595765632694,0.0,0.0,0.0,0.0,59000000.0,188800000.0,0.0,6800000.0,21100000.0,0.10388970950270802,14300000.0,0.07040866568193008,-100000.0,10600000.0,0.052191038897095025,4300000.0,6300000.0,0.0310192023633678,0.115,0.115,54782609,54782609,,,1620592327,16:32:07,20210509
123,1990-05-31,FUL,USD,1990-05-31,1990-05-31,Q2,204700000,130400000.0,74300000.0,0.3629702002931119,0.0,0.0,0.0,0.0,59200000.0,189600000.0,0.0,7000000.0,22100000.0,0.1079628724963361,15100000.0,0.07376648754274548,-300000.0,11400000.0,0.05569125549584758,5100000.0,6300000.0,0.030776746458231558,0.1125,0.1125,56000000,56000000,,,1620592327,16:32:07,20210509
124,1990-02-28,FUL,USD,1990-02-28,1990-02-28,Q1,181500000,116500000.0,65000000.0,0.3581267217630854,0.0,0.0,0.0,0.0,56400000.0,172900000.0,0.0,6400000.0,15000000.0,0.08264462809917356,8600000.0,0.047382920110192836,-1300000.0,3100000.0,0.017079889807162536,1500000.0,1600000.0,0.008815426997245178,0.0275,0.0275,58181818,58181818,,,1620592327,16:32:07,20210509
125,1989-11-30,FUL,USD,1989-11-30,1989-11-30,Q4,189600000,120100000.0,69500000.0,0.36656118143459915,0.0,0.0,0.0,0.0,56300000.0,176400000.0,0.0,6900000.0,20100000.0,0.1060126582278481,13200000.0,0.06962025316455696,-1200000.0,9000000.0,0.04746835443037975,3900000.0,5100000.0,0.02689873417721519,0.09059210573995845,0.09059210573995845,56296296,56296296,,,1620592327,16:32:07,20210509
126,1989-08-31,FUL,USD,1989-08-31,1989-08-31,Q3,189900000,123400000.0,66500000.0,0.35018430753027907,0.0,0.0,0.0,0.0,54400000.0,177800000.0,0.0,5800000.0,17900000.0,0.09426013691416535,12100000.0,0.06371774618220116,-600000.0,8000000.0,0.042127435492364404,4200000.0,3800000.0,0.020010531858873092,0.0675,0.0675,56296296,56296296,,,1620592327,16:32:07,20210509
127,1989-05-31,FUL,USD,1989-05-31,1989-05-31,Q2,196300000,126900000.0,69400000.0,0.35354049923586345,0.0,0.0,0.0,0.0,55800000.0,182700000.0,0.0,0.0,19800000.0,0.10086602139582272,13600000.0,0.06928171166581763,-600000.0,9200000.0,0.04686704024452369,4300000.0,4900000.0,0.024961793173713703,0.085,0.085,57647059,57647059,,,1620592327,16:32:07,20210509
128,1989-02-28,FUL,USD,1989-02-28,1989-02-28,Q1,177600000,0.0,0.0,0.0,0.0,0.0,0.0,0.0,0.0,0.0,0.0,0.0,177600000.0,1.0,177600000.0,1.0,0.0,0.0,0.0,0.0,0.0,0.0,0.0325,0.0325,56828000,56828000,,,1620592327,16:32:07,20210509
129,1988-11-30,FUL,USD,1988-11-30,1988-11-30,Q4,180900000,0.0,0.0,0.0,0.0,0.0,0.0,0.0,0.0,0.0,0.0,0.0,-457600000.0,-2.529574350469873,-457600000.0,-2.529574350469873,0.0,0.0,0.0,0.0,0.0,0.0,0.0,0.0,56820000,56820000,,,1620592327,16:32:07,20210509
130,1988-08-31,FUL,USD,1988-08-31,1988-08-31,Q3,176700000,0.0,0.0,0.0,0.0,0.0,0.0,0.0,0.0,0.0,0.0,0.0,176700000.0,1.0,176700000.0,1.0,0.0,0.0,0.0,0.0,0.0,0.0,0.1,0.1,56820000,56820000,,,1620592327,16:32:07,20210509
131,1988-05-31,FUL,USD,1988-05-31,1988-05-31,Q2,172800000,0.0,0.0,0.0,0.0,0.0,0.0,0.0,0.0,0.0,0.0,0.0,172800000.0,1.0,172800000.0,1.0,0.0,0.0,0.0,0.0,0.0,0.0,0.1,0.1,56732000,56732000,,,1620592327,16:32:07,20210509
132,1988-02-29,FUL,USD,1988-02-29,1988-02-29,Q1,154600000,0.0,0.0,0.0,0.0,0.0,0.0,0.0,0.0,0.0,0.0,0.0,154600000.0,1.0,154600000.0,1.0,0.0,0.0,0.0,0.0,0.0,0.0,0.0825,0.0825,56684000,56684000,,,1620592327,16:32:07,20210509
133,1987-11-30,FUL,USD,1987-11-30,1987-11-30,Q4,153300000,0.0,0.0,0.0,0.0,0.0,0.0,0.0,0.0,0.0,0.0,0.0,-396000000.0,-2.583170254403131,-396000000.0,-2.583170254403131,0.0,0.0,0.0,0.0,0.0,0.0,0.0,0.0,56456000,56456000,,,1620592327,16:32:07,20210509
134,1987-08-31,FUL,USD,1987-08-31,1987-08-31,Q3,155100000,0.0,0.0,0.0,0.0,0.0,0.0,0.0,0.0,0.0,0.0,0.0,155100000.0,1.0,155100000.0,1.0,0.0,0.0,0.0,0.0,0.0,0.0,0.1375,0.1375,56456000,56456000,,,1620592327,16:32:07,20210509
135,1987-05-31,FUL,USD,1987-05-31,1987-05-31,Q2,151200000,0.0,0.0,0.0,0.0,0.0,0.0,0.0,0.0,0.0,0.0,0.0,151200000.0,1.0,151200000.0,1.0,0.0,0.0,0.0,0.0,0.0,0.0,0.1225,0.1225,56268000,56268000,,,1620592327,16:32:07,20210509
136,1987-02-28,FUL,USD,1987-02-28,1987-02-28,Q1,137400000,0.0,0.0,0.0,0.0,0.0,0.0,0.0,0.0,0.0,0.0,0.0,137400000.0,1.0,137400000.0,1.0,0.0,0.0,0.0,0.0,0.0,0.0,0.0625,0.0625,56168000,56168000,,,1620592327,16:32:07,20210509
137,1986-11-30,FUL,USD,1986-11-30,1986-11-30,Q4,139900000,0.0,0.0,0.0,0.0,0.0,0.0,0.0,0.0,0.0,0.0,0.0,-349100000.0,-2.4953538241601145,-349100000.0,-2.4953538241601145,0.0,0.0,0.0,0.0,0.0,0.0,0.0,0.0,56144000,56144000,,,1620592327,16:32:07,20210509
138,1986-08-31,FUL,USD,1986-08-31,1986-08-31,Q3,136600000,0.0,0.0,0.0,0.0,0.0,0.0,0.0,0.0,0.0,0.0,0.0,136600000.0,1.0,136600000.0,1.0,0.0,0.0,0.0,0.0,0.0,0.0,0.1,0.1,56144000,56144000,,,1620592327,16:32:07,20210509
139,1986-05-31,FUL,USD,1986-05-31,1986-05-31,Q2,132800000,0.0,0.0,0.0,0.0,0.0,0.0,0.0,0.0,0.0,0.0,0.0,132800000.0,1.0,132800000.0,1.0,0.0,0.0,0.0,0.0,0.0,0.0,0.0925,0.0925,55232000,55232000,,,1620592327,16:32:07,20210509
140,1986-02-28,FUL,USD,1986-02-28,1986-02-28,Q1,119200000,0.0,0.0,0.0,0.0,0.0,0.0,0.0,0.0,0.0,0.0,0.0,119200000.0,1.0,119200000.0,1.0,0.0,0.0,0.0,0.0,0.0,0.0,0.05,0.05,55112000,55112000,,,1620592327,16:32:07,20210509
141,1985-11-30,FUL,USD,1985-11-30,1985-11-30,Q4,116600000,0.0,0.0,0.0,0.0,0.0,0.0,0.0,0.0,0.0,0.0,0.0,-310600000.0,-2.6638078902229845,-310600000.0,-2.6638078902229845,0.0,0.0,0.0,0.0,0.0,0.0,0.0,0.0,55108000,55108000,,,1620592327,16:32:07,20210509
142,1985-08-31,FUL,USD,1985-08-31,1985-08-31,Q3,117000000,0.0,0.0,0.0,0.0,0.0,0.0,0.0,0.0,0.0,0.0,0.0,117000000.0,1.0,117000000.0,1.0,0.0,0.0,0.0,0.0,0.0,0.0,0.07,0.07,55108000,55108000,,,1620592327,16:32:07,20210509
