,date,symbol,reportedCurrency,fillingDate,acceptedDate,period,revenue,costOfRevenue,grossProfit,grossProfitRatio,researchAndDevelopmentExpenses,generalAndAdministrativeExpenses,sellingAndMarketingExpenses,otherExpenses,operatingExpenses,costAndExpenses,interestExpense,depreciationAndAmortization,ebitda,ebitdaratio,operatingIncome,operatingIncomeRatio,totalOtherIncomeExpensesNet,incomeBeforeTax,incomeBeforeTaxRatio,incomeTaxExpense,netIncome,netIncomeRatio,eps,epsdiluted,weightedAverageShsOut,weightedAverageShsOutDil,link,finalLink,timestamp,est_time,est_date
0,2020-12-31,RCRT,USD,2021-03-09,2021-03-09 08:08:38,Q4,2344188.0,1591402.0,752786.0,0.3211286808054644,79355.0,2035068.0,20236.0,0.0,2318832.0,3910234.0,891798.0,184461.0,-1381585.0,-0.5893661259250538,-1566046.0,-0.6680547805892701,-5590591.0,-8048435.0,-3.433357307519704,0.0,-8048435.0,-3.433357307519704,-1.6647812713955648,-1.6647812713955648,4834530.0,4834530.0,https://www.sec.gov/Archives/edgar/data/1462223/000121390021014153/0001213900-21-014153-index.htm,https://www.sec.gov/Archives/edgar/data/1462223/000121390021014153/f10k2020_recruitercom.htm,1620597118,17:51:58,20210509
1,2020-09-30,RCRT,USD,2020-11-12,2020-11-12 16:02:05,Q3,1992167.0,1377523.0,614644.0,0.3085303591516173,0.0,2200955.0,22357.0,263835.0,2505998.0,3887027.0,882235.0,184461.0,-1710399.0,-0.8585620583013371,-1894860.0,-0.9511551993382081,3330278.0,1435418.0,0.720530959502893,0.0,1435418.0,0.720530959502893,0.2969095237799745,0.2969095237799745,4834530.0,4834530.0,https://www.sec.gov/Archives/edgar/data/1462223/000121390020036521/0001213900-20-036521-index.htm,https://www.sec.gov/Archives/edgar/data/1462223/000121390020036521/f10q0920_recruiter.htm,1620597118,17:51:58,20210509
2,2020-06-30,RCRT,USD,2020-08-13,2020-08-13 16:05:22,Q2,1853410.0,1418240.0,435170.0,0.2347942441229949,57400.0,1626362.0,15068.0,216574.0,1850742.0,3276250.0,203874.0,159460.0,-1263380.0,-0.6816516582947109,-1422840.0,-0.7676876675964843,7260.0,-7941220.0,-4.284653692383229,0.0,-7941220.0,-4.284653692383229,-1.6426,-1.6426,4834530.0,4834530.0,https://www.sec.gov/Archives/edgar/data/1462223/000121390020021859/0001213900-20-021859-index.htm,https://www.sec.gov/Archives/edgar/data/1462223/000121390020021859/f10q0620_recruitercomgroup.htm,1620597118,17:51:58,20210509
3,2020-03-31,RCRT,USD,2020-06-25,2020-05-08 09:20:00,Q1,2313120.0,1751200.0,561920.0,0.24292730165317838,83090.0,2148947.0,25243.0,242266.0,2416452.0,4167650.0,44206.0,159460.0,-1695070.0,-0.7328067718060455,-1854530.0,-0.8017439648613128,-628080.0,-2482610.0,-1.0732733277996818,0.0,-2482610.0,-1.0732733277996818,-0.5936,-0.5936,4182260.0,4182260.0,https://www.sec.gov/Archives/edgar/data/1462223/000121390020015820/0001213900-20-015820-index.htm,https://www.sec.gov/Archives/edgar/data/1462223/000121390020015820/f10q0320_recruitercomgroup.htm,1620597118,17:51:58,20210509
4,2019-12-31,RCRT,USD,2020-05-08,2020-05-08,Q4,1916460.0,1494480.0,421980.0,0.2201872201872202,60880.0,2773685.0,53205.0,0.0,3365288.0,10211100.0,2252956.0,477800.0,-7816840.0,-4.07879110443213,-8294640.0,-4.328104943489559,0.0,-8153170.0,-4.254286549158344,0.0,-8153170.0,-4.254286549158344,-3.96941,-3.96941,2054000.0,2054000.0,https://www.sec.gov/Archives/edgar/data/1462223/000121390020011374/0001213900-20-011374-index.htm,https://www.sec.gov/Archives/edgar/data/1462223/000121390020011374/f10k2019_recruitercomgroup.htm,1620597118,17:51:58,20210509
5,2019-09-30,RCRT,USD,2019-11-14 00:00:00,2019-11-14 17:24:40,Q3,1945740.0,1491810.0,453930.0,0.23329427364396066,47730.0,2293487.0,63423.0,-94788.0,2404642.0,3896450.0,10165.0,290.0,-1950420.0,-1.0024052545561073,-1950710.0,-1.002554298107661,0.0,-1028030.0,-0.5283491113920668,0.0,-1028030.0,-0.5283491113920668,-0.55958,-0.55958,1837150.0,1837150.0,https://www.sec.gov/Archives/edgar/data/1462223/000121390019023559/0001213900-19-023559-index.html,https://www.sec.gov/Archives/edgar/data/1462223/000121390019023559/f10q0919_recruitercom.htm,1620597118,17:51:58,20210509
6,2019-06-30,RCRT,USD,2019-08-19,2019-08-19,Q2,1972480.0,1461920.0,510560.0,0.2588416612589228,44930.0,2653431.0,2969.0,94788.0,2701335.0,4163260.0,14340.0,100.0,-2190680.0,-1.1106221609344582,-2190780.0,-1.1106728585334198,0.0,-2279990.0,-1.155900186567164,0.0,-2279990.0,-1.155900186567164,-1.27488,-1.27488,1788400.0,1788400.0,https://www.sec.gov/Archives/edgar/data/1462223/000121390019016309/0001213900-19-016309-index.htm,https://www.sec.gov/Archives/edgar/data/1462223/000121390019016309/f10q0619_recruitercom.htm,1620597118,17:51:58,20210509
7,2019-03-31,RCRT,USD,2019-05-20 00:00:00,2019-05-20 17:23:25,Q1,163300.0,0.0,163300.0,1.0,49850.0,419830.0,0.0,0.0,469682.0,469680.0,67025.0,0.0,-284585.0,-1.742713,-306380.0,-1.8761788120024494,0.0,-382320.0,-2.3412124923453765,0.0,-351610.0,-2.153153704837722,-0.26072,-0.26072,1348600.0,1348600.0,https://www.sec.gov/Archives/edgar/data/1462223/000121390019009239/0001213900-19-009239-index.html,https://www.sec.gov/Archives/edgar/data/1462223/000121390019009239/f10q0319_recruitercom.htm,1620597118,17:51:58,20210509
8,2018-12-31,RCRT,USD,2019-02-14 00:00:00,2019-02-14 16:43:44,Q4,0.0,0.0,0.0,0.0,0.0,310000.0,0.0,0.0,307836.0,310000.0,2212.0,0.0,-307788.0,0.0,-310000.0,0.0,0.0,-310000.0,0.0,0.0,-310000.0,0.0,-0.17816,-0.17816,1740000.0,1740000.0,https://www.sec.gov/Archives/edgar/data/1462223/000121390019002598/0001213900-19-002598-index.html,https://www.sec.gov/Archives/edgar/data/1462223/000121390019002598/f10q1218_trulitechnologies.htm,1620597118,17:51:58,20210509
9,2018-09-30,RCRT,USD,2018-11-14 00:00:00,2018-11-14 16:02:48,Q3,0.0,0.0,0.0,0.0,0.0,240000.0,0.0,0.0,235127.0,240000.0,0.0,0.0,-240000.0,0.0,-240000.0,0.0,0.0,-240000.0,0.0,0.0,-240000.0,0.0,-0.14201,-0.14201,1690000.0,1690000.0,https://www.sec.gov/Archives/edgar/data/1462223/000121390018015772/0001213900-18-015772-index.html,https://www.sec.gov/Archives/edgar/data/1462223/000121390018015772/f10q0918_trulitechnologies.htm,1620597118,17:51:58,20210509
10,2018-06-30,RCRT,USD,2018-08-14 00:00:00,2018-08-14 16:10:46,Q2,0.0,0.0,0.0,1.0,0.0,280000.0,0.0,0.0,280603.0,280000.0,0.0,0.0,-280000.0,-28.0603,-280000.0,-28.0603,0.0,-280000.0,-28.0603,0.0,-280000.0,-28.0603,-0.17073,-0.17073,1640000.0,1640000.0,https://www.sec.gov/Archives/edgar/data/1462223/000121390018011003/0001213900-18-011003-index.html,https://www.sec.gov/Archives/edgar/data/1462223/000121390018011003/f10q0618_trulitechno.htm,1620597118,17:51:58,20210509
11,2018-03-31,RCRT,USD,2018-06-29 00:00:00,2018-06-29 16:02:24,Q1,0.0,0.0,0.0,1.0,0.0,160000.0,0.0,0.0,157690.0,150000.0,0.0,0.0,-150000.0,-15.769,-150000.0,-15.769,0.0,-150000.0,-15.4591,0.0,-150000.0,-15.4591,-0.09317,-0.09317,1610000.0,1610000.0,https://www.sec.gov/Archives/edgar/data/1462223/000121390018008509/0001213900-18-008509-index.html,https://www.sec.gov/Archives/edgar/data/1462223/000121390018008509/f10k2018_trulimediagroup.htm,1620597118,17:51:58,20210509
12,2017-12-31,RCRT,USD,2018-02-20 00:00:00,2018-02-20 17:08:47,Q4,0.0,0.0,0.0,0.0,0.0,60000.0,0.0,0.0,64867.0,-570000.0,14714.0,0.0,34714.0,0.0,570000.0,0.0,0.0,20000.0,0.0,0.0,20000.0,0.0,0.01818,0.01818,1100000.0,1100000.0,https://www.sec.gov/Archives/edgar/data/1462223/000121390018002119/0001213900-18-002119-index.html,https://www.sec.gov/Archives/edgar/data/1462223/000121390018002119/f10q1217_trulimediagroup.htm,1620597118,17:51:58,20210509
13,2017-09-30,RCRT,USD,2017-11-16 00:00:00,2017-11-16 17:27:53,Q3,0.0,0.0,0.0,0.0,0.0,110000.0,0.0,0.0,111688.0,110000.0,34202.0,0.0,-205798.0,0.0,-110000.0,0.0,0.0,-240000.0,0.0,0.0,-240000.0,0.0,-8.0,-8.0,30000.0,30000.0,https://www.sec.gov/Archives/edgar/data/1462223/000121390017012255/0001213900-17-012255-index.html,https://www.sec.gov/Archives/edgar/data/1462223/000121390017012255/f10q0917_trulimediagroup.htm,1620597118,17:51:58,20210509
14,2017-06-30,RCRT,USD,2017-08-14 00:00:00,2017-08-14 16:35:14,Q2,0.0,0.0,0.0,0.0,0.0,110000.0,0.0,0.0,108320.0,110000.0,35470.0,0.0,-64530.0,0.0,-110000.0,0.0,0.0,-100000.0,0.0,0.0,-100000.0,0.0,-3.33333,-3.33333,30000.0,30000.0,https://www.sec.gov/Archives/edgar/data/1462223/000121390017008675/0001213900-17-008675-index.html,https://www.sec.gov/Archives/edgar/data/1462223/000121390017008675/f10q0617_trulimedia.htm,1620597118,17:51:58,20210509
15,2017-03-31,RCRT,USD,2017-06-30 00:00:00,2017-06-30 15:09:56,Q1,0.0,0.0,0.0,0.0,0.0,80000.0,0.0,0.0,81242.0,80000.0,41567.0,0.0,-28433.0,0.0,-80000.0,0.0,0.0,-70000.0,0.0,0.0,-70000.0,0.0,-2.33333,-2.33333,30000.0,30000.0,https://www.sec.gov/Archives/edgar/data/1462223/000121390017007029/0001213900-17-007029-index.html,https://www.sec.gov/Archives/edgar/data/1462223/000121390017007029/f10k2017_trulimedia.htm,1620597118,17:51:58,20210509
16,2016-12-31,RCRT,USD,2017-02-14 00:00:00,2017-02-14 15:14:37,Q4,0.0,0.0,0.0,0.0,0.0,80000.0,0.0,0.0,81351.0,80000.0,26973.0,0.0,-153027.0,0.0,-80000.0,0.0,0.0,-180000.0,0.0,0.0,-180000.0,0.0,-6.0,-6.0,30000.0,30000.0,https://www.sec.gov/Archives/edgar/data/1462223/000121390017001332/0001213900-17-001332-index.html,https://www.sec.gov/Archives/edgar/data/1462223/000121390017001332/f10q1216_trulimediagroup.htm,1620597118,17:51:58,20210509
17,2016-09-30,RCRT,USD,2016-11-14 00:00:00,2016-11-14 12:01:43,Q3,0.0,0.0,0.0,0.0,0.0,70000.0,0.0,0.0,70598.0,70000.0,23784.0,0.0,-66216.0,0.0,-70000.0,0.0,0.0,-90000.0,0.0,0.0,-90000.0,0.0,-3.0,-3.0,30000.0,30000.0,https://www.sec.gov/Archives/edgar/data/1462223/000121390016018366/0001213900-16-018366-index.html,https://www.sec.gov/Archives/edgar/data/1462223/000121390016018366/f10q0916_trulimediagroup.htm,1620597118,17:51:58,20210509
18,2016-06-30,RCRT,USD,2016-08-15,2016-08-15,Q2,0.0,0.0,0.0,0.0,0.0,80000.0,0.0,0.0,78783.0,80000.0,22304.0,0.0,-77696.0,0.0,-80000.0,0.0,0.0,-100000.0,0.0,0.0,-100000.0,0.0,-3.33333,-3.33333,30000.0,30000.0,https://www.sec.gov/Archives/edgar/data/1462223/000121390016016015/0001213900-16-016015-index.htm,https://www.sec.gov/Archives/edgar/data/1462223/000121390016016015/f10q0616_trulimediagroup.htm,1620597118,17:51:58,20210509
19,2016-03-31,RCRT,USD,2016-06-29 00:00:00,2016-06-29 14:04:35,Q1,0.0,0.0,0.0,0.0,0.0,60000.0,0.0,0.0,59008.0,60000.0,256174.0,0.0,176174.0,0.0,-60000.0,0.0,0.0,-80000.0,0.0,0.0,-80000.0,0.0,-2.66667,-2.66667,30000.0,30000.0,https://www.sec.gov/Archives/edgar/data/1462223/000121390016014576/0001213900-16-014576-index.html,https://www.sec.gov/Archives/edgar/data/1462223/000121390016014576/f10k2016_trulimediagroup.htm,1620597118,17:51:58,20210509
20,2015-12-31,RCRT,USD,2016-02-16 00:00:00,2016-02-16 12:09:22,Q4,0.0,0.0,0.0,0.0,0.0,60000.0,0.0,0.0,61061.0,60000.0,18864.0,0.0,-61136.0,0.0,-60000.0,0.0,0.0,-80000.0,0.0,0.0,-80000.0,0.0,-2.66667,-2.66667,30000.0,30000.0,https://www.sec.gov/Archives/edgar/data/1462223/000121390016010963/0001213900-16-010963-index.html,https://www.sec.gov/Archives/edgar/data/1462223/000121390016010963/f10q1215_trulimedia.htm,1620597118,17:51:58,20210509
21,2015-09-30,RCRT,USD,2015-11-16 00:00:00,2015-11-16 15:52:09,Q3,0.0,0.0,0.0,0.0,0.0,100000.0,0.0,0.0,101894.0,-10000.0,34020.0,0.0,14020.0,0.0,10000.0,0.0,0.0,-20000.0,0.0,0.0,-20000.0,0.0,-0.66667,-0.66667,30000.0,30000.0,https://www.sec.gov/Archives/edgar/data/1462223/000121390015008705/0001213900-15-008705-index.html,https://www.sec.gov/Archives/edgar/data/1462223/000121390015008705/f10q0915_trulimedia.htm,1620597118,17:51:58,20210509
22,2015-06-30,RCRT,USD,2015-07-14 00:00:00,2015-07-14 13:17:28,Q2,0.0,0.0,0.0,0.0,0.0,70000.0,0.0,0.0,72965.0,70000.0,39947.0,0.0,-90053.0,0.0,-70000.0,0.0,0.0,-130000.0,0.0,0.0,-130000.0,0.0,-4.33333,-4.33333,30000.0,30000.0,https://www.sec.gov/Archives/edgar/data/1462223/000121390015005160/0001213900-15-005160-index.html,https://www.sec.gov/Archives/edgar/data/1462223/000121390015005160/f10k2015_trulimedia.htm,1620597118,17:51:58,20210509
23,2015-03-31,RCRT,USD,2015-03-31,2015-03-31,Q1,0.0,0.0,0.0,0.0,0.0,100000.0,0.0,0.0,100366.0,90000.0,3535853.0,0.0,3325853.0,0.0,-90000.0,0.0,0.0,-210000.0,0.0,0.0,-210000.0,0.0,-7.0,-7.0,30000.0,30000.0,,,1620597118,17:51:58,20210509
24,2014-12-31,RCRT,USD,2014-12-31,2014-12-31,Q4,0.0,0.0,0.0,0.0,0.0,120000.0,0.0,0.0,115461.0,120000.0,36139.0,0.0,-93861.0,0.0,-120000.0,0.0,0.0,-130000.0,0.0,0.0,-130000.0,0.0,-4.33333,-4.33333,30000.0,30000.0,,,1620597118,17:51:58,20210509
25,2014-09-30,RCRT,USD,2014-11-19 00:00:00,2014-11-19 14:21:53,Q3,0.0,0.0,0.0,0.0,0.0,130000.0,0.0,0.0,134725.0,-620000.0,207485.0,0.0,827485.0,0.0,620000.0,0.0,0.0,620000.0,0.0,0.0,620000.0,0.0,20.66667,20.66667,30000.0,30000.0,https://www.sec.gov/Archives/edgar/data/1462223/000121390014008447/0001213900-14-008447-index.html,https://www.sec.gov/Archives/edgar/data/1462223/000121390014008447/f10q0914_trulimedia.htm,1620597118,17:51:58,20210509
26,2014-06-30,RCRT,USD,2014-07-15 00:00:00,2014-07-15 16:28:07,Q2,0.0,0.0,0.0,0.0,0.0,40000.0,0.0,0.0,42706.0,40000.0,68617.0,0.0,888617.0,0.0,-40000.0,0.0,0.0,820000.0,0.0,0.0,820000.0,0.0,41.0,41.0,20000.0,20000.0,https://www.sec.gov/Archives/edgar/data/1462223/000121390014004889/0001213900-14-004889-index.html,https://www.sec.gov/Archives/edgar/data/1462223/000121390014004889/f10k2014_trulimedia.htm,1620597118,17:51:58,20210509
27,2014-03-31,RCRT,USD,2014-03-31,2014-03-31,Q1,0.0,0.0,0.0,0.0,0.0,250000.0,0.0,0.0,246378.0,250000.0,-3700998.0,0.0,-5430998.0,0.0,-250000.0,0.0,0.0,-1730000.0,0.0,0.0,-1730000.0,0.0,-86.5,-86.5,20000.0,20000.0,,,1620597118,17:51:58,20210509
28,2013-12-31,RCRT,USD,2013-12-31,2013-12-31,Q4,0.0,0.0,0.0,0.0,0.0,430000.0,0.0,0.0,428913.0,430000.0,1658347.0,0.0,778347.0,0.0,-430000.0,0.0,0.0,-880000.0,0.0,0.0,-880000.0,0.0,-44.0,-44.0,20000.0,20000.0,,,1620597118,17:51:58,20210509
29,2013-09-30,RCRT,USD,2013-11-14 00:00:00,2013-11-14 15:59:50,Q3,0.0,0.0,0.0,0.0,0.0,630000.0,0.0,0.0,630441.0,630000.0,2108949.0,0.0,528949.0,0.0,-630000.0,0.0,0.0,-1580000.0,0.0,0.0,-1580000.0,0.0,-79.0,-79.0,20000.0,20000.0,https://www.sec.gov/Archives/edgar/data/1462223/000121390013006461/0001213900-13-006461-index.html,https://www.sec.gov/Archives/edgar/data/1462223/000121390013006461/f10q0913_trulimedia.htm,1620597118,17:51:58,20210509
30,2013-06-30,RCRT,USD,2013-07-01 00:00:00,2013-07-01 17:30:15,Q2,0.0,0.0,0.0,0.0,0.0,110000.0,0.0,0.0,114354.0,110000.0,-6161.0,0.0,-126161.0,0.0,-110000.0,0.0,0.0,-120000.0,0.0,0.0,-120000.0,0.0,-6.0,-6.0,20000.0,20000.0,https://www.sec.gov/Archives/edgar/data/1462223/000121390013003386/0001213900-13-003386-index.html,https://www.sec.gov/Archives/edgar/data/1462223/000121390013003386/f10k2013_trulimedia.htm,1620597118,17:51:58,20210509
31,2013-03-31,RCRT,USD,2013-07-01 00:00:00,2013-07-01 17:30:15,Q1,0.0,0.0,0.0,0.0,0.0,190000.0,0.0,0.0,185148.0,190000.0,49069.0,0.0,-150931.0,0.0,-190000.0,0.0,0.0,-200000.0,0.0,0.0,-200000.0,0.0,-20.0,-20.0,10000.0,10000.0,https://www.sec.gov/Archives/edgar/data/1462223/000121390013003386/0001213900-13-003386-index.html,https://www.sec.gov/Archives/edgar/data/1462223/000121390013003386/f10k2013_trulimedia.htm,1620597118,17:51:58,20210509
32,2012-12-31,RCRT,USD,2013-02-14 00:00:00,2013-02-14 15:50:17,Q4,0.0,0.0,0.0,0.0,0.0,480000.0,0.0,0.0,476230.0,480000.0,-14867.0,0.0,-504867.0,0.0,-480000.0,0.0,0.0,-490000.0,0.0,0.0,-490000.0,0.0,-24.5,-24.5,20000.0,20000.0,https://www.sec.gov/Archives/edgar/data/1462223/000136086513000010/0001360865-13-000010-index.html,https://www.sec.gov/Archives/edgar/data/1462223/000136086513000010/trli10q3q2012.htm,1620597118,17:51:58,20210509
33,2012-09-30,RCRT,USD,2012-11-20 00:00:00,2012-11-20 09:51:32,Q3,0.0,0.0,0.0,0.0,0.0,210000.0,0.0,0.0,210096.0,210000.0,-41402.0,0.0,-261402.0,0.0,-210000.0,0.0,0.0,-220000.0,0.0,0.0,-220000.0,0.0,-11.0,-11.0,20000.0,20000.0,https://www.sec.gov/Archives/edgar/data/1462223/000136086512000243/0001360865-12-000243-index.html,https://www.sec.gov/Archives/edgar/data/1462223/000136086512000243/truli10q3q2012.htm,1620597118,17:51:58,20210509
34,2012-06-30,RCRT,USD,2012-08-20 00:00:00,2012-08-20 15:52:05,Q2,0.0,0.0,0.0,0.0,0.0,180000.0,0.0,0.0,182812.0,180000.0,-20000.0,0.0,-220000.0,0.0,-180000.0,0.0,0.0,-200000.0,0.0,0.0,-200000.0,0.0,-10.0,-10.0,20000.0,20000.0,https://www.sec.gov/Archives/edgar/data/1462223/000136086512000135/0001360865-12-000135-index.html,https://www.sec.gov/Archives/edgar/data/1462223/000136086512000135/truli10q2q2012.htm,1620597118,17:51:58,20210509
35,2012-02-29,RCRT,USD,2012-02-29,2012-02-29,Q1,0.0,0.0,0.0,0.0,0.0,0.0,0.0,0.0,3738.0,10000.0,7200.0,0.0,-2800.0,0.0,-10000.0,0.0,0.0,-10000.0,0.0,0.0,-10000.0,0.0,-0.5,-0.5,20000.0,20000.0,,,1620597118,17:51:58,20210509
36,2011-11-30,RCRT,USD,2012-01-17 00:00:00,2012-01-17 14:59:29,Q4,0.0,0.0,0.0,0.0,0.0,0.0,0.0,0.0,3092.0,10000.0,0.0,0.0,-10000.0,0.0,-10000.0,0.0,0.0,-10000.0,0.0,0.0,-10000.0,0.0,-0.5,-0.5,20000.0,20000.0,https://www.sec.gov/Archives/edgar/data/1462223/000122527912000027/0001225279-12-000027-index.html,https://www.sec.gov/Archives/edgar/data/1462223/000122527912000027/f120117sarecovery10q11302011.htm,1620597118,17:51:58,20210509
37,2011-08-31,RCRT,USD,2011-10-14 00:00:00,2011-10-14 17:13:19,Q3,0.0,0.0,0.0,0.0,0.0,10000.0,0.0,0.0,6272.0,10000.0,0.0,0.0,-10000.0,0.0,-10000.0,0.0,0.0,-10000.0,0.0,0.0,-10000.0,0.0,-0.5,-0.5,20000.0,20000.0,https://www.sec.gov/Archives/edgar/data/1462223/000122527911000130/0001225279-11-000130-index.html,https://www.sec.gov/Archives/edgar/data/1462223/000122527911000130/f111013sarecovery10q20110831.htm,1620597118,17:51:58,20210509
38,2011-05-31,RCRT,USD,2011-06-17 00:00:00,2011-06-17 16:50:43,Q2,0.0,0.0,0.0,0.0,0.0,0.0,0.0,0.0,4628.0,10000.0,0.0,0.0,-10000.0,0.0,-10000.0,0.0,0.0,-10000.0,0.0,0.0,-10000.0,0.0,-0.5,-0.5,20000.0,20000.0,https://www.sec.gov/Archives/edgar/data/1462223/000122527911000085/0001225279-11-000085-index.html,https://www.sec.gov/Archives/edgar/data/1462223/000122527911000085/f11061320110228sarecovery10k.htm,1620597118,17:51:58,20210509
39,2011-02-28,RCRT,USD,2011-02-28,2011-02-28,Q1,0.0,0.0,0.0,0.0,0.0,10000.0,0.0,0.0,11468.0,10000.0,0.0,0.0,-10000.0,0.0,-10000.0,0.0,0.0,-10000.0,0.0,0.0,-10000.0,0.0,-0.5,-0.5,20000.0,20000.0,,,1620597118,17:51:58,20210509
40,2010-11-30,RCRT,USD,2010-11-30,2010-11-30,Q4,0.0,0.0,0.0,0.0,0.0,10000.0,0.0,0.0,10231.0,10000.0,0.0,0.0,-10000.0,0.0,-10000.0,0.0,0.0,-10000.0,0.0,0.0,-10000.0,0.0,-0.5,-0.5,20000.0,20000.0,,,1620597118,17:51:58,20210509
41,2010-08-31,RCRT,USD,2010-09-10 00:00:00,2010-09-09 17:42:37,Q3,0.0,0.0,0.0,0.0,0.0,10000.0,0.0,0.0,9755.0,10000.0,0.0,0.0,-10000.0,0.0,-10000.0,0.0,0.0,-10000.0,0.0,0.0,-10000.0,0.0,-0.5,-0.5,20000.0,20000.0,https://www.sec.gov/Archives/edgar/data/1462223/000122527910000131/0001225279-10-000131-index.html,https://www.sec.gov/Archives/edgar/data/1462223/000122527910000131/f100909sarecovery10k02282010.htm,1620597118,17:51:58,20210509
42,2010-05-31,RCRT,USD,2010-09-16,2010-09-16,Q2,0.0,0.0,0.0,0.0,0.0,0.0,0.0,0.0,4962.0,10000.0,0.0,0.0,-10000.0,0.0,-10000.0,0.0,0.0,-10000.0,0.0,0.0,-10000.0,0.0,-0.5,-0.5,20000.0,20000.0,https://www.sec.gov/Archives/edgar/data/1462223/000122527910000136/0001225279-10-000136-index.htm,https://www.sec.gov/Archives/edgar/data/1462223/000122527910000136/f100915sarecovery10q20100531.htm,1620597118,17:51:58,20210509
43,2010-02-28,RCRT,USD,2010-02-28,2010-02-28,Q1,0.0,0.0,0.0,0.0,0.0,0.0,0.0,0.0,2624.0,10000.0,0.0,0.0,-10000.0,0.0,-10000.0,0.0,0.0,-10000.0,0.0,0.0,-10000.0,0.0,-0.5,-0.5,20000.0,20000.0,,,1620597118,17:51:58,20210509
44,2009-11-30,RCRT,USD,2010-09-10,2010-09-10,Q4,0.0,0.0,0.0,0.0,0.0,10000.0,0.0,0.0,6594.0,10000.0,0.0,0.0,-10000.0,0.0,-10000.0,0.0,0.0,-10000.0,0.0,0.0,-10000.0,0.0,-0.5,-0.5,20000.0,20000.0,https://www.sec.gov/Archives/edgar/data/1462223/000122527910000130/0001225279-10-000130-index.htm,https://www.sec.gov/Archives/edgar/data/1462223/000122527910000130/f100909sarecovery10q20091130.htm,1620597118,17:51:58,20210509
45,2009-08-31,RCRT,USD,2010-09-10,2010-09-10,Q3,0.0,0.0,0.0,0.0,0.0,0.0,0.0,0.0,2408.0,10000.0,0.0,0.0,-10000.0,0.0,-10000.0,0.0,0.0,-10000.0,0.0,0.0,-10000.0,0.0,-0.5,-0.5,20000.0,20000.0,https://www.sec.gov/Archives/edgar/data/1462223/000122527910000129/0001225279-10-000129-index.htm,https://www.sec.gov/Archives/edgar/data/1462223/000122527910000129/f100909sarecovery10q08312009.htm,1620597118,17:51:58,20210509
46,2009-05-31,RCRT,USD,2009-05-31,2009-05-31,Q2,0.0,0.0,0.0,0.0,0.0,10000.0,0.0,0.0,8744.0,30000.0,0.0,0.0,-30000.0,0.0,-30000.0,0.0,0.0,-30000.0,0.0,0.0,-30000.0,0.0,-1.5,-1.5,20000.0,20000.0,,,1620597118,17:51:58,20210509
47,2007-09-30,RCRT,USD,2007-09-30,2007-09-30,Q1,1710000.0,1090000.0,610000.0,0.3567251461988304,0.0,990000.0,0.0,0.0,988511.0,2080000.0,-140000.0,270000.0000000001,-109999.99999999988,-0.06432748538011689,-380000.0,-0.2222222222222222,10000.0,-510000.0,-0.2982456140350877,0.0,-860000.0,-0.5029239766081871,-67514.76,-67514.76,20000.0,20000.0,,,1620597118,17:51:58,20210509
48,2007-06-30,RCRT,USD,2007-06-30,2007-06-30,Q4,1980000.0,1100000.0,880000.0,0.4444444444444444,0.0,1020000.0,0.0,0.0,1015971.0,2120000.0,-180000.0,99999.99999999999,-40000.000000000015,-0.02020202020202021,-140000.0,-0.0707070707070707,10000.0,-300000.0,-0.15151515151515152,0.0,-320000.0,-0.16161616161616163,-39323.12,-39323.12,20000.0,20000.0,,,1620597118,17:51:58,20210509
49,2007-03-31,RCRT,USD,2007-03-31,2007-03-31,Q3,2440000.0,1560000.0,880000.0,0.36065573770491804,0.0,1180000.0,0.0,0.0,1189461.0,2740000.0,-140000.0,190000.0,-110000.0,-0.045081967213114756,-300000.0,-0.12295081967213115,30000.0,-420000.0,-0.1721311475409836,0.0,-410000.0,-0.1680327868852459,-54905.0,-54905.0,20000.0,20000.0,,,1620597118,17:51:58,20210509
50,2006-12-31,RCRT,USD,2006-12-31,2006-12-31,Q2,2610000.0,1990000.0,620000.0,0.23754789272030652,0.0,1340000.0,0.0,0.0,1343391.0,3330000.0,-150000.0,189999.99999999994,-530000.0,-0.20306513409961685,-720000.0,-0.27586206896551724,0.0,-870000.0,-0.3333333333333333,0.0,-1110000.0,-0.42528735632183906,-110307.7,-110307.7,20000.0,20000.0,,,1620597118,17:51:58,20210509
51,2006-09-30,RCRT,USD,2006-09-30,2006-09-30,Q1,2410000.0,1420000.0,990000.0,0.4107883817427386,0.0,1350000.0,0.0,0.0,1346040.0,2770000.0,-150000.0,200000.0,-160000.0,-0.06639004149377593,-360000.0,-0.14937759336099585,10000.0,-500000.0,-0.2074688796680498,0.0,-550000.0,-0.22821576763485477,-71015.01,-71015.01,20000.0,20000.0,,,1620597118,17:51:58,20210509
52,2006-06-30,RCRT,USD,2006-06-30,2006-06-30,Q4,2480000.0,1490000.0,990000.0,0.39919354838709675,0.0,870000.0,0.0,0.0,867415.0,2360000.0,10000.0,160000.0,290000.0,0.11693548387096774,130000.0,0.05241935483870968,-20000.0,120000.0,0.04838709677419355,0.0,-70000.0,-0.028225806451612902,17043.83,17043.83,20000.0,20000.0,,,1620597118,17:51:58,20210509
53,2006-03-31,RCRT,USD,2006-03-31,2006-03-31,Q3,2430000.0,1570000.0,860000.0,0.35390946502057613,0.0,830000.0,0.0,0.0,830664.0,2400000.0,0.0,170000.0,200000.0,0.0823045267489712,30000.0,0.012345679012345678,60000.0,90000.0,0.037037037037037035,0.0,-240000.0,-0.09876543209876543,13394.17,13394.17,20000.0,20000.0,,,1620597118,17:51:58,20210509
54,2005-12-31,RCRT,USD,2005-12-31,2005-12-31,Q2,2430000.0,1810000.0,620000.0,0.2551440329218107,0.0,1290000.0,0.0,0.0,1906747.0,3100000.0,20000.0,170000.00000000003,-500000.0,-0.205761316872428,-670000.0,-0.2757201646090535,120000.0,-530000.0,-0.21810699588477367,50000.0,-1140000.0,-0.4691358024691358,-86042.14,-86042.14,20000.0,20000.0,,,1620597118,17:51:58,20210509
55,2005-09-30,RCRT,USD,2005-09-30,2005-09-30,Q1,2630000.0,1770000.0,860000.0,0.3269961977186312,0.0,1360000.0,0.0,0.0,1467464.0,3130000.0,20000.0,189999.99999999994,-310000.00000000006,-0.1178707224334601,-500000.0,-0.19011406844106463,0.0,-480000.0,-0.18250950570342206,-20000.0,-520000.0,-0.19771863117870722,-69461.08,-69461.08,20000.0,20000.0,,,1620597118,17:51:58,20210509
56,2005-06-30,RCRT,USD,2005-06-30,2005-06-30,Q4,3530000.0,2390000.0,1140000.0,0.32294617563739375,0.0,1950000.0,0.0,0.0,1946627.0,4340000.0,20000.0,190000.00000000003,-620000.0,-0.17563739376770537,-810000.0,-0.22946175637393768,0.0,-790000.0,-0.2237960339943343,-20000.0,-770000.0,-0.21813031161473087,-119838.2,-119838.2,20000.0,20000.0,,,1620597118,17:51:58,20210509
57,2005-03-31,RCRT,USD,2005-03-31,2005-03-31,Q3,4020000.0,3540000.0,480000.0,0.11940298507462686,0.0,1820000.0,0.0,0.0,1821629.0,5360000.0,10000.0,210000.0,-1130000.0,-0.2810945273631841,-1340000.0,-0.3333333333333333,20000.0,-1310000.0,-0.32587064676616917,20000.0,-1340000.0,-0.3333333333333333,-214067.33,-214067.33,20000.0,20000.0,,,1620597118,17:51:58,20210509
58,2004-12-31,RCRT,USD,2004-12-31,2004-12-31,Q2,4950000.0,4300000.0,650000.0,0.13131313131313133,0.0,2500000.0,0.0,0.0,2499095.0,6800000.0,60000.0,240000.0,-1610000.0,-0.32525252525252524,-1850000.0,-0.37373737373737376,80000.0,-1720000.0,-0.3474747474747475,2640000.0,-4360000.0,-0.8808080808080808,-637257.48,-637257.48,20000.0,20000.0,,,1620597118,17:51:58,20210509
59,2004-09-30,RCRT,USD,2004-09-30,2004-09-30,Q1,4520000.0,3940000.0,590000.0,0.13053097345132744,0.0,2160000.0,0.0,0.0,2157088.0,6090000.0,30000.0,190000.0,-1380000.0,-0.3053097345132743,-1570000.0,-0.3473451327433628,50000.0,-1490000.0,-0.32964601769911506,-460000.0,-1020000.0,-0.22566371681415928,-166074.05,-166074.05,20000.0,20000.0,,,1620597118,17:51:58,20210509
60,2004-06-30,RCRT,USD,2004-06-30,2004-06-30,Q4,4260000.0,3530000.0,730000.0,0.17136150234741784,0.0,1950000.0,0.0,0.0,1947897.0,5480000.000000001,30000.0,220000.0,-1000000.0,-0.2347417840375587,-1220000.0,-0.2863849765258216,-30000.0,-1220000.0,-0.2863849765258216,-270000.0,-940000.0,-0.22065727699530516,-155793.61,-155793.61,20000.0,20000.0,,,1620597118,17:51:58,20210509
61,2004-03-31,RCRT,USD,2004-03-31,2004-03-31,Q3,4470000.0,2820000.0,1650000.0,0.3691275167785235,0.0,1620000.0,0.0,0.0,1617497.0,4440000.000000001,50000.0,220000.0,250000.0,0.05592841163310962,30000.0,0.006711409395973154,10000.0,90000.0,0.020134228187919462,40000.0,50000.0,0.011185682326621925,7449.66,7449.66,20000.0,20000.0,,,1620597118,17:51:58,20210509
62,2003-12-31,RCRT,USD,2003-12-31,2003-12-31,Q2,4300000.0,3140000.0,1160000.0,0.26976744186046514,0.0,3280000.0,0.0,0.0,3279021.0,6420000.0,-10000.0,240000.0,-1880000.0,-0.4372093023255814,-2120000.0,-0.4930232558139535,10000.0,-2120000.0,-0.4930232558139535,-190000.0,-1930000.0,-0.44883720930232557,-459608.7,-459608.7,20000.0,20000.0,,,1620597118,17:51:58,20210509
63,2003-09-30,RCRT,USD,2003-09-30,2003-09-30,Q1,4880000.0,3250000.0,1630000.0,0.33401639344262296,0.0,1930000.0,0.0,0.0,1926554.0,5180000.0,-20000.0,250000.0,-40000.0,-0.00819672131147541,-290000.0,-0.05942622950819672,0.0,-310000.0,-0.06352459016393443,-120000.0,-190000.0,-0.0389344262295082,-47869.67,-47869.67,20000.0,20000.0,,,1620597118,17:51:58,20210509
64,2003-06-30,RCRT,USD,2003-06-30,2003-06-30,Q4,4690000.0,3130000.0,1560000.0,0.3326226012793177,0.0,1790000.0,0.0,0.0,1787951.0,4920000.0,-30000.0,250000.0,20000.0,0.0042643923240938165,-230000.0,-0.04904051172707889,-30000.0,-290000.0,-0.06183368869936034,-110000.0,-180000.0,-0.03837953091684435,-43998.7,-43998.7,20000.0,20000.0,,,1620597118,17:51:58,20210509
65,2003-03-31,RCRT,USD,2003-03-31,2003-03-31,Q3,4610000.0,3230000.0,1390000.0,0.30151843817787416,0.0,1790000.0,0.0,0.0,1787474.0,5020000.0,-20000.0,240000.0,-160000.0,-0.03470715835140998,-400000.0,-0.08676789587852494,-20000.0,-450000.0,-0.09761388286334056,-170000.0,-270000.0,-0.05856832971800434,-68767.79,-68767.79,20000.0,20000.0,,,1620597118,17:51:58,20210509
66,2002-12-31,RCRT,USD,2002-12-31,2002-12-31,Q2,4630000.0,3210000.0,1420000.0,0.30669546436285094,0.0,2510000.0,0.0,0.0,6299569.0,9510000.0,-10000.0,4110000.0,-770000.0,-0.16630669546436286,-4880000.0,-1.0539956803455723,-30000.0,-4920000.0,-1.062634989200864,-1740000.0,-3180000.0,-0.6868250539956804,788828.19,788828.19,20000.0,20000.0,,,1620597118,17:51:58,20210509
67,2002-09-30,RCRT,USD,2002-09-30,2002-09-30,Q1,5530000.0,3850000.0,1680000.0,0.3037974683544304,0.0,1990000.0,0.0,0.0,1988256.0,5840000.0,0.0,229999.99999999997,-80000.00000000003,-0.014466546112115737,-310000.0,-0.05605786618444846,0.0,-320000.0,-0.05786618444846293,-130000.0,-190000.0,-0.034358047016274866,-49052.45,-49052.45,20000.0,20000.0,,,1620597118,17:51:58,20210509
68,2002-06-30,RCRT,USD,2002-06-30,2002-06-30,Q4,5870000.0,3780000.0,2090000.0,0.35604770017035775,0.0,1910000.0,0.0,0.0,1908194.0,5680000.0,-20000.0,239999.99999999997,420000.0,0.07155025553662692,180000.0,0.030664395229982964,-40000.0,130000.0,0.022146507666098807,50000.0,80000.0,0.013628620102214651,18763.51,18763.51,20000.0,20000.0,,,1620597118,17:51:58,20210509
69,2002-03-31,RCRT,USD,2002-03-31,2002-03-31,Q3,6280000.0,4290000.0,1990000.0,0.31687898089171973,0.0,1850000.0,0.0,0.0,1847605.0,6140000.0,-20000.0,230000.0,370000.0,0.0589171974522293,140000.0,0.022292993630573247,30000.0,150000.0,0.02388535031847134,60000.0,90000.0,0.014331210191082803,22685.58,22685.58,20000.0,20000.0,,,1620597118,17:51:58,20210509
70,2001-12-31,RCRT,USD,2001-12-31,2001-12-31,Q2,6600000.0,4500000.0,2100000.0,0.3181818181818182,0.0,2400000.0,0.0,0.0,2403700.0,6900000.0,-20000.0,330000.00000000006,30000.00000000006,0.004545454545454554,-300000.0,-0.045454545454545456,10000.0,-310000.0,-0.04696969696969697,-130000.0,-190000.0,-0.02878787878787879,-47220.47,-47220.47,20000.0,20000.0,,,1620597118,17:51:58,20210509
71,2001-09-30,RCRT,USD,2001-09-30,2001-09-30,Q1,7140000.0,4740000.0,2410000.0,0.33753501400560226,0.0,2370000.0,0.0,0.0,2369520.0,7110000.0,-20000.0,260000.0,300000.0,0.04201680672268908,40000.0,0.0056022408963585435,10000.0,30000.0,0.004201680672268907,20000.0,10000.0,0.0014005602240896359,2597.07,2597.07,20000.0,20000.0,,,1620597118,17:51:58,20210509
72,2001-06-30,RCRT,USD,2001-06-30,2001-06-30,Q4,7600000.0,5210000.0,2390000.0,0.3144736842105263,0.0,2090000.0,0.0,0.0,2087992.0,7300000.0,-30000.0,260000.0,570000.0,0.075,310000.0,0.04078947368421053,0.0,270000.0,0.035526315789473684,110000.0,170000.0,0.02236842105263158,39467.43,39467.43,20000.0,20000.0,,,1620597118,17:51:58,20210509
73,2001-03-31,RCRT,USD,2001-03-31,2001-03-31,Q3,7100000.0,4790000.0,2310000.0,0.32535211267605635,0.0,2320000.0,0.0,0.0,2319582.0,7110000.0,30000.0,260000.0,250000.0,0.035211267605633804,-10000.0,-0.0014084507042253522,10000.0,30000.0,0.004225352112676056,10000.0,20000.0,0.0028169014084507044,4328.14,4328.14,20000.0,20000.0,,,1620597118,17:51:58,20210509
74,2000-12-31,RCRT,USD,2000-12-31,2000-12-31,Q2,5890000.0,3950000.0,1940000.0,0.3293718166383701,0.0,1840000.0,0.0,0.0,1836144.0,5790000.0,60000.0,190000.00000000006,300000.00000000006,0.05093378607809848,110000.0,0.01867572156196944,0.0,170000.0,0.028862478777589132,160000.0,10000.0,0.001697792869269949,2092.31,2092.31,20000.0,20000.0,,,1620597118,17:51:58,20210509
75,2000-09-30,RCRT,USD,2000-09-30,2000-09-30,Q1,6810000.0,4520000.0,2290000.0,0.33627019089574156,0.0,2230000.0,0.0,0.0,2229419.0,6750000.0,90000.0,229999.99999999997,290000.0,0.042584434654919234,60000.0,0.00881057268722467,10000.0,150000.0,0.022026431718061675,60000.0,100000.0,0.014684287812041116,21198.25,21198.25,20000.0,20000.0,,,1620597118,17:51:58,20210509
76,2000-06-30,RCRT,USD,2000-06-30,2000-06-30,Q4,7000000.0,4770000.0,2240000.0,0.32,0.0,2070000.0,0.0,0.0,2071476.0,6840000.0,70000.0,200000.0,370000.0,0.05285714285714286,170000.0,0.024285714285714285,-110000.0,130000.0,0.018571428571428572,50000.0,80000.0,0.011428571428571429,15852.3,15852.3,20000.0,20000.0,,,1620597118,17:51:58,20210509
77,2000-03-31,RCRT,USD,2000-03-31,2000-03-31,Q3,7000000.0,4690000.0,2310000.0,0.33,0.0,1920000.0,0.0,0.0,1920769.0,6610000.0,90000.0,180000.0,570000.0,0.08142857142857143,390000.0,0.055714285714285716,10000.0,490000.0,0.07,190000.0,310000.0,0.04428571428571428,55531.86,55531.86,20000.0,20000.0,,,1620597118,17:51:58,20210509
78,1999-12-31,RCRT,USD,1999-12-31,1999-12-31,Q2,6280000.0,4460000.0,1820000.0,0.2898089171974522,0.0,1510000.0,0.0,0.0,1511449.0,5970000.0,140000.0,130000.0,430000.0,0.06847133757961783,300000.0,0.04777070063694268,10000.0,450000.0,0.07165605095541401,140000.0,310000.0,0.04936305732484077,71423.39,71423.39,20000.0,20000.0,,,1620597118,17:51:58,20210509
79,1999-09-30,RCRT,USD,1999-09-30,1999-09-30,Q1,6220000.0,4300000.0,1930000.0,0.3102893890675241,0.0,1360000.0,0.0,0.0,1362277.0,5660000.0,80000.0,150000.00000000003,710000.0,0.11414790996784566,560000.0,0.09003215434083602,0.0,640000.0,0.10289389067524116,240000.0,400000.0,0.06430868167202572,85484.07,85484.07,20000.0,20000.0,,,1620597118,17:51:58,20210509
80,1999-06-30,RCRT,USD,1999-06-30,1999-06-30,Q4,5540000.0,3840000.0,1700000.0,0.30685920577617326,0.0,1290000.0,0.0,0.0,1284927.0,5120000.0,80000.0,130000.0,540000.0,0.09747292418772563,410000.0,0.0740072202166065,0.0,490000.0,0.08844765342960288,150000.0,340000.0,0.061371841155234655,82436.66,82436.66,20000.0,20000.0,,,1620597118,17:51:58,20210509
81,1999-03-31,RCRT,USD,1999-03-31,1999-03-31,Q3,4390000.0,3010000.0,1380000.0,0.3143507972665148,0.0,1080000.0,0.0,0.0,1078285.0,4090000.0,70000.0,120000.0,420000.0,0.09567198177676538,300000.0,0.0683371298405467,0.0,370000.0,0.08428246013667426,140000.0,230000.0,0.05239179954441914,57563.21,57563.21,20000.0,20000.0,,,1620597118,17:51:58,20210509
82,1998-12-31,RCRT,USD,1998-12-31,1998-12-31,Q2,3790000.0,2740000.0,1050000.0,0.2770448548812665,0.0,880000.0,0.0,0.0,877440.0,3609999.9999999995,100000.0,120000.0,290000.0,0.07651715039577836,170000.0,0.044854881266490766,0.0,270000.0,0.0712401055408971,100000.0,170000.0,0.044854881266490766,40587.65,40587.65,20000.0,20000.0,,,1620597118,17:51:58,20210509
83,1998-09-30,RCRT,USD,1998-09-30,1998-09-30,Q1,3630000.0,2470000.0,1160000.0,0.31955922865013775,0.0,920000.0,0.0,0.0,920407.0,3390000.0,70000.0,90000.00000000001,330000.0,0.09090909090909091,240000.0,0.06611570247933884,-420000.0,-110000.0,-0.030303030303030304,-40000.0,-70000.0,-0.01928374655647383,-18514.79,-18514.79,20000.0,20000.0,,,1620597118,17:51:58,20210509
84,1998-06-30,RCRT,USD,1998-06-30,1998-06-30,Q4,3170000.0,2100000.0,1070000.0,0.33753943217665616,0.0,900000.0,0.0,0.0,895224.0,3000000.0,70000.0,90000.0,260000.0,0.08201892744479496,170000.0,0.05362776025236593,40000.0,280000.0,0.08832807570977919,110000.0,180000.0,0.056782334384858045,41725.15,41725.15,20000.0,20000.0,,,1620597118,17:51:58,20210509
85,1998-03-31,RCRT,USD,1998-03-31,1998-03-31,Q3,2700000.0,1690000.0,1010000.0,0.37407407407407406,0.0,860000.0,0.0,0.0,855701.0,2550000.0,70000.0,90000.0,250000.0,0.09259259259259259,160000.0,0.05925925925925926,0.0,220000.0,0.08148148148148149,90000.0,140000.0,0.05185185185185185,34575.57,34575.57,20000.0,20000.0,,,1620597118,17:51:58,20210509
86,1997-12-31,RCRT,USD,1997-12-31,1997-12-31,Q2,2560000.0,1800000.0,760000.0,0.296875,0.0,840000.0,0.0,0.0,835124.0,2630000.0,30000.0,79999.99999999999,-1.4551915228366852e-11,-5.684341886080802e-18,-80000.0,-0.03125,20000.0,-30000.0,-0.01171875,-20000.0,0.0,0.0,-671.05,-671.05,20000.0,20000.0,,,1620597118,17:51:58,20210509
87,1997-09-30,RCRT,USD,1997-09-30,1997-09-30,Q1,2890000.0,2060000.0,830000.0,0.28719723183391005,0.0,820000.0,0.0,0.0,818616.0,2880000.0,0.0,70000.0,80000.0,0.02768166089965398,10000.0,0.0034602076124567475,0.0,20000.0,0.006920415224913495,10000.0,10000.0,0.0034602076124567475,2980.01,2980.01,20000.0,20000.0,,,1620597118,17:51:58,20210509
88,1997-06-30,RCRT,USD,1997-06-30,1997-06-30,Q4,2700000.0,1950000.0,750000.0,0.2777777777777778,0.0,650000.0,0.0,0.0,647019.0,2600000.0,10000.0,70000.0,170000.0,0.06296296296296296,100000.0,0.037037037037037035,0.0,110000.0,0.040740740740740744,40000.0,70000.0,0.025925925925925925,22401.95,22401.95,20000.0,20000.0,,,1620597118,17:51:58,20210509
89,1997-03-31,RCRT,USD,1997-03-31,1997-03-31,Q3,2050000.0,1470000.0,580000.0,0.28292682926829266,0.0,490000.0,0.0,0.0,1492162.0,1960000.0,0.0,30000.0,120000.0,0.05853658536585366,90000.0,0.04390243902439024,0.0,90000.0,0.04390243902439024,30000.0,50000.0,0.024390243902439025,18323.47,18323.47,20000.0,20000.0,,,1620597118,17:51:58,20210509
90,1996-12-31,RCRT,USD,1996-12-31,1996-12-31,Q2,1720000.0,1160000.0,560000.0,0.32558139534883723,0.0,520000.0,0.0,0.0,520000.0,1680000.0,0.0,20000.000000000004,60000.0,0.03488372093023256,40000.0,0.023255813953488372,0.0,40000.0,0.023255813953488372,-60000.0,90000.0,0.05232558139534884,27755.71,27755.71,20000.0,20000.0,,,1620597118,17:51:58,20210509
91,1996-09-30,RCRT,USD,1996-09-30,1996-09-30,Q1,1640000.0,1110000.0,540000.0,0.32926829268292684,0.0,430000.0,0.0,0.0,419999.99999999994,1530000.0,0.0,20000.000000000004,130000.0,0.07926829268292683,110000.0,0.06707317073170732,0.0,110000.0,0.06707317073170732,-440000.0,550000.0,0.3353658536585366,193706.99,193706.99,20000.0,20000.0,,,1620597118,17:51:58,20210509
