,date,symbol,reportedCurrency,fillingDate,acceptedDate,period,revenue,costOfRevenue,grossProfit,grossProfitRatio,researchAndDevelopmentExpenses,generalAndAdministrativeExpenses,sellingAndMarketingExpenses,otherExpenses,operatingExpenses,costAndExpenses,interestExpense,depreciationAndAmortization,ebitda,ebitdaratio,operatingIncome,operatingIncomeRatio,totalOtherIncomeExpensesNet,incomeBeforeTax,incomeBeforeTaxRatio,incomeTaxExpense,netIncome,netIncomeRatio,eps,epsdiluted,weightedAverageShsOut,weightedAverageShsOutDil,link,finalLink,timestamp,est_time,est_date
0,2021-03-31,LOGN.SW,USD,2021-03-31,2021-03-31,Q1,1535925000,824656000.0,711269000.0,0.46308836694500055,69009000.0,68236000.0,273764000.0,-11450000.0,416187000.0,1240843000.0,0.0,22933000.0,318015000.0,0.20705112554323943,295082000.0,0.1848866318342367,-11450000.0,283972000.0,0.1848866318342367,58225000.0,225747000.0,0.14697787977928609,1.34,1.31,168734000,172954000,https://www.six-group.com/en/products-services/the-swiss-stock-exchange.html,https://www.six-group.com/en/products-services/the-swiss-stock-exchange.html,1620594563,17:09:23,20210509
1,2020-12-31,LOGN.SW,USD,2020-12-31,2020-12-31,Q4,1667302000,918292000.0,749010000.0,0.44923475171264715,53910000.0,37606000.0,204485000.0,263000.0,300947000.0,1219239000.0,0.0,21797000.0,469860000.0,0.28180857457137337,448063000.0,0.26873535808149934,6483000.0,454857000.0,0.2728102047499493,72334000.0,382523000.0,0.22942634267817108,2.26,2.22,169050000,172587000,,,1620594563,17:09:23,20210509
2,2020-09-30,LOGN.SW,USD,2020-09-30,2020-09-30,Q3,1257158000,687435000.0,569723000.0,0.45318329120126505,53379000.0,31664000.0,158797000.0,394000.0,248171000.0,935606000.0,0.0,17961000.0,339513000.0,0.2700639060484044,321552000.0,0.2557769190507478,1150000.0,323215000.0,0.2570997440258106,56301000.0,266914000.0,0.21231539710998937,1.58,1.56,168645000,171382000,https://www.six-group.com/en/products-services/the-swiss-stock-exchange.html,https://www.six-group.com/en/products-services/the-swiss-stock-exchange.html,1620594563,17:09:23,20210509
3,2020-06-30,LOGN.SW,USD,2020-06-30,2020-06-30,Q2,791894000,486161000.0,305733000.0,0.38607818723212955,49725000.0,29071000.0,133238000.0,242000.0,216643000.0,702804000.0,0.0,19879000.0,108969000.0,0.13760553811494972,89090000.0,0.11250243088090073,-3634000.0,86076000.0,0.10869636592776306,14003000.0,72073000.0,0.09101344371847747,0.43,0.42,167612000,170127000,https://www.six-group.com/en/products-services/the-swiss-stock-exchange.html,https://www.six-group.com/en/products-services/the-swiss-stock-exchange.html,1620594563,17:09:23,20210509
4,2020-03-31,LOGN.SW,USD,2020-03-31,2020-03-31,Q1,709248000,432372000.0,276876000.0,0.39037966973470495,50094000.0,25464000.0,141186000.0,-145000.0,221409000.0,653781000.0,0.0,19639000.0,75106000.0,0.10589525807615954,55467000.0,0.07820536681104494,12038000.0,70118000.0,0.09886245713770078,-143802000.0,213920000.0,0.3016152319075979,1.28,1.26,167290000,169981000,https://www.six-group.com/en/products-services/the-swiss-stock-exchange.html,https://www.six-group.com/en/products-services/the-swiss-stock-exchange.html,1620594563,17:09:23,20210509
5,2019-12-31,LOGN.SW,USD,2019-12-31,2019-12-31,Q4,902687000,568234000.0,334453000.0,0.37050827141633813,43292000.0,22344000.0,134950000.0,562000.0,205670000.0,773904000.0,0.0,18991000.0,147774000.0,0.16370458420249764,128783000.0,0.14266628410512172,1146000.0,131992000.0,0.14622122618360517,14467000.0,117525000.0,0.13019463003233678,0.7,0.69,167063000,169685000,https://www.six-group.com/en/products-services/the-swiss-stock-exchange.html,https://www.six-group.com/en/products-services/the-swiss-stock-exchange.html,1620594563,17:09:23,20210509
6,2019-09-30,LOGN.SW,USD,2019-09-30,2019-09-30,Q3,719691000,447615000.0,272076000.0,0.37804557789384613,41964000.0,24048000.0,134155000.0,281000.0,204385000.0,652000000.0,0.0,17452000.0,85143000.0,0.11830493920307465,67691000.0,0.09405564332470463,254000.0,70335000.0,0.0977294422189523,-2598000.0,72933000.0,0.10133932479355723,0.44,0.43,166662000,169027000,https://www.six-group.com/en/products-services/the-swiss-stock-exchange.html,https://www.six-group.com/en/products-services/the-swiss-stock-exchange.html,1620594563,17:09:23,20210509
7,2019-06-30,LOGN.SW,USD,2019-06-30,2019-06-30,Q2,644225000,405249000.0,238976000.0,0.37095114284605535,42243000.0,22159000.0,123033000.0,244000.0,191031000.0,596280000.0,0.0,17669000.0,65614000.0,0.10184950910008149,47945000.0,0.07442275602468082,1383000.0,51881000.0,0.08053242267841204,6536000.0,45345000.0,0.07038689898715511,0.2726665945087852,0.26863629092934116,166302000,168797000,https://www.six-group.com/en/products-services/the-swiss-stock-exchange.html,https://www.six-group.com/en/products-services/the-swiss-stock-exchange.html,1620594563,17:09:23,20210509
8,2019-03-31,LOGN.SW,USD,2019-03-31,2019-03-31,Q1,624308000,391333000.0,232975000.0,0.373173177341953,42110000.0,23557000.0,119628000.0,1148000.0,189208000.0,580541000.0,0.0,17760000.0,61527000.0,0.09855231712552137,43767000.0,0.07010482005676685,-1047000.0,45386000.0,0.07269809132671694,3265000.0,42121000.0,0.06746830090275953,0.25408382395521667,0.24930159331423565,165776000,168956000,https://www.six-group.com/en/products-services/the-swiss-stock-exchange.html,https://www.six-group.com/en/products-services/the-swiss-stock-exchange.html,1620594563,17:09:23,20210509
9,2018-12-31,LOGN.SW,USD,2018-12-31,2018-12-31,Q4,864388000,540406000.0,323982000.0,0.3748108488317746,40591000.0,24496000.0,132250000.0,648000.0,200876000.0,741282000.0,0.0,17655000.0,140761000.0,0.16284469474356422,123106000.0,0.1424198392388603,-2469000.0,122119000.0,0.14127799090223372,9309000.0,112810000.0,0.13050852163611712,0.68,0.67,165707000,168907000,https://www.six-group.com/en/products-services/the-swiss-stock-exchange.html,https://www.six-group.com/en/products-services/the-swiss-stock-exchange.html,1620594563,17:09:23,20210509
10,2018-09-30,LOGN.SW,USD,2018-09-30,2018-09-30,Q3,691146000,435029000.0,256117000.0,0.37056859187494395,39542000.0,25206000.0,121801000.0,3389000.0,190866000.0,625895000.0,0.0,16644000.0,81895000.0,0.11849160669381,65251000.0,0.09440986419656629,3270000.0,70379000.0,0.10182942533126141,6203000.0,64176000.0,0.09285447647819708,0.39,0.38,165630000,169234000,https://www.six-group.com/en/products-services/the-swiss-stock-exchange.html,https://www.six-group.com/en/products-services/the-swiss-stock-exchange.html,1620594563,17:09:23,20210509
11,2018-06-30,LOGN.SW,USD,2018-06-30,2018-06-30,Q2,608480000,384543000.0,223937000.0,0.36802688666841965,38987000.0,25473000.0,114584000.0,-1571000.0,181565000.0,566108000.0,0.0,15592000.0,57964000.0,0.09526032079936891,42372000.0,0.0696358138311859,-11492000.0,33249000.0,0.05464271627662372,-5217000.0,38466000.0,0.06321653957402051,0.23268024462094036,0.22793856218445566,165317000,168756000,https://www.six-group.com/en/products-services/the-swiss-stock-exchange.html,https://www.six-group.com/en/products-services/the-swiss-stock-exchange.html,1620594563,17:09:23,20210509
12,2018-03-31,LOGN.SW,USD,2018-03-31,2018-03-31,Q1,592426000,380191000.0,212235000.0,0.35824727476511836,37616000.0,23503000.0,109572000.0,1684000.0,173244000.0,553435000.0,0.0,16031000.0,55022000.0,0.09287573469091498,38991000.0,0.06581581497098372,-1427000.0,39436000.0,0.06656696363765263,5032000.0,34404000.0,0.058073075793432426,0.21,0.2,164374000,169387000,https://www.six-group.com/en/products-services/the-swiss-stock-exchange.html,https://www.six-group.com/en/products-services/the-swiss-stock-exchange.html,1620594563,17:09:23,20210509
13,2017-12-31,LOGN.SW,USD,2017-12-31,2017-12-31,Q4,812021000,536420000.0,275601000.0,0.33940132090179936,34398000.0,22291000.0,116153000.0,-324000.0,175338000.0,711758000.0,0.0,15265000.0,115528000.0,0.14227218261596683,100263000.0,0.12347340770743613,-324000.0,100813000.0,0.12415073009195575,20040000.0,80773000.0,0.09947156539055024,0.49,0.48,164248000,169079000,https://www.six-group.com/en/products-services/the-swiss-stock-exchange.html,https://www.six-group.com/en/products-services/the-swiss-stock-exchange.html,1620594563,17:09:23,20210509
14,2017-09-30,LOGN.SW,USD,2017-09-30,2017-09-30,Q3,632470000,404733000.0,227737000.0,0.3600755767071956,36647000.0,25205000.0,107386000.0,459000.0,171729000.0,576462000.0,0.0,13865000.0,69873000.0,0.11047638623175803,56008000.0,0.08855439783705156,3389000.0,60445000.0,0.09556975034388983,4087000.0,56358000.0,0.08910778376840008,0.35,0.34,164120000,169078000,https://www.six-group.com/en/products-services/the-swiss-stock-exchange.html,https://www.six-group.com/en/products-services/the-swiss-stock-exchange.html,1620594563,17:09:23,20210509
15,2017-06-30,LOGN.SW,USD,2017-06-30,2017-06-30,Q2,529946000,336278000.0,193668000.0,0.36544855513580626,35099000.0,25354000.0,102378000.0,-473000.0,164221000.0,500499000.0,0.0,11741000.0,41188000.0,0.0777211263034347,29447000.0,0.05556603880395361,949000.0,31571000.0,0.059573994331497925,-5436000.0,37007000.0,0.0698316432240266,0.23,0.22,163407000,168339000,https://www.six-group.com/en/products-services/the-swiss-stock-exchange.html,https://www.six-group.com/en/products-services/the-swiss-stock-exchange.html,1620594563,17:09:23,20210509
16,2017-03-31,LOGN.SW,USD,2017-03-31,2017-03-31,Q1,510552000,312773000.0,197779000.0,0.3873826760055783,33658000.0,24683000.0,99941000.0,-181000.0,159561000.0,472334000.0,0.0,11391000.0,49609000.0,0.0971673796204892,38218000.0,0.07485623403688557,-1166000.0,38241000.0,0.07490128331688055,-1184000.0,39425000.0,0.07722034190444851,0.24332965072860027,0.23674981684541754,162023000,166526000,https://www.six-group.com/en/products-services/the-swiss-stock-exchange.html,https://www.six-group.com/en/products-services/the-swiss-stock-exchange.html,1620594563,17:09:23,20210509
17,2016-12-31,LOGN.SW,USD,2016-12-31,2016-12-31,Q4,666707000,419944000.0,246763000.0,0.3701221076124894,32284000.0,24631000.0,102036000.0,384000.0,160445000.0,580389000.0,0.0,11614000.0,97932000.0,0.1468891132086509,86318000.0,0.12946916711538953,12592000.0,99112000.0,0.14865900613012914,1647000.0,97465000.0,0.14618865558633704,0.6,0.59,161977000,165901000,https://www.six-group.com/en/products-services/the-swiss-stock-exchange.html,https://www.six-group.com/en/products-services/the-swiss-stock-exchange.html,1620594563,17:09:23,20210509
18,2016-09-30,LOGN.SW,USD,2016-09-30,2016-09-30,Q3,564304000,357431000.0,206873000.0,0.3665985000992373,32632000.0,25216000.0,93792000.0,163000.0,153388000.0,510819000.0,0.0,12670000.0,66155000.0,0.1172329099208937,53485000.0,0.0947804729365732,-757000.0,52638000.0,0.0932795089171794,5593000.0,47045000.0,0.08336818452465337,0.29,0.28,162222000,165549000,https://www.six-group.com/en/products-services/the-swiss-stock-exchange.html,https://www.six-group.com/en/products-services/the-swiss-stock-exchange.html,1620594563,17:09:23,20210509
19,2016-06-30,LOGN.SW,USD,2016-06-30,2016-06-30,Q2,479864000,311238000.0,168626000.0,0.35140373105713285,31951000.0,25740000.0,83872000.0,-201000.0,142856000.0,454094000.0,0.0,14813000.0,40583000.0,0.08457187869896471,25770000.0,0.053702715769468015,-923000.0,24998000.0,0.05209392661254022,3057000.0,21941000.0,0.04572337162195955,0.14,0.13,162130000,164303000,https://www.six-group.com/en/products-services/the-swiss-stock-exchange.html,https://www.six-group.com/en/products-services/the-swiss-stock-exchange.html,1620594563,17:09:23,20210509
20,2016-03-31,LOGN.SW,USD,2016-03-31,2016-03-31,Q1,430841000,288741000.0,142100000.0,0.3298200496238752,27288000.0,23582000.0,77091000.0,2518000.0,127961000.0,416702000.0,0.0,14573000.0,28712000.0,0.06664175415060312,14139000.0,0.03281721098966904,-1266000.0,13114000.0,0.030438143073662906,-3896000.0,28697000.0,0.06660693852256401,0.18,0.17,162671000,165365000,https://www.six-group.com/en/products-services/the-swiss-stock-exchange.html,https://www.six-group.com/en/products-services/the-swiss-stock-exchange.html,1620594563,17:09:23,20210509
21,2015-12-31,LOGN.SW,USD,2015-12-31,2015-12-31,Q4,621079000,412582000.0,208497000.0,0.33570125539585144,29273000.0,24080000.0,87295000.0,862000.0,140648000.0,553230000.0,0.0,14957000.0,82806000.0,0.13332603420820863,67849000.0,0.10924375160003799,1528000.0,69482000.0,0.11187304674606612,1442000.0,65086000.0,0.10479504217659912,0.4,0.39,162669000,165168000,https://www.six-group.com/en/products-services/the-swiss-stock-exchange.html,https://www.six-group.com/en/products-services/the-swiss-stock-exchange.html,1620594563,17:09:23,20210509
22,2015-09-30,LOGN.SW,USD,2015-09-30,2015-09-30,Q3,539862000,353851000.0,186011000.0,0.344552867214214,34898000.0,26851000.0,89877000.0,-92000.0,151626000.0,505477000.0,0.0,12215000.0,46600000.0,0.08631835543157325,34385000.0,0.06369220282220271,-9476000.0,25101000.0,0.04649521544394679,7004000.0,18097000.0,0.03352152957607685,0.11067486163348929,0.10912259332734366,163515000,165841000,https://www.six-group.com/en/products-services/the-swiss-stock-exchange.html,https://www.six-group.com/en/products-services/the-swiss-stock-exchange.html,1620594563,17:09:23,20210509
23,2015-06-30,LOGN.SW,USD,2015-06-30,2015-06-30,Q2,470320000,298591000.0,171729000.0,0.3651322503827181,33833000.0,30504000.0,87427000.0,54000.0,151764000.0,450355000.0,0.0,11248000.0,31213000.0,0.06636545330838578,19965000.0,0.042449821398196974,-14116000.0,6113000.0,0.012997533594148665,-1324000.0,7437000.0,0.015812638203776153,0.05,0.04,164431000,166895000,https://www.six-group.com/en/products-services/the-swiss-stock-exchange.html,https://www.six-group.com/en/products-services/the-swiss-stock-exchange.html,1620594563,17:09:23,20210509
24,2015-03-31,LOGN.SW,USD,2015-03-31,2015-03-31,Q1,467229000,310845000.0,156384000.0,0.33470525160039294,33755000.0,30489000.0,88378000.0,-151000.0,152622000.0,463467000.0,-65000.0,12482000.0,16244000.0,0.034766677582085015,3762000.0,0.008051726241307795,-116645000.0,-112495000.0,-0.24077058572990975,-3228000.0,-109267000.0,-0.23386176799813368,-0.6649687498098211,-0.6565579483728309,164319000,166424000,https://www.six-group.com/en/products-services/the-swiss-stock-exchange.html,https://www.six-group.com/en/products-services/the-swiss-stock-exchange.html,1620594563,17:09:23,20210509
25,2014-12-31,LOGN.SW,USD,2014-12-31,2014-12-31,Q4,634204000,402921000.0,231283000.0,0.36468234195936955,33616000.0,29808000.0,103307000.0,-95000.0,166731000.0,569652000.0,90000.0,12133000.0,76685000.0,0.12091535215798072,64552000.0,0.10178428392126193,-2870000.0,61906000.0,0.09761212480526771,-878000.0,62784000.0,0.09899653739175407,0.38392251105281505,0.37748690784687444,163533000,166321000,https://www.six-group.com/en/products-services/the-swiss-stock-exchange.html,https://www.six-group.com/en/products-services/the-swiss-stock-exchange.html,1620594563,17:09:23,20210509
26,2014-09-30,LOGN.SW,USD,2014-09-30,2014-09-30,Q3,530311000,325533000.0,204778000.0,0.3861469967622772,32325000.0,34470000.0,95862000.0,-190000.0,162657000.0,488190000.0,0.0,12317000.0,54438000.0,0.10265297155819887,42121000.0,0.0794269777545629,-885000.0,41591000.0,0.07842756420289226,5501000.0,36090000.0,0.06805440581092981,0.2210990626723029,0.21732454159515852,163230000,166065000,https://www.six-group.com/en/products-services/the-swiss-stock-exchange.html,https://www.six-group.com/en/products-services/the-swiss-stock-exchange.html,1620594563,17:09:23,20210509
27,2014-06-30,LOGN.SW,USD,2014-06-30,2014-06-30,Q2,482203000,300450000.0,181753000.0,0.3769221676347928,31316000.0,36680000.0,91045000.0,66000.0,159041000.0,459491000.0,3000.0,12733000.0,35445000.0,0.0735063863144775,22712000.0,0.047100495019732354,-198000.0,22772000.0,0.04722492394282076,3096000.0,19676000.0,0.040804391511458864,0.14,0.13,163012000,165833000,https://www.six-group.com/en/products-services/the-swiss-stock-exchange.html,https://www.six-group.com/en/products-services/the-swiss-stock-exchange.html,1620594563,17:09:23,20210509
28,2014-03-31,LOGN.SW,USD,2014-03-31,2014-03-31,Q1,490927000,328188000.0,162739000.0,0.3314932770045241,31458000.0,28837000.0,91778000.0,1230000.0,152073000.0,480261000.0,10000.0,22992000.0,33658000.0,0.06856009141888712,10666000.0,0.02172624443145315,-4558000.0,6573000.0,0.013388955995494238,-3787000.0,10360000.0,0.02110293383741371,0.06385011247727343,0.06249773777493575,162255000,165766000,https://www.six-group.com/en/products-services/the-swiss-stock-exchange.html,https://www.six-group.com/en/products-services/the-swiss-stock-exchange.html,1620594563,17:09:23,20210509
29,2013-12-31,LOGN.SW,USD,2013-12-31,2013-12-31,Q4,627890000,414528000.0,213362000.0,0.3398079281402793,34103000.0,31560000.0,93624000.0,216000.0,159287000.0,573815000.0,1460000.0,13945000.0,68020000.0,0.10833107709949195,54075000.0,0.08612177292200864,260000.0,53313000.0,0.08490818455461945,4810000.0,48503000.0,0.07724760706493175,0.30150244605926485,0.29685778637354027,160871000,163388000,https://www.six-group.com/en/products-services/the-swiss-stock-exchange.html,https://www.six-group.com/en/products-services/the-swiss-stock-exchange.html,1620594563,17:09:23,20210509
30,2013-09-30,LOGN.SW,USD,2013-09-30,2013-09-30,Q3,531972000,348559000.0,183413000.0,0.3447794244809877,37633000.0,29395000.0,93710000.0,260000.0,160738000.0,509297000.0,313000.0,14398000.0,37073000.0,0.06968975810756957,22675000.0,0.042624423841856336,-5403000.0,17455000.0,0.032811877316851264,3057000.0,14398000.0,0.027065334265713233,0.09000493845682601,0.08933036351340452,159969000,161177000,https://www.six-group.com/en/products-services/the-swiss-stock-exchange.html,https://www.six-group.com/en/products-services/the-swiss-stock-exchange.html,1620594563,17:09:23,20210509
31,2013-06-30,LOGN.SW,USD,2013-06-30,2013-06-30,Q2,477924000,309569000.0,168355000.0,0.352263121333099,36191000.0,29148000.0,100635000.0,-268000.0,165974000.0,475543000.0,445000.0,15403000.0,17784000.0,0.037210937303839106,2381000.0,0.004981963659493978,-2117000.0,241000.0,0.0005042642763284539,-802000.0,1043000.0,0.0021823553535708605,0.006547477055581364,0.006507321516586495,159298000,160281000,https://www.six-group.com/en/products-services/the-swiss-stock-exchange.html,https://www.six-group.com/en/products-services/the-swiss-stock-exchange.html,1620594563,17:09:23,20210509
32,2013-03-31,LOGN.SW,USD,2013-03-31,2013-03-31,Q1,469086000,312129000.0,156957000.0,0.3346017574602525,36582000.0,28982000.0,107481000.0,-284000.0,173045000.0,485174000.0,305000.0,15717000.0,-371000.0,-0.000790899749726063,-16088000.0,-0.03429648294768976,-19054000.0,-34886000.0,-0.07437015813731385,1028000.0,-35914000.0,-0.0765616539397893,-0.23,-0.23,158716000,158716000,https://www.six-group.com/en/products-services/the-swiss-stock-exchange.html,https://www.six-group.com/en/products-services/the-swiss-stock-exchange.html,1620594563,17:09:23,20210509
33,2012-12-31,LOGN.SW,USD,2012-12-31,2012-12-31,Q4,614500000,404402000.0,210098000.0,0.3419007323026851,40393000.0,26382000.0,112698000.0,-192000.0,179473000.0,583875000.0,313000.0,17211000.0,47836000.0,0.0778454027664768,30625000.0,0.04983726606997559,-214312000.0,-183573000.0,-0.2987355573637103,11370000.0,-194943000.0,-0.31723840520748575,-1.24,-1.24,157706000,157706000,https://www.six-group.com/en/products-services/the-swiss-stock-exchange.html,https://www.six-group.com/en/products-services/the-swiss-stock-exchange.html,1620594563,17:09:23,20210509
34,2012-09-30,LOGN.SW,USD,2012-09-30,2012-09-30,Q3,547693000,351698000.0,195995000.0,0.35785558698029735,38019000.0,25980000.0,110522000.0,0.0,174521000.0,526219000.0,342000.0,17180000.0,38654000.0,0.0705760343842262,21474000.0,0.039208096506619584,2162000.0,23789000.0,0.043434917006425135,-31076000.0,54865000.0,0.10017473292519714,0.3500472131482238,0.34739634779525363,156736000,157932000,https://www.six-group.com/en/products-services/the-swiss-stock-exchange.html,https://www.six-group.com/en/products-services/the-swiss-stock-exchange.html,1620594563,17:09:23,20210509
35,2012-06-30,LOGN.SW,USD,2012-06-30,2012-06-30,Q2,468604000,324352000.0,144252000.0,0.30783347986786286,38928000.0,32480000.0,100897000.0,0.0,172305000.0,496657000.0,348000.0,17384000.0,-10669000.0,-0.02276762468950329,-28053000.0,-0.059865045966316977,-31386000.0,-59055000.0,-0.12602325204223608,-6910000.0,-52145000.0,-0.11127732584442301,-0.32,-0.32,160733000,160733000,https://www.six-group.com/en/products-services/the-swiss-stock-exchange.html,https://www.six-group.com/en/products-services/the-swiss-stock-exchange.html,1620594563,17:09:23,20210509
36,2012-03-31,LOGN.SW,USD,2012-03-31,2012-03-31,Q1,531962000,338075000.0,193887000.0,0.36447528206901997,40948000.0,28896000.0,100302000.0,0.0,170146000.0,508221000.0,343000.0,17092000.0,40833000.0,0.07675924220151063,23741000.0,0.044629127644455806,6481000.0,30688000.0,0.05768833112139589,2402000.0,28286000.0,0.053172971001688094,0.1677251030270687,0.1677251030270687,168645000,168645000,https://www.six-group.com/en/products-services/the-swiss-stock-exchange.html,https://www.six-group.com/en/products-services/the-swiss-stock-exchange.html,1620594563,17:09:23,20210509
37,2011-12-31,LOGN.SW,USD,2011-12-31,2011-12-31,Q4,714596000,455922000.0,258674000.0,0.3619863531282011,41911000.0,30673000.0,116313000.0,0.0,188897000.0,644819000.0,103000.0,17261000.0,87038000.0,0.12180028995404396,69777000.0,0.09764538284569182,6713000.0,77407000.0,0.10832274459974588,22074000.0,55333000.0,0.07743256329450486,0.31983838430547445,0.3186356935550744,173003000,173656000,https://www.six-group.com/en/products-services/the-swiss-stock-exchange.html,https://www.six-group.com/en/products-services/the-swiss-stock-exchange.html,1620594563,17:09:23,20210509
38,2011-09-30,LOGN.SW,USD,2011-09-30,2011-09-30,Q3,589204000,390783000.0,198421000.0,0.33676112178464507,39491000.0,27989000.0,107446000.0,0.0,174926000.0,565709000.0,0.0,18347000.0,41842000.0,0.07101445339814394,23495000.0,0.03987583247907346,-1763000.0,22333000.0,0.03790368021941467,4888000.0,17445000.0,0.029607741970522943,0.09862730243444634,0.09840532048714723,176878000,177277000,https://www.six-group.com/en/products-services/the-swiss-stock-exchange.html,https://www.six-group.com/en/products-services/the-swiss-stock-exchange.html,1620594563,17:09:23,20210509
39,2011-06-30,LOGN.SW,USD,2011-06-30,2011-06-30,Q2,480441000,354834000.0,125607000.0,0.26144105103436216,39981000.0,30865000.0,99793000.0,0.0,170639000.0,525473000.0,0.0,19802000.0,-25230000.0,-0.052514252530487616,-45032000.0,-0.09373055172227183,5191000.0,-39151000.0,-0.0814897146579913,-9545000.0,-29606000.0,-0.061622550947983204,-0.17,-0.17,179331000,179331000,https://www.six-group.com/en/products-services/the-swiss-stock-exchange.html,https://www.six-group.com/en/products-services/the-swiss-stock-exchange.html,1620594563,17:09:23,20210509
40,2011-03-31,LOGN.SW,USD,2011-03-31,2011-03-31,Q1,547618000,368248000.0,179370000.0,0.32754584400074505,38119000.0,30836000.0,106777000.0,0.0,175732000.0,543980000.0,8000.0,19161000.0,22799000.0,0.04163303616754745,3638000.0,0.006643317056780456,2679000.0,6938000.0,0.0126694155414906,4162000.0,2776000.0,0.0050692270889561705,0.016460612529277475,0.016460612529277475,168645000,168645000,https://www.six-group.com/en/products-services/the-swiss-stock-exchange.html,https://www.six-group.com/en/products-services/the-swiss-stock-exchange.html,1620594563,17:09:23,20210509
41,2010-12-31,LOGN.SW,USD,2010-12-31,2010-12-31,Q4,754054000,482881000.0,271173000.0,0.35962013330610276,38955000.0,31264000.0,124914000.0,0.0,195133000.0,678014000.0,2000.0,19460000.0,95500000.0,0.12664875459847702,76040000.0,0.1008415842897193,795000.0,77374000.0,0.10261068835918913,12372000.0,65002000.0,0.08620337535508067,0.37,0.36,177233000,179703000,https://www.six-group.com/en/products-services/the-swiss-stock-exchange.html,https://www.six-group.com/en/products-services/the-swiss-stock-exchange.html,1620594563,17:09:23,20210509
42,2010-09-30,LOGN.SW,USD,2010-09-30,2010-09-30,Q3,581884000,364950000.0,216934000.0,0.3728131380137622,40927000.0,27420000.0,97412000.0,0.0,165759000.0,530709000.0,15000.0,18121000.0,69296000.0,0.11908902805370143,51175000.0,0.08794708223632201,-1794000.0,50016000.0,0.0859552763093675,8856000.0,41160000.0,0.0707357480185054,0.23338757874562682,0.23127363446853702,176359000,177971000,https://www.six-group.com/en/products-services/the-swiss-stock-exchange.html,https://www.six-group.com/en/products-services/the-swiss-stock-exchange.html,1620594563,17:09:23,20210509
43,2010-06-30,LOGN.SW,USD,2010-06-30,2010-06-30,Q2,479330000,310301000.0,169029000.0,0.35263597104291405,38389000.0,27360000.0,91477000.0,0.0,157226000.0,467527000.0,2000.0,19249000.0,31052000.0,0.06478209166962218,11803000.0,0.02462395426950118,1796000.0,14120000.0,0.029457784824651074,-5402000.0,19522000.0,0.04072768239000271,0.11124153807580972,0.11007115551596207,175492000,177358000,https://www.six-group.com/en/products-services/the-swiss-stock-exchange.html,https://www.six-group.com/en/products-services/the-swiss-stock-exchange.html,1620594563,17:09:23,20210509
44,2010-03-31,LOGN.SW,USD,2010-03-31,2010-03-31,Q1,525444000,337122000.0,188322000.0,0.35840546280859614,39697000.0,30943000.0,89693000.0,0.0,160333000.0,497455000.0,0.0,21441000.0,49430000.0,0.09407282222272972,27989000.0,0.053267332008739274,433000.0,28897000.0,0.05499539437123652,4404000.0,24493000.0,0.04661391128264858,0.14523407157045864,0.14523407157045864,168645000,168645000,https://www.six-group.com/en/products-services/the-swiss-stock-exchange.html,https://www.six-group.com/en/products-services/the-swiss-stock-exchange.html,1620594563,17:09:23,20210509
45,2009-12-31,LOGN.SW,USD,2009-12-31,2009-12-31,Q4,617101000,408137000.0,208964000.0,0.33862204080045244,32931000.0,30284000.0,87322000.0,0.0,150537000.0,558674000.0,0.0,18794000.0,77221000.0,0.12513510754317364,58427000.0,0.0946798011994795,3052000.0,61893000.0,0.1002963858428361,4807000.0,57086000.0,0.09250673714675556,0.3244204747588982,0.31998340835075645,175963000,178403000,https://www.six-group.com/en/products-services/the-swiss-stock-exchange.html,https://www.six-group.com/en/products-services/the-swiss-stock-exchange.html,1620594563,17:09:23,20210509
46,2009-09-30,LOGN.SW,USD,2009-09-30,2009-09-30,Q3,498093000,346305000.0,151788000.0,0.30473827176852514,31825000.0,23739000.0,68835000.0,0.0,124399000.0,470704000.0,0.0,16850000.0,44239000.0,0.08881674707333771,27389000.0,0.054987723176194006,-1483000.0,26545000.0,0.05329326049552995,5802000.0,20743000.0,0.04164483339456688,0.12,0.11,178395000,180989000,https://www.six-group.com/en/products-services/the-swiss-stock-exchange.html,https://www.six-group.com/en/products-services/the-swiss-stock-exchange.html,1620594563,17:09:23,20210509
47,2009-06-30,LOGN.SW,USD,2009-06-30,2009-06-30,Q2,326110000,248288000.0,77822000.0,0.23863726963294593,31360000.0,21181000.0,58938000.0,0.0,111479000.0,359767000.0,0.0,13810000.0,-19847000.0,-0.06085983257183159,-33657000.0,-0.10320750666952869,-647000.0,-33712000.0,-0.10337616141792647,3653000.0,-37365000.0,-0.11457790316150993,-0.21,-0.21,179751000,179751000,https://www.six-group.com/en/products-services/the-swiss-stock-exchange.html,https://www.six-group.com/en/products-services/the-swiss-stock-exchange.html,1620594563,17:09:23,20210509
48,2009-03-31,LOGN.SW,USD,2009-03-31,2009-03-31,Q1,407948000,305864000.0,102084000.0,0.2502377754027474,29744000.0,95002000.0,0.0,0.0,124746000.0,430610000.0,0.0,12529000.0,-10133000.0,-0.024838950062262836,-22662000.0,-0.05555119770166786,-19845000.0,-41418000.0,-0.1015276456803318,-6340000.0,-35078000.0,-0.0859864492533362,-0.20799905126152568,-0.20799905126152568,168645000,168645000,https://www.six-group.com/en/products-services/the-swiss-stock-exchange.html,https://www.six-group.com/en/products-services/the-swiss-stock-exchange.html,1620594563,17:09:23,20210509
49,2008-12-31,LOGN.SW,USD,2008-12-31,2008-12-31,Q4,627466000,439970000.0,187496000.0,0.2988145971255813,32401000.0,112319000.0,0.0,0.0,144720000.0,584690000.0,0.0,13687000.0,56463000.0,0.08998575221605633,42776000.0,0.0681726181179538,8101000.0,53089000.0,0.08460856843239314,12596000.0,40493000.0,0.06453417396321076,0.23,0.22,178497000,181145000,https://www.six-group.com/en/products-services/the-swiss-stock-exchange.html,https://www.six-group.com/en/products-services/the-swiss-stock-exchange.html,1620594563,17:09:23,20210509
50,2008-09-30,LOGN.SW,USD,2008-09-30,2008-09-30,Q3,664707000,436633000.0,228074000.0,0.3431196000643893,33351000.0,114360000.0,0.0,0.0,147711000.0,584344000.0,0.0,13771000.0,94134000.0,0.14161728400633664,80363000.0,0.12089988521258238,-853000.0,82285000.0,0.12379138477554773,9974000.0,72311000.0,0.10878627726201168,0.41,0.39,178630000,183509000,https://www.six-group.com/en/products-services/the-swiss-stock-exchange.html,https://www.six-group.com/en/products-services/the-swiss-stock-exchange.html,1620594563,17:09:23,20210509
51,2008-06-30,LOGN.SW,USD,2008-06-30,2008-06-30,Q2,508711000,335139000.0,173572000.0,0.3411996202165866,33259000.0,110589000.0,0.0,0.0,143848000.0,478987000.0,0.0,12200000.0,41924000.0,0.08241221440071081,29724000.0,0.058430031982795734,561000.0,32837000.0,0.06454942000467849,3531000.0,29306000.0,0.05760834737208356,0.1636786077320912,0.158674983215299,179046000,184692000,https://www.six-group.com/en/products-services/the-swiss-stock-exchange.html,https://www.six-group.com/en/products-services/the-swiss-stock-exchange.html,1620594563,17:09:23,20210509
52,2008-03-31,LOGN.SW,USD,2008-03-31,2008-03-31,Q1,601234000,387290000.0,213944000.0,0.3558414860104385,33462000.0,114343000.0,0.0,0.0,147805000.0,535095000.0,0.0,12537000.0,78676000.0,0.13085753633360722,66139000.0,0.11000542218171294,-1852000.0,68031000.0,0.11315228347032935,7693000.0,60338000.0,0.10035693257533672,0.35778113789320765,0.35778113789320765,168645000,168645000,https://www.six-group.com/en/products-services/the-swiss-stock-exchange.html,https://www.six-group.com/en/products-services/the-swiss-stock-exchange.html,1620594563,17:09:23,20210509
53,2007-12-31,LOGN.SW,USD,2007-12-31,2007-12-31,Q4,744235000,469801000.0,274434000.0,0.36874643089884246,31378000.0,126830000.0,0.0,0.0,158208000.0,628009000.0,0.0,14246000.0,130472000.0,0.17531021787473042,116226000.0,0.15616841454648062,26182000.0,146709000.0,0.19712725147298904,13137000.0,133572000.0,0.17947556887273508,0.74,0.71,181549000,188813000,https://www.six-group.com/en/products-services/the-swiss-stock-exchange.html,https://www.six-group.com/en/products-services/the-swiss-stock-exchange.html,1620594563,17:09:23,20210509
54,2007-09-30,LOGN.SW,USD,2007-09-30,2007-09-30,Q3,595490000,379536000.0,215954000.0,0.36264924683873784,30939000.0,104612000.0,0.0,0.0,135551000.0,515087000.0,0.0,12395000.0,92798000.0,0.15583469075887085,80403000.0,0.1350198995784984,-65023000.0,19305000.0,0.032418680414448606,7743000.0,11562000.0,0.01941594317284925,0.06371687268198326,0.061404300744053154,181459000,188293000,https://www.six-group.com/en/products-services/the-swiss-stock-exchange.html,https://www.six-group.com/en/products-services/the-swiss-stock-exchange.html,1620594563,17:09:23,20210509
55,2007-06-30,LOGN.SW,USD,2007-06-30,2007-06-30,Q2,429537000,284751000.0,144786000.0,0.337074570991556,28765000.0,92109000.0,0.0,0.0,120874000.0,405625000.0,0.0,10044000.0,33956000.0,0.07905256124617903,23912000.0,0.055669243860249525,1319000.0,28769000.0,0.06697676800834387,3215000.0,25554000.0,0.059491964603747755,0.14055950979637188,0.13502774108322324,181802000,189250000,https://www.six-group.com/en/products-services/the-swiss-stock-exchange.html,https://www.six-group.com/en/products-services/the-swiss-stock-exchange.html,1620594563,17:09:23,20210509
56,2007-03-31,LOGN.SW,USD,2007-03-31,2007-03-31,Q1,512734000,335743000.0,176991000.0,0.34519068366833483,28432000.0,93261000.0,0.0,0.0,121693000.0,457436000.0,0.0,10535000.0,65833000.0,0.12839601040695564,55298000.0,0.10784929417592748,3531000.0,62041000.0,0.12100036276119781,5848000.0,56193000.0,0.10959483864928013,0.3332028817931157,0.3332028817931157,168645000,168645000,https://www.six-group.com/en/products-services/the-swiss-stock-exchange.html,https://www.six-group.com/en/products-services/the-swiss-stock-exchange.html,1620594563,17:09:23,20210509
57,2006-12-31,LOGN.SW,USD,2006-12-31,2006-12-31,Q4,658512000,419855000.0,238657000.0,0.36241860436863715,28778000.0,110283000.0,0.0,0.0,139061000.0,558916000.0,0.0,11409000.0,111005000.0,0.16856944140729402,99596000.0,0.15124401681366476,2593000.0,104234000.0,0.15828716864688874,9930000.0,94304000.0,0.14320771679179725,0.52,0.49,182652000,191145000,https://www.six-group.com/en/products-services/the-swiss-stock-exchange.html,https://www.six-group.com/en/products-services/the-swiss-stock-exchange.html,1620594563,17:09:23,20210509
58,2006-09-30,LOGN.SW,USD,2006-09-30,2006-09-30,Q3,502041000,329076000.0,172965000.0,0.34452365444256544,26118000.0,94670000.0,0.0,0.0,120788000.0,449864000.0,0.0,9717000.0,61894000.0,0.12328475164379005,52177000.0,0.10392975872488502,1107000.0,55214000.0,0.10997906545481345,6010000.0,49204000.0,0.09800793162311444,0.27,0.26,182502000,190276000,https://www.six-group.com/en/products-services/the-swiss-stock-exchange.html,https://www.six-group.com/en/products-services/the-swiss-stock-exchange.html,1620594563,17:09:23,20210509
59,2006-06-30,LOGN.SW,USD,2006-06-30,2006-06-30,Q2,393282000,272370000.0,120912000.0,0.3074435138145148,25645000.0,71476000.0,0.0,0.0,97121000.0,369491000.0,0.0,8454000.0,32245000.0,0.0819895138857105,23791000.0,0.06049348813319704,8731000.0,34068000.0,0.08662486460097335,3921000.0,30147000.0,0.07665491937083314,0.17,0.16,182648000,190646000,https://www.six-group.com/en/products-services/the-swiss-stock-exchange.html,https://www.six-group.com/en/products-services/the-swiss-stock-exchange.html,1620594563,17:09:23,20210509
60,2006-03-31,LOGN.SW,USD,2006-03-31,2006-03-31,Q1,466056000,317187000.0,148869000.0,0.3194229877954581,23064000.0,71034000.0,0.0,0.0,94098000.0,411285000.0,0.0,7565000.0,62336000.0,0.13375216712154764,54771000.0,0.11752021216334518,2807000.0,58709000.0,0.12596984053418472,7586000.0,51123000.0,0.10969282661311087,0.3031397313884195,0.3031397313884195,168645000,168645000,https://www.six-group.com/en/products-services/the-swiss-stock-exchange.html,https://www.six-group.com/en/products-services/the-swiss-stock-exchange.html,1620594563,17:09:23,20210509
61,2005-12-31,LOGN.SW,USD,2005-12-31,2005-12-31,Q4,573856000,388349000.0,185507000.0,0.3232640244242458,22380000.0,82454000.0,0.0,0.0,104834000.0,493183000.0,0.0,8880000.0,89553000.0,0.15605482908604248,80673000.0,0.14058056376512573,1108000.0,82963000.0,0.14457111191657837,11615000.0,71348000.0,0.12433084258071711,0.385,0.355,185794000,200380000,https://www.six-group.com/en/products-services/the-swiss-stock-exchange.html,https://www.six-group.com/en/products-services/the-swiss-stock-exchange.html,1620594563,17:09:23,20210509
62,2005-09-30,LOGN.SW,USD,2005-09-30,2005-09-30,Q3,422101000,289739000.0,132362000.0,0.3135789775432894,21491000.0,72631000.0,0.0,0.0,94122000.0,383861000.0,0.0,9891000.0,48131000.0,0.11402721149677447,38240000.0,0.0905944311906392,3203000.0,42136000.0,0.0998244495985558,5899000.0,36237000.0,0.08584912141880735,0.205,0.185,177378000,199670000,https://www.six-group.com/en/products-services/the-swiss-stock-exchange.html,https://www.six-group.com/en/products-services/the-swiss-stock-exchange.html,1620594563,17:09:23,20210509
63,2005-06-30,LOGN.SW,USD,2005-06-30,2005-06-30,Q2,334702000,227330000.0,107372000.0,0.32079880012667983,21018000.0,61127000.0,0.0,0.0,82145000.0,309475000.0,0.0,8185000.0,33412000.0,0.09982611397601449,25227000.0,0.07537152452031957,234000.0,26046000.0,0.0778184773320745,3649000.0,22397000.0,0.0669162419107146,0.125,0.115,176914000,197812000,https://www.six-group.com/en/products-services/the-swiss-stock-exchange.html,https://www.six-group.com/en/products-services/the-swiss-stock-exchange.html,1620594563,17:09:23,20210509
64,2005-03-31,LOGN.SW,USD,2005-03-31,2005-03-31,Q1,402648000,267524000.0,135124000.0,0.33558840476048557,20558000.0,67616000.0,0.0,0.0,88174000.0,355698000.0,0.0,8868000.0,55818000.0,0.13862728735769209,46950000.0,0.11660308756035048,-40000.0,47333000.0,0.1175542905962528,7100000.0,40233000.0,0.09992102282887286,0.2385662189806991,0.2385662189806991,168645000,168645000,https://www.six-group.com/en/products-services/the-swiss-stock-exchange.html,https://www.six-group.com/en/products-services/the-swiss-stock-exchange.html,1620594563,17:09:23,20210509
65,2004-12-31,LOGN.SW,USD,2004-12-31,2004-12-31,Q4,483816000,315488000.0,168328000.0,0.34791739008218,19160000.0,75567000.0,0.0,0.0,94727000.0,410215000.0,0.0,8356000.0,81957000.0,0.16939704350414206,73601000.0,0.15212601484862015,1682000.0,75516000.0,0.15608413115729947,11327000.0,64189000.0,0.13267233824429123,0.365,0.33,175316000,196704000,https://www.six-group.com/en/products-services/the-swiss-stock-exchange.html,https://www.six-group.com/en/products-services/the-swiss-stock-exchange.html,1620594563,17:09:23,20210509
66,2004-09-30,LOGN.SW,USD,2004-09-30,2004-09-30,Q3,329568000,220299000.0,109269000.0,0.33155221380716576,17503000.0,62219000.0,0.0,0.0,79722000.0,300021000.0,0.0,7825000.0,37372000.0,0.11339693174094573,29547000.0,0.08965372851733178,1253000.0,30575000.0,0.09277296339450432,4586000.0,25989000.0,0.07885777745412176,0.1475,0.135,176448000,196876000,https://www.six-group.com/en/products-services/the-swiss-stock-exchange.html,https://www.six-group.com/en/products-services/the-swiss-stock-exchange.html,1620594563,17:09:23,20210509
67,2004-06-30,LOGN.SW,USD,2004-06-30,2004-06-30,Q2,266594000,175728000.0,90866000.0,0.3408403790032784,16679000.0,52611000.0,0.0,0.0,69290000.0,245018000.0,0.0,7312000.0,28888000.0,0.1083595279713722,21576000.0,0.08093205398471083,896000.0,22182000.0,0.08320517340975415,3327000.0,18855000.0,0.0707255227049371,0.105,0.0975,179312000,201180000,https://www.six-group.com/en/products-services/the-swiss-stock-exchange.html,https://www.six-group.com/en/products-services/the-swiss-stock-exchange.html,1620594563,17:09:23,20210509
68,2004-03-31,LOGN.SW,USD,2004-03-31,2004-03-31,Q1,347128000,231781000.0,115347000.0,0.3322895300868844,16571000.0,53836000.0,0.0,0.0,70407000.0,302188000.0,0.0,7103000.0,52043000.0,0.14992452351870203,44940000.0,0.12946233089811252,480000.0,45231000.0,0.13030063838123113,6779000.0,38452000.0,0.11077181904081491,0.22800557383853656,0.22800557383853656,168645000,168645000,https://www.six-group.com/en/products-services/the-swiss-stock-exchange.html,https://www.six-group.com/en/products-services/the-swiss-stock-exchange.html,1620594563,17:09:23,20210509
69,2003-12-31,LOGN.SW,USD,2003-12-31,2003-12-31,Q4,409557000,269082000.0,140475000.0,0.34299255048747795,15582000.0,59551000.0,0.0,0.0,75133000.0,344215000.0,0.0,9006000.0,74348000.0,0.1815327292660118,65342000.0,0.15954311609861388,1786000.0,66812000.0,0.16313236008663018,12000.0,66800000.0,0.1631030601357076,0.3725,0.3375,179517956,199056780,https://www.six-group.com/en/products-services/the-swiss-stock-exchange.html,https://www.six-group.com/en/products-services/the-swiss-stock-exchange.html,1620594563,17:09:23,20210509
70,2003-09-30,LOGN.SW,USD,2003-09-30,2003-09-30,Q3,293593000,201131000.0,92462000.0,0.3149325767303716,14541000.0,50502000.0,0.0,0.0,65043000.0,266174000.0,0.0,8057000.0,35476000.0,0.1208339435885733,27419000.0,0.09339119120687482,190000.0,26505000.0,0.0902780379641204,5301000.0,21204000.0,0.07222243037129632,0.115,0.11,182676736,200374840,https://www.six-group.com/en/products-services/the-swiss-stock-exchange.html,https://www.six-group.com/en/products-services/the-swiss-stock-exchange.html,1620594563,17:09:23,20210509
71,2003-06-30,LOGN.SW,USD,2003-06-30,2003-06-30,Q2,218192000,157554000.0,60638000.0,0.2779111974774511,14595000.0,38190000.0,0.0,0.0,52785000.0,210339000.0,0.0,7238000.0,15091000.0,0.06916385568673462,7853000.0,0.03599123707560314,-483000.0,7121000.0,0.0326363936349637,1424000.0,5697000.0,0.026110031531861845,0.031135658978871494,0.029637034196549106,182973484,192225712,https://www.six-group.com/en/products-services/the-swiss-stock-exchange.html,https://www.six-group.com/en/products-services/the-swiss-stock-exchange.html,1620594563,17:09:23,20210509
72,2003-03-31,LOGN.SW,USD,2003-03-31,2003-03-31,Q1,301704000,206457000.0,95247000.0,0.31569684193779335,15342000.0,45080000.0,0.0,0.0,60422000.0,266879000.0,0.0,6616000.0,41441000.0,0.13735648184976004,34825000.0,0.11542770397475671,-850000.0,33287000.0,0.11032999231034392,6665000.0,26622000.0,0.08823880359557712,0.1578582228942453,0.1578582228942453,168645000,168645000,https://www.six-group.com/en/products-services/the-swiss-stock-exchange.html,https://www.six-group.com/en/products-services/the-swiss-stock-exchange.html,1620594563,17:09:23,20210509
73,2002-12-31,LOGN.SW,USD,2002-12-31,2002-12-31,Q4,351756000,234744000.0,117012000.0,0.3326510421997066,14220000.0,52021000.0,0.0,0.0,66241000.0,300985000.0,0.0,9534000.0,60305000.0,0.17143986172233025,50771000.0,0.14433584643900885,8000.0,50540000.0,0.14367914122289313,10108000.0,40432000.0,0.11494331297831452,0.22,0.2,184183820,204673676,https://www.six-group.com/en/products-services/the-swiss-stock-exchange.html,https://www.six-group.com/en/products-services/the-swiss-stock-exchange.html,1620594563,17:09:23,20210509
74,2002-09-30,LOGN.SW,USD,2002-09-30,2002-09-30,Q3,251764000,165831000.0,85933000.0,0.3413236205335155,13730000.0,46532000.0,0.0,0.0,60262000.0,226093000.0,0.0,7117000.0,32788000.0,0.1302330754198376,25671000.0,0.10196453821833146,634000.0,26248000.0,0.10425636707392638,5241000.0,21007000.0,0.0834392526334186,0.115,0.105,184533600,206373668,https://www.six-group.com/en/products-services/the-swiss-stock-exchange.html,https://www.six-group.com/en/products-services/the-swiss-stock-exchange.html,1620594563,17:09:23,20210509
75,2002-06-30,LOGN.SW,USD,2002-06-30,2002-06-30,Q2,195064000,128752000.0,66312000.0,0.3399499651396465,12903000.0,40794000.0,0.0,0.0,53697000.0,182449000.0,0.0,7302000.0,19917000.0,0.10210495017020055,12615000.0,0.0646710823114465,1074000.0,13477000.0,0.06909014477299757,2695000.0,10782000.0,0.055274166427428946,0.0575,0.055,184260500,210169668,https://www.six-group.com/en/products-services/the-swiss-stock-exchange.html,https://www.six-group.com/en/products-services/the-swiss-stock-exchange.html,1620594563,17:09:23,20210509
76,2002-03-31,LOGN.SW,USD,2002-03-31,2002-03-31,Q1,223676000,168475000.0,55201000.0,0.24678999982116992,16632000.0,10482000.0,0.0,0.0,27114000.0,195589000.0,0.0,7608000.0,35695000.0,0.15958350471217297,28087000.0,0.12557002092312095,-1018000.0,26903000.0,0.12027665015468803,5380000.0,21523000.0,0.09622400257515334,0.12762311364108037,0.12762311364108037,168645000,168645000,https://www.six-group.com/en/products-services/the-swiss-stock-exchange.html,https://www.six-group.com/en/products-services/the-swiss-stock-exchange.html,1620594563,17:09:23,20210509
77,2001-12-31,LOGN.SW,USD,2001-12-31,2001-12-31,Q4,314174000,195237000.0,118937000.0,0.37857047368655583,12353000.0,64330000.0,0.0,0.0,76683000.0,271920000.0,0.0,7555000.0,49809000.0,0.15853953541667992,42254000.0,0.13449235137216956,-236000.0,41465000.0,0.13198100415693215,8292000.0,33173000.0,0.10558798627512143,0.185,0.165,179128236,205164660,https://www.six-group.com/en/products-services/the-swiss-stock-exchange.html,https://www.six-group.com/en/products-services/the-swiss-stock-exchange.html,1620594563,17:09:23,20210509
78,2001-09-30,LOGN.SW,USD,2001-09-30,2001-09-30,Q3,227829000,146896000.0,80933000.0,0.3552357250393936,11077000.0,51140000.0,0.0,0.0,62217000.0,209113000.0,0.0,9430000.0,28146000.0,0.1235400234386316,18716000.0,0.08214933129671816,-1209000.0,17438000.0,0.07653986103612798,3497000.0,13941000.0,0.061190629814466116,0.0775,0.07,179568932,205124656,https://www.six-group.com/en/products-services/the-swiss-stock-exchange.html,https://www.six-group.com/en/products-services/the-swiss-stock-exchange.html,1620594563,17:09:23,20210509
79,2001-06-30,LOGN.SW,USD,2001-06-30,2001-06-30,Q2,177867000,117390000.0,60477000.0,0.3400124812359797,10469000.0,41847000.0,0.0,0.0,52316000.0,169706000.0,0.0,7177000.0,15338000.0,0.0862329718272642,8161000.0,0.04588259767129372,896000.0,7889000.0,0.044353365154862906,1570000.0,6319000.0,0.035526545115170324,0.035,0.0325,178126960,193785080,https://www.six-group.com/en/products-services/the-swiss-stock-exchange.html,https://www.six-group.com/en/products-services/the-swiss-stock-exchange.html,1620594563,17:09:23,20210509
80,2001-03-31,LOGN.SW,USD,2001-03-31,2001-03-31,Q1,197393000,128139000.0,69254000.0,0.35084324165497255,13201000.0,40985000.0,0.0,0.0,-112576000.0,15563000.0,0.0,4996000.0,186826000.0,0.9464671999513661,181830000.0,0.9211572852127482,1026000.0,14337000.0,0.07263175492545329,3523000.0,10814000.0,0.05478411088539107,0.06412286163242313,0.06412286163242313,168645000,168645000,https://www.six-group.com/en/products-services/the-swiss-stock-exchange.html,https://www.six-group.com/en/products-services/the-swiss-stock-exchange.html,1620594563,17:09:23,20210509
81,2000-12-31,LOGN.SW,USD,2000-12-31,2000-12-31,Q4,231982000,144697000.0,87285000.0,0.3762576406790182,9456000.0,45319000.0,0.0,0.0,61751000.0,206448000.0,0.0,6976000.0,32510000.0,0.14014018329008285,25534000.0,0.11006888465484391,-263000.0,24875000.0,0.10722814701140605,4975000.0,19900000.0,0.08578251760912485,0.1175,0.105,169701760,187936120,https://www.six-group.com/en/products-services/the-swiss-stock-exchange.html,https://www.six-group.com/en/products-services/the-swiss-stock-exchange.html,1620594563,17:09:23,20210509
82,2000-09-30,LOGN.SW,USD,2000-09-30,2000-09-30,Q3,190565000,120684000.0,69881000.0,0.36670427413218587,8794000.0,43413000.0,0.0,0.0,57908000.0,178592000.0,0.0,5701000.0,17674000.0,0.09274525752367958,11973000.0,0.06282895599926534,-103000.0,11711000.0,0.06145409702726104,2343000.0,9368000.0,0.049159079579146225,0.055,0.05,168346480,188567080,https://www.six-group.com/en/products-services/the-swiss-stock-exchange.html,https://www.six-group.com/en/products-services/the-swiss-stock-exchange.html,1620594563,17:09:23,20210509
83,2000-06-30,LOGN.SW,USD,2000-06-30,2000-06-30,Q2,141416000,89758000.0,51658000.0,0.36529105617469027,8509000.0,34714000.0,0.0,0.0,47590000.0,137348000.0,0.0,4367000.0,8435000.0,0.05964671607173163,4068000.0,0.02876619335860157,1967000.0,6231000.0,0.04406149233467217,1246000.0,4985000.0,0.03525060813486451,0.03,0.0275,166122840,187233600,https://www.six-group.com/en/products-services/the-swiss-stock-exchange.html,https://www.six-group.com/en/products-services/the-swiss-stock-exchange.html,1620594563,17:09:23,20210509
84,2000-03-31,LOGN.SW,USD,2000-03-31,2000-03-31,Q1,175864000,108854000.0,67010000.0,0.38103307100941636,8766000.0,37759000.0,0.0,0.0,53340000.0,162194000.0,0.0,6815000.0,20485000.0,0.11648205431469773,13670000.0,0.07773051903743802,-2152000.0,11655000.0,0.0662728017104126,2311000.0,9344000.0,0.05313196560978938,0.055406326899700556,0.055406326899700556,168645000,168645000,https://www.six-group.com/en/products-services/the-swiss-stock-exchange.html,https://www.six-group.com/en/products-services/the-swiss-stock-exchange.html,1620594563,17:09:23,20210509
85,1999-12-31,LOGN.SW,USD,1999-12-31,1999-12-31,Q4,185400000,114300000.0,71100000.0,0.38349514563106796,7600000.0,39200000.0,0.0,0.0,50600000.0,164900000.0,0.0,3800000.0,24300000.0,0.13106796116504854,20500000.0,0.11057173678532901,-1800000.0,18600000.0,0.10032362459546926,3700000.0,14900000.0,0.08036677454153182,0.095,0.0875,82000000,82000000,https://www.six-group.com/en/products-services/the-swiss-stock-exchange.html,https://www.six-group.com/en/products-services/the-swiss-stock-exchange.html,1620594563,17:09:23,20210509
86,1999-09-30,LOGN.SW,USD,1999-09-30,1999-09-30,Q3,133200000,85200000.0,48000000.0,0.36036036036036034,8200000.0,29200000.0,0.0,0.0,42200000.0,127400000.0,0.0,4800000.0,10600000.0,0.07957957957957958,5800000.0,0.04354354354354354,800000.0,6500000.0,0.048798798798798795,1300000.0,5200000.0,0.03903903903903904,0.0325,0.0325,79184000,79184000,https://www.six-group.com/en/products-services/the-swiss-stock-exchange.html,https://www.six-group.com/en/products-services/the-swiss-stock-exchange.html,1620594563,17:09:23,20210509
87,1999-06-30,LOGN.SW,USD,1999-06-30,1999-06-30,Q2,114400000,80500000.0,33900000.0,0.29632867132867136,7000000.0,21300000.0,0.0,0.0,32900000.0,113400000.0,0.0,4600000.0,5600000.0,0.04895104895104895,1000000.0,0.008741258741258742,-100000.0,700000.0,0.006118881118881119,100000.0,600000.0,0.005244755244755245,0.005,0.005,80068000,80068000,https://www.six-group.com/en/products-services/the-swiss-stock-exchange.html,https://www.six-group.com/en/products-services/the-swiss-stock-exchange.html,1620594563,17:09:23,20210509
88,1999-03-31,LOGN.SW,USD,1999-03-31,1999-03-31,Q1,139600000,96000000.0,43600000.0,0.3123209169054441,9100000.0,23600000.0,0.0,0.0,37500000.0,133500000.0,0.0,4800000.0,10900000.0,0.07808022922636103,6100000.0,0.04369627507163324,1100000.0,5000000.0,0.03581661891117478,800000.0,4200000.0,0.03008595988538682,0.02490438495063595,0.02490438495063595,168645000,168645000,https://www.six-group.com/en/products-services/the-swiss-stock-exchange.html,https://www.six-group.com/en/products-services/the-swiss-stock-exchange.html,1620594563,17:09:23,20210509
89,1998-12-31,LOGN.SW,USD,1998-12-31,1998-12-31,Q4,146200000,95100000.0,51100000.0,0.34952120383036933,8400000.0,26100000.0,0.0,0.0,38800000.0,133900000.0,0.0,4300000.0,16600000.0,0.11354309165526676,12300000.0,0.08413132694938441,-1200000.0,11300000.0,0.07729138166894665,1700000.0,9600000.0,0.06566347469220246,0.0625,0.0625,153600000,153600000,https://www.six-group.com/en/products-services/the-swiss-stock-exchange.html,https://www.six-group.com/en/products-services/the-swiss-stock-exchange.html,1620594563,17:09:23,20210509
90,1998-09-30,LOGN.SW,USD,1998-09-30,1998-09-30,Q3,92200000,57100000.0,35100000.0,0.3806941431670282,7600000.0,20400000.0,0.0,0.0,31600000.0,88700000.0,0.0,3600000.0,7100000.0,0.0770065075921909,3500000.0,0.03796095444685466,-11900000.0,-8400000.0,-0.0911062906724512,-1300000.0,-7100000.0,-0.0770065075921909,-0.0475,-0.0475,149473684,149473684,https://www.six-group.com/en/products-services/the-swiss-stock-exchange.html,https://www.six-group.com/en/products-services/the-swiss-stock-exchange.html,1620594563,17:09:23,20210509
91,1998-06-30,LOGN.SW,USD,1998-06-30,1998-06-30,Q2,70100000,44000000.0,26100000.0,0.3723252496433666,6400000.0,16400000.0,0.0,0.0,25900000.0,69900000.0,0.0,3100000.0,3300000.0,0.047075606276747506,200000.0,0.0028530670470756064,700000.0,600000.0,0.008559201141226819,100000.0,500000.0,0.007132667617689016,0.005,0.005,100000000,100000000,https://www.six-group.com/en/products-services/the-swiss-stock-exchange.html,https://www.six-group.com/en/products-services/the-swiss-stock-exchange.html,1620594563,17:09:23,20210509
92,1998-03-31,LOGN.SW,USD,1998-03-31,1998-03-31,Q1,86100000,55500000.0,30600000.0,0.3554006968641115,6900000.0,18400000.0,0.0,0.0,27900000.0,83400000.0,0.0,2600000.0,5300000.0,0.06155632984901278,2700000.0,0.0313588850174216,-2000000.0,200000.0,0.0023228803716608595,-400000.0,600000.0,0.006968641114982578,0.0035577692786622787,0.0035577692786622787,168645000,168645000,https://www.six-group.com/en/products-services/the-swiss-stock-exchange.html,https://www.six-group.com/en/products-services/the-swiss-stock-exchange.html,1620594563,17:09:23,20210509
93,1997-12-31,LOGN.SW,USD,1997-12-31,1997-12-31,Q4,114800000,75400000.0,39400000.0,0.343205574912892,6800000.0,20200000.0,0.0,0.0,31200000.0,106600000.0,0.0,4300000.0,12500000.0,0.10888501742160278,8200000.0,0.07142857142857142,1700000.0,9800000.0,0.08536585365853659,700000.0,9100000.0,0.07926829268292683,0.06,0.0575,80068000,80068000,https://www.six-group.com/en/products-services/the-swiss-stock-exchange.html,https://www.six-group.com/en/products-services/the-swiss-stock-exchange.html,1620594563,17:09:23,20210509
94,1997-09-30,LOGN.SW,USD,1997-09-30,1997-09-30,Q3,99200000,67800000.0,31400000.0,0.3165322580645161,6800000.0,17400000.0,0.0,0.0,27600000.0,95400000.0,0.0,3400000.0,7200000.0,0.07258064516129033,3800000.0,0.038306451612903226,600000.0,4200000.0,0.04233870967741935,600000.0,3600000.0,0.036290322580645164,0.0225,0.0225,80068000,80068000,https://www.six-group.com/en/products-services/the-swiss-stock-exchange.html,https://www.six-group.com/en/products-services/the-swiss-stock-exchange.html,1620594563,17:09:23,20210509
95,1997-06-30,LOGN.SW,USD,1997-06-30,1997-06-30,Q2,90200000,61300000.0,28900000.0,0.3203991130820399,7300000.0,16900000.0,0.0,0.0,27300000.0,88600000.0,0.0,3100000.0,4700000.0,0.052106430155210645,1600000.0,0.017738359201773836,900000.0,2600000.0,0.028824833702882482,400000.0,2200000.0,0.024390243902439025,0.015,0.015,80067520,80067520,https://www.six-group.com/en/products-services/the-swiss-stock-exchange.html,https://www.six-group.com/en/products-services/the-swiss-stock-exchange.html,1620594563,17:09:23,20210509
96,1997-03-31,LOGN.SW,USD,1997-03-31,1997-03-31,Q1,108300000,73200000.0,35100000.0,0.32409972299168976,7800000.0,19700000.0,0.0,0.0,30500000.0,103700000.0,0.0,3000000.0,7600000.0,0.07017543859649122,4600000.0,0.04247460757156048,700000.0,5300000.0,0.048938134810710986,600000.0,4700000.0,0.04339796860572484,0.027869192682854517,0.027869192682854517,168645000,168645000,https://www.six-group.com/en/products-services/the-swiss-stock-exchange.html,https://www.six-group.com/en/products-services/the-swiss-stock-exchange.html,1620594563,17:09:23,20210509
97,1996-12-31,LOGN.SW,USD,1996-12-31,1996-12-31,Q4,128800000,87800000.0,41000000.0,0.31832298136645965,6800000.0,20900000.0,0.0,0.0,30500000.0,118300000.0,0.0,0.0,13000000.0,0.10093167701863354,10500000.0,0.08152173913043478,300000.0,10600000.0,0.08229813664596274,100000.0,10500000.0,0.08152173913043478,0.075,0.075,138823529,138823529,https://www.six-group.com/en/products-services/the-swiss-stock-exchange.html,https://www.six-group.com/en/products-services/the-swiss-stock-exchange.html,1620594563,17:09:23,20210509
98,1996-09-30,LOGN.SW,USD,1996-09-30,1996-09-30,Q3,92200000,0.0,0.0,0.0,0.0,0.0,0.0,0.0,0.0,0.0,0.0,0.0,92200000.0,1.0,92200000.0,1.0,0.0,0.0,0.0,0.0,3400000.0,0.0368763557483731,0.025,0.025,136000000,136000000,https://www.six-group.com/en/products-services/the-swiss-stock-exchange.html,https://www.six-group.com/en/products-services/the-swiss-stock-exchange.html,1620594563,17:09:23,20210509
99,1996-06-30,LOGN.SW,USD,1996-06-30,1996-06-30,Q2,84400000,0.0,0.0,0.0,0.0,0.0,0.0,0.0,0.0,0.0,0.0,0.0,84400000.0,1.0,84400000.0,1.0,0.0,0.0,0.0,0.0,2400000.0,0.02843601895734597,0.0175,0.0175,137142857,137142857,https://www.six-group.com/en/products-services/the-swiss-stock-exchange.html,https://www.six-group.com/en/products-services/the-swiss-stock-exchange.html,1620594563,17:09:23,20210509
100,1996-03-31,LOGN.SW,USD,1996-03-31,1996-03-31,Q1,92800000,0.0,0.0,0.0,0.0,0.0,0.0,0.0,0.0,0.0,0.0,0.0,-252400000.0,-2.7198275862068964,-252400000.0,-2.7198275862068964,0.0,0.0,0.0,0.0,1600000.0,0.017241379310344827,0.00948738474309941,0.00948738474309941,168645000,168645000,https://www.six-group.com/en/products-services/the-swiss-stock-exchange.html,https://www.six-group.com/en/products-services/the-swiss-stock-exchange.html,1620594563,17:09:23,20210509
101,1995-12-31,LOGN.SW,USD,1995-12-31,1995-12-31,Q4,99800000,0.0,0.0,0.0,0.0,0.0,0.0,0.0,0.0,0.0,0.0,0.0,99800000.0,1.0,99800000.0,1.0,0.0,0.0,0.0,0.0,3300000.0,0.033066132264529056,0.025,0.025,132000000,132000000,https://www.six-group.com/en/products-services/the-swiss-stock-exchange.html,https://www.six-group.com/en/products-services/the-swiss-stock-exchange.html,1620594563,17:09:23,20210509
102,1995-09-30,LOGN.SW,USD,1995-09-30,1995-09-30,Q3,84700000,0.0,0.0,0.0,0.0,0.0,0.0,0.0,0.0,0.0,0.0,0.0,84700000.0,1.0,84700000.0,1.0,0.0,0.0,0.0,0.0,2300000.0,0.02715466351829988,0.0175,0.0175,131428571,131428571,https://www.six-group.com/en/products-services/the-swiss-stock-exchange.html,https://www.six-group.com/en/products-services/the-swiss-stock-exchange.html,1620594563,17:09:23,20210509
103,1995-06-30,LOGN.SW,USD,1995-06-30,1995-06-30,Q2,77600000,0.0,0.0,0.0,0.0,0.0,0.0,0.0,0.0,0.0,0.0,0.0,77600000.0,1.0,77600000.0,1.0,0.0,0.0,0.0,0.0,1000000.0,0.01288659793814433,0.0075,0.0075,133333333,133333333,https://www.six-group.com/en/products-services/the-swiss-stock-exchange.html,https://www.six-group.com/en/products-services/the-swiss-stock-exchange.html,1620594563,17:09:23,20210509
