,date,symbol,reportedCurrency,fillingDate,acceptedDate,period,revenue,costOfRevenue,grossProfit,grossProfitRatio,researchAndDevelopmentExpenses,generalAndAdministrativeExpenses,sellingAndMarketingExpenses,otherExpenses,operatingExpenses,costAndExpenses,interestExpense,depreciationAndAmortization,ebitda,ebitdaratio,operatingIncome,operatingIncomeRatio,totalOtherIncomeExpensesNet,incomeBeforeTax,incomeBeforeTaxRatio,incomeTaxExpense,netIncome,netIncomeRatio,eps,epsdiluted,weightedAverageShsOut,weightedAverageShsOutDil,link,finalLink,timestamp,est_time,est_date
0,2021-03-31,ACU,USD,2021-05-07,2021-05-07 16:30:58,Q1,43525000.0,27938000.0,15587000.0,0.3581160252728317,0.0,12619000.0,0.0,77.0,12619000.0,40557000.0,-226000.0,584.0,2968584.0,0.0682041125789776,2968000.0,0.0681906950028719,0.0,2670000.0,0.06134405514072372,624.0,2046000.0,0.04700746697300402,0.6125748502994012,0.5911586246749494,3340000.0,3461000.0,https://www.sec.gov/Archives/edgar/data/2098/000156459021025584/0001564590-21-025584-index.htm,https://www.sec.gov/Archives/edgar/data/2098/000156459021025584/acu-10q_20210331.htm,1620586144,14:49:04,20210509
1,2020-12-31,ACU,USD,2021-03-31,2021-03-31 17:27:13,Q4,40870040.0,25815326.0,15054714.0,0.3683557442077375,0.0,12159050.0,0.0,-659227.0,12159050.0,37974376.0,204363.0,-393443.0,2502221.0,0.06122384514426705,2895664.0,0.0708505301193735,7000.0,2033728.0,0.04976085171436093,-10038.0,2043766.0,0.05000645949942794,0.6119059880239521,0.6119059880239521,3340000.0,3461000.0,https://www.sec.gov/Archives/edgar/data/2098/000156459021017128/0001564590-21-017128-index.htm,https://www.sec.gov/Archives/edgar/data/2098/000156459021017128/acu-10k_20201231.htm,1620586144,14:49:04,20210509
2,2020-09-30,ACU,USD,2020-11-06,2020-11-06 16:00:44,Q3,43316000.0,28360000.0,14956000.0,0.3452765721673285,0.0,12832000.0,0.0,35000.0,12832000.0,41192000.0,173000.0,1037000.0,3161000.0,0.07297534398374735,2124000.0,0.04903499861483055,35000.0,1991000.0,0.045964539662018654,412000.0,1579000.0,0.03645304275556376,0.47,0.46,3340000.0,3461000.0,https://www.sec.gov/Archives/edgar/data/2098/000156459020051946/0001564590-20-051946-index.htm,https://www.sec.gov/Archives/edgar/data/2098/000156459020051946/acu-10q_20200930.htm,1620586144,14:49:04,20210509
3,2020-06-30,ACU,USD,2020-08-07,2020-08-07 20:12:25,Q2,44042000.0,27989000.0,16053000.0,0.364492983969847,0.0,11670000.0,0.0,1000.0,11670000.0,39659000.0,245000.0,887000.0,5270000.0,0.11965850778802052,4383000.0,0.09951864129694382,1000.0,4150000.0,0.09422823668316607,951000.0,3199000.0,0.07263521184324054,0.96,0.92,3349000.0,3482000.0,https://www.sec.gov/Archives/edgar/data/2098/000156459020038456/0001564590-20-038456-index.htm,https://www.sec.gov/Archives/edgar/data/2098/000156459020038456/acu-10q_20200630.htm,1620586144,14:49:04,20210509
4,2020-03-31,ACU,USD,2020-05-08,2020-05-08 16:33:45,Q1,35775000.0,22244000.0,13531000.0,0.37822501747030046,0.0,11521000.0,0.0,-43000.0,11521000.0,33765000.0,322000.0,897000.0,2907000.0,0.08125786163522013,2010000.0,0.056184486373165615,-43000.0,1652000.0,0.04617749825296995,375000.0,1277000.0,0.035695317959468904,0.38,0.36,3349000.0,3519000.0,https://www.sec.gov/Archives/edgar/data/2098/000156459020023601/0001564590-20-023601-index.htm,https://www.sec.gov/Archives/edgar/data/2098/000156459020010850/acu-10k_20191231.htm,1620586144,14:49:04,20210509
5,2019-12-31,ACU,USD,2020-03-13,2020-03-13 16:31:41,Q4,33872342.0,21579484.0,12292858.0,0.3629172733317348,0.0,10892510.0,0.0,-45672.0,10892510.0,32471994.0,337408.0,855722.0,2256070.0,0.06660507856232675,1400348.0,0.04134193023913138,-45672.0,1029164.0,0.03038360914046038,52556.0,976608.0,0.028832018760320734,0.29,0.28,3352000.0,3453000.0,https://www.sec.gov/Archives/edgar/data/2098/000156459020010850/0001564590-20-010850-index.htm,https://www.sec.gov/Archives/edgar/data/2098/000156459020010850/acu-10k_20191231.htm,1620586144,14:49:04,20210509
6,2019-09-30,ACU,USD,2019-11-07,2019-11-07 16:44:36,Q3,36995000.0,23861000.0,13134000.0,0.35502094877686174,0.0,11408000.0,0.0,-40000.0,11408000.0,35269000.0,478000.0,855000.0,2581000.0,0.06976618461954318,1726000.0,0.046654953372077305,-40000.0,1217000.0,0.03289633734288417,158000.0,1059000.0,0.028625489931071765,0.32,0.3,3352000.0,3486000.0,https://www.sec.gov/Archives/edgar/data/2098/000102660819000043/0001026608-19-000043-index.htm,https://www.sec.gov/Archives/edgar/data/2098/000102660819000043/acu_10q93019.htm,1620586144,14:49:04,20210509
7,2019-06-30,ACU,USD,2019-08-07,2019-08-07 17:23:30,Q2,40220000.0,25449000.0,14771000.0,0.36725509696668324,0.0,11003000.0,0.0,-14000.0,11003000.0,36452000.0,502000.0,615000.0,4383000.0,0.1089756340129289,3768000.0,0.09368473396320239,-14000.0,3263000.0,0.08112879164594729,592000.0,2671000.0,0.06640974639482844,0.8,0.77,3351000.0,3485000.0,https://www.sec.gov/Archives/edgar/data/2098/000102660819000033/0001026608-19-000033-index.htm,https://www.sec.gov/Archives/edgar/data/2098/000102660819000033/acu_10q63019.htm,1620586144,14:49:04,20210509
8,2019-03-31,ACU,USD,2019-05-09,2019-05-09 16:49:17,Q1,31370000.0,19568000.0,11802000.0,0.37621931781957285,0.0,10268000.0,0.0,2000.0,10268000.0,29836000.0,510000.0,1107000.0,2641000.0,0.08418871533312082,1534000.0,0.04890022314313038,2000.0,1035000.0,0.03299330570608862,228000.0,807000.0,0.025725215173732864,0.24082363473589974,0.23791273584905662,3351000.0,3392000.0,https://www.sec.gov/Archives/edgar/data/2098/000102660819000026/0001026608-19-000026-index.htm,https://www.sec.gov/Archives/edgar/data/2098/000102660819000011/acu_10k123118.htm,1620586144,14:49:04,20210509
9,2018-12-31,ACU,USD,2019-03-15,2019-03-15 17:02:57,Q4,31130395.0,19767413.0,11362982.0,0.3650124580815631,0.0,10269076.0,0.0,16542.0,10269076.0,30036489.0,545042.0,826200.0,1920106.0,0.06167946150378111,1093906.0,0.035139483453390165,16542.0,598224.0,0.0192167172951066,6874.0,591350.0,0.018995904163760208,0.18,0.17,3363000.0,3421000.0,https://www.sec.gov/Archives/edgar/data/2098/000102660819000011/0001026608-19-000011-index.htm,https://www.sec.gov/Archives/edgar/data/2098/000102660819000011/acu_10k123118.htm,1620586144,14:49:04,20210509
10,2018-09-30,ACU,USD,2018-11-09,2018-11-09 15:55:16,Q3,34731000.0,22281000.0,12450000.0,0.3584693789410037,0.0,11077000.0,0.0,-23000.0,11077000.0,33358000.0,496000.0,843000.0,2216000.0,0.06380467017937866,1373000.0,0.03953240620771069,-23000.0,854000.0,0.02458898390486885,47000.0,807000.0,0.02323572600846506,0.24,0.23,3374000.0,3551000.0,https://www.sec.gov/Archives/edgar/data/2098/000102660818000047/0001026608-18-000047-index.htm,https://www.sec.gov/Archives/edgar/data/2098/000102660818000047/acu_10q93018.htm,1620586144,14:49:04,20210509
11,2018-06-30,ACU,USD,2018-08-09,2018-08-09 16:20:50,Q2,39751000.0,25039000.0,14712000.0,0.37010389675731425,0.0,11087000.0,0.0,-74000.0,11087000.0,36126000.0,445000.0,779000.0,4404000.0,0.1107896656687882,3625000.0,0.09119267439812835,-74000.0,3106000.0,0.07813639908429977,670000.0,2436000.0,0.06128147719554225,0.72,0.67,3374000.0,3625000.0,https://www.sec.gov/Archives/edgar/data/2098/000102660818000027/0001026608-18-000027-index.htm,https://www.sec.gov/Archives/edgar/data/2098/000102660818000027/acu_10q63018.htm,1620586144,14:49:04,20210509
12,2018-03-31,ACU,USD,2018-05-10,2018-05-10 16:39:05,Q1,31709000.0,19585000.0,12124000.0,0.38235201362389226,0.0,10759000.0,0.0,13000.0,10759000.0,30344000.0,412000.0,781000.0,2146000.0,0.0676779463243874,1365000.0,0.04304771515973383,13000.0,973000.0,0.030685294395912832,209000.0,764000.0,0.02409410577438582,0.23,0.21,3374000.0,3662000.0,https://www.sec.gov/Archives/edgar/data/2098/000102660818000019/0001026608-18-000019-index.htm,https://www.sec.gov/Archives/edgar/data/2098/000102660818000010/acu_10k123117.htm,1620586144,14:49:04,20210509
13,2017-12-31,ACU,USD,2018-03-15,2018-03-15 17:12:17,Q4,30170349.0,19544076.0,10626273.0,0.35220915077913084,0.0,9860220.0,0.0,-19596.0,9860220.0,29404296.0,407536.0,767860.0,1533913.0,0.05084173868853821,766053.0,0.025390922723499156,-19596.0,368297.0,0.012207250237642263,1022818.0,-654521.0,-0.021694180600960233,-0.1939896265560166,-0.1780525027203482,3374000.0,3676000.0,https://www.sec.gov/Archives/edgar/data/2098/000102660818000010/0001026608-18-000010-index.htm,https://www.sec.gov/Archives/edgar/data/2098/000102660818000010/acu_10k123117.htm,1620586144,14:49:04,20210509
14,2017-09-30,ACU,USD,2017-11-09,2017-11-09 17:02:11,Q3,33785000.0,21559000.0,12226000.0,0.36187657244339205,0.0,10277000.0,0.0,-16000.0,10277000.0,31836000.0,365000.0,741000.0,2690000.0,0.07962113363918899,1949000.0,0.05768832322036407,-16000.0,1568000.0,0.046411129199348825,366000.0,1202000.0,0.035577919194908984,0.36,0.32,3373000.0,3794000.0,https://www.sec.gov/Archives/edgar/data/2098/000102660817000054/0001026608-17-000054-index.htm,https://www.sec.gov/Archives/edgar/data/2098/000102660817000054/acu_10q93017.htm,1620586144,14:49:04,20210509
15,2017-06-30,ACU,USD,2017-08-04,2017-08-04 17:19:15,Q2,38849000.0,24366000.0,14483000.0,0.3728023887358748,0.0,10594000.0,0.0,51000.0,10594000.0,34960000.0,321000.0,712000.0,4601000.0,0.1184329068959304,3889000.0,0.10010553682205463,51000.0,3619000.0,0.09315555097943319,773000.0,2846000.0,0.07325799891889109,0.85,0.75,3353000.0,3780000.0,https://www.sec.gov/Archives/edgar/data/2098/000102660817000037/0001026608-17-000037-index.htm,https://www.sec.gov/Archives/edgar/data/2098/000102660817000037/acu_10q63017.htm,1620586144,14:49:04,20210509
16,2017-03-31,ACU,USD,2017-05-12,2017-05-12 16:11:36,Q1,27745000.0,17181000.0,10564000.0,0.38075328888087945,0.0,9372000.0,0.0,9000.0,9372000.0,26553000.0,269000.0,674000.0,1866000.0,0.06725536132636512,1192000.0,0.04296269598125788,9000.0,938000.0,0.03380789331411065,279000.0,659000.0,0.02375202739232294,0.2,0.18,3329000.0,3730000.0,https://www.sec.gov/Archives/edgar/data/2098/000102660817000023/0001026608-17-000023-index.htm,https://www.sec.gov/Archives/edgar/data/2098/000102660817000009/acu_10k123116.htm,1620586144,14:49:04,20210509
17,2016-12-31,ACU,USD,2017-03-10,2017-03-10 16:39:58,Q4,26376371.0,16564315.0,9812056.0,0.3720017435302226,0.0,9105000.0,0.0,-38846.0,9105000.0,25669315.0,226626.0,631746.0,1338802.0,0.05075762696847114,707056.0,0.02680641700103475,-38846.0,441703.0,0.01674616269235825,-104295.0,545998.0,0.020700269949948762,0.17,0.15,3325000.0,3668000.0,https://www.sec.gov/Archives/edgar/data/2098/000102660817000009/0001026608-17-000009-index.htm,https://www.sec.gov/Archives/edgar/data/2098/000102660817000009/acu_10k123116.htm,1620586144,14:49:04,20210509
18,2016-09-30,ACU,USD,2016-11-04,2016-11-04 16:44:36,Q3,31913000.0,20050000.0,11863000.0,0.3717293892770971,0.0,9723000.0,0.0,-65000.0,9723000.0,29773000.0,247000.0,618000.0,2758000.0,0.08642246106602325,2140000.0,0.06705731206718266,-65000.0,1828000.0,0.05728073199009808,355000.0,1473000.0,0.0461567386331589,0.44,0.4,3324000.0,3641000.0,https://www.sec.gov/Archives/edgar/data/2098/000102660816000125/0001026608-16-000125-index.htm,https://www.sec.gov/Archives/edgar/data/2098/000102660816000125/acu_10q93016.htm,1620586144,14:49:04,20210509
19,2016-06-30,ACU,USD,2016-08-15,2016-08-15 16:58:55,Q2,40997000.0,26303000.0,14694000.0,0.3584164694977681,0.0,10054000.0,0.0,-11000.0,10054000.0,36357000.0,211000.0,597000.0,5237000.0,0.12774105422347976,4640000.0,0.11317901309851941,-11000.0,4418000.0,0.10776398273044369,1151000.0,3267000.0,0.07968875771397907,0.98,0.91,3323000.0,3583000.0,https://www.sec.gov/Archives/edgar/data/2098/000102660816000118/0001026608-16-000118-index.htm,https://www.sec.gov/Archives/edgar/data/2098/000102660816000118/acu_10q63016.htm,1620586144,14:49:04,20210509
20,2016-03-31,ACU,USD,2016-05-13,2016-05-13 16:40:00,Q1,25288000.0,16103000.0,9185000.0,0.3632157545080671,0.0,8230000.0,0.0,38000.0,8230000.0,24333000.0,184000.0,575000.0,1530000.0,0.06050300537804492,955000.0,0.03776494780132869,38000.0,809000.0,0.031991458399240745,244000.0,565000.0,0.022342613097121163,0.17,0.16,3336000.0,3572000.0,https://www.sec.gov/Archives/edgar/data/2098/000102660816000105/0001026608-16-000105-index.htm,https://www.sec.gov/Archives/edgar/data/2098/000102660816000091/acu_10k123115.htm,1620586144,14:49:04,20210509
21,2015-12-31,ACU,USD,2016-03-11,2016-03-11 17:04:30,Q4,23117768.0,14852550.0,8265218.0,0.35752664357562547,0.0,7611212.0,0.0,-18397.0,7611212.0,22463762.0,146080.0,498853.0,1152859.0,0.04986895793746178,654006.0,0.028290187876269024,-18397.0,490397.0,0.02121299080430256,49872.0,440525.0,0.01905568911323965,0.13,0.12,3354000.0,3696000.0,https://www.sec.gov/Archives/edgar/data/2098/000102660816000091/0001026608-16-000091-index.htm,https://www.sec.gov/Archives/edgar/data/2098/000102660816000091/acu_10k123115.htm,1620586144,14:49:04,20210509
22,2015-09-30,ACU,USD,2015-11-12,2015-11-12 16:22:11,Q3,29903000.0,19578000.0,10325000.0,0.3452830819650202,0.0,8334000.0,0.0,-92000.0,8334000.0,27912000.0,150000.0,530000.0,2521000.0,0.08430592248269404,1991000.0,0.06658194829950172,-92000.0,1750000.0,0.058522556265257666,542000.0,1208000.0,0.04039728455338929,0.36,0.33,3354000.0,3699000.0,https://www.sec.gov/Archives/edgar/data/2098/000102660815000078/0001026608-15-000078-index.htm,https://www.sec.gov/Archives/edgar/data/2098/000102660815000078/acu_10q93015.htm,1620586144,14:49:04,20210509
23,2015-06-30,ACU,USD,2015-08-14,2015-08-14 13:16:02,Q2,33954000.0,21419000.0,12535000.0,0.36917594392413267,0.0,8660000.0,0.0,20000.0,8660000.0,30079000.0,142000.0,523000.0,4398000.0,0.12952818519172998,3875000.0,0.11412499263709724,20000.0,3754000.0,0.1105613477057195,1044000.0,2710000.0,0.07981386581846027,0.82,0.74,3300000.0,3682000.0,https://www.sec.gov/Archives/edgar/data/2098/000102660815000057/0001026608-15-000057-index.htm,https://www.sec.gov/Archives/edgar/data/2098/000102660815000057/acu_10q63015.htm,1620586144,14:49:04,20210509
24,2015-03-31,ACU,USD,2015-05-13,2015-05-13 16:28:31,Q1,22837000.0,14402000.0,8435000.0,0.36935674563208826,0.0,7608000.0,0.0,-76000.0,7608000.0,22010000.0,132000.0,501000.0,1328000.0,0.05815124578534834,827000.0,0.03621316284976135,-76000.0,621000.0,0.027192713578841354,185000.0,436000.0,0.01909182467049087,0.13,0.12,3300000.0,3702000.0,https://www.sec.gov/Archives/edgar/data/2098/000102660815000033/0001026608-15-000033-index.htm,https://www.sec.gov/Archives/edgar/data/2098/000102660815000007/acu_10k123114.htm,1620586144,14:49:04,20210509
25,2014-12-31,ACU,USD,2015-03-06,2015-03-06 16:34:26,Q4,24667306.0,15690695.0,8976611.0,0.36390723008017173,0.0,7871150.0,0.0,-40250.0,7871150.0,23561845.0,135110.0,453058.0,1558519.0,0.06318156510483958,1105461.0,0.04481482493467264,-40250.0,934725.0,0.03789327460404472,244720.0,690005.0,0.027972450659995055,0.21,0.19,3287000.0,3625000.0,https://www.sec.gov/Archives/edgar/data/2098/000102660815000007/0001026608-15-000007-index.htm,https://www.sec.gov/Archives/edgar/data/2098/000102660815000007/acu_10k123114.htm,1620586144,14:49:04,20210509
26,2014-09-30,ACU,USD,2014-11-14,2014-11-14 16:21:40,Q3,30008000.0,19393000.0,10615000.0,0.35373900293255134,0.0,8685000.0,0.0,-67000.0,8685000.0,28078000.0,157000.0,532000.0,2462000.0,0.08204478805651826,1930000.0,0.06431618235137297,-67000.0,1710000.0,0.05698480405225273,521000.0,1189000.0,0.03962276726206345,0.37,0.34,3250000.0,3546000.0,https://www.sec.gov/Archives/edgar/data/2098/000102660814000092/0001026608-14-000092-index.htm,https://www.sec.gov/Archives/edgar/data/2098/000102660814000092/acu_10q93014.htm,1620586144,14:49:04,20210509
27,2014-06-30,ACU,USD,2014-08-14,2014-08-14 13:41:38,Q2,33396000.0,21675000.0,11721000.0,0.3509701760689903,0.0,7983000.0,0.0,3000.0,7983000.0,29658000.0,108000.0,394000.0,4132000.0,0.12372739250209606,3738000.0,0.1119295724038807,3000.0,3635000.0,0.10884537070307822,1093000.0,2542000.0,0.07611690022757217,0.79,0.72,3210000.0,3539000.0,https://www.sec.gov/Archives/edgar/data/2098/000102660814000061/0001026608-14-000061-index.htm,https://www.sec.gov/Archives/edgar/data/2098/000102660814000061/acu_10q63014.htm,1620586144,14:49:04,20210509
28,2014-03-31,ACU,USD,2014-05-02,2014-05-02 17:02:06,Q1,19152000.0,12275000.0,6877000.0,0.35907477025898077,0.0,6252000.0,0.0,-19000.0,6252000.0,18527000.0,89000.0,321000.0,946000.0,0.049394319131161234,625000.0,0.032633667502088556,-19000.0,523000.0,0.0273078529657477,155000.0,368000.0,0.01921470342522974,0.12,0.11,3201000.0,3443000.0,https://www.sec.gov/Archives/edgar/data/2098/000102660814000030/0001026608-14-000030-index.htm,https://www.sec.gov/Archives/edgar/data/2098/000102660814000011/acu_10k123113.htm,1620586144,14:49:04,20210509
29,2013-12-31,ACU,USD,2014-03-06,2014-03-06 17:15:41,Q4,21378777.0,14003733.0,7375044.0,0.34497034138108085,0.0,6610948.0,0.0,-19871.0,6610948.0,20614681.0,120407.0,329882.0,1093978.0,0.05117121526642988,764096.0,0.0357408658128573,-19871.0,635891.0,0.02974403072729558,111986.0,523905.0,0.024505845212754687,0.16,0.15,3189000.0,3395000.0,https://www.sec.gov/Archives/edgar/data/2098/000102660814000011/0001026608-14-000011-index.htm,https://www.sec.gov/Archives/edgar/data/2098/000102660814000011/acu_10k123113.htm,1620586144,14:49:04,20210509
30,2013-09-30,ACU,USD,2013-11-08,2013-11-08 16:37:39,Q3,22135000.0,14195000.0,7940000.0,0.35870792861983286,0.0,6531000.0,0.0,13000.0,6531000.0,20726000.0,133000.0,285000.0,1694000.0,0.07653038174836232,1409000.0,0.06365484526767563,13000.0,1323000.0,0.05976959566297719,364000.0,959000.0,0.04332505082448611,0.3,0.29,3189000.0,3325000.0,https://www.sec.gov/Archives/edgar/data/2098/000102660813000110/0001026608-13-000110-index.htm,https://www.sec.gov/Archives/edgar/data/2098/000102660813000110/acu_10q93013.htm,1620586144,14:49:04,20210509
31,2013-06-30,ACU,USD,2013-08-13,2013-08-13 15:57:07,Q2,28412000.0,18331000.0,10081000.0,0.35481486695762354,0.0,6889000.0,0.0,-25000.0,6889000.0,25220000.0,122000.0,303000.0,3495000.0,0.12301140363226806,3192000.0,0.11234689567788259,-25000.0,3093000.0,0.10886245248486555,883000.0,2210000.0,0.07778403491482472,0.7,0.68,3156000.0,3265000.0,https://www.sec.gov/Archives/edgar/data/2098/000102660813000092/0001026608-13-000092-index.htm,https://www.sec.gov/Archives/edgar/data/2098/000102660813000092/acu_10q63013.htm,1620586144,14:49:04,20210509
32,2013-03-31,ACU,USD,2013-05-10,2013-05-10 16:55:31,Q1,17651000.0,11224000.0,6427000.0,0.3641153475723755,0.0,5914000.0,0.0,-3000.0,5914000.0,17138000.0,127000.0,287000.0,800000.0,0.04532321114950994,513000.0,0.02906350914962325,-3000.0,441000.0,0.024984420146167356,132000.0,309000.0,0.017506090306498214,0.09865900383141762,0.096171802054155,3132000.0,3213000.0,https://www.sec.gov/Archives/edgar/data/2098/000102660813000061/0001026608-13-000061-index.htm,https://www.sec.gov/Archives/edgar/data/2098/000102660813000014/acu_10k123112.htm,1620586144,14:49:04,20210509
33,2012-12-31,ACU,USD,2013-03-08,2013-03-08 16:28:30,Q4,19534770.0,12979328.0,6555442.0,0.33557815116328477,0.0,6089922.0,0.0,-5000.0,6089922.0,19069250.0,103657.0,304697.0,770217.0,0.03942800452731207,465520.0,0.023830329202749762,-6076.0,395046.0,0.020222710582208033,-36185.0,431231.0,0.022075048746414725,0.13830372033354715,0.1358207874015748,3118000.0,3175000.0,https://www.sec.gov/Archives/edgar/data/2098/000102660813000014/0001026608-13-000014-index.htm,https://www.sec.gov/Archives/edgar/data/2098/000102660813000014/acu_10k123112.htm,1620586144,14:49:04,20210509
34,2012-09-30,ACU,USD,2012-11-09,2012-11-09 16:54:00,Q3,20363000.0,12937000.0,7426000.0,0.36468103913961597,0.0,6067000.0,0.0,0.0,6067000.0,19004000.0,147000.0,266000.0,1625000.0,0.0798016009428866,1359000.0,0.06673869272700486,-7000.0,1269000.0,0.06231891175170653,471000.0,798000.0,0.03918872464764524,0.2571704801804705,0.25470794765400573,3103000.0,3133000.0,https://www.sec.gov/Archives/edgar/data/2098/000102660812000122/0001026608-12-000122-index.htm,https://www.sec.gov/Archives/edgar/data/2098/000102660812000122/acu_10q93012.htm,1620586144,14:49:04,20210509
35,2012-06-30,ACU,USD,2012-08-14,2012-08-14 17:03:20,Q2,27594000.0,17773000.0,9821000.0,0.3559107052257737,0.0,6743000.0,0.0,0.0,6743000.0,24516000.0,91000.0,261000.0,3339000.0,0.12100456621004566,3078000.0,0.11154598825831702,-43000.0,2973000.0,0.10774081322026527,912000.0,2061000.0,0.07469015003261578,0.6641959394134709,0.6555343511450382,3103000.0,3144000.0,https://www.sec.gov/Archives/edgar/data/2098/000102660812000105/0001026608-12-000105-index.htm,https://www.sec.gov/Archives/edgar/data/2098/000102660812000105/acu_10q63012.htm,1620586144,14:49:04,20210509
36,2012-03-31,ACU,USD,2012-05-14,2012-05-14 17:05:43,Q1,16878000.0,10934000.0,5944000.0,0.3521744282497926,0.0,5486000.0,0.0,0.0,5486000.0,16420000.0,103000.0,258000.0,716000.0,0.04242208792510961,458000.0,0.027135916577793576,-42000.0,360000.0,0.02132954141485958,100000.0,260000.0,0.015404668799620809,0.08309364014062001,0.0830405621207282,3129000.0,3131000.0,https://www.sec.gov/Archives/edgar/data/2098/000102660812000067/0001026608-12-000067-index.htm,https://www.sec.gov/Archives/edgar/data/2098/000102660812000017/acme_10k2011.htm,1620586144,14:49:04,20210509
37,2011-12-31,ACU,USD,2012-03-07,2012-03-07 16:57:18,Q4,15835864.0,10141944.0,5693920.0,0.3595585311922356,0.0,5171956.0,0.0,0.0,5171956.0,15313900.0,81326.0,260837.0,782801.0,0.049432162337337576,521964.0,0.03296087917905837,-6379.0,452020.0,0.028544069335275927,185827.0,266193.0,0.016809502784312872,0.08507286673058485,0.08507286673058485,3129000.0,3129000.0,https://www.sec.gov/Archives/edgar/data/2098/000102660812000017/0001026608-12-000017-index.htm,https://www.sec.gov/Archives/edgar/data/2098/000102660812000017/acme_10k2011.htm,1620586144,14:49:04,20210509
38,2011-09-30,ACU,USD,2011-11-07,2011-11-07 12:30:04,Q3,19036000.0,12396000.0,6640000.0,0.3488127757932339,0.0,5520000.0,0.0,0.0,5520000.0,17916000.0,112000.0,237000.0,1357000.0,0.07128598445051482,1120000.0,0.05883588989283463,-20000.0,1030000.0,0.05410800588358899,348000.0,682000.0,0.035826854381172515,0.2198581560283688,0.2185897435897436,3102000.0,3120000.0,https://www.sec.gov/Archives/edgar/data/2098/000102660811000171/0001026608-11-000171-index.htm,https://www.sec.gov/Archives/edgar/data/2098/000102660811000171/acme_10q93011.htm,1620586144,14:49:04,20210509
39,2011-06-30,ACU,USD,2011-08-05,2011-08-05 17:20:06,Q2,24029000.0,15346000.0,8683000.0,0.36135502933954805,0.0,6223000.0,0.0,0.0,6223000.0,21569000.0,114000.0,248000.0,2708000.0,0.11269715760123185,2460000.0,0.10237629530983396,-3000.0,2383000.0,0.09917183403387574,640000.0,1743000.0,0.072537350701236,0.5642602784072516,0.559012187299551,3089000.0,3118000.0,https://www.sec.gov/Archives/edgar/data/2098/000102660811000129/0001026608-11-000129-index.htm,https://www.sec.gov/Archives/edgar/data/2098/000102660811000129/acme_10q63011.htm,1620586144,14:49:04,20210509
40,2011-03-31,ACU,USD,2011-05-12,2011-05-12 16:17:57,Q1,14401000.0,9093000.0,5308000.0,0.36858551489479896,0.0,5125000.0,0.0,0.0,5125000.0,14218000.0,97000.0,233000.0,416000.0,0.028886882855357267,183000.0,0.01270745087146726,25000.0,161000.0,0.01117977918200125,41000.0,120000.0,0.008332754669814596,0.03902439024390244,0.03864734299516908,3075000.0,3105000.0,https://www.sec.gov/Archives/edgar/data/2098/000102660811000044/0001026608-11-000044-index.htm,https://www.sec.gov/Archives/edgar/data/2098/000102660811000025/acme_10k123110.htm,1620586144,14:49:04,20210509
41,2010-12-31,ACU,USD,2011-03-11,2011-03-11 14:07:58,Q4,13359933.0,8315509.0,5044424.0,0.37757854025166143,0.0,4967268.0,0.0,0.0,4967268.0,13282777.0,84304.0,212156.0,289312.0,0.021655198420531003,77156.0,0.005775178662946887,108440.0,148847.0,0.011141298388247905,-33117.0,181964.0,0.01362012818477458,0.05917528455284553,0.05917528455284553,3075000.0,3075000.0,https://www.sec.gov/Archives/edgar/data/2098/000102660811000025/0001026608-11-000025-index.htm,https://www.sec.gov/Archives/edgar/data/2098/000102660811000025/acme_10k123110.htm,1620586144,14:49:04,20210509
42,2010-09-30,ACU,USD,2010-11-12,2010-11-12 17:13:37,Q3,16083000.0,10426000.0,5657000.0,0.35173785985201766,0.0,5000000.0,0.0,0.0,5000000.0,15426000.0,86000.0,207000.0,864000.0,0.053721320649132626,657000.0,0.0408505875769446,3000.0,613000.0,0.038114779580923956,1000.0,612000.0,0.038052602126468944,0.2,0.19,3111000.0,3192000.0,https://www.sec.gov/Archives/edgar/data/2098/000102660810000127/0001026608-10-000127-index.htm,https://www.sec.gov/Archives/edgar/data/2098/000102660810000127/acme_10q93010.htm,1620586144,14:49:04,20210509
43,2010-06-30,ACU,USD,2010-08-12,2010-08-12 16:17:48,Q2,20585000.0,13034000.0,7551000.0,0.366820500364343,0.0,5605000.0,0.0,0.0,5605000.0,18639000.0,79000.0,216000.0,2162000.0,0.10502793296089385,1946000.0,0.09453485547728929,-24000.0,1883000.0,0.09147437454457129,317000.0,1566000.0,0.0760748117561331,0.5,0.48,3158000.0,3289000.0,https://www.sec.gov/Archives/edgar/data/2098/000102660810000104/0001026608-10-000104-index.htm,https://www.sec.gov/Archives/edgar/data/2098/000102660810000104/acme_10q63010.htm,1620586144,14:49:04,20210509
44,2010-03-31,ACU,USD,2010-05-10,2010-05-10 15:40:24,Q1,13121000.0,8008000.0,5113000.0,0.3896806645834921,0.0,4812000.0,0.0,0.0,4812000.0,12820000.0,52000.0,235000.0,536000.0,0.04085054492797805,301000.0,0.022940324670375732,14000.0,267000.0,0.020349058760765187,53000.0,214000.0,0.016309732489901686,0.06750788643533123,0.06536346976175932,3170000.0,3274000.0,https://www.sec.gov/Archives/edgar/data/2098/000102660810000053/0001026608-10-000053-index.htm,https://www.sec.gov/Archives/edgar/data/2098/000102660810000024/acme_10k123109.htm,1620586144,14:49:04,20210509
45,2009-12-31,ACU,USD,2010-03-09,2010-03-09 16:55:57,Q4,13421547.0,8248060.0,5173487.0,0.3854613033803033,0.0,4880864.0,0.0,0.0,4880864.0,13128924.0,31008.0,238889.0,531512.0,0.039601396172885286,292623.0,0.021802479252205426,-27995.0,265954.0,0.0198154504842102,-465133.0,731087.0,0.05447114255905076,0.23062681388012618,0.23062681388012618,3170000.0,3170000.0,https://www.sec.gov/Archives/edgar/data/2098/000102660810000024/0001026608-10-000024-index.htm,https://www.sec.gov/Archives/edgar/data/2098/000102660810000024/acme_10k123109.htm,1620586144,14:49:04,20210509
46,2009-09-30,ACU,USD,2009-11-13 00:00:00,2009-11-13 11:50:07,Q3,15269000.0,9771000.0,5498000.0,0.36007597092147486,0.0,4864000.0,0.0,0.0,4864000.0,14635000.0,38000.0,230000.0,864000.0,0.056585238064051344,634000.0,0.04152203811644509,461000.0,1088000.0,0.07125548496954615,360000.0,728000.0,0.047678302442858075,0.22127659574468084,0.21711899791231734,3290000.0,3353000.0,https://www.sec.gov/Archives/edgar/data/2098/000102660809000162/0001026608-09-000162-index.html,https://www.sec.gov/Archives/edgar/data/2098/000102660809000162/acme_10q93009.htm,1620586144,14:49:04,20210509
47,2009-06-30,ACU,USD,2009-08-14 00:00:00,2009-08-14 16:43:36,Q2,19161000.0,12056000.0,7105000.0,0.37080528156150516,0.0,5086000.0,0.0,0.0,5086000.0,17142000.0,44000.0,238000.0,2257000.0,0.11779134700694119,2019000.0,0.10537028338813215,30000.0,2036000.0,0.10625750221804707,695000.0,1341000.0,0.06998590887740723,0.4033082706766917,0.3958087367178276,3325000.0,3388000.0,https://www.sec.gov/Archives/edgar/data/2098/000102660809000122/0001026608-09-000122-index.html,https://www.sec.gov/Archives/edgar/data/2098/000102660809000122/acme_10q63009.txt,1620586144,14:49:04,20210509
48,2009-03-31,ACU,USD,2009-05-05 00:00:00,2009-05-05 17:13:30,Q1,11297000.0,7000000.0,4297000.0,0.3803664689740639,0.0,4216000.0,0.0,0.0,4216000.0,11216000.0,42000.0,211000.0,292000.0,0.02584757015136762,81000.0,0.007170045144728689,-31000.0,63000.0,0.005576701779233425,21000.0,42000.0,0.0037178011861556167,0.012563565659587198,0.012345679012345678,3343000.0,3402000.0,https://www.sec.gov/Archives/edgar/data/2098/000102660809000076/0001026608-09-000076-index.html,https://www.sec.gov/Archives/edgar/data/2098/000102660809000076/acme_10q33109.txt,1620586144,14:49:04,20210509
49,2008-12-31,ACU,USD,2009-03-10 00:00:00,2009-03-10 17:19:08,Q4,12584012.0,7701125.0,4882887.0,0.3880230724509799,0.0,4088093.0,0.0,0.0,4088093.0,11789218.0,89548.0,260970.0,1055764.0,0.08389724993904965,794794.0,0.0631590306811532,169855.0,875101.0,0.06954069973868429,241030.0,634071.0,0.05038703078159811,0.1896712533652408,0.1896712533652408,3343000.0,3343000.0,https://www.sec.gov/Archives/edgar/data/2098/000102660809000026/0001026608-09-000026-index.html,https://www.sec.gov/Archives/edgar/data/2098/000102660809000026/acme_10k08.txt,1620586144,14:49:04,20210509
50,2008-09-30,ACU,USD,2008-10-29 00:00:00,2008-10-29 16:41:29,Q3,19158000.0,11288000.0,7870000.0,0.4107944461843616,0.0,5651000.0,0.0,0.0,5651000.0,16939000.0,120000.0,243000.0,2462000.0,0.12851028291053346,2219000.0,0.11582628666875457,-138000.0,1961000.0,0.10235932769600167,610000.0,1351000.0,0.07051884330305877,0.38,0.37,3515000.0,3650000.0,https://www.sec.gov/Archives/edgar/data/2098/000102660808000211/0001026608-08-000211-index.html,https://www.sec.gov/Archives/edgar/data/2098/000102660808000211/acme_10q93008.txt,1620586144,14:49:04,20210509
51,2008-06-30,ACU,USD,2008-08-05 00:00:00,2008-08-05 11:12:45,Q2,22708000.0,13790000.0,8918000.0,0.3927250308261406,0.0,6121000.0,0.0,0.0,6121000.0,19911000.0,90000.0,259000.0,3056000.0,0.13457812224766602,2797000.0,0.12317245023780166,-24000.0,2683000.0,0.11815219305971464,953000.0,1730000.0,0.07618460454465387,0.49,0.47,3518000.0,3665000.0,https://www.sec.gov/Archives/edgar/data/2098/000102660808000168/0001026608-08-000168-index.html,https://www.sec.gov/Archives/edgar/data/2098/000102660808000168/acme_10q63008.txt,1620586144,14:49:04,20210509
52,2008-03-31,ACU,USD,2008-05-05 00:00:00,2008-05-05 16:00:37,Q1,14269000.0,8283000.0,5986000.0,0.419510827668372,0.0,4918000.0,0.0,0.0,4918000.0,13201000.0,96000.0,245000.0,1313000.0,0.09201766066297568,1068000.0,0.07484757165884084,186000.0,1158000.0,0.08115495129301283,405000.0,753000.0,0.05277174293923891,0.2141029286323571,0.20540098199672668,3517000.0,3666000.0,https://www.sec.gov/Archives/edgar/data/2098/000102660808000084/0001026608-08-000084-index.html,https://www.sec.gov/Archives/edgar/data/2098/000102660808000084/acme_10q33108.txt,1620586144,14:49:04,20210509
53,2007-12-31,ACU,USD,2007-12-31,2007-12-31,Q4,14852005.0,9053075.0,5798930.0,0.3904476196984851,0.0,4919166.0,0.0,0.0,4919166.0,13972241.0,136446.0,233248.0,1113012.0,0.07494018484372986,879764.0,0.05923536923129234,129357.0,872675.0,0.05875805993870861,326417.0,546258.0,0.03678008457443961,0.15531930622689794,0.15531930622689794,3517000.0,3517000.0,,,1620586144,14:49:04,20210509
54,2007-09-30,ACU,USD,2007-11-09 00:00:00,2007-11-09 16:31:26,Q3,17081000.0,9700000.0,7381000.0,0.43211755752005154,0.0,5229000.0,0.0,0.0,5229000.0,14929000.0,208000.0,209000.0,2361000.0,0.13822375739125345,2152000.0,0.12598793981617,91000.0,2035000.0,0.11913822375739125,730000.0,1305000.0,0.07640067911714771,0.37,0.35,3538000.0,3728571.0,https://www.sec.gov/Archives/edgar/data/2098/000102660807000202/0001026608-07-000202-index.html,https://www.sec.gov/Archives/edgar/data/2098/000102660807000202/acme_10q93007.txt,1620586144,14:49:04,20210509
55,2007-06-30,ACU,USD,2007-08-07 00:00:00,2007-08-07 16:41:56,Q2,18999000.0,11020000.0,7979000.0,0.41996947207747776,0.0,5435000.0,0.0,0.0,5435000.0,16455000.0,156000.0,218000.0,2762000.0,0.14537607242486447,2544000.0,0.13390178430443708,-41000.0,2347000.0,0.1235328175167114,825000.0,1522000.0,0.08010947944628664,0.43,0.41,3527000.0,3698000.0,https://www.sec.gov/Archives/edgar/data/2098/000102660807000139/0001026608-07-000139-index.html,https://www.sec.gov/Archives/edgar/data/2098/000102660807000139/acme_10q63007.txt,1620586144,14:49:04,20210509
56,2007-03-31,ACU,USD,2007-05-15 00:00:00,2007-05-15 17:09:18,Q1,12241000.0,6907000.0,5334000.0,0.4357487133404134,0.0,4158000.0,0.0,0.0,4158000.0,11065000.0,0.0,211000.0,1387000.0,0.11330773629605424,1176000.0,0.09607058246875255,27000.0,1049000.0,0.08569561310350461,399000.0,650000.0,0.053100236908749286,0.18,0.17,3525000.0,3725000.0,https://www.sec.gov/Archives/edgar/data/2098/000102660807000081/0001026608-07-000081-index.html,https://www.sec.gov/Archives/edgar/data/2098/000102660807000081/acme_10q33107.txt,1620586144,14:49:04,20210509
57,2006-12-31,ACU,USD,2006-12-31,2006-12-31,Q4,12088992.0,7110219.0,4978773.0,0.41184351846704836,0.0,4109753.0,0.0,0.0,4109753.0,11219972.0,153500.0,212128.0,1081148.0,0.08943243572334236,869020.0,0.07188523244948793,102557.0,818077.0,0.06767123346594985,422415.0,395662.0,0.032729114222261046,0.11224453900709219,0.11224453900709219,3525000.0,3525000.0,,,1620586144,14:49:04,20210509
58,2006-09-30,ACU,USD,2006-11-07,2006-11-07,Q3,15532000.0,8908000.0,6624000.0,0.4264743754828741,0.0,4506000.0,0.0,0.0,4506000.0,13414000.0,207000.0,203000.0,2321000.0,0.14943342776203966,2118000.0,0.13636363636363635,35000.0,1946000.0,0.12528972443986608,721000.0,1225000.0,0.07886943085243368,0.35,0.33,3496000.0,3737000.0,https://www.sec.gov/Archives/edgar/data/2098/000102660806000158/0001026608-06-000158-index.htm,https://www.sec.gov/Archives/edgar/data/2098/000102660806000158/acme_10q93006.txt,1620586144,14:49:04,20210509
59,2006-06-30,ACU,USD,2006-06-30,2006-06-30,Q2,16984000.0,9556000.0,7428000.0,0.4373528026377767,0.0,4995000.0,0.0,0.0,4995000.0,14551000.0,130000.0,213000.0,2646000.0,0.15579368817710787,2433000.0,0.14325247291568535,38000.0,2341000.0,0.13783560998586905,835000.0,1506000.0,0.08867169100329722,0.43,0.4,3489000.0,3731000.0,,,1620586144,14:49:04,20210509
60,2006-03-31,ACU,USD,2006-03-31,2006-03-31,Q1,12257000.0,6705000.0,5552000.0,0.4529656522803296,0.0,4259000.0,0.0,0.0,4259000.0,10964000.0,125000.0,207000.0,1500000.0,0.12237904870686138,1293000.0,0.10549073998531451,76000.0,1245000.0,0.10157461042669495,485000.0,760000.0,0.0620053846781431,0.22,0.2,3484000.0,3735000.0,,,1620586144,14:49:04,20210509
61,2005-12-31,ACU,USD,2005-12-31,2005-12-31,Q4,11059374.0,6462685.0,4596689.0,0.4156373588595521,0.0,3057488.0,0.0,0.0,3057488.0,9520173.0,95868.0,220772.0,1759973.0,0.1591385733044203,1539201.0,0.13917614143440668,-109267.0,1334066.0,0.12062762322713745,560756.0,773310.0,0.06992348753193445,0.22196039035591275,0.22196039035591275,3484000.0,3484000.0,,,1620586144,14:49:04,20210509
62,2005-09-30,ACU,USD,2005-09-30,2005-09-30,Q3,13400000.0,7234000.0,6166000.0,0.4601492537313433,0.0,4159000.0,0.0,0.0,4159000.0,11393000.0,0.0,152000.0,2159000.0,0.16111940298507463,2007000.0,0.14977611940298508,-3086000.0,338000.0,0.025223880597014924,138000.0,200000.0,0.014925373134328358,0.06,0.05,3542000.0,3840000.0,,,1620586144,14:49:04,20210509
63,2005-06-30,ACU,USD,2005-06-30,2005-06-30,Q2,14904000.0,8173000.0,6731000.0,0.4516237251744498,0.0,4577000.0,0.0,0.0,4577000.0,12750000.0,43000.0,144000.0,2298000.0,0.1541867954911433,2154000.0,0.14452495974235105,-97000.0,2014000.0,0.1351315083199141,700000.0,1314000.0,0.08816425120772947,0.37,0.34,3541000.0,3848000.0,,,1620586144,14:49:04,20210509
64,2005-03-31,ACU,USD,2005-03-31,2005-03-31,Q1,10583000.0,5722000.0,4861000.0,0.45932155343475384,0.0,3719000.0,0.0,0.0,3719000.0,9441000.0,13000.0,136000.0,1278000.0,0.12075970896721157,1142000.0,0.10790891051686667,-49000.0,1080000.0,0.10205045828215062,430000.0,650000.0,0.0614192572994425,0.19,0.17,3489000.0,3857000.0,,,1620586144,14:49:04,20210509
65,2004-12-31,ACU,USD,2004-12-31,2004-12-31,Q4,10920648.0,5959118.0,4961530.0,0.4543256041216602,0.0,3874082.0,0.0,0.0,3874082.0,9833200.0,26335.0,149347.0,1236795.0,0.11325289488316077,1087448.0,0.09957724120400181,133203.0,1194316.0,0.10936310739069696,439911.0,754405.0,0.06908060767090012,0.2162238463743193,0.2162238463743193,3489000.0,3489000.0,,,1620586144,14:49:04,20210509
66,2004-09-30,ACU,USD,2004-09-30,2004-09-30,Q3,11595000.0,6142000.0,5453000.0,0.47028891763691244,0.0,3739000.0,0.0,0.0,3739000.0,9881000.0,0.0,134000.0,1848000.0,0.15937904269081501,1714000.0,0.1478223372143165,-52000.0,1616000.0,0.139370418283743,599000.0,1017000.0,0.08771021992238033,0.3,0.26,3400000.0,3842000.0,,,1620586144,14:49:04,20210509
67,2004-06-30,ACU,USD,2004-06-30,2004-06-30,Q2,12298000.0,6779000.0,5519000.0,0.4487721580744837,0.0,3579000.0,0.0,0.0,3579000.0,10358000.0,40000.0,129000.0,2069000.0,0.16823873800617986,1940000.0,0.15774922751666937,-80000.0,1820000.0,0.14799154334038056,745000.0,1075000.0,0.08741258741258741,0.32,0.29,3368000.0,3722000.0,,,1620586144,14:49:04,20210509
68,2004-03-31,ACU,USD,2004-03-31,2004-03-31,Q1,8567000.0,4848000.0,3719000.0,0.43410762227150695,0.0,2969000.0,0.0,0.0,2969000.0,7817000.0,45000.0,110000.0,860000.0,0.1003851990194934,750000.0,0.08754523170304658,5000.0,710000.0,0.0828761526788841,318000.0,392000.0,0.045756974436792344,0.12,0.11,3303000.0,3592000.0,,,1620586144,14:49:04,20210509
69,2003-12-31,ACU,USD,2003-12-31,2003-12-31,Q4,8105660.0,4944901.0,3160759.0,0.38994468063057175,0.0,2793395.0,0.0,0.0,2793395.0,7738296.0,45265.0,130051.0,497415.0,0.061366378555231776,367364.0,0.04532191086228635,146172.0,468271.0,0.05777086628355988,241440.0,226831.0,0.02798427271807601,0.06867423554344536,0.06867423554344536,3303000.0,3303000.0,,,1620586144,14:49:04,20210509
70,2003-09-30,ACU,USD,2003-09-30,2003-09-30,Q3,9538000.0,6367000.0,3171000.0,0.33245963514363597,0.0,2648000.0,0.0,0.0,2648000.0,9015000.0,49000.0,111000.0,634000.0,0.06647095827217446,523000.0,0.054833298385405745,91000.0,565000.0,0.0592367372614804,263000.0,302000.0,0.031662822394632,0.09,0.08,3282000.0,3586000.0,,,1620586144,14:49:04,20210509
71,2003-06-30,ACU,USD,2003-06-30,2003-06-30,Q2,10142000.0,6221000.0,3921000.0,0.38661013606783673,0.0,2906000.0,0.0,0.0,2906000.0,9127000.0,0.0,107000.0,1122000.0,0.11062906724511931,1015000.0,0.10007887990534411,15000.0,658000.0,0.06487872214553342,343000.0,615000.0,0.06063892723328732,0.18,0.17,3336000.0,3520000.0,,,1620586144,14:49:04,20210509
72,2003-03-31,ACU,USD,2003-03-31,2003-03-31,Q1,7189000.0,4307000.0,2882000.0,0.4008902489915148,0.0,2301000.0,0.0,0.0,2301000.0,6608000.0,0.0,110000.0,691000.0,0.0961190708026151,581000.0,0.08081791626095423,-150000.0,352000.0,0.04896369453331478,274000.0,78000.0,0.0108499095840868,0.023090586145648313,0.022413793103448276,3378000.0,3480000.0,,,1620586144,14:49:04,20210509
73,2002-12-31,ACU,USD,2002-12-31,2002-12-31,Q4,6863570.0,4401272.0,2462298.0,0.3587488726712192,0.0,2505080.0,0.0,0.0,2505080.0,6906352.0,118344.0,121487.0,78705.0,0.011467064515988036,-42782.0,-0.006233199340867799,-74598.0,-235724.0,-0.03434422610973589,-276218.0,40494.0,0.005899845124330341,0.011987566607460035,0.011987566607460035,3378000.0,3378000.0,,,1620586144,14:49:04,20210509
74,2002-09-30,ACU,USD,2002-11-12 00:00:00,2002-11-12 08:02:39,Q3,7867000.0,5204000.0,2663000.0,0.3385026058217872,0.0,2688000.0,0.0,0.0,2688000.0,7892000.0,180000.0,150000.0,125000.0,0.01588915723910004,-25000.0,-0.0031778314478200075,101000.0,-104000.0,-0.013219778822931232,-374000.0,270000.0,0.03432057963645608,0.07936507936507936,0.07577883805781645,3402000.0,3563000.0,https://www.sec.gov/Archives/edgar/data/2098/000102660802000036/0001026608-02-000036-index.html,https://www.sec.gov/Archives/edgar/data/2098/000102660802000036/acme_10q902.txt,1620586144,14:49:04,20210509
75,2002-06-30,ACU,USD,2002-08-14 00:00:00,2002-08-14 13:00:05,Q2,9398000.0,6233000.0,3165000.0,0.3367737816556714,0.0,2381000.0,0.0,0.0,2381000.0,8614000.0,163000.0,132000.0,916000.0,0.09746754628644393,784000.0,0.0834220046818472,-322000.0,299000.0,0.03181527984677591,72000.0,227000.0,0.0241540753351777,0.07,0.06,3410000.0,3599000.0,https://www.sec.gov/Archives/edgar/data/2098/000102660802000024/0001026608-02-000024-index.html,https://www.sec.gov/Archives/edgar/data/2098/000102660802000024/acme_10q602.txt,1620586144,14:49:04,20210509
76,2002-03-31,ACU,USD,2002-05-15 00:00:00,2002-05-15 14:19:07,Q1,6754000.0,4612000.0,2142000.0,0.3171453953212911,0.0,1943000.0,0.0,0.0,1943000.0,6555000.0,146000.0,159000.0,358000.0,0.053005626295528574,199000.0,0.029464021320698846,84000.0,137000.0,0.020284275984601717,15000.0,122000.0,0.0180633698549008,0.03577712609970674,0.033776301218161685,3410000.0,3612000.0,https://www.sec.gov/Archives/edgar/data/2098/000102660802000014/0001026608-02-000014-index.html,https://www.sec.gov/Archives/edgar/data/2098/000102660802000014/acme_10q302.txt,1620586144,14:49:04,20210509
77,2001-12-31,ACU,USD,2002-03-26 00:00:00,2002-03-26 00:00:00,Q4,8558603.0,5094263.0,3464340.0,0.4047786770808273,0.0,2657751.0,0.0,0.0,2657751.0,7752014.0,169910.0,118006.0,924595.0,0.10803106535026803,806589.0,0.094243067472577,-61453.0,575226.0,0.06721026784394603,394822.0,180404.0,0.021078673704108018,0.05290439882697947,0.05290439882697947,3410000.0,3410000.0,https://www.sec.gov/Archives/edgar/data/2098/000102660802000007/0001026608-02-000007-index.html,https://www.sec.gov/Archives/edgar/data/2098/000102660802000007/acme_10k01.txt,1620586144,14:49:04,20210509
78,2001-09-30,ACU,USD,2001-11-14 00:00:00,2001-11-14 00:00:00,Q3,9014000.0,5543000.0,3471000.0,0.3850676725094298,0.0,2834000.0,0.0,0.0,2834000.0,8377000.0,211000.0,251000.0,888000.0,0.0985134235633459,637000.0,0.07066785001109385,-8000.0,418000.0,0.046372309740403815,13000.0,405000.0,0.04493010871976925,0.12,0.11,3490000.0,3604000.0,https://www.sec.gov/Archives/edgar/data/2098/000102660801500033/0001026608-01-500033-index.html,https://www.sec.gov/Archives/edgar/data/2098/000102660801500033/acme_10q901.txt,1620586144,14:49:04,20210509
79,2001-06-30,ACU,USD,2001-08-14 00:00:00,2001-08-14 00:00:00,Q2,10642000.0,6575000.0,4067000.0,0.38216500657771096,0.0,3464000.0,0.0,0.0,3464000.0,10039000.0,206000.0,207000.0,810000.0,0.07611351249765082,603000.0,0.056662281526028944,81000.0,478000.0,0.04491636910355196,13000.0,465000.0,0.04369479421161436,0.13255416191562144,0.12863070539419086,3508000.0,3615000.0,https://www.sec.gov/Archives/edgar/data/2098/000102660801500017/0001026608-01-500017-index.html,https://www.sec.gov/Archives/edgar/data/2098/000102660801500017/acme_10q601.txt,1620586144,14:49:04,20210509
80,2001-03-31,ACU,USD,2001-05-14 00:00:00,2001-05-14 00:00:00,Q1,7950000.0,5114000.0,2836000.0,0.3567295597484277,0.0,2412000.0,0.0,0.0,2412000.0,7526000.0,203000.0,148000.0,572000.0,0.07194968553459119,424000.0,0.05333333333333334,21000.0,242000.0,0.030440251572327045,12000.0,230000.0,0.028930817610062894,0.07,0.06,3508000.0,3573000.0,https://www.sec.gov/Archives/edgar/data/2098/000102660801500013/0001026608-01-500013-index.html,https://www.sec.gov/Archives/edgar/data/2098/000102660801500013/acme_10q301.txt,1620586144,14:49:04,20210509
81,2000-12-31,ACU,USD,2001-03-28 00:00:00,2001-03-28 00:00:00,Q4,7409595.0,4616412.0,2793183.0,0.3769683768141174,0.0,2140187.0,0.0,0.0,1322187.0,5938599.0,213949.0,160936.0,1631932.0,0.22024577591622754,1470996.0,0.1985258303591492,-301211.0,137836.0,0.01860236625618539,211.0,137625.0,0.01857388966603438,0.039231755986316987,0.039231755986316987,3508000.0,3508000.0,https://www.sec.gov/Archives/edgar/data/2098/000102660801500005/0001026608-01-500005-index.html,https://www.sec.gov/Archives/edgar/data/2098/000102660801500005/acmeun_10k00.txt,1620586144,14:49:04,20210509
82,2000-09-30,ACU,USD,2000-11-14 00:00:00,2000-11-14 00:00:00,Q3,8760000.0,5612000.0,3148000.0,0.3593607305936073,0.0,2452000.0,0.0,0.0,2821000.0,8433000.0,273000.0,156000.0,483000.0,0.055136986301369866,327000.0,0.03732876712328767,-96000.0,327000.0,0.03732876712328767,25000.0,302000.0,0.03447488584474886,0.09,0.08,3507000.0,3798000.0,https://www.sec.gov/Archives/edgar/data/2098/000102660800000026/0001026608-00-000026-index.html,https://www.sec.gov/Archives/edgar/data/2098/000102660800000026/0001026608-00-000026-0001.txt,1620586144,14:49:04,20210509
83,2000-06-30,ACU,USD,2000-08-14 00:00:00,2000-08-14 00:00:00,Q2,10201000.0,6785000.0,3416000.0,0.3348691304774042,0.0,2737000.0,0.0,0.0,2737000.0,9522000.0,0.0,219000.0,898000.0,0.0880305852367415,679000.0,0.06656210175472993,-21000.0,424000.0,0.04156455249485345,10000.0,414000.0,0.040584256445446526,0.11804961505560307,0.11532033426183844,3507000.0,3590000.0,https://www.sec.gov/Archives/edgar/data/2098/000102660800000022/0001026608-00-000022-index.html,https://www.sec.gov/Archives/edgar/data/2098/000102660800000022/0001026608-00-000022-0001.txt,1620586144,14:49:04,20210509
84,2000-03-31,ACU,USD,2000-05-15 00:00:00,2000-05-15 00:00:00,Q1,8041000.0,5222000.0,2819000.0,0.35057828628280063,0.0,2424000.0,0.0,0.0,2424000.0,7646000.0,206000.0,213000.0,608000.0,0.07561248600920284,395000.0,0.04912324337768934,18000.0,207000.0,0.025743066782738466,0.0,207000.0,0.025743066782738466,0.05902480752780154,0.05609756097560976,3507000.0,3690000.0,https://www.sec.gov/Archives/edgar/data/2098/000102660800000018/0001026608-00-000018-index.html,https://www.sec.gov/Archives/edgar/data/2098/0001026608-00-000018.txt,1620586144,14:49:04,20210509
85,1999-12-31,ACU,USD,1999-12-31,1999-12-31,Q4,7885278.0,5494668.0,2390610.0,0.30317383863955083,0.0,1709361.0,0.0,0.0,1709361.0,7204029.0,0.0,479710.0,1160959.0,0.14723120732078185,681249.0,0.08639505163927004,-24213.0,117010.0,0.014839045624009705,0.0,168404.0,0.021356761296177508,0.048019389791844884,0.048019389791844884,3507000.0,3507000.0,,,1620586144,14:49:04,20210509
86,1999-09-30,ACU,USD,1999-11-15 00:00:00,1999-11-15 00:00:00,Q3,9300000.0,7100000.0,2200000.0,0.23655913978494625,0.0,2000000.0,0.0,0.0,2000000.0,9100000.0,200000.0,200000.0,400000.0,0.043010752688172046,200000.0,0.021505376344086023,100000.0,100000.0,0.010752688172043012,-100000.0,100000.0,0.010752688172043012,0.04,0.04,3377000.0,3377000.0,https://www.sec.gov/Archives/edgar/data/2098/000102660899000066/0001026608-99-000066-index.html,https://www.sec.gov/Archives/edgar/data/2098/0001026608-99-000066.txt,1620586144,14:49:04,20210509
87,1999-06-30,ACU,USD,1999-08-16 00:00:00,1999-08-16 00:00:00,Q2,9800000.0,7400000.0,2400000.0,0.24489795918367346,0.0,2100000.0,0.0,0.0,2100000.0,9500000.0,0.0,100000.0,400000.0,0.04081632653061224,300000.0,0.030612244897959183,100000.0,200000.0,0.02040816326530612,0.0,100000.0,0.01020408163265306,0.04,0.04,3377000.0,3377000.0,https://www.sec.gov/Archives/edgar/data/2098/000102660899000060/0001026608-99-000060-index.html,https://www.sec.gov/Archives/edgar/data/2098/0001026608-99-000060.txt,1620586144,14:49:04,20210509
88,1999-03-31,ACU,USD,1999-05-17 00:00:00,1999-05-17 00:00:00,Q1,7600000.0,6100000.0,1500000.0,0.19736842105263158,0.0,1900000.0,0.0,0.0,1900000.0,8000000.0,400000.0,200000.0,-200000.0,-0.02631578947368421,-400000.0,-0.05263157894736842,200000.0,-600000.0,-0.07894736842105263,0.0,1800000.0,0.23684210526315788,0.52,0.52,3377000.0,3377000.0,https://www.sec.gov/Archives/edgar/data/2098/000102660899000044/0001026608-99-000044-index.html,https://www.sec.gov/Archives/edgar/data/2098/0001026608-99-000044.txt,1620586144,14:49:04,20210509
89,1998-12-31,ACU,USD,1999-03-31 00:00:00,1999-03-31 00:00:00,Q4,-600000.0,800000.0,-1400000.0,2.3333333333333335,0.0,400000.0,0.0,0.0,400000.0,1200000.0,400000.0,400000.0,-1400000.0,2.3333333333333335,-1800000.0,3.0,-400000.0,-2500000.0,4.166666666666667,0.0,-1800000.0,3.0,-0.5330174711282203,-0.5330174711282203,3377000.0,3377000.0,https://www.sec.gov/Archives/edgar/data/2098/000102660899000031/0001026608-99-000031-index.html,https://www.sec.gov/Archives/edgar/data/2098/0001026608-99-000031.txt,1620586144,14:49:04,20210509
90,1998-09-30,ACU,USD,1998-11-13 00:00:00,1998-11-13 00:00:00,Q3,13400000.0,10300000.0,3100000.0,0.23134328358208955,0.0,2700000.0,0.0,0.0,2700000.0,13000000.0,400000.0,300000.0,700000.0,0.05223880597014925,400000.0,0.029850746268656716,100000.0,100000.0,0.007462686567164179,0.0,100000.0,0.007462686567164179,0.029664787896766538,0.02676659528907923,3371000.0,3736000.0,https://www.sec.gov/Archives/edgar/data/2098/000102660898000051/0001026608-98-000051-index.html,https://www.sec.gov/Archives/edgar/data/2098/0001026608-98-000051.txt,1620586144,14:49:04,20210509
91,1998-06-30,ACU,USD,1998-08-12 00:00:00,1998-08-12 00:00:00,Q2,12700000.0,9500000.0,3200000.0,0.25196850393700787,0.0,2800000.0,0.0,0.0,2800000.0,12300000.0,0.0,200000.0,600000.0,0.047244094488188976,400000.0,0.031496062992125984,100000.0,100000.0,0.007874015748031496,0.0,100000.0,0.007874015748031496,0.04,0.03,3370000.0,3723000.0,https://www.sec.gov/Archives/edgar/data/2098/000102660898000037/0001026608-98-000037-index.html,https://www.sec.gov/Archives/edgar/data/2098/0001026608-98-000037.txt,1620586144,14:49:04,20210509
92,1998-03-31,ACU,USD,1998-05-04 00:00:00,1998-05-04 00:00:00,Q1,11000000.0,8200000.0,2800000.0,0.2545454545454545,0.0,2600000.0,0.0,0.0,2600000.0,10800000.0,0.0,300000.0,500000.0,0.045454545454545456,200000.0,0.01818181818181818,100000.0,-100000.0,-0.00909090909090909,0.0,-100000.0,-0.00909090909090909,-0.03,-0.03,3368000.0,3368000.0,https://www.sec.gov/Archives/edgar/data/2098/000102660898000021/0001026608-98-000021-index.html,https://www.sec.gov/Archives/edgar/data/2098/0001026608-98-000021.txt,1620586144,14:49:04,20210509
93,1997-12-31,ACU,USD,1998-03-27 00:00:00,1998-03-27 00:00:00,Q4,9900000.0,7700000.0,2200000.0,0.2222222222222222,0.0,2600000.0,0.0,0.0,2600000.0,10300000.0,0.0,200000.0,-200000.0,-0.020202020202020204,-400000.0,-0.04040404040404041,300000.0,-400000.0,-0.04040404040404041,0.0,-500000.0,-0.050505050505050504,-0.14845605700712589,-0.14845605700712589,3368000.0,3368000.0,https://www.sec.gov/Archives/edgar/data/2098/000102660898000010/0001026608-98-000010-index.html,https://www.sec.gov/Archives/edgar/data/2098/0001026608-98-000010.txt,1620586144,14:49:04,20210509
94,1997-09-30,ACU,USD,1997-11-03 00:00:00,1997-11-03 00:00:00,Q3,12700000.0,9300000.0,3400000.0,0.2677165354330709,0.0,2900000.0,0.0,0.0,2900000.0,12200000.0,0.0,300000.0,800000.0,0.06299212598425197,500000.0,0.03937007874015748,100000.0,200000.0,0.015748031496062992,0.0,200000.0,0.015748031496062992,0.06,0.06,3353000.0,3353000.0,https://www.sec.gov/Archives/edgar/data/2098/000102660897000052/0001026608-97-000052-index.html,https://www.sec.gov/Archives/edgar/data/2098/0001026608-97-000052.txt,1620586144,14:49:04,20210509
95,1997-06-30,ACU,USD,1997-08-12 00:00:00,1997-08-12 00:00:00,Q2,12900000.0,9500000.0,3400000.0,0.26356589147286824,0.0,2800000.0,0.0,0.0,2800000.0,12300000.0,300000.0,300000.0,900000.0,0.06976744186046512,600000.0,0.046511627906976744,100000.0,300000.0,0.023255813953488372,0.0,200000.0,0.015503875968992248,0.07,0.07,3330000.0,3330000.0,https://www.sec.gov/Archives/edgar/data/2098/000010645597000011/0000106455-97-000011-index.html,https://www.sec.gov/Archives/edgar/data/2098/0000106455-97-000011.txt,1620586144,14:49:04,20210509
96,1997-03-31,ACU,USD,1997-05-14 00:00:00,1997-05-14 00:00:00,Q1,10900000.0,7700000.0,3200000.0,0.29357798165137616,0.0,3000000.0,0.0,0.0,3000000.0,10700000.0,300000.0,300000.0,500000.0,0.045871559633027525,200000.0,0.01834862385321101,400000.0,300000.0,0.027522935779816515,0.0,300000.0,0.027522935779816515,0.08,0.08,3369000.0,3369000.0,https://www.sec.gov/Archives/edgar/data/2098/000102660897000036/0001026608-97-000036-index.html,https://www.sec.gov/Archives/edgar/data/2098/0001026608-97-000036.txt,1620586144,14:49:04,20210509
97,1996-12-31,ACU,USD,1997-03-28 00:00:00,1997-03-28 00:00:00,Q4,9400000.0,5900000.0,3500000.0,0.3723404255319149,0.0,2300000.0,0.0,0.0,2300000.0,8200000.0,300000.0,100000.0,1300000.0,0.13829787234042554,1200000.0,0.1276595744680851,-1600000.0,-700000.0,-0.07446808510638298,0.0,-700000.0,-0.07446808510638298,-0.20777678836449986,-0.20777678836449986,3369000.0,3369000.0,https://www.sec.gov/Archives/edgar/data/2098/000102660897000026/0001026608-97-000026-index.html,https://www.sec.gov/Archives/edgar/data/2098/0001026608-97-000026.txt,1620586144,14:49:04,20210509
98,1996-09-30,ACU,USD,1996-11-14 00:00:00,1996-11-14 00:00:00,Q3,13300000.0,9800000.0,3500000.0,0.2631578947368421,0.0,3700000.0,0.0,0.0,3700000.0,13500000.0,400000.0,400000.0,200000.0,0.015037593984962405,-200000.0,-0.015037593984962405,100000.0,-500000.0,-0.03759398496240601,-100000.0,-500000.0,-0.03759398496240601,-0.15,-0.15,3338000.0,3338000.0,https://www.sec.gov/Archives/edgar/data/2098/000000209896000007/0000002098-96-000007-index.html,https://www.sec.gov/Archives/edgar/data/2098/0000002098-96-000007.txt,1620586144,14:49:04,20210509
99,1996-06-30,ACU,USD,1996-08-13 00:00:00,1996-08-13 00:00:00,Q2,12800000.0,10200000.0,2600000.0,0.203125,0.0,3400000.0,0.0,0.0,3400000.0,13600000.0,400000.0,400000.0,-400000.0,-0.03125,-800000.0,-0.0625,0.0,-1200000.0,-0.09375,0.0,-1200000.0,-0.09375,-0.37,-0.37,3338000.0,3338000.0,https://www.sec.gov/Archives/edgar/data/2098/000000209896000006/0000002098-96-000006-index.html,https://www.sec.gov/Archives/edgar/data/2098/0000002098-96-000006.txt,1620586144,14:49:04,20210509
100,1996-03-31,ACU,USD,1996-05-15 00:00:00,1996-05-15 00:00:00,Q1,12000000.0,9100000.0,2900000.0,0.24166666666666667,0.0,3300000.0,0.0,0.0,3300000.0,12400000.0,400000.0,400000.0,0.0,0.0,-400000.0,-0.03333333333333333,100000.0,-700000.0,-0.058333333333333334,100000.0,-800000.0,-0.06666666666666667,-0.24,-0.24,3338000.0,3338000.0,https://www.sec.gov/Archives/edgar/data/2098/000000209896000004/0000002098-96-000004-index.html,https://www.sec.gov/Archives/edgar/data/2098/0000002098-96-000004.txt,1620586144,14:49:04,20210509
101,1995-12-31,ACU,USD,1996-03-29 00:00:00,1996-03-29 00:00:00,Q4,11000000.0,9200000.0,1800000.0,0.16363636363636364,0.0,4200000.0,0.0,0.0,4200000.0,13400000.0,500000.0,500000.0,-1900000.0,-0.17272727272727273,-2400000.0,-0.21818181818181817,-9800000.0,0.0,0.0,0.0,0.0,0.0,0.0,0.0,3338000.0,3338000.0,https://www.sec.gov/Archives/edgar/data/2098/000000209896000003/0000002098-96-000003-index.html,https://www.sec.gov/Archives/edgar/data/2098/0000002098-96-000003.txt,1620586144,14:49:04,20210509
102,1995-09-30,ACU,USD,1995-11-13 00:00:00,1995-11-13 00:00:00,Q3,13800000.0,10000000.0,3800000.0,0.2753623188405797,0.0,3400000.0,0.0,0.0,3400000.0,13400000.0,500000.0,400000.0,800000.0,0.057971014492753624,400000.0,0.028985507246376812,0.0,-100000.0,-0.007246376811594203,0.0,-200000.0,-0.014492753623188406,-0.05,-0.05,3337620.0,3337620.0,https://www.sec.gov/Archives/edgar/data/2098/000000209895000005/0000002098-95-000005-index.html,https://www.sec.gov/Archives/edgar/data/2098/0000002098-95-000005.txt,1620586144,14:49:04,20210509
103,1995-06-30,ACU,USD,1995-08-11 00:00:00,1995-08-11 00:00:00,Q2,14500000.0,10300000.0,4200000.0,0.2896551724137931,0.0,3400000.0,0.0,0.0,3400000.0,13700000.0,500000.0,500000.0,1300000.0,0.0896551724137931,800000.0,0.05517241379310345,0.0,300000.0,0.020689655172413793,100000.0,200000.0,0.013793103448275862,0.07,0.07,3355122.0,3355122.0,https://www.sec.gov/Archives/edgar/data/2098/000000209895000004/0000002098-95-000004-index.html,https://www.sec.gov/Archives/edgar/data/2098/0000002098-95-000004.txt,1620586144,14:49:04,20210509
104,1995-03-31,ACU,USD,1995-03-31,1995-03-31,Q4,12900000.0,9300000.0,3600000.0,0.27906976744186046,0.0,3300000.0,0.0,0.0,3300000.0,12600000.0,500000.0,500000.0,800000.0,0.06201550387596899,300000.0,0.023255813953488372,0.0,-200000.0,-0.015503875968992248,-100000.0,-100000.0,-0.007751937984496124,-0.02,-0.02,3353899.0,3353899.0,,,1620586144,14:49:04,20210509
105,1994-09-30,ACU,USD,1994-09-30,1994-09-30,Q3,13400000.0,9000000.0,4400000.0,0.3283582089552239,0.0,3500000.0,0.0,0.0,4000000.0,13000000.0,400000.0,500000.0,900000.0,0.06716417910447761,400000.0,0.029850746268656716,100000.0,0.0,0.0,0.0,0.0,0.0,0.01,0.01,2500000.0,2500000.0,,,1620586144,14:49:04,20210509
106,1994-06-30,ACU,USD,1994-06-30,1994-06-30,Q2,14200000.0,9800000.0,4400000.0,0.30985915492957744,0.0,3400000.0,0.0,0.0,3900000.0,13700000.0,400000.0,500000.0,1000000.0,0.07042253521126761,500000.0,0.035211267605633804,100000.0,0.0,0.0,0.0,200000.0,0.014084507042253521,0.06,0.06,3333333.0,3333333.0,,,1620586144,14:49:04,20210509
107,1994-03-31,ACU,USD,1994-03-31,1994-03-31,Q4,12300000.0,8600000.0,3700000.0,0.3008130081300813,0.0,3200000.0,0.0,0.0,3600000.0,12200000.0,400000.0,400000.0,500000.0,0.04065040650406504,100000.0,0.008130081300813009,100000.0,-200000.0,-0.016260162601626018,-100000.0,-100000.0,-0.008130081300813009,-0.04,-0.04,2500000.0,2500000.0,,,1620586144,14:49:04,20210509
108,1993-09-30,ACU,USD,1993-09-30,1993-09-30,Q3,14300000.0,10500000.0,3800000.0,0.26573426573426573,0.0,3200000.0,0.0,0.0,3600000.0,14100000.0,400000.0,400000.0,600000.0,0.04195804195804196,200000.0,0.013986013986013986,0.0,0.0,0.0,-200000.0,0.0,0.0,0.0,0.0,2500000.0,2500000.0,,,1620586144,14:49:04,20210509
109,1993-06-30,ACU,USD,1993-06-30,1993-06-30,Q2,13900000.0,9500000.0,4400000.0,0.31654676258992803,0.0,3300000.0,0.0,0.0,3800000.0,13300000.0,400000.0,500000.0,1100000.0,0.07913669064748201,600000.0,0.04316546762589928,100000.0,300000.0,0.02158273381294964,100000.0,200000.0,0.014388489208633094,0.05,0.05,4000000.0,4000000.0,,,1620586144,14:49:04,20210509
110,1993-03-31,ACU,USD,1993-03-31,1993-03-31,Q4,12400000.0,8700000.0,3700000.0,0.29838709677419356,0.0,3100000.0,0.0,0.0,3500000.0,12200000.0,400000.0,400000.0,600000.0,0.04838709677419355,200000.0,0.016129032258064516,0.0,-200000.0,-0.016129032258064516,-100000.0,-100000.0,-0.008064516129032258,-0.04,-0.04,2500000.0,2500000.0,,,1620586144,14:49:04,20210509
111,1992-09-30,ACU,USD,1992-09-30,1992-09-30,Q3,14500000.0,10000000.0,4500000.0,0.3103448275862069,0.0,3300000.0,0.0,0.0,3700000.0,13700000.0,500000.0,400000.0,1200000.0,0.08275862068965517,800000.0,0.05517241379310345,0.0,300000.0,0.020689655172413793,100000.0,200000.0,0.013793103448275862,0.07,0.07,2857143.0,2857143.0,,,1620586144,14:49:04,20210509
112,1992-06-30,ACU,USD,1992-06-30,1992-06-30,Q2,14300000.0,9600000.0,4700000.0,0.32867132867132864,0.0,3500000.0,0.0,0.0,4000000.0,13600000.0,400000.0,500000.0,1200000.0,0.08391608391608392,700000.0,0.04895104895104895,100000.0,400000.0,0.027972027972027972,100000.0,300000.0,0.02097902097902098,0.09,0.09,3333333.0,3333333.0,,,1620586144,14:49:04,20210509
113,1992-03-31,ACU,USD,1992-03-31,1992-03-31,Q4,12100000.0,8400000.0,3700000.0,0.30578512396694213,0.0,3000000.0,0.0,0.0,3400000.0,11800000.0,0.0,400000.0,700000.0,0.05785123966942149,300000.0,0.024793388429752067,100000.0,0.0,0.0,0.0,-100000.0,-0.008264462809917356,-0.03,-0.03,3333333.0,3333333.0,,,1620586144,14:49:04,20210509
114,1991-09-30,ACU,USD,1991-09-30,1991-09-30,Q3,12100000.0,8200000.0,3900000.0,0.32231404958677684,0.0,2600000.0,0.0,0.0,2900000.0,11100000.0,300000.0,200000.0,1200000.0,0.09917355371900827,1000000.0,0.08264462809917356,100000.0,800000.0,0.06611570247933884,400000.0,400000.0,0.03305785123966942,0.13,0.13,3076923.0,3076923.0,,,1620586144,14:49:04,20210509
115,1991-06-30,ACU,USD,1991-06-30,1991-06-30,Q2,12600000.0,8500000.0,4100000.0,0.3253968253968254,0.0,2600000.0,0.0,0.0,2900000.0,11400000.0,300000.0,400000.0,1600000.0,0.12698412698412698,1200000.0,0.09523809523809523,-100000.0,800000.0,0.06349206349206349,400000.0,400000.0,0.031746031746031744,0.13,0.13,3076923.0,3076923.0,,,1620586144,14:49:04,20210509
116,1991-03-31,ACU,USD,1991-03-31,1991-03-31,Q4,11500000.0,7800000.0,3700000.0,0.3217391304347826,0.0,2500000.0,0.0,0.0,2800000.0,10600000.0,300000.0,300000.0,1200000.0,0.10434782608695652,900000.0,0.0782608695652174,200000.0,800000.0,0.06956521739130435,400000.0,400000.0,0.034782608695652174,0.11,0.11,3636364.0,3636364.0,,,1620586144,14:49:04,20210509
117,1990-09-30,ACU,USD,1990-09-30,1990-09-30,Q3,11200000.0,7900000.0,3300000.0,0.29464285714285715,0.0,2500000.0,0.0,0.0,2800000.0,10700000.0,300000.0,300000.0,800000.0,0.07142857142857142,500000.0,0.044642857142857144,100000.0,400000.0,0.03571428571428571,200000.0,200000.0,0.017857142857142856,0.06,0.06,3333333.0,3333333.0,,,1620586144,14:49:04,20210509
118,1990-06-30,ACU,USD,1990-06-30,1990-06-30,Q2,12200000.0,8400000.0,3800000.0,0.3114754098360656,0.0,2400000.0,0.0,0.0,2700000.0,11100000.0,300000.0,300000.0,1400000.0,0.11475409836065574,1100000.0,0.09016393442622951,100000.0,900000.0,0.07377049180327869,300000.0,600000.0,0.04918032786885246,0.18,0.18,3333333.0,3333333.0,,,1620586144,14:49:04,20210509
119,1990-03-31,ACU,USD,1990-03-31,1990-03-31,Q4,10900000.0,7600000.0,3300000.0,0.30275229357798167,0.0,2200000.0,0.0,0.0,2500000.0,10100000.0,200000.0,300000.0,1100000.0,0.10091743119266056,800000.0,0.07339449541284404,100000.0,600000.0,0.05504587155963303,200000.0,400000.0,0.03669724770642202,0.13,0.13,3076923.0,3076923.0,,,1620586144,14:49:04,20210509
120,1989-09-30,ACU,USD,1989-09-30,1989-09-30,Q3,9700000.0,0.0,0.0,0.0,0.0,0.0,0.0,0.0,0.0,0.0,0.0,0.0,9700000.0,1.0,9700000.0,1.0,0.0,0.0,0.0,0.0,0.0,0.0,0.01,0.01,3173000.0,3173000.0,,,1620586144,14:49:04,20210509
121,1989-06-30,ACU,USD,1989-06-30,1989-06-30,Q2,10200000.0,0.0,0.0,0.0,0.0,0.0,0.0,0.0,0.0,0.0,0.0,0.0,10200000.0,1.0,10200000.0,1.0,0.0,0.0,0.0,0.0,0.0,0.0,0.03,0.03,3173000.0,3173000.0,,,1620586144,14:49:04,20210509
122,1989-03-31,ACU,USD,1989-03-31,1989-03-31,Q4,9400000.0,0.0,0.0,0.0,0.0,0.0,0.0,0.0,0.0,0.0,0.0,0.0,9400000.0,1.0,9400000.0,1.0,0.0,0.0,0.0,0.0,0.0,0.0,0.01,0.01,3173000.0,3173000.0,,,1620586144,14:49:04,20210509
123,1988-09-30,ACU,USD,1988-09-30,1988-09-30,Q3,9100000.0,0.0,0.0,0.0,0.0,0.0,0.0,0.0,0.0,0.0,0.0,0.0,9100000.0,1.0,9100000.0,1.0,0.0,0.0,0.0,0.0,0.0,0.0,0.0,0.0,3173000.0,3173000.0,,,1620586144,14:49:04,20210509
124,1988-06-30,ACU,USD,1988-06-30,1988-06-30,Q2,10600000.0,0.0,0.0,0.0,0.0,0.0,0.0,0.0,0.0,0.0,0.0,0.0,10600000.0,1.0,10600000.0,1.0,0.0,0.0,0.0,0.0,0.0,0.0,0.07,0.07,3173000.0,3173000.0,,,1620586144,14:49:04,20210509
125,1988-03-31,ACU,USD,1988-03-31,1988-03-31,Q4,8900000.0,0.0,0.0,0.0,0.0,0.0,0.0,0.0,0.0,0.0,0.0,0.0,8900000.0,1.0,8900000.0,1.0,0.0,0.0,0.0,0.0,0.0,0.0,0.01,0.01,3173000.0,3173000.0,,,1620586144,14:49:04,20210509
126,1987-09-30,ACU,USD,1987-09-30,1987-09-30,Q3,9600000.0,0.0,0.0,0.0,0.0,0.0,0.0,0.0,0.0,0.0,0.0,0.0,9600000.0,1.0,9600000.0,1.0,0.0,0.0,0.0,0.0,0.0,0.0,0.06,0.06,3173000.0,3173000.0,,,1620586144,14:49:04,20210509
127,1987-06-30,ACU,USD,1987-06-30,1987-06-30,Q2,10200000.0,0.0,0.0,0.0,0.0,0.0,0.0,0.0,0.0,0.0,0.0,0.0,10200000.0,1.0,10200000.0,1.0,0.0,0.0,0.0,0.0,0.0,0.0,0.07,0.07,3173000.0,3173000.0,,,1620586144,14:49:04,20210509
128,1987-03-31,ACU,USD,1987-03-31,1987-03-31,Q4,7900000.0,0.0,0.0,0.0,0.0,0.0,0.0,0.0,0.0,0.0,0.0,0.0,7900000.0,1.0,7900000.0,1.0,0.0,0.0,0.0,0.0,0.0,0.0,-0.03,-0.03,3220000.0,3220000.0,,,1620586144,14:49:04,20210509
129,1986-09-30,ACU,USD,1986-09-30,1986-09-30,Q3,9000000.0,0.0,0.0,0.0,0.0,0.0,0.0,0.0,0.0,0.0,0.0,0.0,9000000.0,1.0,9000000.0,1.0,0.0,0.0,0.0,0.0,0.0,0.0,0.04,0.04,3220000.0,3220000.0,,,1620586144,14:49:04,20210509
130,1986-06-30,ACU,USD,1986-06-30,1986-06-30,Q2,9600000.0,0.0,0.0,0.0,0.0,0.0,0.0,0.0,0.0,0.0,0.0,0.0,9600000.0,1.0,9600000.0,1.0,0.0,0.0,0.0,0.0,0.0,0.0,0.05,0.05,3220000.0,3220000.0,,,1620586144,14:49:04,20210509
131,1986-03-31,ACU,USD,1986-03-31,1986-03-31,Q4,8500000.0,0.0,0.0,0.0,0.0,0.0,0.0,0.0,0.0,0.0,0.0,0.0,8500000.0,1.0,8500000.0,1.0,0.0,0.0,0.0,0.0,0.0,0.0,0.01,0.01,3220000.0,3220000.0,,,1620586144,14:49:04,20210509
132,1985-09-30,ACU,USD,1985-09-30,1985-09-30,Q3,9900000.0,0.0,0.0,0.0,0.0,0.0,0.0,0.0,0.0,0.0,0.0,0.0,9900000.0,1.0,9900000.0,1.0,0.0,0.0,0.0,0.0,0.0,0.0,0.14,0.14,3200000.0,3200000.0,,,1620586144,14:49:04,20210509
