,date,symbol,reportedCurrency,fillingDate,acceptedDate,period,revenue,costOfRevenue,grossProfit,grossProfitRatio,researchAndDevelopmentExpenses,generalAndAdministrativeExpenses,sellingAndMarketingExpenses,otherExpenses,operatingExpenses,costAndExpenses,interestExpense,depreciationAndAmortization,ebitda,ebitdaratio,operatingIncome,operatingIncomeRatio,totalOtherIncomeExpensesNet,incomeBeforeTax,incomeBeforeTaxRatio,incomeTaxExpense,netIncome,netIncomeRatio,eps,epsdiluted,weightedAverageShsOut,weightedAverageShsOutDil,link,finalLink,timestamp,est_time,est_date
0,2021-01-31,CMTL,USD,2021-03-11,2021-03-11 16:08:37,Q2,161292000.0,105612000.0,55680000.0,0.3452124097909382,12664000.0,29462000.0,0.0,0.0,46921000.0,152533000.0,1418000.0,7252000.0,16011000.0,0.09926716762145674,8759000.0,0.05430523522555365,-3357000.0,4050000.0,0.02510973885871587,-155000.0,4205000.0,0.02607072886441981,0.1661726931436475,0.1661726931436475,25305000.0,25305000.0,https://www.sec.gov/Archives/edgar/data/23197/000002319721000005/0000023197-21-000005-index.htm,https://www.sec.gov/Archives/edgar/data/23197/000002319721000005/cmtl-20210131.htm,1620590452,16:00:52,20210509
1,2020-10-31,CMTL,USD,2020-12-09,2020-12-09 16:10:42,Q1,135218000.0,85010000.0,50208000.0,0.3713115117809759,11635000.0,27540000.0,0.0,0.0,44741000.0,129751000.0,2363000.0,8118000.0,13585000.0,0.10046739339437057,5467000.0,0.040431007706074634,-91183000.0,-88079000.0,-0.6513851706133799,-2239000.0,-85840000.0,-0.6348267242526883,-3.39,-3.39,25305000.0,25305000.0,https://www.sec.gov/Archives/edgar/data/23197/000002319720000156/0000023197-20-000156-index.htm,https://www.sec.gov/Archives/edgar/data/23197/000002319720000156/cmtl-20201031.htm,1620590452,16:00:52,20210509
2,2020-07-31,CMTL,USD,2020-09-29,2020-09-29 16:08:14,Q4,149673000.0,100010000.0,49663000.0,0.33181001249390335,11255000.0,23592000.0,0.0,0.0,40490000.0,140500000.0,1093000.0,8182000.0,17355000.0,0.11595277705397768,9173000.0,0.06128693886004824,-6357000.0,1913000.0,0.012781196341357492,787000.0,1126000.0,0.007523066952623386,0.05,0.04,25001000.0,25060000.0,https://www.sec.gov/Archives/edgar/data/23197/000002319720000127/0000023197-20-000127-index.htm,https://www.sec.gov/Archives/edgar/data/23197/000002319720000127/cmtl-20200731.htm,1620590452,16:00:52,20210509
3,2020-04-30,CMTL,USD,2020-06-03,2020-06-03 16:08:59,Q3,135121000.0,82120000.0,53001000.0,0.3922484291856928,12324000.0,32313000.0,0.0,0.0,50154000.0,132274000.0,1612000.0,8167000.0,11014000.0,0.08151212616839722,2847000.0,0.021070003922410284,-5983000.0,-4748000.0,-0.03513887552638006,-759000.0,-3989000.0,-0.02952168796856151,-0.16,-0.16,24982000.0,24982000.0,https://www.sec.gov/Archives/edgar/data/23197/000002319720000054/0000023197-20-000054-index.htm,https://www.sec.gov/Archives/edgar/data/23197/000002319720000054/c0430202010q.htm,1620590452,16:00:52,20210509
4,2020-01-31,CMTL,USD,2020-03-04,2020-03-04 16:21:20,Q2,161654000.0,101052000.0,60602000.0,0.3748871045566457,13740000.0,29374000.0,0.0,0.0,48343000.0,149395000.0,1622000.0,7950000.0,20209000.0,0.12501391861630395,12259000.0,0.07583480767565294,-6025000.0,4612000.0,0.02853007039726824,1117000.0,3495000.0,0.021620250658814504,0.14173324141287158,0.13947641471785457,24659000.0,25058000.0,https://www.sec.gov/Archives/edgar/data/23197/000002319720000017/0000023197-20-000017-index.htm,https://www.sec.gov/Archives/edgar/data/23197/000002319720000017/cmtl0131202010q.htm,1620590452,16:00:52,20210509
5,2019-10-31,CMTL,USD,2019-12-04,2019-12-04 16:07:54,Q1,170267000.0,106700000.0,63567000.0,0.3733371704440673,14861000.0,31851000.0,0.0,0.0,51918000.0,158618000.0,1804000.0,7857000.0,19506000.0,0.11456124792238073,11649000.0,0.0684160759278075,-2389000.0,7533000.0,0.044242278304075365,1145000.0,6388000.0,0.0375175459719147,0.2601506821421299,0.2582366495533007,24555000.0,24737000.0,https://www.sec.gov/Archives/edgar/data/23197/000002319719000110/0000023197-19-000110-index.htm,https://www.sec.gov/Archives/edgar/data/23197/000002319719000075/cmtl0731201910k.htm,1620590452,16:00:52,20210509
6,2019-07-31,CMTL,USD,2019-09-24,2019-09-24 16:13:01,Q4,176372000.0,112362000.0,64010000.0,0.3629260880411857,15743000.0,31396000.0,0.0,0.0,52346000.0,164708000.0,2185000.0,8516000.0,20180000.0,0.11441725443948018,11664000.0,0.06613294627265098,-1259000.0,8213000.0,0.046566348399972785,2078000.0,6135000.0,0.03478443290318191,0.2527812113720643,0.2511462256427051,24270000.0,24428000.0,https://www.sec.gov/Archives/edgar/data/23197/000002319719000075/0000023197-19-000075-index.htm,https://www.sec.gov/Archives/edgar/data/23197/000002319719000075/cmtl0731201910k.htm,1620590452,16:00:52,20210509
7,2019-04-30,CMTL,USD,2019-06-05,2019-06-05 16:46:49,Q3,170448000.0,106032000.0,64416000.0,0.37792171219374826,13471000.0,33409000.0,0.0,0.0,51416000.0,157448000.0,2159000.0,7454000.0,20454000.0,0.12000140805406928,13000000.0,0.07626959541913077,-1704000.0,9159000.0,0.05373486341875528,1547000.0,7612000.0,0.04465878156387872,0.3146494708994709,0.31286477599671186,24192000.0,24330000.0,https://www.sec.gov/Archives/edgar/data/23197/000002319719000019/0000023197-19-000019-index.htm,https://www.sec.gov/Archives/edgar/data/23197/000002319719000019/cmtl0430201910q.htm,1620590452,16:00:52,20210509
8,2019-01-31,CMTL,USD,2019-03-06,2019-03-06 16:09:20,Q2,164133000.0,102888000.0,61245000.0,0.3731425124746395,13983000.0,31987000.0,0.0,0.0,50258000.0,153146000.0,2267000.0,7137000.0,18124000.0,0.11042264505005088,10987000.0,0.06693961604308701,1426000.0,10197000.0,0.062126446235674725,2371000.0,7826000.0,0.0476808441934285,0.33,0.32,24034000.0,24168000.0,https://www.sec.gov/Archives/edgar/data/23197/000002319719000007/0000023197-19-000007-index.htm,https://www.sec.gov/Archives/edgar/data/23197/000002319719000007/cmtl0131201910q.htm,1620590452,16:00:52,20210509
9,2018-10-31,CMTL,USD,2018-12-06,2018-12-06 16:24:53,Q1,160844000.0,103075000.0,57769000.0,0.35916167217925443,13210000.0,31847000.0,0.0,-3217000.0,49346000.0,152421000.0,2735000.0,7140000.0,15563000.0,0.09675834970530452,8423000.0,0.05236751137748377,-4347000.0,1341000.0,0.008337270896023477,-2127000.0,3468000.0,0.02156126433065579,0.14450602108421184,0.14227692307692308,23999000.0,24375000.0,https://www.sec.gov/Archives/edgar/data/23197/000002319718000097/0000023197-18-000097-index.htm,https://www.sec.gov/Archives/edgar/data/23197/000002319718000076/cmtl0731201810k.htm,1620590452,16:00:52,20210509
10,2018-07-31,CMTL,USD,2018-09-26,2018-09-26 16:35:23,Q4,167435000.0,104447000.0,62988000.0,0.3761937468271269,13906000.0,27822000.0,0.0,0.0,46997000.0,151444000.0,2653000.0,9091000.0,25082000.0,0.1498014154746618,15991000.0,0.09550571863708304,0.0,13338000.0,0.07966076387852002,5880000.0,7458000.0,0.044542658345029414,0.31261265037515196,0.3072929542645241,23857000.0,24270000.0,https://www.sec.gov/Archives/edgar/data/23197/000002319718000076/0000023197-18-000076-index.htm,https://www.sec.gov/Archives/edgar/data/23197/000002319718000076/cmtl0731201810k.htm,1620590452,16:00:52,20210509
11,2018-04-30,CMTL,USD,2018-06-06,2018-06-06 16:06:18,Q3,147854000.0,85418000.0,62436000.0,0.42228143979872035,12778000.0,30410000.0,0.0,0.0,48457000.0,133875000.0,2698000.0,8439000.0,22418000.0,0.15162254656620722,13979000.0,0.09454597102547108,0.0,11281000.0,0.0762982401558294,3071000.0,8210000.0,0.055527750348316585,0.3444658890660401,0.341343755197073,23834000.0,24052000.0,https://www.sec.gov/Archives/edgar/data/23197/000002319718000022/0000023197-18-000022-index.htm,https://www.sec.gov/Archives/edgar/data/23197/000002319718000022/cmtl0430201810q.htm,1620590452,16:00:52,20210509
12,2018-01-31,CMTL,USD,2018-03-07,2018-03-07 16:07:01,Q2,133731000.0,82930000.0,50801000.0,0.3798745242314796,13435000.0,27215000.0,0.0,0.0,45918000.0,128848000.0,2519000.0,8585000.0,13468000.0,0.10070963351803247,4883000.0,0.036513598193388216,0.0,2412000.0,0.018036207012584966,-13349000.0,15761000.0,0.11785599449641444,0.6617819952972791,0.6579969106166242,23816000.0,23953000.0,https://www.sec.gov/Archives/edgar/data/23197/000002319718000007/0000023197-18-000007-index.htm,https://www.sec.gov/Archives/edgar/data/23197/000002319718000007/cmtl0131201810q.htm,1620590452,16:00:52,20210509
13,2017-10-31,CMTL,USD,2017-12-06,2017-12-06 16:15:03,Q1,121569000.0,73853000.0,47716000.0,0.3925013778183583,13750000.0,28475000.0,0.0,0.0,47494000.0,121347000.0,2627000.0,8615000.0,8837000.0,0.07269122884945997,222000.0,0.001826123436073341,0.0,-2405000.0,-0.01978300389079453,-745000.0,-1660000.0,-0.01365479686433219,-0.07,-0.07,23797000.0,23797000.0,https://www.sec.gov/Archives/edgar/data/23197/000002319717000090/0000023197-17-000090-index.htm,https://www.sec.gov/Archives/edgar/data/23197/000002319717000069/cmtl0731201710k.htm,1620590452,16:00:52,20210509
14,2017-07-31,CMTL,USD,2017-09-27,2017-09-27 16:07:45,Q4,147762000.0,87350000.0,60412000.0,0.4088466588162044,13889000.0,26484000.0,0.0,0.0,45641000.0,132991000.0,2679000.0,8773000.0,23544000.0,0.15933731270556706,14771000.0,0.09996480827276295,0.0,12160000.0,0.08229450061585522,4846000.0,7314000.0,0.04949851788687213,0.31163187047294416,0.3103623864890096,23470000.0,23566000.0,https://www.sec.gov/Archives/edgar/data/23197/000002319717000069/0000023197-17-000069-index.htm,https://www.sec.gov/Archives/edgar/data/23197/000002319717000069/cmtl0731201710k.htm,1620590452,16:00:52,20210509
15,2017-04-30,CMTL,USD,2017-06-07,2017-06-07 17:12:25,Q3,127792000.0,75331000.0,52461000.0,0.4105186553148867,12961000.0,25923000.0,0.0,0.0,44352000.0,119683000.0,2849000.0,9000000.0,17109000.0,0.13388162013271565,8109000.0,0.06345467634906723,2041000.0,7301000.0,0.0571319018404908,2884000.0,4417000.0,0.034563978965819454,0.18836624163077317,0.18793345530357827,23449000.0,23503000.0,https://www.sec.gov/Archives/edgar/data/23197/000002319717000020/0000023197-17-000020-index.htm,https://www.sec.gov/Archives/edgar/data/23197/000002319717000020/cmtl0430201710q.htm,1620590452,16:00:52,20210509
16,2017-01-31,CMTL,USD,2017-03-08,2017-03-08 16:10:48,Q2,139028000.0,85824000.0,53204000.0,0.3826855022009955,13314000.0,30988000.0,0.0,0.0,50334000.0,136158000.0,2852000.0,9600000.0,12470000.0,0.08969416232701326,2870000.0,0.02064332364703513,9979000.0,10071000.0,0.07243864545271456,3486000.0,6585000.0,0.0473645596570475,0.28107392863240566,0.28087012156110047,23428000.0,23445000.0,https://www.sec.gov/Archives/edgar/data/23197/000002319717000006/0000023197-17-000006-index.htm,https://www.sec.gov/Archives/edgar/data/23197/000002319717000006/cmtl0131201710q.htm,1620590452,16:00:52,20210509
17,2016-10-31,CMTL,USD,2016-12-07,2016-12-07 16:08:38,Q1,135786000.0,83678000.0,52108000.0,0.38375090215486135,14096000.0,32685000.0,0.0,0.0,52836000.0,136514000.0,3325000.0,9804000.0,9076000.0,0.06684046956239965,-728000.0,-0.005361377461593979,0.0,-4051000.0,-0.029833708924336823,-1562000.0,-2489000.0,-0.018330313876246448,-0.11,-0.11,23385000.0,23385000.0,https://www.sec.gov/Archives/edgar/data/23197/000002319716000097/0000023197-16-000097-index.htm,https://www.sec.gov/Archives/edgar/data/23197/000002319716000074/cmtl0731201610k.htm,1620590452,16:00:52,20210509
18,2016-07-31,CMTL,USD,2016-10-06,2016-10-06 17:06:47,Q4,152377000.0,90171000.0,62206000.0,0.40823746365921365,13974000.0,34114000.0,0.0,0.0,54155000.0,144326000.0,4129000.0,9819000.0,17870000.0,0.11727491681815497,8051000.0,0.052836057935252694,-587000.0,3242000.0,0.02127617685083707,540000.0,2702000.0,0.01773233493243731,0.13986955171342788,0.1397032211364459,19318000.0,19341000.0,https://www.sec.gov/Archives/edgar/data/23197/000002319716000074/0000023197-16-000074-index.htm,https://www.sec.gov/Archives/edgar/data/23197/000002319716000074/cmtl0731201610k.htm,1620590452,16:00:52,20210509
19,2016-04-30,CMTL,USD,2016-06-08,2016-06-08 17:01:43,Q3,124187000.0,72796000.0,51391000.0,0.4138194819103449,12613000.0,30439000.0,0.0,0.0,47828000.0,120624000.0,3473000.0,7858000.0,11421000.0,0.09196614782545677,3563000.0,0.02869060368637619,-16960000.0,-16865000.0,-0.13580326443186486,-2510000.0,-14355000.0,-0.11559180912655914,-0.89,-0.89,16195000.0,16195000.0,https://www.sec.gov/Archives/edgar/data/23197/000002319716000063/0000023197-16-000063-index.htm,https://www.sec.gov/Archives/edgar/data/23197/000002319716000063/cmtl0430201610q.htm,1620590452,16:00:52,20210509
20,2016-01-31,CMTL,USD,2016-03-10,2016-03-10 16:03:56,Q2,70323000.0,40885000.0,29438000.0,0.4186112651621802,7663000.0,15053000.0,0.0,0.0,23912000.0,64797000.0,73000.0,2662000.0,8188000.0,0.11643416805312629,5526000.0,0.0785802653470415,-2337000.0,3226000.0,0.04587403836582626,750000.0,2476000.0,0.03520896435021259,0.152971703941678,0.15279234804072817,16186000.0,16205000.0,https://www.sec.gov/Archives/edgar/data/23197/000002319716000052/0000023197-16-000052-index.htm,https://www.sec.gov/Archives/edgar/data/23197/000002319716000052/cmtl0131201610q.htm,1620590452,16:00:52,20210509
21,2015-10-31,CMTL,USD,2015-12-09,2015-12-09 16:23:10,Q1,64117000.0,35915000.0,28202000.0,0.43985214529687916,7940000.0,16718000.0,0.0,0.0,26034000.0,61949000.0,75000.0,2906000.0,5074000.0,0.07913657844253474,2168000.0,0.033813185270677046,0.0,2205000.0,0.034390255314503175,766000.0,1439000.0,0.02244334575853518,0.08898645723826604,0.08886007163146845,16171000.0,16194000.0,https://www.sec.gov/Archives/edgar/data/23197/000002319715000045/0000023197-15-000045-index.htm,https://www.sec.gov/Archives/edgar/data/23197/000002319715000039/cmtl0731201510k.htm,1620590452,16:00:52,20210509
22,2015-07-31,CMTL,USD,2015-09-28,2015-10-01 15:07:57,Q4,77463000.0,44087000.0,33376000.0,0.4308637672178976,7649000.0,16123000.0,0.0,0.0,25301000.0,69388000.0,73000.0,3158000.0,11233000.0,0.1450111666214838,8075000.0,0.10424331616384597,0.0,8126000.0,0.10490169500277552,2651000.0,5475000.0,0.07067890476743735,0.33894632575992073,0.33636419487620567,16153000.0,16277000.0,https://www.sec.gov/Archives/edgar/data/23197/000002319715000039/0000023197-15-000039-index.htm,https://www.sec.gov/Archives/edgar/data/23197/000002319715000039/cmtl0731201510k.htm,1620590452,16:00:52,20210509
23,2015-04-30,CMTL,USD,2015-06-04,2015-06-04 16:15:05,Q3,71633000.0,39325000.0,32308000.0,0.45102117739030895,8582000.0,15005000.0,0.0,0.0,25148000.0,64473000.0,72000.0,3227000.0,10387000.0,0.1450030014099647,7160000.0,0.09995393184705373,0.0,7195000.0,0.10044253346921111,2235000.0,4960000.0,0.06924182988287521,0.31,0.3,16202000.0,16382000.0,https://www.sec.gov/Archives/edgar/data/23197/000002319715000017/0000023197-15-000017-index.htm,https://www.sec.gov/Archives/edgar/data/23197/000002319715000017/cmtl0430201510q.htm,1620590452,16:00:52,20210509
24,2015-01-31,CMTL,USD,2015-03-11,2015-03-11 16:02:17,Q2,81802000.0,43927000.0,37875000.0,0.4630082394073495,9666000.0,16026000.0,0.0,0.0,27252000.0,71179000.0,69000.0,3182000.0,13805000.0,0.16876115498398572,10623000.0,0.12986235055377618,0.0,10644000.0,0.13011906799344758,3059000.0,7585000.0,0.09272389428131342,0.47,0.46,16241000.0,16505000.0,https://www.sec.gov/Archives/edgar/data/23197/000002319715000006/0000023197-15-000006-index.htm,https://www.sec.gov/Archives/edgar/data/23197/000002319715000006/cmtl0131201510q.htm,1620590452,16:00:52,20210509
25,2014-10-31,CMTL,USD,2014-12-10,2014-12-10 16:01:49,Q1,76391000.0,41066000.0,35325000.0,0.4624235839300441,10019000.0,15526000.0,0.0,0.0,27106000.0,68172000.0,265000.0,3169000.0,11388000.0,0.1490751528321399,8219000.0,0.10759120838842272,0.0,8038000.0,0.10522181932426594,2813000.0,5225000.0,0.0683981097249676,0.32219276068323366,0.3164173681341973,16217000.0,16513000.0,https://www.sec.gov/Archives/edgar/data/23197/000002319714000034/0000023197-14-000034-index.htm,https://www.sec.gov/Archives/edgar/data/23197/000002319714000024/cmtl0731201410k.htm,1620590452,16:00:52,20210509
26,2014-07-31,CMTL,USD,2014-10-09,2014-10-09 16:03:20,Q4,89378000.0,50033000.0,39345000.0,0.44020899997762314,8444000.0,17280000.0,0.0,0.0,27285000.0,77318000.0,295000.0,3249000.0,15309000.0,0.17128376110452237,12060000.0,0.13493253373313344,0.0,11921000.0,0.13337734118015618,3933000.0,7988000.0,0.08937322383584327,0.4925695258062527,0.4925695258062527,16217000.0,16217000.0,https://www.sec.gov/Archives/edgar/data/23197/000002319714000024/0000023197-14-000024-index.htm,https://www.sec.gov/Archives/edgar/data/23197/000002319714000024/cmtl0731201410k.htm,1620590452,16:00:52,20210509
27,2014-04-30,CMTL,USD,2014-06-05,2014-06-05 16:02:33,Q3,88905000.0,50559000.0,38346000.0,0.43131432427872446,8899000.0,17320000.0,0.0,0.0,27779000.0,78338000.0,1993000.0,3210000.0,13777000.0,0.15496316292671952,10567000.0,0.11885720713120747,0.0,8830000.0,0.09931949834092571,2955000.0,5875000.0,0.06608177267870198,0.39,0.32,15200000.0,21764000.0,https://www.sec.gov/Archives/edgar/data/23197/000002319714000018/0000023197-14-000018-index.htm,https://www.sec.gov/Archives/edgar/data/23197/000002319714000018/cmtl0430201410q.htm,1620590452,16:00:52,20210509
28,2014-01-31,CMTL,USD,2014-03-06,2014-03-06 16:02:51,Q2,85499000.0,48130000.0,37369000.0,0.43706943940864806,8266000.0,16349000.0,0.0,0.0,26197000.0,74327000.0,1998000.0,3255000.0,14427000.0,0.16873881565866267,11172000.0,0.13066819494964854,0.0,9402000.0,0.10996619843506941,3419000.0,5983000.0,0.06997742663656885,0.37,0.32,15970000.0,22487000.0,https://www.sec.gov/Archives/edgar/data/23197/000002319714000004/0000023197-14-000004-index.htm,https://www.sec.gov/Archives/edgar/data/23197/000002319714000004/cmtl0131201410q.htm,1620590452,16:00:52,20210509
29,2013-10-31,CMTL,USD,2013-12-09,2013-12-09 16:02:53,Q1,83368000.0,46990000.0,36378000.0,0.43635447653776027,8499000.0,16198000.0,0.0,0.0,26279000.0,73269000.0,2018000.0,3292000.0,13391000.0,0.16062517992515113,10099000.0,0.12113760675558967,0.0,8354000.0,0.1002063141733039,3049000.0,5305000.0,0.0636335284521639,0.32,0.28,16454000.0,22698000.0,https://www.sec.gov/Archives/edgar/data/23197/000002319713000032/0000023197-13-000032-index.htm,https://www.sec.gov/Archives/edgar/data/23197/000002319713000023/cmtl0731201310k.htm,1620590452,16:00:52,20210509
30,2013-07-31,CMTL,USD,2013-10-03,2013-10-03 16:09:01,Q4,84411000.0,49051000.0,35360000.0,0.4189027496416344,8341000.0,15648000.0,0.0,0.0,25571000.0,74622000.0,2013000.0,3460000.0,13249000.0,0.1569582163462108,9789000.0,0.11596829797064363,0.0,8065000.0,0.09554441956617028,2909000.0,5156000.0,0.0610820864579261,0.31335845387139905,0.31335845387139905,16454000.0,16454000.0,https://www.sec.gov/Archives/edgar/data/23197/000002319713000023/0000023197-13-000023-index.htm,https://www.sec.gov/Archives/edgar/data/23197/000002319713000023/cmtl0731201310k.htm,1620590452,16:00:52,20210509
31,2013-04-30,CMTL,USD,2013-06-06,2013-06-06 16:02:16,Q3,69856000.0,38429000.0,31427000.0,0.449882615666514,9080000.0,15374000.0,0.0,0.0,26036000.0,64465000.0,2009000.0,3522000.0,8913000.0,0.12759104443426478,5391000.0,0.07717304168575355,0.0,3669000.0,0.05252233165368759,817000.0,2852000.0,0.04082684379294549,0.17046201661586277,0.169489510905093,16731000.0,16827000.0,https://www.sec.gov/Archives/edgar/data/23197/000002319713000016/0000023197-13-000016-index.htm,https://www.sec.gov/Archives/edgar/data/23197/000002319713000016/cmtl430201310q.htm,1620590452,16:00:52,20210509
32,2013-01-31,CMTL,USD,2013-03-07,2013-03-07 16:13:15,Q2,74577000.0,42337000.0,32240000.0,0.43230486611153573,9278000.0,15433000.0,0.0,0.0,26293000.0,68630000.0,2030000.0,3576000.0,9523000.0,0.12769352481328022,5947000.0,0.07974308432894861,0.0,4232000.0,0.05674671815707256,1867000.0,2365000.0,0.03171219008541507,0.13670520231213873,0.1359117292109649,17300000.0,17401000.0,https://www.sec.gov/Archives/edgar/data/23197/000002319713000009/0000023197-13-000009-index.htm,https://www.sec.gov/Archives/edgar/data/23197/000002319713000009/cmtl131201310q.htm,1620590452,16:00:52,20210509
33,2012-10-31,CMTL,USD,2012-12-06,2012-12-06 16:07:52,Q1,90953000.0,49150000.0,41803000.0,0.4596110078831924,10049000.0,16810000.0,0.0,0.0,28441000.0,77591000.0,2111000.0,3607000.0,16969000.0,0.18656888722746914,13362000.0,0.14691104196673008,0.0,11527000.0,0.12673578661506493,4092000.0,7435000.0,0.0817455169153299,0.43,0.36,17379000.0,23444000.0,https://www.sec.gov/Archives/edgar/data/23197/000002319712000028/0000023197-12-000028-index.htm,https://www.sec.gov/Archives/edgar/data/23197/000002319712000020/cmtl0731201210k.htm,1620590452,16:00:52,20210509
34,2012-07-31,CMTL,USD,2012-09-26,2012-09-26 16:03:01,Q4,112775000.0,63640000.0,49135000.0,0.43569053424961207,9880000.0,23357000.0,0.0,0.0,34837000.0,98477000.0,2311000.0,1868000.0,16166000.0,0.1433473730880071,14298000.0,0.12678341831079584,0.0,12282000.0,0.10890711593881623,4354000.0,7928000.0,0.07029926845488806,0.4561827492951263,0.4561827492951263,17379000.0,17379000.0,https://www.sec.gov/Archives/edgar/data/23197/000002319712000020/0000023197-12-000020-index.htm,https://www.sec.gov/Archives/edgar/data/23197/000002319712000020/cmtl0731201210k.htm,1620590452,16:00:52,20210509
35,2012-04-30,CMTL,USD,2012-06-07,2012-06-07 16:02:51,Q3,99793000.0,58115000.0,41678000.0,0.41764452416502157,9481000.0,20005000.0,0.0,0.0,31112000.0,89227000.0,2192000.0,6782000.0,17348000.0,0.17383984848636677,10566000.0,0.10587916988165502,0.0,8744000.0,0.08762137624883509,2678000.0,6066000.0,0.06078582666118866,0.32,0.29,18853000.0,24910000.0,https://www.sec.gov/Archives/edgar/data/23197/000002319712000014/0000023197-12-000014-index.htm,https://www.sec.gov/Archives/edgar/data/23197/000002319712000014/form10-q.htm,1620590452,16:00:52,20210509
36,2012-01-31,CMTL,USD,2012-03-08,2012-03-08 16:03:30,Q2,99141000.0,57725000.0,41416000.0,0.4177484592650871,9444000.0,19626000.0,0.0,0.0,30762000.0,88487000.0,2183000.0,4053000.0,14707000.0,0.14834427734237096,10654000.0,0.10746310809856668,0.0,8905000.0,0.08982156726278734,3084000.0,5821000.0,0.058714356320795635,0.29,0.27,20087000.0,26056000.0,https://www.sec.gov/Archives/edgar/data/23197/000002319712000008/0000023197-12-000008-index.htm,https://www.sec.gov/Archives/edgar/data/23197/000002319712000008/form10-q.htm,1620590452,16:00:52,20210509
37,2011-10-31,CMTL,USD,2011-12-08,2011-12-08 16:02:19,Q1,113361000.0,62081000.0,51280000.0,0.4523601591376223,9684000.0,24118000.0,0.0,0.0,35521000.0,97602000.0,2146000.0,4139000.0,19898000.0,0.17552773881670064,15759000.0,0.13901606372561992,0.0,14109000.0,0.12446079339455368,1508000.0,12601000.0,0.11115815844955496,0.54,0.47,23257000.0,29147000.0,https://www.sec.gov/Archives/edgar/data/23197/000002319711000048/0000023197-11-000048-index.htm,https://www.sec.gov/Archives/edgar/data/23197/000002319711000023/form10-k.htm,1620590452,16:00:52,20210509
38,2011-07-31,CMTL,USD,2011-09-27,2011-09-27 16:12:32,Q4,140327000.0,81396000.0,58931000.0,0.4199548198137208,11970000.0,24399000.0,0.0,0.0,38396000.0,119792000.0,2127000.0,5928000.0,26463000.0,0.18858095733536667,20535000.0,0.14633677054308863,0.0,18952000.0,0.1350559763979847,7064000.0,11888000.0,0.08471641237965609,0.5111579309455218,0.5111579309455218,23257000.0,23257000.0,https://www.sec.gov/Archives/edgar/data/23197/000002319711000023/0000023197-11-000023-index.htm,https://www.sec.gov/Archives/edgar/data/23197/000002319711000023/form10-k.htm,1620590452,16:00:52,20210509
39,2011-04-30,CMTL,USD,2011-06-07,2011-06-07 16:03:58,Q3,131081000.0,74110000.0,56971000.0,0.43462439255117064,10328000.0,22552000.0,0.0,0.0,35053000.0,109163000.0,2135000.0,5905000.0,27823000.0,0.2122580694379811,21918000.0,0.1672095879646936,0.0,20340000.0,0.15517123000282268,6085000.0,14255000.0,0.10874955180384648,0.54,0.47,26577000.0,32378000.0,https://www.sec.gov/Archives/edgar/data/23197/000002319711000011/0000023197-11-000011-index.htm,https://www.sec.gov/Archives/edgar/data/23197/000002319711000011/form10-q.htm,1620590452,16:00:52,20210509
40,2011-01-31,CMTL,USD,2011-03-10,2011-03-10 16:01:59,Q2,162811000.0,101901000.0,60910000.0,0.3741147711149738,10467000.0,23175000.0,0.0,0.0,35646000.0,137547000.0,2090000.0,5686000.0,30950000.0,0.1900977206699793,25264000.0,0.15517379046870297,0.0,23800000.0,0.1461817690450891,7704000.0,16096000.0,0.09886309893066193,0.59,0.52,27209000.0,32983000.0,https://www.sec.gov/Archives/edgar/data/23197/000002319711000004/0000023197-11-000004-index.htm,https://www.sec.gov/Archives/edgar/data/23197/000002319711000004/form10-q.htm,1620590452,16:00:52,20210509
41,2010-11-02,CMTL,USD,2010-12-08,2010-12-08 16:16:05,Q1,178160000000.0,113926000000.0,64234000000.0,0.3605410866636731,10751000000.0,24015000000.0,0.0,0.0,34766000000.0,148692000000.0,0.0,2938000000.0,43019000000.0,0.24146273013022002,40081000000.0,0.2249719353390211,-694000000.0,38712000000.0,0.21728783116299955,13056000000.0,25656000000.0,0.14400538841490795,907.53449,907.53449,28270000.0,28270000.0,https://www.sec.gov/Archives/edgar/data/23197/000002319710000064/0000023197-10-000064-index.htm,https://www.sec.gov/Archives/edgar/data/23197/000002319710000054/form10-k.htm,1620590452,16:00:52,20210509
42,2010-10-31,CMTL,USD,2010-12-08 00:00:00,2010-12-08 16:16:05,Q1,178160000.0,113926000.0,64234000.0,0.3605410866636731,10751000.0,0.0,24015000.0,0.0,36653000.0,150579000.0,2063000.0,4825000.0,32406000.0,0.1818926807364167,27581000.0,0.15481028289178267,12500000.0,38712000.0,0.21728783116299955,13056000.0,25656000.0,0.14400538841490795,0.91,0.79,28119000.0,33771000.0,https://www.sec.gov/Archives/edgar/data/23197/000002319710000064/0000023197-10-000064-index.html,https://www.sec.gov/Archives/edgar/data/23197/000002319710000064/form10-q.htm,1620590452,16:00:52,20210509
43,2010-07-31,CMTL,USD,2010-09-23,2010-09-23 16:11:08,Q4,256954000.0,174422000.0,82532000.0,0.32119367668921284,12054000.0,0.0,29627000.0,0.0,43692000.0,218114000.0,1975000.0,-754000.0,38086000.0,0.14822108237272041,38840000.0,0.15115545973209213,0.0,24098000.0,0.0937833230850658,10629000.0,13469000.0,0.05241794251111094,0.47899996443685766,0.47899996443685766,28119000.0,28119000.0,https://www.sec.gov/Archives/edgar/data/23197/000002319710000054/0000023197-10-000054-index.htm,https://www.sec.gov/Archives/edgar/data/23197/000002319710000054/form10-k.htm,1620590452,16:00:52,20210509
44,2010-04-30,CMTL,USD,2010-06-03,2010-06-03 16:25:55,Q3,216303000.0,141512000.0,74791000.0,0.34576959173011934,11383000.0,0.0,25628000.0,0.0,38765000.0,180277000.0,1980000.0,7046000.0,43072000.0,0.19912807496890936,36026000.0,0.16655339962922383,0.0,34361000.0,0.1588558642274957,12565000.0,21796000.0,0.10076605502466447,0.77,0.67,28291000.0,34086000.0,https://www.sec.gov/Archives/edgar/data/23197/000002319710000028/0000023197-10-000028-index.htm,https://www.sec.gov/Archives/edgar/data/23197/000002319710000028/form10-q.htm,1620590452,16:00:52,20210509
45,2010-01-31,CMTL,USD,2010-03-03,2010-03-03 16:17:49,Q2,171132000.0,107631000.0,63501000.0,0.37106444148376694,11431000.0,0.0,22909000.0,0.0,36105000.0,143736000.0,1966000.0,6333000.0,33729000.0,0.19709347170605146,27396000.0,0.16008695042423393,0.0,25608000.0,0.14963887525418976,9275000.0,16333000.0,0.09544094617020779,0.58,0.51,28250000.0,34080000.0,https://www.sec.gov/Archives/edgar/data/23197/000002319710000005/0000023197-10-000005-index.htm,https://www.sec.gov/Archives/edgar/data/23197/000002319710000005/form10-q.htm,1620590452,16:00:52,20210509
46,2009-10-31,CMTL,USD,2009-12-08,2009-12-08 16:02:05,Q1,133816000.0,84042000.0,49774000.0,0.371958510193101,11324000.0,21719000.0,0.0,0.0,34807000.0,118849000.0,1967000.0,6442000.0,21409000.0,0.15998834220123154,14967000.0,0.11184761164584205,0.0,13235000.0,0.09890446583368206,4203000.0,9032000.0,0.06749566569020148,0.32,0.3,28222000.0,34057000.0,https://www.sec.gov/Archives/edgar/data/23197/000002319709000073/0000023197-09-000073-index.htm,https://www.sec.gov/Archives/edgar/data/23197/000002319709000063/form10-k.htm,1620590452,16:00:52,20210509
47,2009-07-31,CMTL,USD,2009-09-23,2009-09-23 16:29:41,Q4,122026000.0,75087000.0,46939000.0,0.3846639240817531,11953000.0,22162000.0,0.0,0.0,36313000.0,111400000.0,1749000.0,8212000.0,18838000.0,0.15437693606280628,10626000.0,0.08707980266500581,0.0,9308000.0,0.07627882582400472,3130000.0,6178000.0,0.05062855457033747,0.21890723549004323,0.21890723549004323,28222000.0,28222000.0,https://www.sec.gov/Archives/edgar/data/23197/000002319709000063/0000023197-09-000063-index.htm,https://www.sec.gov/Archives/edgar/data/23197/000002319709000063/form10-k.htm,1620590452,16:00:52,20210509
48,2009-04-30,CMTL,USD,2009-06-03,2009-06-03 16:02:44,Q3,128545000.0,81040000.0,47505000.0,0.3695592983002062,11410000.0,23062000.0,0.0,0.0,36277000.0,117317000.0,41000.0,7195000.0,18423000.0,0.14331946011124508,11228000.0,0.08734684351783423,0.0,11591000.0,0.09017075732233848,3422000.0,8169000.0,0.0635497296666537,0.2940710608733216,0.2871151412905947,27779000.0,28452000.0,https://www.sec.gov/Archives/edgar/data/23197/000002319709000024/0000023197-09-000024-index.htm,https://www.sec.gov/Archives/edgar/data/23197/000002319709000024/form10-q.htm,1620590452,16:00:52,20210509
49,2009-01-31,CMTL,USD,2009-03-09,2009-03-09 16:16:59,Q2,143886000.0,84409000.0,59477000.0,0.4133619671128532,12522000.0,25969000.0,0.0,0.0,40287000.0,124696000.0,711000.0,7900000.0,27090000.0,0.18827405028981276,19190000.0,0.13336947305505747,0.0,19105000.0,0.13277872760379744,6265000.0,12840000.0,0.08923731287269088,0.52,0.46,24759000.0,28633000.0,https://www.sec.gov/Archives/edgar/data/23197/000002319709000011/0000023197-09-000011-index.htm,https://www.sec.gov/Archives/edgar/data/23197/000002319709000011/form10-q.htm,1620590452,16:00:52,20210509
50,2008-10-31,CMTL,USD,2008-12-04,2008-12-04 16:29:15,Q1,191915000.0,104936000.0,86979000.0,0.45321626761847694,14125000.0,28978000.0,0.0,0.0,51096000.0,156032000.0,0.0,14084000.0,49967000.0,0.2603600552327853,35883000.0,0.18697339968215096,0.0,36494000.0,0.19015710079983325,14123000.0,22371000.0,0.11656723028424042,0.91,0.8,24586000.0,28537000.0,https://www.sec.gov/Archives/edgar/data/23197/000002319708000035/0000023197-08-000035-index.htm,https://www.sec.gov/Archives/edgar/data/23197/000002319708000029/form10-k.htm,1620590452,16:00:52,20210509
51,2008-07-31,CMTL,USD,2008-09-17,2008-09-17 16:23:32,Q4,126474000.0,68869000.0,57605000.0,0.45546910827521864,10039000.0,22232000.0,0.0,0.0,32735000.0,101604000.0,0.0,5849000.0,30719000.0,0.2428878662808166,24870000.0,0.1966412068883723,0.0,26645000.0,0.21067571200404828,9680000.0,16965000.0,0.13413824185208026,0.6900268445456764,0.6900268445456764,24586000.0,24586000.0,https://www.sec.gov/Archives/edgar/data/23197/000002319708000029/0000023197-08-000029-index.htm,https://www.sec.gov/Archives/edgar/data/23197/000002319708000029/form10-k.htm,1620590452,16:00:52,20210509
52,2008-04-30,CMTL,USD,2008-06-04,2008-06-04 16:02:07,Q3,138068000.0,77536000.0,60532000.0,0.4384216473042269,10252000.0,22032000.0,0.0,0.0,32717000.0,110253000.0,0.0,5515000.0,33330000.0,0.24140278703247675,27815000.0,0.20145870150940118,0.0,30227000.0,0.21892835414433467,10922000.0,19305000.0,0.13982240635049395,0.8,0.7,24224000.0,28220000.0,https://www.sec.gov/Archives/edgar/data/23197/000002319708000008/0000023197-08-000008-index.htm,https://www.sec.gov/Archives/edgar/data/23197/000002319708000008/form10-q.htm,1620590452,16:00:52,20210509
53,2008-01-31,CMTL,USD,2008-03-05,2008-03-05 16:01:49,Q2,152030000.0,85705000.0,66325000.0,0.4362625797539959,9140000.0,21304000.0,0.0,0.0,30878000.0,116583000.0,0.0,5382000.0,40829000.0,0.2685588370716306,35447000.0,0.23315792935604815,0.0,38872000.0,0.2556863776886141,13403000.0,25469000.0,0.16752614615536407,1.06,0.91,24099000.0,28303000.0,https://www.sec.gov/Archives/edgar/data/23197/000116923208001238/0001169232-08-001238-index.htm,https://www.sec.gov/Archives/edgar/data/23197/000116923208001238/d73806_10-q.htm,1620590452,16:00:52,20210509
54,2007-10-31,CMTL,USD,2007-12-05,2007-12-05 16:01:39,Q1,115055000.0,64577000.0,50478000.0,0.43872930337664595,11041000.0,20399000.0,0.0,0.0,50099000.0,114676000.0,0.0,5346000.0,5725000.0,0.04975881100343314,379000.0,0.0032940767459041327,0.0,22429000.0,0.1949415496936248,7735000.0,14694000.0,0.12771283299291644,0.61,0.54,23924000.0,28208000.0,https://www.sec.gov/Archives/edgar/data/23197/000116923207004535/0001169232-07-004535-index.htm,https://www.sec.gov/Archives/edgar/data/23197/000116923207003695/d72705_10-k.htm,1620590452,16:00:52,20210509
55,2007-07-31,CMTL,USD,2007-09-19,2007-09-19 16:05:44,Q4,117814000.0,65319000.0,52495000.0,0.4455752287504032,9646000.0,19842000.0,0.0,0.0,30052000.0,95371000.0,0.0,4886000.0,27329000.0,0.23196733834688577,22443000.0,0.1904951873291799,0.0,26067000.0,0.22125553839102313,8980000.0,17087000.0,0.14503369718369633,0.7142200300953018,0.7142200300953018,23924000.0,23924000.0,https://www.sec.gov/Archives/edgar/data/23197/000116923207003695/0001169232-07-003695-index.htm,https://www.sec.gov/Archives/edgar/data/23197/000116923207003695/d72705_10-k.htm,1620590452,16:00:52,20210509
56,2007-04-30,CMTL,USD,2007-06-06,2007-06-06 16:27:34,Q3,119417000.0,67842000.0,51575000.0,0.43188993191924097,8050000.0,18626000.0,0.0,0.0,27376000.0,95218000.0,0.0,4683000.0,28882000.0,0.24185836187477494,24199000.0,0.20264283979667885,0.0,26929000.0,0.22550390647897703,7801000.0,19128000.0,0.16017819908388253,0.83,0.71,23157000.0,27552000.0,https://www.sec.gov/Archives/edgar/data/23197/000116923207002606/0001169232-07-002606-index.htm,https://www.sec.gov/Archives/edgar/data/23197/000116923207002606/d72119_10-q.htm,1620590452,16:00:52,20210509
57,2007-01-31,CMTL,USD,2007-03-08,2007-03-08 16:01:41,Q2,111383000.0,61533000.0,49850000.0,0.44755483332285895,7616000.0,18257000.0,0.0,0.0,26552000.0,88085000.0,0.0,4142000.0,27440000.0,0.24635716401964394,23298000.0,0.20917016061697027,0.0,25941000.0,0.2328990959123026,7770000.0,18171000.0,0.16313979691694425,0.79,0.68,23095000.0,27491000.0,https://www.sec.gov/Archives/edgar/data/23197/000116923207001338/0001169232-07-001338-index.htm,https://www.sec.gov/Archives/edgar/data/23197/000116923207001338/d71191_10-q.htm,1620590452,16:00:52,20210509
58,2006-10-31,CMTL,USD,2006-12-04,2006-12-04 16:58:52,Q1,97070000.0,57695000.0,39375000.0,0.4056351086844545,7157000.0,16587000.0,0.0,0.0,24393000.0,82088000.0,0.0,4364000.0,19346000.0,0.19929947460595446,14982000.0,0.1543422272586793,0.0,17462000.0,0.17989080045328112,6635000.0,10827000.0,0.11153806531369115,0.47,0.41,22948000.0,27389000.0,https://www.sec.gov/Archives/edgar/data/23197/000116923206004682/0001169232-06-004682-index.htm,https://www.sec.gov/Archives/edgar/data/23197/000116923206003817/d69319_10-k.htm,1620590452,16:00:52,20210509
59,2006-07-31,CMTL,USD,2006-09-20,2006-09-20 16:03:11,Q4,100206000.0,56413000.0,43793000.0,0.4370297187793146,6942000.0,19801000.0,0.0,0.0,27412000.0,83825000.0,0.0,4049000.0,20430000.0,0.2038800071851985,16381000.0,0.16347324511506298,0.0,18550000.0,0.18511865556952678,6771000.0,11779000.0,0.1175478514260623,0.5132909185985707,0.5132909185985707,22948000.0,22948000.0,https://www.sec.gov/Archives/edgar/data/23197/000116923206003817/0001169232-06-003817-index.htm,https://www.sec.gov/Archives/edgar/data/23197/000116923206003817/d69319_10-k.htm,1620590452,16:00:52,20210509
60,2006-04-30,CMTL,USD,2006-06-07,2006-06-07 16:16:17,Q3,88997000.0,54784000.0,34213000.0,0.38442868860748114,6136000.0,15413000.0,0.0,0.0,22146000.0,76930000.0,0.0,3704000.0,15771000.0,0.17720822050181467,12067000.0,0.13558884007326089,0.0,13853000.0,0.15565693225614347,5131000.0,8722000.0,0.09800330348213984,0.38,0.33,22795000.0,27275000.0,https://www.sec.gov/Archives/edgar/data/23197/000116923206002686/0001169232-06-002686-index.htm,https://www.sec.gov/Archives/edgar/data/23197/000116923206002686/d68318_10-q.htm,1620590452,16:00:52,20210509
61,2006-01-31,CMTL,USD,2006-03-08,2006-03-08 16:04:15,Q2,95741000.0,54650000.0,41091000.0,0.4291891666057384,6007000.0,15809000.0,0.0,0.0,22419000.0,77069000.0,0.0,3781000.0,22453000.0,0.23451812703021693,18672000.0,0.19502616433920683,0.0,20172000.0,0.2106934333253256,6868000.0,13304000.0,0.138958231060883,0.59,0.5,22741000.0,27354000.0,https://www.sec.gov/Archives/edgar/data/23197/000116923206001431/0001169232-06-001431-index.htm,https://www.sec.gov/Archives/edgar/data/23197/000116923206001431/d67323_10-q.htm,1620590452,16:00:52,20210509
62,2005-10-31,CMTL,USD,2005-12-06,2005-12-06 09:01:04,Q1,106567000.0,66363000.0,40204000.0,0.37726500699090715,6749000.0,16048000.0,0.0,0.0,23393000.0,89756000.0,0.0,3400000.0,20211000.0,0.18965533420289582,16811000.0,0.15775052314506366,0.0,17912000.0,0.1680820516670264,6448000.0,11464000.0,0.1075755158726435,0.51,0.43,22646000.0,27379000.0,https://www.sec.gov/Archives/edgar/data/23197/000116923205005582/0001169232-05-005582-index.htm,https://www.sec.gov/Archives/edgar/data/23197/000116923205004655/d65355_10k.htm,1620590452,16:00:52,20210509
63,2005-07-31,CMTL,USD,2005-09-22,2005-09-22 09:02:13,Q4,98293000.0,59816000.0,38477000.0,0.39145208712726237,5980000.0,15707000.0,0.0,0.0,22281000.0,82097000.0,0.0,2170000.0,18366000.0,0.18684952132908753,16196000.0,0.1647726694678156,0.0,16855000.0,0.17147711434181478,5830000.0,11025000.0,0.1121646505854944,0.4868409432129294,0.4868409432129294,22646000.0,22646000.0,https://www.sec.gov/Archives/edgar/data/23197/000116923205004655/0001169232-05-004655-index.htm,https://www.sec.gov/Archives/edgar/data/23197/000116923205004655/d65355_10k.htm,1620590452,16:00:52,20210509
64,2005-04-30,CMTL,USD,2005-06-08,2005-06-08 09:26:39,Q3,75388000.0,45910000.0,29478000.0,0.3910171380060487,5325000.0,12855000.0,0.0,0.0,18777000.0,64687000.0,0.0,2079000.0,12780000.0,0.169523001008118,10701000.0,0.1419456677455298,0.0,11223000.0,0.14886984665994588,2851000.0,8372000.0,0.11105215684193771,0.39,0.32,21666000.0,27327000.0,https://www.sec.gov/Archives/edgar/data/23197/000116923205003059/0001169232-05-003059-index.htm,https://www.sec.gov/Archives/edgar/data/23197/000116923205003059/d64173_10-q.htm,1620590452,16:00:52,20210509
65,2005-01-31,CMTL,USD,2005-03-09,2005-03-08 20:47:59,Q2,78087000.0,45797000.0,32290000.0,0.413513132787788,4954000.0,12033000.0,0.0,0.0,17555000.0,63352000.0,0.0,2126000.0,16861000.0,0.21592582632192298,14735000.0,0.18869978357473075,0.0,14973000.0,0.19174766606477392,4791000.0,10182000.0,0.13039302316646817,0.473333,0.393333,21486000.0,27021000.0,https://www.sec.gov/Archives/edgar/data/23197/000116923205001557/0001169232-05-001557-index.htm,https://www.sec.gov/Archives/edgar/data/23197/000116923205001557/d62841_10-q.htm,1620590452,16:00:52,20210509
66,2004-10-31,CMTL,USD,2004-12-07,2004-12-07 09:01:18,Q1,56122000.0,29001000.0,27121000.0,0.48325077509710984,4896000.0,11224000.0,0.0,0.0,16689000.0,45690000.0,0.0,1814000.0,12246000.0,0.2182032001710559,10432000.0,0.18588075977335092,0.0,10406000.0,0.1854174833398667,3330000.0,7076000.0,0.1260824632051602,0.333333,0.306667,21363000.0,23127000.0,https://www.sec.gov/Archives/edgar/data/23197/000116923204005995/0001169232-04-005995-index.htm,https://www.sec.gov/Archives/edgar/data/23197/000095011704003364/a38383.htm,1620590452,16:00:52,20210509
67,2004-07-31,CMTL,USD,2004-09-22,2004-09-22 09:56:11,Q4,59056000.0,33726000.0,25330000.0,0.42891492820373883,4709000.0,9863000.0,0.0,0.0,15141000.0,48867000.0,0.0,1912000.0,12101000.0,0.20490720671904633,10189000.0,0.17253115686805745,0.0,8952000.0,0.15158493633161746,2864000.0,6088000.0,0.1030885938769981,0.28497870149323595,0.28497870149323595,21363000.0,21363000.0,https://www.sec.gov/Archives/edgar/data/23197/000095011704003364/0000950117-04-003364-index.htm,https://www.sec.gov/Archives/edgar/data/23197/000095011704003364/a38383.htm,1620590452,16:00:52,20210509
68,2004-04-30,CMTL,USD,2004-06-08,2004-06-08 09:06:45,Q3,51244000.0,30635000.0,20609000.0,0.40217391304347827,3993000.0,8775000.0,0.0,0.0,13267000.0,43902000.0,0.0,1758000.0,9100000.0,0.17758176567012723,7342000.0,0.14327531028022794,0.0,6991000.0,0.13642572789009444,2238000.0,4753000.0,0.09275232222308953,0.22,0.206667,21325500.0,23106000.0,https://www.sec.gov/Archives/edgar/data/23197/000095011704002116/0000950117-04-002116-index.htm,https://www.sec.gov/Archives/edgar/data/23197/000095011704002116/a37807.htm,1620590452,16:00:52,20210509
69,2004-01-31,CMTL,USD,2004-03-10,2004-03-10 08:01:13,Q2,56794000.0,36181000.0,20613000.0,0.36294326865513965,3664000.0,8804000.0,0.0,0.0,12967000.0,49148000.0,0.0,1562000.0,9208000.0,0.16212980244392014,7646000.0,0.1346268972074515,0.0,7709000.0,0.1357361693136599,2466000.0,5243000.0,0.09231608972778815,0.246667,0.226667,21120000.0,23322000.0,https://www.sec.gov/Archives/edgar/data/23197/000116923204001616/0001169232-04-001616-index.htm,https://www.sec.gov/Archives/edgar/data/23197/000116923204001616/d58697_10q.htm,1620590452,16:00:52,20210509
70,2003-10-31,CMTL,USD,2003-10-31,2003-10-31,Q1,56296000.0,35316000.0,20980000.0,0.3726730140684951,3541000.0,8574000.0,0.0,0.0,12615000.0,47931000.0,0.0,1562000.0,9927000.0,0.17633579650419212,8365000.0,0.14858959783998862,0.0,8446000.0,0.15002842120221685,2703000.0,5743000.0,0.1020143527071195,0.273333,0.246667,20929500.0,23040000.0,,,1620590452,16:00:52,20210509
71,2003-07-31,CMTL,USD,2003-07-31,2003-07-31,Q4,51683000.0,33676000.0,18007000.0,0.34841243735851246,3502000.0,8075000.0,0.0,0.0,12076000.0,45752000.0,0.0,1641000.0,7572000.0,0.14650852311204846,5931000.0,0.11475727028229786,0.0,5275000.0,0.10206450863920438,1688000.0,3587000.0,0.06940386587465898,0.17138488735994648,0.17138488735994648,20929500.0,20929500.0,,,1620590452,16:00:52,20210509
72,2003-04-30,CMTL,USD,2003-04-30,2003-04-30,Q3,48753000.0,32262000.0,16491000.0,0.3382561073164728,3014000.0,7270000.0,0.0,0.0,10772000.0,43034000.0,0.0,1509000.0,7228000.0,0.14825754312555126,5719000.0,0.11730560170656165,0.0,5103000.0,0.1046704818165036,1633000.0,3470000.0,0.07117510717289192,0.204444,0.191111,17025750.0,18092250.0,,,1620590452,16:00:52,20210509
73,2003-01-31,CMTL,USD,2003-03-12,2003-03-12,Q2,42326000.0,28783000.0,13543000.0,0.31996881349525114,3296000.0,6372000.0,0.0,0.0,10194000.0,38977000.0,0.0,1569000.0,4918000.0,0.1161933563294429,3349000.0,0.07912394273023673,0.0,2725000.0,0.06438123139441478,872000.0,1853000.0,0.04377923734820205,0.111111,0.102222,16956000.0,17831250.0,https://www.sec.gov/Archives/edgar/data/23197/000116923203002034/0001169232-03-002034-index.htm,https://www.sec.gov/Archives/edgar/data/23197/000116923203002034/d54317_10-q.txt,1620590452,16:00:52,20210509
74,2002-10-31,CMTL,USD,2002-12-10 00:00:00,2002-12-10 08:28:55,Q1,31273000.0,19596000.0,11677000.0,0.37338918555942824,3016000.0,6328000.0,0.0,0.0,9870000.0,29466000.0,0.0,1539000.0,3346000.0,0.10699325296581716,1807000.0,0.057781472835992706,0.0,1175000.0,0.03757234675278995,376000.0,799000.0,0.025549195791897163,0.048889,0.044444,16897500.0,17489250.0,https://www.sec.gov/Archives/edgar/data/23197/000116923202003444/0001169232-02-003444-index.html,https://www.sec.gov/Archives/edgar/data/23197/000116923202003444/d52905_10-q.txt,1620590452,16:00:52,20210509
75,2002-07-31,CMTL,USD,2003-04-04,2003-04-04,Q4,28525000.0,17770000.0,10755000.0,0.3770376862401402,2884000.0,6104000.0,0.0,0.0,9358000.0,27128000.0,0.0,1305000.0,2702000.0,0.0947239263803681,1397000.0,0.04897458369851008,-2181000.0,-1398000.0,-0.049009640666082384,-1087000.0,-311000.0,-0.010902716914986853,-0.018405089510282586,-0.018405089510282586,16897500.0,16897500.0,https://www.sec.gov/Archives/edgar/data/23197/000116923203002708/0001169232-03-002708-index.htm,https://www.sec.gov/Archives/edgar/data/23197/000116923203002708/d55126_10k-a.txt,1620590452,16:00:52,20210509
76,2002-04-30,CMTL,USD,2002-06-12 00:00:00,2002-06-12 08:42:37,Q3,29262000.0,19364000.0,9898000.0,0.33825439136080926,2797000.0,5531000.0,0.0,0.0,8698000.0,28062000.0,0.0,1279000.0,2479000.0,0.08471738090356093,1200000.0,0.04100881689563256,10000.0,598000.0,0.02043606041965689,189000.0,409000.0,0.013977171758594765,0.026667,0.022222,16816500.0,17671500.0,https://www.sec.gov/Archives/edgar/data/23197/000100547702002423/0001005477-02-002423-index.html,https://www.sec.gov/Archives/edgar/data/23197/000100547702002423/d37511_10-q.txt,1620590452,16:00:52,20210509
77,2002-01-31,CMTL,USD,2002-03-13 00:00:00,2002-03-13 00:00:00,Q2,30525000.0,21406000.0,9119000.0,0.29873873873873874,2712000.0,5304000.0,0.0,0.0,8386000.0,29792000.0,0.0,1304000.0,2037000.0,0.06673218673218673,733000.0,0.024013104013104015,7000.0,148000.0,0.0048484848484848485,0.0,148000.0,0.0048484848484848485,0.008841099163679809,0.008333685262609625,16740000.0,17759250.0,https://www.sec.gov/Archives/edgar/data/23197/000100547702001210/0001005477-02-001210-index.html,https://www.sec.gov/Archives/edgar/data/23197/000100547702001210/d02-36512.txt,1620590452,16:00:52,20210509
78,2001-10-31,CMTL,USD,2001-12-13 00:00:00,2001-12-13 00:00:00,Q1,31045000.0,20240000.0,10805000.0,0.34804316315026573,2648000.0,5573000.0,0.0,0.0,8582000.0,28822000.0,0.0,1342000.0,3565000.0,0.1148333064905782,2223000.0,0.07160573361249799,0.0,1432000.0,0.04612659043324207,530000.0,902000.0,0.029054598163955548,0.053333,0.048889,16733250.0,17959500.0,https://www.sec.gov/Archives/edgar/data/23197/000100547701502242/0001005477-01-502242-index.html,https://www.sec.gov/Archives/edgar/data/23197/000100547701502242/d01-35402.txt,1620590452,16:00:52,20210509
79,2001-07-31,CMTL,USD,2001-07-31,2001-07-31,Q4,30652000.0,25064000.0,5588000.0,0.1823045804515203,2539000.0,4677000.0,0.0,0.0,3100000.0,28164000.0,0.0,1666000.0,4154000.0,0.13552133629126975,2488000.0,0.08116925486102049,23000.0,1667000.0,0.05438470572882683,359000.0,1308000.0,0.0426725825394754,0.07816771995876473,0.07816771995876473,16733250.0,16733250.0,,,1620590452,16:00:52,20210509
80,2001-04-30,CMTL,USD,2001-06-14 00:00:00,2001-06-14 00:00:00,Q3,32322000.0,18424000.0,13898000.0,0.4299857682074129,2236000.0,5646000.0,0.0,0.0,10023000.0,28447000.0,0.0,1555000.0,5430000.0,0.16799702988676443,3875000.0,0.11988738320648475,-956000.0,2524000.0,0.07808922715178516,997000.0,1527000.0,0.04724336365323928,0.093333,0.084444,16641000.0,17885250.0,https://www.sec.gov/Archives/edgar/data/23197/000100547701003718/0001005477-01-003718-index.html,https://www.sec.gov/Archives/edgar/data/23197/000100547701003718/0001005477-01-003718-0001.txt,1620590452,16:00:52,20210509
81,2001-01-31,CMTL,USD,2001-03-16 00:00:00,2001-03-16 00:00:00,Q2,33111000.0,19438000.0,13673000.0,0.41294433873939174,2618000.0,6217000.0,0.0,0.0,10431000.0,29869000.0,0.0,1596000.0,4838000.0,0.14611458427712845,3242000.0,0.09791308024523572,92000.0,3226000.0,0.09742985714717163,1354000.0,1872000.0,0.05653710247349823,0.115556,0.106667,16445250.0,17673750.0,https://www.sec.gov/Archives/edgar/data/23197/000100547701001991/0001005477-01-001991-index.html,https://www.sec.gov/Archives/edgar/data/23197/000100547701001991/0001005477-01-001991-0001.txt,1620590452,16:00:52,20210509
82,2000-10-31,CMTL,USD,2000-12-15 00:00:00,2000-12-15 00:00:00,Q1,39846000.0,25574000.0,14272000.0,0.35817898910806606,2797000.0,6167000.0,0.0,0.0,10722000.0,36296000.0,0.0,1758000.0,5308000.0,0.13321286954775888,3550000.0,0.08909300808111228,0.0,3186000.0,0.07995783767504894,1179000.0,2007000.0,0.05036892034332179,0.124444,0.111111,16355250.0,17754750.0,https://www.sec.gov/Archives/edgar/data/23197/000100547700008505/0001005477-00-008505-index.html,https://www.sec.gov/Archives/edgar/data/23197/000100547700008505/0001005477-00-008505-0001.txt,1620590452,16:00:52,20210509
83,2000-07-31,CMTL,USD,2000-07-31,2000-07-31,Q4,25494000.0,16174000.0,9320000.0,0.3655762140111399,1033000.0,4677000.0,0.0,0.0,6628000.0,22802000.0,0.0,918000.0,3610000.0,0.14160194555581707,2692000.0,0.10559347297403311,0.0,-7133000.0,-0.2797913234486546,-1161000.0,-6109000.0,-0.23962500980622892,-0.3735192063710429,-0.3735192063710429,16355250.0,16355250.0,,,1620590452,16:00:52,20210509
84,2000-04-30,CMTL,USD,2000-06-13 00:00:00,2000-06-13 00:00:00,Q3,15485000.0,10667000.0,4818000.0,0.31113981272198904,500000.0,2919000.0,0.0,0.0,3850000.0,14517000.0,0.0,431000.0,1399000.0,0.09034549564094285,968000.0,0.06251210849208912,0.0,1523000.0,0.09835324507587988,552000.0,971000.0,0.06270584436551502,0.066667,0.057778,14654250.0,16204500.0,https://www.sec.gov/Archives/edgar/data/23197/000100547700004647/0001005477-00-004647-index.html,https://www.sec.gov/Archives/edgar/data/23197/000100547700004647/0001005477-00-004647-0001.txt,1620590452,16:00:52,20210509
85,2000-01-31,CMTL,USD,2000-03-16,2000-03-16,Q2,13700000.0,9200000.0,4500000.0,0.3284671532846715,600000.0,2500000.0,0.0,0.0,3500000.0,12700000.0,0.0,400000.0,1400000.0,0.10218978102189781,1000000.0,0.072992700729927,0.0,1100000.0,0.08029197080291971,400000.0,700000.0,0.051094890510948905,0.066667,0.057778,10075500.0,11731500.0,https://www.sec.gov/Archives/edgar/data/23197/0001005477-00-002219-index.html,https://www.sec.gov/Archives/edgar/data/23197/000100547700002219/,1620590452,16:00:52,20210509
86,1999-10-31,CMTL,USD,1999-12-15 00:00:00,1999-12-15 00:00:00,Q1,11700000.0,8000000.0,3700000.0,0.3162393162393162,500000.0,1900000.0,0.0,0.0,2800000.0,10800000.0,0.0,400000.0,1300000.0,0.1111111111111111,900000.0,0.07692307692307693,0.0,800000.0,0.06837606837606838,300000.0,500000.0,0.042735042735042736,0.053387,0.048938,9365576.0,10217009.0,https://www.sec.gov/Archives/edgar/data/23197/000100547799005887/0001005477-99-005887-index.html,https://www.sec.gov/Archives/edgar/data/23197/0001005477-99-005887.txt,1620590452,16:00:52,20210509
87,1999-07-31,CMTL,USD,1999-07-31,1999-07-31,Q4,9600000.0,6400000.0,3200000.0,0.3333333333333333,300000.0,1300000.0,0.0,0.0,1900000.0,8300000.0,0.0,300000.0,1600000.0,0.16666666666666666,1300000.0,0.13541666666666666,0.0,1300000.0,0.13541666666666666,-2500000.0,2600000.0,0.2708333333333333,0.27761239671751103,0.27761239671751103,9365576.0,9365576.0,,,1620590452,16:00:52,20210509
88,1999-04-30,CMTL,USD,1999-06-14 00:00:00,1999-06-14 00:00:00,Q3,10500000.0,6800000.0,3700000.0,0.3523809523809524,600000.0,2000000.0,0.0,0.0,3100000.0,9900000.0,0.0,500000.0,1100000.0,0.10476190476190476,600000.0,0.05714285714285714,0.0,600000.0,0.05714285714285714,100000.0,500000.0,0.047619047619047616,0.053387,0.048938,9365576.0,10217009.0,https://www.sec.gov/Archives/edgar/data/23197/000100547799002796/0001005477-99-002796-index.html,https://www.sec.gov/Archives/edgar/data/23197/0001005477-99-002796.txt,1620590452,16:00:52,20210509
89,1999-01-31,CMTL,USD,1999-03-11 00:00:00,1999-03-11 00:00:00,Q2,9100000.0,6100000.0,3000000.0,0.32967032967032966,600000.0,1600000.0,0.0,0.0,2500000.0,8600000.0,0.0,300000.0,800000.0,0.08791208791208792,500000.0,0.054945054945054944,0.0,400000.0,0.04395604395604396,-1400000.0,1800000.0,0.1978021978021978,0.191302,0.173507,9409206.0,10374221.0,https://www.sec.gov/Archives/edgar/data/23197/000002319799000003/0000023197-99-000003-index.html,https://www.sec.gov/Archives/edgar/data/23197/0000023197-99-000003.txt,1620590452,16:00:52,20210509
90,1998-10-31,CMTL,USD,1998-12-15 00:00:00,1998-12-15 00:00:00,Q1,8700000.0,5600000.0,3100000.0,0.3563218390804598,500000.0,1700000.0,0.0,0.0,2600000.0,8200000.0,0.0,400000.0,900000.0,0.10344827586206896,500000.0,0.05747126436781609,0.0,0.0,0.0,0.0,400000.0,0.04597701149425287,0.044489,0.04004,8990987.0,9990010.0,https://www.sec.gov/Archives/edgar/data/23197/000100547798003578/0001005477-98-003578-index.html,https://www.sec.gov/Archives/edgar/data/23197/0001005477-98-003578.txt,1620590452,16:00:52,20210509
91,1998-07-31,CMTL,USD,1998-07-31,1998-07-31,Q4,7800000.0,5000000.0,2800000.0,0.358974358974359,400000.0,1700000.0,0.0,0.0,2400000.0,7400000.0,0.0,300000.0,700000.0,0.08974358974358974,400000.0,0.05128205128205128,0.0,400000.0,0.05128205128205128,100000.0,300000.0,0.038461538461538464,0.033366748278025535,0.033366748278025535,8990987.0,8990987.0,,,1620590452,16:00:52,20210509
92,1998-04-30,CMTL,USD,1998-06-10 00:00:00,1998-06-10 00:00:00,Q3,8700000.0,6100000.0,2600000.0,0.2988505747126437,300000.0,1500000.0,0.0,0.0,2100000.0,8200000.0,0.0,300000.0,800000.0,0.09195402298850575,500000.0,0.05747126436781609,0.0,0.0,0.0,0.0,400000.0,0.04597701149425287,0.044489,0.04004,8990987.0,9990010.0,https://www.sec.gov/Archives/edgar/data/23197/000095013098003048/0000950130-98-003048-index.html,https://www.sec.gov/Archives/edgar/data/23197/0000950130-98-003048.txt,1620590452,16:00:52,20210509
93,1998-01-31,CMTL,USD,1998-03-16 00:00:00,1998-03-16 00:00:00,Q2,7700000.0,5300000.0,2400000.0,0.3116883116883117,300000.0,1300000.0,0.0,0.0,1900000.0,7200000.0,0.0,300000.0,800000.0,0.1038961038961039,500000.0,0.06493506493506493,0.0,0.0,0.0,0.0,300000.0,0.03896103896103896,0.035591,0.035591,8429097.0,8429097.0,https://www.sec.gov/Archives/edgar/data/23197/000095013098001244/0000950130-98-001244-index.html,https://www.sec.gov/Archives/edgar/data/23197/0000950130-98-001244.txt,1620590452,16:00:52,20210509
94,1997-10-31,CMTL,USD,1997-12-15 00:00:00,1997-12-15 00:00:00,Q1,5900000.0,3700000.0,2200000.0,0.3728813559322034,300000.0,1400000.0,0.0,0.0,2000000.0,5700000.0,0.0,300000.0,500000.0,0.0847457627118644,200000.0,0.03389830508474576,0.0,0.0,0.0,0.0,100000.0,0.01694915254237288,0.013347,0.013347,7492320.0,7492320.0,https://www.sec.gov/Archives/edgar/data/23197/000095013097005558/0000950130-97-005558-index.html,https://www.sec.gov/Archives/edgar/data/23197/0000950130-97-005558.txt,1620590452,16:00:52,20210509
95,1997-07-31,CMTL,USD,1997-10-29,1997-10-29,Q4,7900000.0,5500000.0,2400000.0,0.3037974683544304,200000.0,1700000.0,0.0,0.0,2200000.0,7700000.0,0.0,300000.0,500000.0,0.06329113924050633,200000.0,0.02531645569620253,100000.0,0.0,0.0,0.0,200000.0,0.02531645569620253,0.026694001324022467,0.026694001324022467,7492320.0,7492320.0,https://www.sec.gov/Archives/edgar/data/23197/0000950130-97-004676-index.html,https://www.sec.gov/Archives/edgar/data/23197/,1620590452,16:00:52,20210509
96,1997-04-30,CMTL,USD,1997-06-13 00:00:00,1997-06-13 00:00:00,Q3,5500000.0,3400000.0,2100000.0,0.38181818181818183,300000.0,1400000.0,0.0,0.0,2000000.0,5400000.0,0.0,300000.0,400000.0,0.07272727272727272,100000.0,0.01818181818181818,0.0,0.0,0.0,0.0,100000.0,0.01818181818181818,0.008898,0.008898,11238481.0,11238481.0,https://www.sec.gov/Archives/edgar/data/23197/000095013097002792/0000950130-97-002792-index.html,https://www.sec.gov/Archives/edgar/data/23197/0000950130-97-002792.txt,1620590452,16:00:52,20210509
97,1997-01-31,CMTL,USD,1997-03-14 00:00:00,1997-03-14 00:00:00,Q2,6000000.0,4100000.0,1900000.0,0.31666666666666665,200000.0,1200000.0,0.0,0.0,1700000.0,5800000.0,0.0,300000.0,500000.0,0.08333333333333333,200000.0,0.03333333333333333,0.0,0.0,0.0,0.0,100000.0,0.016666666666666666,0.017796,0.017796,11238481.0,11238481.0,https://www.sec.gov/Archives/edgar/data/23197/000095013097001019/0000950130-97-001019-index.html,https://www.sec.gov/Archives/edgar/data/23197/0000950130-97-001019.txt,1620590452,16:00:52,20210509
98,1996-10-31,CMTL,USD,1996-12-16 00:00:00,1996-12-16 00:00:00,Q1,5200000.0,3600000.0,1600000.0,0.3076923076923077,300000.0,1000000.0,0.0,0.0,1500000.0,5100000.0,0.0,200000.0,300000.0,0.057692307692307696,100000.0,0.019230769230769232,100000.0,0.0,0.0,0.0,100000.0,0.019230769230769232,0.008898,0.008898,11238481.0,11238481.0,https://www.sec.gov/Archives/edgar/data/23197/000095013096004762/0000950130-96-004762-index.html,https://www.sec.gov/Archives/edgar/data/23197/0000950130-96-004762.txt,1620590452,16:00:52,20210509
99,1996-07-31,CMTL,USD,1996-07-31,1996-07-31,Q4,6400000.0,4400000.0,2000000.0,0.3125,100000.0,1400000.0,0.0,0.0,1800000.0,6200000.0,0.0,300000.0,500000.0,0.078125,200000.0,0.03125,0.0,0.0,0.0,0.0,200000.0,0.03125,0.017795999299193548,0.017795999299193548,11238481.0,11238481.0,,,1620590452,16:00:52,20210509
100,1996-04-30,CMTL,USD,1996-06-13 00:00:00,1996-06-13 00:00:00,Q3,5300000.0,3200000.0,2100000.0,0.39622641509433965,200000.0,1300000.0,0.0,0.0,2000000.0,5200000.0,0.0,200000.0,300000.0,0.05660377358490566,100000.0,0.018867924528301886,0.0,0.0,0.0,0.0,100000.0,0.018867924528301886,0.008898,0.008898,11238481.0,11238481.0,https://www.sec.gov/Archives/edgar/data/23197/000095013096002206/0000950130-96-002206-index.html,https://www.sec.gov/Archives/edgar/data/23197/0000950130-96-002206.txt,1620590452,16:00:52,20210509
101,1996-01-31,CMTL,USD,1996-03-14 00:00:00,1996-03-14 00:00:00,Q2,4700000.0,3000000.0,1700000.0,0.3617021276595745,200000.0,1200000.0,0.0,0.0,1700000.0,4700000.0,0.0,300000.0,300000.0,0.06382978723404255,0.0,0.0,0.0,0.0,0.0,0.0,0.0,0.0,0.004449,0.004449,8991189.0,8991189.0,https://www.sec.gov/Archives/edgar/data/23197/000095013096000842/0000950130-96-000842-index.html,https://www.sec.gov/Archives/edgar/data/23197/0000950130-96-000842.txt,1620590452,16:00:52,20210509
102,1995-10-31,CMTL,USD,1995-12-13 00:00:00,1995-12-13 00:00:00,Q1,4500000.0,2800000.0,1700000.0,0.37777777777777777,200000.0,1200000.0,0.0,0.0,1700000.0,4500000.0,0.0,300000.0,300000.0,0.06666666666666667,0.0,0.0,0.0,0.0,0.0,0.0,-200000.0,-0.044444444444444446,-0.022244,-0.022244,8991189.0,8991189.0,https://www.sec.gov/Archives/edgar/data/23197/000095013095002691/0000950130-95-002691-index.html,https://www.sec.gov/Archives/edgar/data/23197/0000950130-95-002691.txt,1620590452,16:00:52,20210509
103,1995-07-31,CMTL,USD,1995-07-31,1995-07-31,Q4,4900000.0,3100000.0,1800000.0,0.3673469387755102,200000.0,1200000.0,0.0,0.0,1700000.0,4800000.0,0.0,300000.0,400000.0,0.08163265306122448,100000.0,0.02040816326530612,200000.0,0.0,0.0,0.0,0.0,0.0,0.0,0.0,8991189.0,8991189.0,,,1620590452,16:00:52,20210509
104,1995-04-30,CMTL,USD,1995-06-12 00:00:00,1995-06-12 00:00:00,Q3,4500000.0,3300000.0,1200000.0,0.26666666666666666,300000.0,1200000.0,0.0,0.0,1700000.0,5000000.0,0.0,200000.0,-300000.0,-0.06666666666666667,-500000.0,-0.1111111111111111,0.0,0.0,0.0,0.0,-600000.0,-0.13333333333333333,-0.075631,-0.075631,7933255.0,7933255.0,https://www.sec.gov/Archives/edgar/data/23197/000088981295000298/0000889812-95-000298-index.html,https://www.sec.gov/Archives/edgar/data/23197/0000889812-95-000298.txt,1620590452,16:00:52,20210509
105,1995-01-31,CMTL,USD,1995-07-06,1995-07-06,Q3,4100000.0,2800000.0,1300000.0,0.3170731707317073,300000.0,1200000.0,0.0,0.0,1700000.0,4500000.0,0.0,200000.0,-200000.0,-0.04878048780487805,-400000.0,-0.0975609756097561,0.0,0.0,0.0,0.0,-400000.0,-0.0975609756097561,-0.044489,-0.044489,8990987.0,8990987.0,https://www.sec.gov/Archives/edgar/data/23197/0000023197-95-000005-index.html,https://www.sec.gov/Archives/edgar/data/23197/,1620590452,16:00:52,20210509
106,1994-10-31,CMTL,USD,1994-10-31,1994-10-31,Q3,2900000.0,1900000.0,1000000.0,0.3448275862068966,200000.0,1100000.0,0.0,0.0,1500000.0,3400000.0,0.0,200000.0,-300000.0,-0.10344827586206896,-500000.0,-0.1724137931034483,100000.0,0.0,0.0,0.0,-500000.0,-0.1724137931034483,-0.057836,-0.057836,8645135.0,8645135.0,,,1620590452,16:00:52,20210509
107,1994-07-31,CMTL,USD,1994-07-31,1994-07-31,Q4,3600000.0,3500000.0,100000.0,0.027777777777777776,300000.0,0.0,0.0,0.0,1600000.0,5100000.0,0.0,300000.0,-1200000.0,-0.3333333333333333,-1500000.0,-0.4166666666666667,100000.0,0.0,0.0,0.0,-1400000.0,-0.3888888888888889,-0.15571079922238026,-0.15571079922238026,8991027.0,8991027.0,,,1620590452,16:00:52,20210509
108,1994-04-30,CMTL,USD,1994-04-30,1994-04-30,Q3,2800000.0,1900000.0,900000.0,0.32142857142857145,200000.0,1400000.0,0.0,0.0,1800000.0,3700000.0,0.0,200000.0,-700000.0,-0.25,-900000.0,-0.32142857142857145,100000.0,0.0,0.0,0.0,-1000000.0,-0.35714285714285715,-0.111222,-0.111222,8991027.0,8991027.0,,,1620590452,16:00:52,20210509
109,1994-01-31,CMTL,USD,1994-01-31,1994-01-31,Q3,5000000.0,3500000.0,1500000.0,0.3,200000.0,1100000.0,0.0,0.0,1500000.0,5000000.0,0.0,0.0,200000.0,0.04,0.0,0.0,100000.0,0.0,0.0,0.0,0.0,0.0,0.004449,0.004449,7492461.0,7492461.0,,,1620590452,16:00:52,20210509
110,1993-10-31,CMTL,USD,1993-10-31,1993-10-31,Q3,3500000.0,0.0,0.0,0.0,0.0,0.0,0.0,0.0,0.0,0.0,0.0,0.0,3500000.0,1.0,3500000.0,1.0,0.0,0.0,0.0,0.0,-400000.0,-0.11428571428571428,-0.053387,-0.053387,7492461.0,7492461.0,,,1620590452,16:00:52,20210509
111,1993-07-31,CMTL,USD,1993-07-31,1993-07-31,Q4,6300000.0,0.0,0.0,0.0,0.0,0.0,0.0,0.0,0.0,0.0,0.0,0.0,-14200000.0,-2.253968253968254,-14200000.0,-2.253968253968254,0.0,0.0,0.0,0.0,300000.0,0.047619047619047616,0.0613944019356427,0.0613944019356427,4886439.0,4886439.0,,,1620590452,16:00:52,20210509
112,1993-04-30,CMTL,USD,1993-04-30,1993-04-30,Q3,4800000.0,0.0,0.0,0.0,0.0,0.0,0.0,0.0,0.0,0.0,0.0,0.0,4800000.0,1.0,4800000.0,1.0,0.0,0.0,0.0,0.0,500000.0,0.10416666666666667,0.102324,0.102324,4886439.0,4886439.0,,,1620590452,16:00:52,20210509
113,1993-01-31,CMTL,USD,1993-01-31,1993-01-31,Q3,6300000.0,0.0,0.0,0.0,0.0,0.0,0.0,0.0,0.0,0.0,0.0,0.0,6300000.0,1.0,6300000.0,1.0,0.0,0.0,0.0,0.0,400000.0,0.06349206349206349,0.088978,0.088978,4495493.0,4495493.0,,,1620590452,16:00:52,20210509
114,1992-10-31,CMTL,USD,1992-10-31,1992-10-31,Q3,4900000.0,0.0,0.0,0.0,0.0,0.0,0.0,0.0,0.0,0.0,0.0,0.0,4900000.0,1.0,4900000.0,1.0,0.0,0.0,0.0,0.0,200000.0,0.04081632653061224,0.053387,0.053387,3746230.0,3746230.0,,,1620590452,16:00:52,20210509
115,1992-07-31,CMTL,USD,1992-07-31,1992-07-31,Q4,6800000.0,4600000.0,2200000.0,0.3235294117647059,0.0,0.0,0.0,0.0,1600000.0,6200000.0,0.0,100000.0,700000.0,0.10294117647058823,600000.0,0.08823529411764706,0.0,600000.0,0.08823529411764706,0.0,600000.0,0.08823529411764706,0.1267934939722373,0.1267934939722373,4732104.0,4732104.0,,,1620590452,16:00:52,20210509
116,1992-04-30,CMTL,USD,1992-04-30,1992-04-30,Q3,4700000.0,3000000.0,1700000.0,0.3617021276595745,0.0,1200000.0,0.0,0.0,1300000.0,4300000.0,0.0,0.0,500000.0,0.10638297872340426,400000.0,0.0851063829787234,0.0,0.0,0.0,0.0,400000.0,0.0851063829787234,0.084529,0.084529,4732104.0,4732104.0,,,1620590452,16:00:52,20210509
117,1992-01-31,CMTL,USD,1992-01-31,1992-01-31,Q3,4300000.0,0.0,0.0,0.0,0.0,0.0,0.0,0.0,0.0,0.0,0.0,0.0,4300000.0,1.0,4300000.0,1.0,0.0,0.0,0.0,0.0,200000.0,0.046511627906976744,0.057836,0.057836,3458054.0,3458054.0,,,1620590452,16:00:52,20210509
118,1991-10-31,CMTL,USD,1991-10-31,1991-10-31,Q3,3700000.0,0.0,0.0,0.0,0.0,0.0,0.0,0.0,0.0,0.0,0.0,0.0,3700000.0,1.0,3700000.0,1.0,0.0,0.0,0.0,0.0,0.0,0.0,0.031142,0.031142,4111138.0,4111138.0,,,1620590452,16:00:52,20210509
119,1991-07-31,CMTL,USD,1991-07-31,1991-07-31,Q4,5100000.0,3000000.0,2100000.0,0.4117647058823529,0.0,0.0,0.0,0.0,1700000.0,4700000.0,0.0,200000.0,600000.0,0.11764705882352941,400000.0,0.0784313725490196,100000.0,400000.0,0.0784313725490196,100000.0,300000.0,0.058823529411764705,0.07279991380490206,0.07279991380490206,4120884.0,4120884.0,,,1620590452,16:00:52,20210509
120,1991-04-30,CMTL,USD,1991-04-30,1991-04-30,Q3,3600000.0,2200000.0,1400000.0,0.3888888888888889,0.0,1100000.0,0.0,0.0,1000000.0,3200000.0,0.0,-100000.0,300000.0,0.08333333333333333,400000.0,0.1111111111111111,500000.0,800000.0,0.2222222222222222,-300000.0,1100000.0,0.3055555555555556,0.266933,0.266933,4120884.0,4120884.0,,,1620590452,16:00:52,20210509
121,1991-01-31,CMTL,USD,1991-01-31,1991-01-31,Q3,4500000.0,3200000.0,1300000.0,0.28888888888888886,0.0,1000000.0,0.0,0.0,1100000.0,4300000.0,0.0,0.0,300000.0,0.06666666666666667,200000.0,0.044444444444444446,0.0,0.0,0.0,0.0,300000.0,0.06666666666666667,0.062284,0.062284,4816646.0,4816646.0,,,1620590452,16:00:52,20210509
122,1990-10-31,CMTL,USD,1990-10-31,1990-10-31,Q3,5100000.0,0.0,0.0,0.0,0.0,0.0,0.0,0.0,0.0,0.0,0.0,0.0,5100000.0,1.0,5100000.0,1.0,0.0,0.0,0.0,0.0,0.0,0.0,0.008898,0.008898,4162837.0,4162837.0,,,1620590452,16:00:52,20210509
123,1990-07-31,CMTL,USD,1990-07-31,1990-07-31,Q4,6200000.0,0.0,0.0,0.0,0.0,0.0,0.0,0.0,0.0,0.0,0.0,0.0,-11000000.0,-1.7741935483870968,-11000000.0,-1.7741935483870968,0.0,0.0,0.0,0.0,0.0,0.0,0.0,0.0,4162837.0,4162837.0,,,1620590452,16:00:52,20210509
124,1990-04-30,CMTL,USD,1990-04-30,1990-04-30,Q3,4800000.0,0.0,0.0,0.0,0.0,0.0,0.0,0.0,0.0,0.0,0.0,0.0,4800000.0,1.0,4800000.0,1.0,0.0,0.0,0.0,0.0,0.0,0.0,0.075631,0.075631,4162837.0,4162837.0,,,1620590452,16:00:52,20210509
125,1990-01-31,CMTL,USD,1990-01-31,1990-01-31,Q3,3300000.0,0.0,0.0,0.0,0.0,0.0,0.0,0.0,0.0,0.0,0.0,0.0,3300000.0,1.0,3300000.0,1.0,0.0,0.0,0.0,0.0,0.0,0.0,0.013347,0.013347,4162837.0,4162837.0,,,1620590452,16:00:52,20210509
126,1989-10-31,CMTL,USD,1989-10-31,1989-10-31,Q3,3800000.0,0.0,0.0,0.0,0.0,0.0,0.0,0.0,0.0,0.0,0.0,0.0,3800000.0,1.0,3800000.0,1.0,0.0,0.0,0.0,0.0,0.0,0.0,0.044489,0.044489,4162837.0,4162837.0,,,1620590452,16:00:52,20210509
127,1989-07-31,CMTL,USD,1989-07-31,1989-07-31,Q4,2700000.0,0.0,0.0,0.0,0.0,0.0,0.0,0.0,0.0,0.0,0.0,0.0,-8900000.0,-3.2962962962962963,-8900000.0,-3.2962962962962963,0.0,0.0,0.0,0.0,0.0,0.0,0.0,0.0,4115633.0,4115633.0,,,1620590452,16:00:52,20210509
128,1989-04-30,CMTL,USD,1989-04-30,1989-04-30,Q3,2600000.0,0.0,0.0,0.0,0.0,0.0,0.0,0.0,0.0,0.0,0.0,0.0,2600000.0,1.0,2600000.0,1.0,0.0,0.0,0.0,0.0,0.0,0.0,-0.044489,-0.044489,4115633.0,4115633.0,,,1620590452,16:00:52,20210509
129,1989-01-31,CMTL,USD,1989-01-31,1989-01-31,Q3,2600000.0,0.0,0.0,0.0,0.0,0.0,0.0,0.0,0.0,0.0,0.0,0.0,2600000.0,1.0,2600000.0,1.0,0.0,0.0,0.0,0.0,0.0,0.0,-0.044489,-0.044489,4115633.0,4115633.0,,,1620590452,16:00:52,20210509
130,1988-10-31,CMTL,USD,1988-10-31,1988-10-31,Q3,2600000.0,0.0,0.0,0.0,0.0,0.0,0.0,0.0,0.0,0.0,0.0,0.0,2600000.0,1.0,2600000.0,1.0,0.0,0.0,0.0,0.0,0.0,0.0,-0.044489,-0.044489,4115633.0,4115633.0,,,1620590452,16:00:52,20210509
