,date,symbol,reportedCurrency,fillingDate,acceptedDate,period,revenue,costOfRevenue,grossProfit,grossProfitRatio,researchAndDevelopmentExpenses,generalAndAdministrativeExpenses,sellingAndMarketingExpenses,otherExpenses,operatingExpenses,costAndExpenses,interestExpense,depreciationAndAmortization,ebitda,ebitdaratio,operatingIncome,operatingIncomeRatio,totalOtherIncomeExpensesNet,incomeBeforeTax,incomeBeforeTaxRatio,incomeTaxExpense,netIncome,netIncomeRatio,eps,epsdiluted,weightedAverageShsOut,weightedAverageShsOutDil,link,finalLink,timestamp,est_time,est_date
0,2017-03-31,CST,USD,2017-05-09 00:00:00,2017-05-08 18:37:05,Q1,2796000000,2463000000,333000000,0.11909871244635194,0.0,50000000,0.0,271000000,321000000,2784000000,18000000.0,64000000,76000000,0.027181688125894134,12000000,0.004291845493562232,2000000.0,-4000000.0,-0.001430615164520744,-1000000.0,3000000.0,0.001072961373390558,0.03957104981995172,0.039232097086362924,75813000.0,76468000,https://www.sec.gov/Archives/edgar/data/1562039/000156203917000013/0001562039-17-000013-index.html,https://www.sec.gov/Archives/edgar/data/1562039/000156203917000013/cstq12017form10q.htm,1620590760,16:06:00,20210509
1,2016-12-31,CST,USD,2017-02-28 00:00:00,2017-02-27 20:30:43,Q4,2850000000,2507000000,343000000,0.12035087719298246,0.0,33000000,0.0,273000000,306000000,2813000000,17000000.0,65000000,102000000,0.035789473684210524,37000000,0.012982456140350877,-2000000.0,18000000.0,0.00631578947368421,6000000.0,18000000.0,0.00631578947368421,0.23801023444008093,0.23641593443398085,75627000.0,76137000,https://www.sec.gov/Archives/edgar/data/1562039/000156203917000006/0001562039-17-000006-index.html,https://www.sec.gov/Archives/edgar/data/1562039/000156203917000006/cstq42016form10k.htm,1620590760,16:06:00,20210509
2,2016-09-30,CST,USD,2016-11-08 00:00:00,2016-11-07 20:35:54,Q3,2897000000,2507000000,390000000,0.13462202278218846,0.0,41000000,0.0,280000000,321000000,2828000000,17000000.0,65000000,485000000,0.16741456679323438,420000000,0.14497756299620296,0.0,403000000.0,0.13910942354159475,147000000.0,260000000.0,0.08974801518812564,3.4390169702260494,3.4186685600831,75603000.0,76053000,https://www.sec.gov/Archives/edgar/data/1562039/000156203916000264/0001562039-16-000264-index.html,https://www.sec.gov/Archives/edgar/data/1562039/000156203916000264/cstq32016form10q.htm,1620590760,16:06:00,20210509
3,2016-06-30,CST,USD,2016-08-05,2016-08-04 19:45:45,Q2,2988000000,2618000000,370000000,0.12382864792503347,0.0,37000000,0.0,280000000,317000000,2935000000,18000000.0,66000000,119000000,0.03982597054886212,53000000,0.017737617135207495,3000000.0,38000000.0,0.012717536813922356,14000000.0,27000000.0,0.009036144578313253,0.3573271925993568,0.3553707042920884,75561000.0,75977000,https://www.sec.gov/Archives/edgar/data/1562039/000156203916000240/0001562039-16-000240-index.htm,https://www.sec.gov/Archives/edgar/data/1562039/000156203916000240/cstq22016form10q.htm,1620590760,16:06:00,20210509
4,2016-03-31,CST,USD,2016-05-06 00:00:00,2016-05-05 20:23:32,Q1,2371000000,2034000000,337000000,0.1421341206242092,0.0,46000000,0.0,265000000,311000000,2345000000,15000000.0,61000000,87000000,0.036693378321383384,26000000,0.010965837199493884,10000000.0,21000000.0,0.008857022353437369,9000000.0,19000000.0,0.008013496415014762,0.2516622956899521,0.2501151846244981,75498000.0,75965000,https://www.sec.gov/Archives/edgar/data/1562039/000156203916000208/0001562039-16-000208-index.html,https://www.sec.gov/Archives/edgar/data/1562039/000156203916000208/cstq12016form10q.htm,1620590760,16:06:00,20210509
5,2015-12-31,CST,USD,2016-02-19 00:00:00,2016-02-18 21:12:53,Q4,2538000000,2200000000,338000000,0.13317572892040977,0.0,45000000,0.0,239000000,284000000,2484000000,14000000.0,53000000,108000000,0.0425531914893617,55000000,0.021670606776989756,0.0,53000000.0,0.020882584712371945,29000000.0,25000000.0,0.009850275807722617,0.3282778543759438,0.32677602771060715,76155000.0,76505000,https://www.sec.gov/Archives/edgar/data/1562039/000156203916000176/0001562039-16-000176-index.html,https://www.sec.gov/Archives/edgar/data/1562039/000156203916000176/cstq42015form10k.htm,1620590760,16:06:00,20210509
6,2015-09-30,CST,USD,2015-11-06 00:00:00,2015-11-06 12:46:38,Q3,3090000000,2665000000,425000000,0.13754045307443366,0.0,41000000,0.0,238000000,279000000,2944000000,15000000.0,51000000,199000000,0.06440129449838188,148000000,0.04789644012944984,0.0,135000000.0,0.043689320388349516,45000000.0,85000000.0,0.02750809061488673,1.1127984918307499,1.1078671602106251,76384000.0,76724000,https://www.sec.gov/Archives/edgar/data/1562039/000156203915000127/0001562039-15-000127-index.html,https://www.sec.gov/Archives/edgar/data/1562039/000156203915000127/cstq32015form10q.htm,1620590760,16:06:00,20210509
7,2015-06-30,CST,USD,2015-08-07 00:00:00,2015-08-06 20:55:44,Q2,3146000000,2830000000,316000000,0.10044500953591863,0.0,39000000,0.0,236000000,275000000,3105000000,14000000.0,51000000,94000000,0.029879211697393517,43000000,0.013668150031786395,0.0,31000000.0,0.009853782581055308,12000000.0,25000000.0,0.007946598855689765,0.3255208333333333,0.3240146713843203,76800000.0,77157000,https://www.sec.gov/Archives/edgar/data/1562039/000156203915000067/0001562039-15-000067-index.html,https://www.sec.gov/Archives/edgar/data/1562039/000156203915000067/cstq22015form10q.htm,1620590760,16:06:00,20210509
8,2015-03-31,CST,USD,2015-05-08 00:00:00,2015-05-07 20:23:29,Q1,2670000000,2366000000,304000000,0.11385767790262172,0.0,50000000,0.0,238000000,288000000,2654000000,15000000.0,54000000,75000000,0.028089887640449437,21000000,0.007865168539325843,0.0,8000000.0,0.00299625468164794,2000000.0,14000000.0,0.0052434456928838954,0.1820640865584686,0.18124854353848943,76896000.0,77242000,https://www.sec.gov/Archives/edgar/data/1562039/000156203915000028/0001562039-15-000028-index.html,https://www.sec.gov/Archives/edgar/data/1562039/000156203915000028/cstq12015form10q.htm,1620590760,16:06:00,20210509
9,2014-12-31,CST,USD,2015-02-27,2015-02-27 17:22:32,Q4,3275000000,2869000000,406000000,0.12396946564885496,0.0,57000000,0.0,239000000,296000000,3165000000,15000000.0,55000000,197000000,0.06015267175572519,142000000,0.0433587786259542,2000000.0,129000000.0,0.03938931297709924,55000000.0,94000000.0,0.028702290076335877,1.2383248363171693,1.235444102725863,75909000.0,76086000,https://www.sec.gov/Archives/edgar/data/1562039/000156203915000010/0001562039-15-000010-index.htm,https://www.sec.gov/Archives/edgar/data/1562039/000156203915000010/cst2014form10-k.htm,1620590760,16:06:00,20210509
10,2014-09-30,CST,USD,2014-11-12 00:00:00,2014-11-12 10:18:41,Q3,3221000000,2881000000,340000000,0.1055572803477181,0.0,33000000,0.0,203000000,236000000,3117000000,10000000.0,31000000,135000000,0.04191244954982925,104000000,0.03228810928283142,2000000.0,96000000.0,0.029804408568767465,33000000.0,63000000.0,0.019559143123253648,0.8353111202450246,0.833664152441445,75421000.0,75570000,https://www.sec.gov/Archives/edgar/data/1562039/000156203914000082/0001562039-14-000082-index.html,https://www.sec.gov/Archives/edgar/data/1562039/000156203914000082/cstq3201410q.htm,1620590760,16:06:00,20210509
11,2014-06-30,CST,USD,2014-08-12 00:00:00,2014-08-11 21:29:56,Q2,3261000000,2981000000,280000000,0.08586323213738117,0.0,25000000,0.0,198000000,223000000,3204000000,10000000.0,30000000,87000000,0.02667893284268629,57000000,0.017479300827966882,1000000.0,48000000.0,0.014719411223551058,16000000.0,32000000.0,0.009812940815700706,0.4243469035936878,0.4236166269526079,75410000.0,75540000,https://www.sec.gov/Archives/edgar/data/1562039/000156203914000062/0001562039-14-000062-index.html,https://www.sec.gov/Archives/edgar/data/1562039/000156203914000062/cstq2201410q.htm,1620590760,16:06:00,20210509
12,2014-03-31,CST,USD,2014-05-13 00:00:00,2014-05-12 19:21:35,Q1,3001000000,2756000000,245000000,0.08163945351549484,0.0,25000000,0.0,195000000,220000000,2976000000,10000000.0,31000000,56000000,0.01866044651782739,25000000,0.008330556481172943,1000000.0,16000000.0,0.005331556147950683,5000000.0,11000000.0,0.0036654448517160947,0.14589439898139184,0.14570694359816674,75397000.0,75494000,https://www.sec.gov/Archives/edgar/data/1562039/000156203914000037/0001562039-14-000037-index.html,https://www.sec.gov/Archives/edgar/data/1562039/000156203914000037/cstq1201410q.htm,1620590760,16:06:00,20210509
13,2013-12-31,CST,USD,2014-03-06,2014-03-05 18:56:46,Q4,3062000000,2780000000,282000000,0.09209666884389288,0.0,22000000,0.0,200000000,222000000,3002000000,10000000.0,28000000,88000000,0.028739386022207707,60000000,0.019595035924232528,1000000.0,51000000.0,0.016655780535597648,17000000.0,34000000.0,0.011103853690398433,1214.2857142857142,0.45077891945641363,28000.0,75425000,https://www.sec.gov/Archives/edgar/data/1562039/000156203914000013/0001562039-14-000013-index.htm,https://www.sec.gov/Archives/edgar/data/1562039/000156203914000013/cst201310k.htm,1620590760,16:06:00,20210509
14,2013-09-30,CST,USD,2013-11-13 00:00:00,2013-11-12 19:21:05,Q3,3316000000,3026000000,290000000,0.08745476477683957,0.0,21000000,0.0,261000000,282000000,3248000000,10000000.0,30000000,98000000,0.029553679131483716,68000000,0.020506634499396863,1000000.0,59000000.0,0.01779252110977081,18000000.0,41000000.0,0.012364294330518697,2157.8947368421054,0.5436512145963721,19000.0,75416000,https://www.sec.gov/Archives/edgar/data/1562039/000156203913000125/0001562039-13-000125-index.html,https://www.sec.gov/Archives/edgar/data/1562039/000156203913000125/q3-2013cstform10xq.htm,1620590760,16:06:00,20210509
15,2013-06-30,CST,USD,2013-08-13 00:00:00,2013-08-12 21:33:31,Q2,3211000000,2919000000,292000000,0.09093740267829337,0.0,20000000,0.0,161000000,181000000,3130000000,7000000.0,30000000,111000000,0.03456867019620056,81000000,0.025225786359389598,1000000.0,75000000.0,0.023357209592027407,32000000.0,43000000.0,0.01339146683276238,8600.0,0.5702766504867245,5000.0,75402000,https://www.sec.gov/Archives/edgar/data/1562039/000156203913000040/0001562039-13-000040-index.html,https://www.sec.gov/Archives/edgar/data/1562039/000156203913000040/q2-2013cstform10xq.htm,1620590760,16:06:00,20210509
16,2013-03-31,CST,USD,2013-05-22 00:00:00,2013-05-21 18:27:57,Q1,3188000000,2955000000,233000000,0.07308657465495609,0.0,15000000,0.0,159000000,174000000,3159000000,0.0,30000000,59000000,0.0185069008782936,29000000,0.009096612296110414,0.0,30000000.0,0.009410288582183186,9000000.0,21000000.0,0.006587202007528231,4200.0,0.27850720140049334,5000.0,75402000,https://www.sec.gov/Archives/edgar/data/1562039/000156203913000030/0001562039-13-000030-index.html,https://www.sec.gov/Archives/edgar/data/1562039/000156203913000030/a03-2013cstform10xq.htm,1620590760,16:06:00,20210509
