,date,symbol,reportedCurrency,fillingDate,acceptedDate,period,revenue,costOfRevenue,grossProfit,grossProfitRatio,researchAndDevelopmentExpenses,generalAndAdministrativeExpenses,sellingAndMarketingExpenses,otherExpenses,operatingExpenses,costAndExpenses,interestExpense,depreciationAndAmortization,ebitda,ebitdaratio,operatingIncome,operatingIncomeRatio,totalOtherIncomeExpensesNet,incomeBeforeTax,incomeBeforeTaxRatio,incomeTaxExpense,netIncome,netIncomeRatio,eps,epsdiluted,weightedAverageShsOut,weightedAverageShsOutDil,link,finalLink,timestamp,est_time,est_date
0,2020-12-31,DEEPAKFERT.NS,INR,2020-12-31,2020-12-31,Q4,14471400000,9496400000,4975000000,0.3437815277029175,0.0,0.0,0.0,90900000.0,3337700000,12834100000,428000000,530800000,2168100000,0.14981964426385838,1637300000,0.11314040106693202,0.0,1300200000,0.08984617936067,410700000.0,875500000,0.06049863869425211,8.74,8.23,100171625,106379101,,,1620591051,16:10:51,20210509
1,2020-09-30,DEEPAKFERT.NS,INR,2020-09-30,2020-09-30,Q3,14041900000,9773300000,4268600000,0.3039902007563079,0.0,0.0,0.0,107700000.0,2874800000,12648100000,416100000,538100000,1931900000,0.13758109657524978,1393800000,0.0992600716427264,0.0,1120500000,0.07979689358277726,315000000.0,793300000,0.056495203640532975,8.89,8.51,89235096,93219741,https://www.nseindia.com/companies-listing/corporate-filings-annual-reports,https://www.nseindia.com/companies-listing/corporate-filings-annual-reports,1620591051,16:10:51,20210509
2,2020-06-30,DEEPAKFERT.NS,INR,2020-06-30,2020-06-30,Q2,13820800000,8803700000,5017100000,0.36301082426487613,0.0,0.0,0.0,35900000.0,2828500000,11632200000,552100000,533500000,2722100000,0.1969567608242649,2188600000,0.1583555221115999,0.0,1672400000,0.12100601991201668,461000000.0,1201400000,0.08692695068302848,13.050565,12.633645,92057320,95095282,https://www.nseindia.com/companies-listing/corporate-filings-annual-reports,https://www.nseindia.com/companies-listing/corporate-filings-annual-reports,1620591051,16:10:51,20210509
3,2020-03-31,DEEPAKFERT.NS,INR,2020-03-31,2020-03-31,Q1,12929500000,9904800000,3024700000,0.233937893963417,0.0,0.0,0.0,-18730000.0,1929100000,11833900000,581100000,458600000,1554200000,0.12020573108008817,1095600000,0.0847364553927066,0.0,226100000,0.01748714180749449,1100000.0,224100000,0.017332456784871806,2.5113437430492596,2.5113437430492596,89235096,89235096,https://www.nseindia.com/companies-listing/corporate-filings-annual-reports,https://www.nseindia.com/companies-listing/corporate-filings-annual-reports,1620591051,16:10:51,20210509
4,2019-12-31,DEEPAKFERT.NS,INR,2019-12-31,2019-12-31,Q4,11194900000,7940700000,3254200000,0.29068593734647025,0.0,0.0,0.0,58530000.0,2709900000,10650600000,605300000,541000000,1085300000,0.09694593073631744,544300000,0.048620353911155975,0.0,350400000,0.03129996694923581,47300000.0,300100000,0.026806849547561837,3.257793,3.257793,92117571,92117571,https://www.nseindia.com/companies-listing/corporate-filings-annual-reports,https://www.nseindia.com/companies-listing/corporate-filings-annual-reports,1620591051,16:10:51,20210509
5,2019-09-30,DEEPAKFERT.NS,INR,2019-09-30,2019-09-30,Q3,11507400000,8421800000,3085600000,0.26814050089507624,0.0,0.0,0.0,307300000.0,2463100000,10884900000,631200000,543200000,1165700000,0.10130003302222917,622500000,0.054095625423640444,0.0,298300000,0.025922449901802317,43300000.0,249400000,0.02167301041069225,2.743915,2.743915,90892023,90892023,https://www.nseindia.com/companies-listing/corporate-filings-annual-reports,https://www.nseindia.com/companies-listing/corporate-filings-annual-reports,1620591051,16:10:51,20210509
6,2019-06-30,DEEPAKFERT.NS,INR,2019-06-30,2019-06-30,Q2,11222000000,7555900000,3666100000,0.3266886472999465,0.0,0.0,0.0,92500000.0,2989200000,10545100000,611700000,518800000,1195700000,0.10654963464623061,676900000,0.06031901621814293,0.0,156000000,0.013901265371591517,49000000.0,99000000,0.008821956870433079,1.085931,1.085931,91166006,91166006,https://www.nseindia.com/companies-listing/corporate-filings-annual-reports,https://www.nseindia.com/companies-listing/corporate-filings-annual-reports,1620591051,16:10:51,20210509
7,2019-03-31,DEEPAKFERT.NS,INR,2019-03-31,2019-03-31,Q1,12937600000,9994000000,2943600000,0.22752287905021024,0.0,0.0,0.0,-97300000.0,2223200000,12217200000,573800000,371300000,1091700000,0.08438195646796932,720400000,0.05568266139005689,0.0,103900000,0.008030855800148404,51400000.0,45300000,0.003501422211229285,0.5076477981264232,0.5076477981264232,89235096,89235096,https://www.nseindia.com/companies-listing/corporate-filings-annual-reports,https://www.nseindia.com/companies-listing/corporate-filings-annual-reports,1620591051,16:10:51,20210509
8,2018-12-31,DEEPAKFERT.NS,INR,2018-12-31,2018-12-31,Q4,14533800000,11422300000,3111500000,0.214087162338824,0.0,0.0,0.0,91500000.0,2469800000,13892100000,571700000,435900000,1077600000,0.07414440820707592,641700000,0.04415225199190852,0.0,152700000,0.010506543367873508,27900000.0,122100000,0.008401106386492177,1.338022,1.338022,91254089,91254089,https://www.nseindia.com/companies-listing/corporate-filings-annual-reports,https://www.nseindia.com/companies-listing/corporate-filings-annual-reports,1620591051,16:10:51,20210509
9,2018-09-30,DEEPAKFERT.NS,INR,2018-09-30,2018-09-30,Q3,17687300000,14025000000,3662300000,0.20705817168250665,0.0,0.0,0.0,137100000.0,2937800000,16962800000,574700000,426100000,1150600000,0.06505232568000768,724500000,0.04096159391201597,0.0,276800000,0.015649646921802648,91700000.0,178000000,0.010063718034974247,1.956642,1.956642,90972196,90972196,https://www.nseindia.com/companies-listing/corporate-filings-annual-reports,https://www.nseindia.com/companies-listing/corporate-filings-annual-reports,1620591051,16:10:51,20210509
10,2018-06-30,DEEPAKFERT.NS,INR,2018-06-30,2018-06-30,Q2,22261900000,18099000000,4162900000,0.18699661753938343,0.0,0.0,0.0,75900000.0,3101000000,21200000000,573100000,419000000,1480900000,0.06652172545919262,1061900000,0.047700331058894346,0.0,564700000,0.02536620863448313,192200000.0,361300000,0.01622952218813309,3.971543,3.971543,90972196,90972196,https://www.nseindia.com/companies-listing/corporate-filings-annual-reports,https://www.nseindia.com/companies-listing/corporate-filings-annual-reports,1620591051,16:10:51,20210509
11,2018-03-31,DEEPAKFERT.NS,INR,2018-03-31,2018-03-31,Q1,19050000000,15404600000,3645400000,0.19135958005249343,0.0,0.0,0.0,113300000.0,2748600000,18153200000,576300000,400800000,1297600000,0.06811548556430447,896800000,0.047076115485564306,0.0,433800000,0.022771653543307086,44000000.0,379000000,0.01989501312335958,4.23707,4.23707,89448597,89448597,https://www.nseindia.com/companies-listing/corporate-filings-annual-reports,https://www.nseindia.com/companies-listing/corporate-filings-annual-reports,1620591051,16:10:51,20210509
12,2017-12-31,DEEPAKFERT.NS,INR,2017-12-31,2017-12-31,Q4,16449200000,12555900000,3893300000,0.23668628261556793,0.0,0.0,0.0,0.0,2769500000,15325400000,352700000,432700000,1556500000,0.09462466259757313,1123800000,0.06831943194805827,0.0,771100000,0.04687765970381538,195200000.0,565100000,0.034354254310240015,6.215016,6.215016,90924943,90924943,https://www.nseindia.com/companies-listing/corporate-filings-annual-reports,https://www.nseindia.com/companies-listing/corporate-filings-annual-reports,1620591051,16:10:51,20210509
13,2017-09-30,DEEPAKFERT.NS,INR,2017-09-30,2017-09-30,Q3,12313300000,8839900000,3473400000,0.2820852249193961,0.0,0.0,0.0,0.0,2399700000,11239600000,429400000,391100000,1464800000,0.11896079848618973,1073700000,0.0871983952311728,0.0,644300000,0.052325534178489924,172100000.0,460700000,0.03741482786905216,5.080606,5.080606,90678157,90678157,https://www.nseindia.com/companies-listing/corporate-filings-annual-reports,https://www.nseindia.com/companies-listing/corporate-filings-annual-reports,1620591051,16:10:51,20210509
14,2017-06-30,DEEPAKFERT.NS,INR,2017-06-30,2017-06-30,Q2,12802900000,8779900000,4023000000,0.3142256832436401,0.0,0.0,0.0,0.0,3170200000,11950100000,373200000,407700000,1260500000,0.09845425645752134,852800000,0.06660990869256184,0.0,479600000,0.03746026290918464,102600000.0,372400000,0.02908715994032602,4.091633,4.091633,91015001,91015001,https://www.nseindia.com/companies-listing/corporate-filings-annual-reports,https://www.nseindia.com/companies-listing/corporate-filings-annual-reports,1620591051,16:10:51,20210509
15,2017-03-31,DEEPAKFERT.NS,INR,2017-03-31,2017-03-31,Q1,11878100000,8654400000,3223700000,0.27139862435911466,0.0,0.0,0.0,73700000.0,2310400000,10964800000,281600000,374800000,1288100000,0.10844326954647629,913300000,0.07688940150360749,0.0,705400000,0.05938660223436408,380800000.0,319600000,0.02690666015608557,3.500189,3.500189,91309366,91309366,https://www.nseindia.com/companies-listing/corporate-filings-annual-reports,https://www.nseindia.com/companies-listing/corporate-filings-annual-reports,1620591051,16:10:51,20210509
16,2016-12-31,DEEPAKFERT.NS,INR,2016-12-31,2016-12-31,Q4,10366900000,7056600000,3310300000,0.3193143562685084,0.0,0.0,0.0,0.0,2185000000,9241600000,314300000,339000000,1464300000,0.14124762465153518,1125300000,0.10854739603931744,0.0,811000000,0.07822975045577753,294700000.0,508500000,0.0490503429183266,5.584788,5.584788,91050898,91050898,https://www.nseindia.com/companies-listing/corporate-filings-annual-reports,https://www.nseindia.com/companies-listing/corporate-filings-annual-reports,1620591051,16:10:51,20210509
17,2016-09-30,DEEPAKFERT.NS,INR,2016-09-30,2016-09-30,Q3,9164200000,6555700000,2608500000,0.28464023046201525,0.0,0.0,0.0,0.0,1986400000,8542100000,268800000,325200000,947300000,0.10336963401060649,622100000,0.0678837214377687,0.0,353300000,0.0385521922262718,75500000.0,267000000,0.029135112721241353,2.937831,2.937831,90883363,90883363,https://www.nseindia.com/companies-listing/corporate-filings-annual-reports,https://www.nseindia.com/companies-listing/corporate-filings-annual-reports,1620591051,16:10:51,20210509
18,2016-06-30,DEEPAKFERT.NS,INR,2016-06-30,2016-06-30,Q2,10625600000,7165200000,3460400000,0.32566631531395873,0.0,0.0,0.0,0.0,2535700000,9700900000,350000000,311200000,1235900000,0.11631343171209155,924700000,0.08702567384430056,0.0,574700000,0.054086357476283695,124100000.0,446400000,0.04201174521909351,4.906082,4.906082,90989112,90989112,https://www.nseindia.com/companies-listing/corporate-filings-annual-reports,https://www.nseindia.com/companies-listing/corporate-filings-annual-reports,1620591051,16:10:51,20210509
