,date,symbol,reportedCurrency,fillingDate,acceptedDate,period,revenue,costOfRevenue,grossProfit,grossProfitRatio,researchAndDevelopmentExpenses,generalAndAdministrativeExpenses,sellingAndMarketingExpenses,otherExpenses,operatingExpenses,costAndExpenses,interestExpense,depreciationAndAmortization,ebitda,ebitdaratio,operatingIncome,operatingIncomeRatio,totalOtherIncomeExpensesNet,incomeBeforeTax,incomeBeforeTaxRatio,incomeTaxExpense,netIncome,netIncomeRatio,eps,epsdiluted,weightedAverageShsOut,weightedAverageShsOutDil,link,finalLink,timestamp,est_time,est_date
0,2019-01-31,SMIN.L,GBP,2019-01-31,2019-01-31,Q1,0.0,0.0,0.0,0.0,0.0,0.0,0.0,0.0,0.0,0.0,0.0,34250000,0.0,0.0,0.0,0.0,0.0,0.0,0.0,0.0,0.0,0.0,0.0,0.0,0.0,0.0,https://find-and-update.company-information.service.gov.uk/search/companies?q=Smiths+Group+PLC,https://find-and-update.company-information.service.gov.uk/search/companies?q=Smiths+Group+PLC,1620598047,18:07:27,20210509
1,2018-01-31,SMIN.L,GBP,2018-01-31,2018-01-31,Q1,0.0,0.0,0.0,0.0,0.0,0.0,0.0,0.0,0.0,0.0,0.0,31500000,0.0,0.0,0.0,0.0,0.0,0.0,0.0,0.0,0.0,0.0,0.0,0.0,0.0,0.0,https://find-and-update.company-information.service.gov.uk/search/companies?q=Smiths+Group+PLC,https://find-and-update.company-information.service.gov.uk/search/companies?q=Smiths+Group+PLC,1620598047,18:07:27,20210509
2,2017-01-31,SMIN.L,GBP,2017-01-31,2017-01-31,Q1,0.0,0.0,0.0,0.0,0.0,0.0,0.0,0.0,0.0,0.0,0.0,29750000,0.0,0.0,0.0,0.0,0.0,0.0,0.0,0.0,0.0,0.0,0.0,0.0,0.0,0.0,https://find-and-update.company-information.service.gov.uk/search/companies?q=Smiths+Group+PLC,https://find-and-update.company-information.service.gov.uk/search/companies?q=Smiths+Group+PLC,1620598047,18:07:27,20210509
3,2016-01-31,SMIN.L,GBP,2016-01-31,2016-01-31,Q1,0.0,0.0,0.0,0.0,0.0,0.0,0.0,0.0,0.0,0.0,0.0,27750000,0.0,0.0,0.0,0.0,0.0,0.0,0.0,0.0,0.0,0.0,0.0,0.0,0.0,0.0,https://find-and-update.company-information.service.gov.uk/search/companies?q=Smiths+Group+PLC,https://find-and-update.company-information.service.gov.uk/search/companies?q=Smiths+Group+PLC,1620598047,18:07:27,20210509
4,2015-01-31,SMIN.L,GBP,2015-01-31,2015-01-31,Q1,0.0,0.0,0.0,0.0,0.0,0.0,0.0,0.0,0.0,0.0,0.0,30000000,0.0,0.0,0.0,0.0,0.0,0.0,0.0,0.0,0.0,0.0,0.0,0.0,0.0,0.0,https://find-and-update.company-information.service.gov.uk/search/companies?q=Smiths+Group+PLC,https://find-and-update.company-information.service.gov.uk/search/companies?q=Smiths+Group+PLC,1620598047,18:07:27,20210509
5,2014-01-31,SMIN.L,GBP,2014-01-31,2014-01-31,Q1,0.0,0.0,0.0,0.0,0.0,0.0,0.0,0.0,0.0,0.0,0.0,29775000,0.0,0.0,0.0,0.0,0.0,0.0,0.0,0.0,0.0,0.0,0.0,0.0,0.0,0.0,https://find-and-update.company-information.service.gov.uk/search/companies?q=Smiths+Group+PLC,https://find-and-update.company-information.service.gov.uk/search/companies?q=Smiths+Group+PLC,1620598047,18:07:27,20210509
6,2013-01-31,SMIN.L,GBP,2013-01-31,2013-01-31,Q1,0.0,0.0,0.0,0.0,0.0,0.0,0.0,0.0,0.0,0.0,0.0,33350000,0.0,0.0,0.0,0.0,0.0,0.0,0.0,0.0,0.0,0.0,0.0,0.0,0.0,0.0,https://find-and-update.company-information.service.gov.uk/search/companies?q=Smiths+Group+PLC,https://find-and-update.company-information.service.gov.uk/search/companies?q=Smiths+Group+PLC,1620598047,18:07:27,20210509
7,2012-01-31,SMIN.L,GBP,2012-01-31,2012-01-31,Q1,0.0,0.0,0.0,0.0,0.0,0.0,0.0,0.0,0.0,0.0,0.0,35525000,0.0,0.0,0.0,0.0,0.0,0.0,0.0,0.0,0.0,0.0,0.0,0.0,0.0,0.0,https://find-and-update.company-information.service.gov.uk/search/companies?q=Smiths+Group+PLC,https://find-and-update.company-information.service.gov.uk/search/companies?q=Smiths+Group+PLC,1620598047,18:07:27,20210509
8,2011-01-31,SMIN.L,GBP,2011-01-31,2011-01-31,Q1,0.0,0.0,0.0,0.0,0.0,0.0,0.0,0.0,0.0,0.0,0.0,33925000,0.0,0.0,0.0,0.0,0.0,0.0,0.0,0.0,0.0,0.0,0.0,0.0,0.0,0.0,https://find-and-update.company-information.service.gov.uk/search/companies?q=Smiths+Group+PLC,https://find-and-update.company-information.service.gov.uk/search/companies?q=Smiths+Group+PLC,1620598047,18:07:27,20210509
9,2010-01-31,SMIN.L,GBP,2010-01-31,2010-01-31,Q1,0.0,0.0,0.0,0.0,0.0,0.0,0.0,0.0,0.0,0.0,0.0,33325000,0.0,0.0,0.0,0.0,0.0,0.0,0.0,0.0,0.0,0.0,0.0,0.0,0.0,0.0,https://find-and-update.company-information.service.gov.uk/search/companies?q=Smiths+Group+PLC,https://find-and-update.company-information.service.gov.uk/search/companies?q=Smiths+Group+PLC,1620598047,18:07:27,20210509
10,2009-01-31,SMIN.L,GBP,2009-01-31,2009-01-31,Q1,0.0,0.0,0.0,0.0,0.0,0.0,0.0,0.0,0.0,0.0,0.0,29350000,0.0,0.0,0.0,0.0,0.0,0.0,0.0,0.0,0.0,0.0,0.0,0.0,0.0,0.0,https://find-and-update.company-information.service.gov.uk/search/companies?q=Smiths+Group+PLC,https://find-and-update.company-information.service.gov.uk/search/companies?q=Smiths+Group+PLC,1620598047,18:07:27,20210509
11,2008-01-31,SMIN.L,GBP,2008-01-31,2008-01-31,Q1,0.0,0.0,0.0,0.0,0.0,0.0,0.0,0.0,0.0,0.0,0.0,21050000,0.0,0.0,0.0,0.0,0.0,0.0,0.0,0.0,0.0,0.0,0.0,0.0,0.0,0.0,https://find-and-update.company-information.service.gov.uk/search/companies?q=Smiths+Group+PLC,https://find-and-update.company-information.service.gov.uk/search/companies?q=Smiths+Group+PLC,1620598047,18:07:27,20210509
