,date,symbol,reportedCurrency,fillingDate,acceptedDate,period,revenue,costOfRevenue,grossProfit,grossProfitRatio,researchAndDevelopmentExpenses,generalAndAdministrativeExpenses,sellingAndMarketingExpenses,otherExpenses,operatingExpenses,costAndExpenses,interestExpense,depreciationAndAmortization,ebitda,ebitdaratio,operatingIncome,operatingIncomeRatio,totalOtherIncomeExpensesNet,incomeBeforeTax,incomeBeforeTaxRatio,incomeTaxExpense,netIncome,netIncomeRatio,eps,epsdiluted,weightedAverageShsOut,weightedAverageShsOutDil,link,finalLink,timestamp,est_time,est_date
0,2021-03-31,MMSI,USD,2021-05-07,2021-05-07,Q1,248913000.0,137019000.0,111894000.0,0.4495305588699666,16274000.0,0.0,0.0,-435000.0,97298000.0,234317000.0,1537000.0,21400000.0,35996000.0,0.14461277635157666,14596000.0,0.05099773816554379,-837000.0,12694000.0,0.05099773816554379,1736000.0,10958000.0,0.04402341380321639,0.2,0.19,55717000.0,56978000.0,https://www.sec.gov/Archives/edgar/data/856982/000085698221000012/0000856982-21-000012-index.htm,https://www.sec.gov/Archives/edgar/data/856982/000085698221000012/mmsi-20210331x10q.htm,1620595164,17:19:24,20210509
1,2020-12-31,MMSI,USD,2021-03-01,2021-03-01 12:51:36,Q4,258004000.0,146841000.0,111163000.0,0.430857661121533,15133000.0,79934000.0,0.0,-1194000.0,95067000.0,241908000.0,1938000.0,26836000.0,42932000.0,0.16640052092215624,16096000.0,0.062386629664656364,-1283000.0,13245000.0,0.051336413388939704,-2133000.0,15378000.0,0.05960372707399885,0.28,0.27,55577000.0,56736000.0,https://www.sec.gov/Archives/edgar/data/856982/000085698221000003/0000856982-21-000003-index.htm,https://www.sec.gov/Archives/edgar/data/856982/000085698221000003/mmsi-20201231x10k.htm,1620595164,17:19:24,20210509
2,2020-09-30,MMSI,USD,2020-11-05,2020-11-05 15:55:30,Q3,243975000.0,141961000.0,102014000.0,0.41813300543088433,13506000.0,72215000.0,0.0,-118000.0,85721000.0,227682000.0,2197000.0,26601000.0,42894000.0,0.1758130956040578,16293000.0,0.06678143252382417,-16347000.0,-2184000.0,-0.00895173685828466,825000.0,-3009000.0,-0.012333230863818014,-0.05,-0.05,55505000.0,55505000.0,https://www.sec.gov/Archives/edgar/data/856982/000085698220000043/0000856982-20-000043-index.htm,https://www.sec.gov/Archives/edgar/data/856982/000085698220000043/mmsi-20200930x10q.htm,1620595164,17:19:24,20210509
3,2020-06-30,MMSI,USD,2020-08-06,2020-08-06 16:51:21,Q2,218371000.0,134155000.0,84216000.0,0.38565560445297226,14026000.0,66767000.0,0.0,-678000.0,80793000.0,214948000.0,2715000.0,26925000.0,30348000.0,0.13897449752943386,3423000.0,0.015675158331463428,-23096000.0,-22300000.0,-0.10211978696804978,-3242000.0,-19058000.0,-0.08727349327520596,-0.34,-0.34,55406000.0,55406000.0,https://www.sec.gov/Archives/edgar/data/856982/000085698220000038/0000856982-20-000038-index.htm,https://www.sec.gov/Archives/edgar/data/856982/000085698220000038/mmsi-20200630x10q.htm,1620595164,17:19:24,20210509
4,2020-03-31,MMSI,USD,2020-05-11,2020-05-11 15:51:09,Q1,243525000.0,139741000.0,103784000.0,0.4261739041166205,14872000.0,78808000.0,0.0,-289000.0,93680000.0,233421000.0,3144000.0,26454000.0,36558000.0,0.15012011087157376,10104000.0,0.041490606713889745,-9031000.0,-1992000.0,-0.008179858330766862,1162000.0,-3154000.0,-0.012951442357047531,-0.06,-0.06,55246000.0,55246000.0,https://www.sec.gov/Archives/edgar/data/856982/000085698220000022/0000856982-20-000022-index.htm,https://www.sec.gov/Archives/edgar/data/856982/000085698220000011/mmsi-20191231x10k.htm,1620595164,17:19:24,20210509
5,2019-12-31,MMSI,USD,2020-03-02,2020-03-02 16:40:34,Q4,257922000.0,146292000.0,111630000.0,0.4328052667085398,16254000.0,82091000.0,0.0,-116000.0,98345000.0,244637000.0,3409000.0,26623000.0,39908000.0,0.15472894906211956,13285000.0,0.051507820193701974,-16811000.0,-7962000.0,-0.030869797845860376,-3757000.0,-4205000.0,-0.016303378540799156,-0.08,-0.08,55210000.0,55210000.0,https://www.sec.gov/Archives/edgar/data/856982/000085698220000011/0000856982-20-000011-index.htm,https://www.sec.gov/Archives/edgar/data/856982/000085698220000011/mmsi-20191231x10k.htm,1620595164,17:19:24,20210509
6,2019-09-30,MMSI,USD,2019-11-08,2019-11-08 16:05:04,Q3,243049000.0,138913000.0,104136000.0,0.42845681323519125,16987000.0,86936000.0,0.0,278000.0,103923000.0,242836000.0,3415000.0,26849000.0,27062000.0,0.11134380310143221,213000.0,0.0008763664939991524,-2816000.0,-5690000.0,-0.02341091714016515,-2292000.0,-3398000.0,-0.013980719937132019,-0.06,-0.06,55152000.0,55152000.0,https://www.sec.gov/Archives/edgar/data/856982/000155837019010598/0001558370-19-010598-index.htm,https://www.sec.gov/Archives/edgar/data/856982/000155837019010598/mmsi-20190930x10qf8f9fe.htm,1620595164,17:19:24,20210509
7,2019-06-30,MMSI,USD,2019-08-09,2019-08-09 13:39:05,Q2,255532000.0,143568000.0,111964000.0,0.4381603869574065,16332000.0,79977000.0,0.0,-429000.0,96309000.0,239877000.0,3115000.0,25572000.0,41227000.0,0.16133791462517413,15655000.0,0.06126434262636382,-3883000.0,8999000.0,0.035216724324155096,2140000.0,6859000.0,0.026842039353192557,0.12467055637348456,0.1212801697462647,55017000.0,56555000.0,https://www.sec.gov/Archives/edgar/data/856982/000085698219000109/0000856982-19-000109-index.htm,https://www.sec.gov/Archives/edgar/data/856982/000085698219000109/mmsi-6302019x10q.htm,1620595164,17:19:24,20210509
8,2019-03-31,MMSI,USD,2019-05-03,2019-05-03 17:15:45,Q1,238349000.0,133713000.0,104636000.0,0.4390033102719122,16043000.0,78270000.0,0.0,-270000.0,94313000.0,228026000.0,2764000.0,25312000.0,35635000.0,0.14950765474157643,10323000.0,0.043310439733332214,-1070000.0,6846000.0,0.02872258746627844,651000.0,6195000.0,0.02599129847408632,0.11280659904947467,0.10966542750929369,54917000.0,56490000.0,https://www.sec.gov/Archives/edgar/data/856982/000085698219000049/0000856982-19-000049-index.htm,https://www.sec.gov/Archives/edgar/data/856982/000085698219000016/mmsi-12312018x10k.htm,1620595164,17:19:24,20210509
9,2018-12-31,MMSI,USD,2019-03-01,2019-03-01 15:13:23,Q4,233249000.0,128583000.0,104666000.0,0.4487307555445039,15369000.0,75629000.0,0.0,492000.0,90998000.0,219581000.0,2296000.0,19110000.0,32778000.0,0.14052793366745409,13668000.0,0.058598321964938756,486000.0,12210000.0,0.052347491307572595,3021000.0,9189000.0,0.0393956672911781,0.17,0.16,54850000.0,56514000.0,https://www.sec.gov/Archives/edgar/data/856982/000085698219000016/0000856982-19-000016-index.htm,https://www.sec.gov/Archives/edgar/data/856982/000085698219000016/mmsi-12312018x10k.htm,1620595164,17:19:24,20210509
10,2018-09-30,MMSI,USD,2018-11-09,2018-11-09 13:02:53,Q3,221659000.0,119620000.0,102039000.0,0.4603422374006921,14525000.0,66382000.0,0.0,294000.0,80907000.0,200527000.0,2329000.0,17657000.0,38789000.0,0.17499402234964517,21132000.0,0.09533562814954502,223000.0,19385000.0,0.08745415254963705,2766000.0,16619000.0,0.07497552546930195,0.31,0.3,53431000.0,55103000.0,https://www.sec.gov/Archives/edgar/data/856982/000085698218000078/0000856982-18-000078-index.htm,https://www.sec.gov/Archives/edgar/data/856982/000085698218000078/mmsi-20180930.htm,1620595164,17:19:24,20210509
11,2018-06-30,MMSI,USD,2018-08-09,2018-08-09 16:19:06,Q2,224810000.0,124801000.0,100009000.0,0.44486010408789645,15316000.0,69095000.0,0.0,-553000.0,84411000.0,209212000.0,3338000.0,17495000.0,33093000.0,0.14720430585828032,15598000.0,0.06938303456251946,-1037000.0,11565000.0,0.0514434411280637,624000.0,10941000.0,0.04866776388950669,0.22,0.21,50473000.0,52154000.0,https://www.sec.gov/Archives/edgar/data/856982/000085698218000066/0000856982-18-000066-index.htm,https://www.sec.gov/Archives/edgar/data/856982/000085698218000066/mmsi-6302018x10q.htm,1620595164,17:19:24,20210509
12,2018-03-31,MMSI,USD,2018-05-10,2018-05-10 13:33:42,Q1,203035000.0,114979000.0,88056000.0,0.4336986233900559,14322000.0,64913000.0,0.0,-170000.0,79235000.0,194214000.0,2398000.0,15284000.0,24105000.0,0.11872337281749452,8821000.0,0.04344571133055877,-210000.0,6359000.0,0.03131972320043342,1090000.0,5269000.0,0.02595119068140961,0.10479941126161067,0.10150260065497978,50277000.0,51910000.0,https://www.sec.gov/Archives/edgar/data/856982/000085698218000022/0000856982-18-000022-index.htm,https://www.sec.gov/Archives/edgar/data/856982/000085698218000007/mmsi-12312017x10k.htm,1620595164,17:19:24,20210509
13,2017-12-31,MMSI,USD,2018-03-01,2018-03-01 16:52:32,Q4,190897000.0,105241000.0,85656000.0,0.44870270355217734,12727000.0,59238000.0,0.0,-496000.0,71965000.0,177206000.0,1801000.0,14194000.0,27885000.0,0.14607353703829815,13691000.0,0.07171930412735664,-725000.0,11280000.0,0.05908945661796676,4474000.0,6806000.0,0.03565273419697533,0.14,0.13,50208000.0,51722000.0,https://www.sec.gov/Archives/edgar/data/856982/000085698218000007/0000856982-18-000007-index.htm,https://www.sec.gov/Archives/edgar/data/856982/000085698218000007/mmsi-12312017x10k.htm,1620595164,17:19:24,20210509
14,2017-09-30,MMSI,USD,2017-11-09,2017-11-09 14:00:09,Q3,179337000.0,98823000.0,80514000.0,0.4489536459291725,12838000.0,54716000.0,0.0,-810000.0,67554000.0,166377000.0,1590000.0,13679000.0,26639000.0,0.14854157257007755,12960000.0,0.07226618043125513,-13669000.0,-2205000.0,-0.012295287642817712,1364000.0,-3569000.0,-0.01990108008944055,-0.07116650049850448,-0.06916800713192116,50150000.0,51599000.0,https://www.sec.gov/Archives/edgar/data/856982/000085698217000042/0000856982-17-000042-index.htm,https://www.sec.gov/Archives/edgar/data/856982/000085698217000042/mmsi-9302017x10q.htm,1620595164,17:19:24,20210509
15,2017-06-30,MMSI,USD,2017-08-07,2017-08-07 12:39:23,Q2,186549000.0,102408000.0,84141000.0,0.4510396732225849,13313000.0,57409000.0,0.0,170000.0,70722000.0,173130000.0,1639000.0,12950000.0,26369000.0,0.14135160199196994,13419000.0,0.07193284338163164,-556000.0,11313000.0,0.06064358425936349,1830000.0,9483000.0,0.05083382918160912,0.1898232479932742,0.18525826365554426,49957000.0,51188000.0,https://www.sec.gov/Archives/edgar/data/856982/000085698217000036/0000856982-17-000036-index.htm,https://www.sec.gov/Archives/edgar/data/856982/000085698217000036/mmsi-6302017x10q.htm,1620595164,17:19:24,20210509
16,2017-03-31,MMSI,USD,2017-05-10,2017-05-10 14:05:37,Q1,171069000.0,95127000.0,75942000.0,0.44392613506830575,12525000.0,57771000.0,0.0,264000.0,70296000.0,165423000.0,2706000.0,12759000.0,18405000.0,0.10758816617855953,5646000.0,0.03300422636480017,12470000.0,15493000.0,0.09056579508853153,690000.0,14803000.0,0.08653233490579824,0.33,0.32,44830000.0,45820000.0,https://www.sec.gov/Archives/edgar/data/856982/000085698217000019/0000856982-17-000019-index.htm,https://www.sec.gov/Archives/edgar/data/856982/000085698217000011/mmsi-12312016x10k.htm,1620595164,17:19:24,20210509
17,2016-12-31,MMSI,USD,2017-03-01,2017-03-01 16:35:05,Q4,157715000.0,87459000.0,70256000.0,0.4454617506261294,11789000.0,45842000.0,0.0,-328000.0,57631000.0,145090000.0,2678000.0,12161000.0,24786000.0,0.1571568969343436,12625000.0,0.08004945629775227,-351000.0,9622000.0,0.061008781663126524,2116000.0,7506000.0,0.04759217576007355,0.16829219075805474,0.16619063434075057,44601000.0,45165000.0,https://www.sec.gov/Archives/edgar/data/856982/000085698217000011/0000856982-17-000011-index.htm,https://www.sec.gov/Archives/edgar/data/856982/000085698217000011/mmsi-12312016x10k.htm,1620595164,17:19:24,20210509
18,2016-09-30,MMSI,USD,2016-11-09,2016-11-09 15:58:21,Q3,156975000.0,89160000.0,67815000.0,0.4320114667940755,11424000.0,53198000.0,0.0,1000.0,64622000.0,153782000.0,3022000.0,11889000.0,15082000.0,0.09607899347029782,3193000.0,0.020340818601688168,-205000.0,-5000.0,-3.1852205765249246e-05,-978000.0,973000.0,0.0061984392419175026,0.021891241253627916,0.021622222222222223,44447000.0,45000000.0,https://www.sec.gov/Archives/edgar/data/856982/000085698216000117/0000856982-16-000117-index.htm,https://www.sec.gov/Archives/edgar/data/856982/000085698216000117/mmsi-09302016x10q.htm,1620595164,17:19:24,20210509
19,2016-06-30,MMSI,USD,2016-08-08,2016-08-08 17:25:29,Q2,151071000.0,84217000.0,66854000.0,0.4425336431214462,11529000.0,43653000.0,0.0,33000.0,55182000.0,139399000.0,1768000.0,10000000.0,21672000.0,0.1434557261155351,11672000.0,0.07726168490312502,-58000.0,9862000.0,0.0652805634436788,2572000.0,7290000.0,0.048255456043846935,0.1645301074298095,0.16307630360378497,44308000.0,44703000.0,https://www.sec.gov/Archives/edgar/data/856982/000085698216000103/0000856982-16-000103-index.htm,https://www.sec.gov/Archives/edgar/data/856982/000085698216000103/mmsi-06302016x10q.htm,1620595164,17:19:24,20210509
20,2016-03-31,MMSI,USD,2016-05-09,2016-05-09 13:28:56,Q1,138077000.0,77977000.0,60100000.0,0.43526438146831115,10588000.0,41704000.0,0.0,-480000.0,52292000.0,130269000.0,1329000.0,9705000.0,17513000.0,0.12683502683285414,7808000.0,0.056548157911889746,-582000.0,5906000.0,0.04277323522382439,1555000.0,4351000.0,0.031511403057714174,0.09827216261998871,0.09760200991498238,44275000.0,44579000.0,https://www.sec.gov/Archives/edgar/data/856982/000085698216000085/0000856982-16-000085-index.htm,https://www.sec.gov/Archives/edgar/data/856982/000085698216000076/mmsi-12312015x10k.htm,1620595164,17:19:24,20210509
21,2015-12-31,MMSI,USD,2016-02-29,2016-02-29 13:50:39,Q4,138404000.0,78097000.0,60307000.0,0.4357316262535765,11421000.0,40941000.0,0.0,-105000.0,52362000.0,130459000.0,1453000.0,9680000.0,17625000.0,0.12734458541660645,7945000.0,0.05740441027715962,0.0,6554000.0,0.04735412271321638,145000.0,6409000.0,0.04630646513106557,0.14494753030577168,0.14356435643564355,44216000.0,44642000.0,https://www.sec.gov/Archives/edgar/data/856982/000085698216000076/0000856982-16-000076-index.htm,https://www.sec.gov/Archives/edgar/data/856982/000085698216000076/mmsi-12312015x10k.htm,1620595164,17:19:24,20210509
22,2015-09-30,MMSI,USD,2015-11-09,2015-11-09 13:21:42,Q3,136086000.0,76881000.0,59205000.0,0.4350557735549579,10515000.0,39201000.0,0.0,-476000.0,49716000.0,126597000.0,1489000.0,9489000.0,18978000.0,0.13945593227811826,9489000.0,0.06972796613905913,-1418000.0,6660000.0,0.048939641109298535,1842000.0,4818000.0,0.03540408271240245,0.10909090909090909,0.10770331291634998,44165000.0,44734000.0,https://www.sec.gov/Archives/edgar/data/856982/000085698215000057/0000856982-15-000057-index.htm,https://www.sec.gov/Archives/edgar/data/856982/000085698215000057/mmsi-09302015x10q.htm,1620595164,17:19:24,20210509
23,2015-06-30,MMSI,USD,2015-08-07,2015-08-07 13:29:41,Q2,138082000.0,77196000.0,60886000.0,0.44094089019568083,9202000.0,39321000.0,0.0,-85000.0,48523000.0,125719000.0,1713000.0,9188000.0,21551000.0,0.15607392708680348,12363000.0,0.08953375530481887,-206000.0,10523000.0,0.07620833997190075,3122000.0,7401000.0,0.05359858634724294,0.1679945522642152,0.16625109508727004,44055000.0,44517000.0,https://www.sec.gov/Archives/edgar/data/856982/000085698215000040/0000856982-15-000040-index.htm,https://www.sec.gov/Archives/edgar/data/856982/000085698215000040/mmsi-06302015x10q.htm,1620595164,17:19:24,20210509
24,2015-03-31,MMSI,USD,2015-05-11,2015-05-08 17:42:29,Q1,129577000.0,74194000.0,55383000.0,0.4274138157234694,9672000.0,36885000.0,0.0,280000.0,46557000.0,120751000.0,1574000.0,9068000.0,17894000.0,0.13809549534253765,8826000.0,0.06811393997391513,158000.0,7463000.0,0.05759509789545984,2289000.0,5174000.0,0.03992992583560354,0.11839004187355559,0.11720466644014045,43703000.0,44145000.0,https://www.sec.gov/Archives/edgar/data/856982/000085698215000027/0000856982-15-000027-index.htm,https://www.sec.gov/Archives/edgar/data/856982/000085698215000005/mmsi-12312014x10k.htm,1620595164,17:19:24,20210509
25,2014-12-31,MMSI,USD,2015-03-05,2015-03-04 18:26:53,Q4,132780000.0,72646000.0,60134000.0,0.45288447055279407,9523000.0,36212000.0,0.0,-34000.0,45735000.0,118381000.0,1862000.0,9210000.0,23609000.0,0.17780539237837023,14399000.0,0.10844253652658532,-216000.0,12351000.0,0.0930185268865793,3680000.0,8671000.0,0.06530350956469348,0.19974200087535418,0.198466468299382,43411000.0,43690000.0,https://www.sec.gov/Archives/edgar/data/856982/000085698215000005/0000856982-15-000005-index.htm,https://www.sec.gov/Archives/edgar/data/856982/000085698215000005/mmsi-12312014x10k.htm,1620595164,17:19:24,20210509
26,2014-09-30,MMSI,USD,2014-11-10,2014-11-10 12:58:37,Q3,128808000.0,71387000.0,57421000.0,0.44578752872492394,8688000.0,36328000.0,0.0,144000.0,45016000.0,116403000.0,2008000.0,9126000.0,21531000.0,0.16715576672256383,12405000.0,0.0963061300540339,-185000.0,10253000.0,0.07959909322402335,2489000.0,7764000.0,0.06027575926961058,0.17960165629554234,0.1789022535600719,43229000.0,43398000.0,https://www.sec.gov/Archives/edgar/data/856982/000085698214000046/0000856982-14-000046-index.htm,https://www.sec.gov/Archives/edgar/data/856982/000085698214000046/mmsi-09302014x10q.htm,1620595164,17:19:24,20210509
27,2014-06-30,MMSI,USD,2014-08-11,2014-08-11 14:05:26,Q2,128865000.0,73241000.0,55624000.0,0.43164552050595584,9641000.0,38599000.0,0.0,-28000.0,48240000.0,121481000.0,2353000.0,8891000.0,16275000.0,0.1262949598416948,7384000.0,0.05730027548209366,-28000.0,5082000.0,0.03943661971830986,1366000.0,3716000.0,0.02883637915648159,0.08629618448247835,0.08580004617871162,43061000.0,43310000.0,https://www.sec.gov/Archives/edgar/data/856982/000085698214000040/0000856982-14-000040-index.htm,https://www.sec.gov/Archives/edgar/data/856982/000085698214000040/mmsi-06302014x10q.htm,1620595164,17:19:24,20210509
28,2014-03-31,MMSI,USD,2014-05-09,2014-05-09 13:32:01,Q1,119236000.0,67193000.0,52043000.0,0.4364705290348552,8780000.0,36774000.0,0.0,-64000.0,45554000.0,112747000.0,2606000.0,8702000.0,15191000.0,0.1274027978127411,6489000.0,0.05442148344459727,-64000.0,3886000.0,0.03259082827334027,1063000.0,2823000.0,0.023675735516119293,0.0658579260468914,0.0652958319840866,42865000.0,43234000.0,https://www.sec.gov/Archives/edgar/data/856982/000085698214000022/0000856982-14-000022-index.htm,https://www.sec.gov/Archives/edgar/data/856982/000085698214000011/mmsi-12312013x10k.htm,1620595164,17:19:24,20210509
29,2013-12-31,MMSI,USD,2014-03-12,2014-03-12 15:52:37,Q4,120016000.0,66657000.0,53359000.0,0.4445990534595387,8822000.0,33640000.0,0.0,-42000.0,42462000.0,109119000.0,2747000.0,8616000.0,19513000.0,0.16258665511265163,10897000.0,0.09079622716971071,-23000.0,8182000.0,0.06817424343420878,1642000.0,6540000.0,0.05449273430209305,0.15298603476104705,0.15153972704312163,42749000.0,43157000.0,https://www.sec.gov/Archives/edgar/data/856982/000085698214000011/0000856982-14-000011-index.htm,https://www.sec.gov/Archives/edgar/data/856982/000085698214000011/mmsi-12312013x10k.htm,1620595164,17:19:24,20210509
30,2013-09-30,MMSI,USD,2013-11-12,2013-11-12 13:16:02,Q3,115210000.0,64180000.0,51030000.0,0.4429303011891329,7308000.0,31350000.0,0.0,-104000.0,38658000.0,102838000.0,1916000.0,8197000.0,20569000.0,0.17853484940543354,12372000.0,0.1073865115875358,-4085000.0,6440000.0,0.05589792552729798,833000.0,5607000.0,0.04866765037757139,0.1316320781294018,0.13078466131740996,42596000.0,42872000.0,https://www.sec.gov/Archives/edgar/data/856982/000085698213000041/0000856982-13-000041-index.htm,https://www.sec.gov/Archives/edgar/data/856982/000085698213000041/mmsi-09302013x10q.htm,1620595164,17:19:24,20210509
31,2013-06-30,MMSI,USD,2013-08-09,2013-08-09 13:59:23,Q2,109875000.0,62890000.0,46985000.0,0.42762229806598406,8648000.0,31557000.0,0.0,-7000.0,40205000.0,103095000.0,1842000.0,8046000.0,14826000.0,0.13493515358361774,6780000.0,0.06170648464163823,-7000.0,5005000.0,0.04555176336746303,1253000.0,3752000.0,0.03414789533560865,0.08815375217330013,0.08793063041949847,42562000.0,42670000.0,https://www.sec.gov/Archives/edgar/data/856982/000085698213000034/0000856982-13-000034-index.htm,https://www.sec.gov/Archives/edgar/data/856982/000085698213000034/mmsi-06302013x10q.htm,1620595164,17:19:24,20210509
32,2013-03-31,MMSI,USD,2013-05-10,2013-05-10 12:19:29,Q1,103948000.0,60955000.0,42993000.0,0.4136010312848732,9108000.0,32128000.0,0.0,-63000.0,41236000.0,102191000.0,1539000.0,7683000.0,9440000.0,0.0908146380882749,1757000.0,0.01690268211028591,-63000.0,212000.0,0.002039481279101089,-459000.0,671000.0,0.0064551506522492015,0.015780809031044216,0.015664760126065134,42520000.0,42835000.0,https://www.sec.gov/Archives/edgar/data/856982/000085698213000025/0000856982-13-000025-index.htm,https://www.sec.gov/Archives/edgar/data/856982/000085698213000009/mmsi-12312012x10k.htm,1620595164,17:19:24,20210509
33,2012-12-31,MMSI,USD,2013-03-01,2013-03-01 13:20:45,Q4,102231000.0,56768000.0,45463000.0,0.4447085522004089,7665000.0,33468000.0,0.0,-2278000.0,41133000.0,97901000.0,252000.0,5810000.0,10140000.0,0.0991871350177539,4330000.0,0.042355058641703594,-2278000.0,1850000.0,0.018096272167933407,1209000.0,641000.0,0.00627011376197044,0.02,0.01,42442000.0,42830000.0,https://www.sec.gov/Archives/edgar/data/856982/000085698213000009/0000856982-13-000009-index.htm,https://www.sec.gov/Archives/edgar/data/856982/000085698213000009/mmsi-12312012x10k.htm,1620595164,17:19:24,20210509
34,2012-09-30,MMSI,USD,2012-11-09,2012-11-09 16:55:18,Q3,95907000.0,50572000.0,45335000.0,0.4726975090452209,7098000.0,28880000.0,0.0,0.0,35978000.0,86550000.0,128000.0,6401000.0,15758000.0,0.16430500380577018,9357000.0,0.09756326441239951,-249000.0,9037000.0,0.09422669878111087,1811000.0,7226000.0,0.07534382266153669,0.17122411260129852,0.16925887754145977,42202000.0,42692000.0,https://www.sec.gov/Archives/edgar/data/856982/000085698212000039/0000856982-12-000039-index.htm,https://www.sec.gov/Archives/edgar/data/856982/000085698212000039/mmsi-09302012x10q.htm,1620595164,17:19:24,20210509
35,2012-06-30,MMSI,USD,2012-08-09,2012-08-09 12:06:24,Q2,100532000.0,53508000.0,47024000.0,0.4677515616917996,6591000.0,30211000.0,0.0,0.0,36802000.0,90310000.0,112000.0,5553000.0,15775000.0,0.15691521107707,10222000.0,0.1016790673616361,-1367000.0,8814000.0,0.08767357657263358,2719000.0,6095000.0,0.06062746190267775,0.14495338660578386,0.1435164472909652,42048000.0,42469000.0,https://www.sec.gov/Archives/edgar/data/856982/000085698212000032/0000856982-12-000032-index.htm,https://www.sec.gov/Archives/edgar/data/856982/000085698212000032/mmsi-06302012x10q.htm,1620595164,17:19:24,20210509
36,2012-03-31,MMSI,USD,2012-05-10,2012-05-10 13:06:18,Q1,95618000.0,51448000.0,44170000.0,0.4619423121169654,6441000.0,29547000.0,0.0,0.0,35988000.0,87436000.0,112000.0,4770000.0,12952000.0,0.1354556673429689,8182000.0,0.08556966261582548,-201000.0,7917000.0,0.08279821790876195,2169000.0,5748000.0,0.06011420443849484,0.13686040143812947,0.1354510321425205,41999000.0,42436000.0,https://www.sec.gov/Archives/edgar/data/856982/000085698212000021/0000856982-12-000021-index.htm,https://www.sec.gov/Archives/edgar/data/856982/000085698212000012/mmsi-12312011x10k.htm,1620595164,17:19:24,20210509
37,2011-12-31,MMSI,USD,2012-02-29,2012-02-29 13:03:59,Q4,91092000.0,48947000.0,42145000.0,0.46266411979098054,6091000.0,28028000.0,0.0,0.0,34119000.0,83066000.0,34000.0,4944000.0,12970000.0,0.1423835243490098,8026000.0,0.08810872524480745,-2293000.0,5776000.0,0.0634084222544241,806000.0,4970000.0,0.054560224827646775,0.11833615086073478,0.11833615086073478,41999000.0,41999000.0,https://www.sec.gov/Archives/edgar/data/856982/000085698212000012/0000856982-12-000012-index.htm,https://www.sec.gov/Archives/edgar/data/856982/000085698212000012/mmsi-12312011x10k.htm,1620595164,17:19:24,20210509
38,2011-09-30,MMSI,USD,2011-11-08,2011-11-08 13:11:11,Q3,90477000.0,49423000.0,41054000.0,0.4537506769676271,5401000.0,25708000.0,0.0,0.0,31109000.0,80532000.0,19000.0,4778000.0,14723000.0,0.16272643876344264,9945000.0,0.10991743758082165,-3279000.0,6683000.0,0.07386407595300463,2120000.0,4563000.0,0.05043270665472993,0.10887876112529528,0.10735965366335702,41909000.0,42502000.0,https://www.sec.gov/Archives/edgar/data/856982/000085698211000007/0000856982-11-000007-index.htm,https://www.sec.gov/Archives/edgar/data/856982/000085698211000007/mmsi-93011x10q.htm,1620595164,17:19:24,20210509
39,2011-06-30,MMSI,USD,2011-08-08,2011-08-08 14:35:31,Q2,91249000.0,48765000.0,42484000.0,0.4655831844732545,5462000.0,26175000.0,0.0,0.0,31637000.0,80402000.0,311000.0,4678000.0,15525000.0,0.1701388508367215,10847000.0,0.11887253558943112,68000.0,10618000.0,0.11636291904568817,3746000.0,6872000.0,0.07531041436070532,0.19,0.18,36804000.0,37677000.0,https://www.sec.gov/Archives/edgar/data/856982/000110465911044773/0001104659-11-044773-index.htm,https://www.sec.gov/Archives/edgar/data/856982/000110465911044773/a11-13938_110q.htm,1620595164,17:19:24,20210509
40,2011-03-31,MMSI,USD,2011-05-09,2011-05-09 15:58:01,Q1,86631000.0,46846000.0,39785000.0,0.45924668998395496,4984000.0,24591000.0,0.0,0.0,29575000.0,76421000.0,425000.0,4794000.0,15004000.0,0.17319435306068268,10210000.0,0.11785619466472741,11000.0,9798000.0,0.11310039131488728,3159000.0,6639000.0,0.07663538456210825,0.18652806068694247,0.18312588352929007,35592500.0,36253750.0,https://www.sec.gov/Archives/edgar/data/856982/000110465911027340/0001104659-11-027340-index.htm,https://www.sec.gov/Archives/edgar/data/856982/000110465911014389/a11-2104_110k.htm,1620595164,17:19:24,20210509
41,2010-12-31,MMSI,USD,2011-03-15,2011-03-15 15:44:53,Q4,81203000.0,44845000.0,36358000.0,0.4477420784946369,4671000.0,26164000.0,0.0,0.0,30835000.0,75680000.0,451000.0,4291000.0,9814000.0,0.12085760378311146,5523000.0,0.06801472851988227,52000.0,5131000.0,0.06318732066549265,921000.0,4210000.0,0.05184537517086807,0.11828334621057807,0.11828334621057807,35592500.0,35592500.0,https://www.sec.gov/Archives/edgar/data/856982/000110465911014389/0001104659-11-014389-index.htm,https://www.sec.gov/Archives/edgar/data/856982/000110465911014389/a11-2104_110k.htm,1620595164,17:19:24,20210509
42,2010-09-30,MMSI,USD,2010-11-08,2010-11-08 15:17:01,Q3,73172000.0,41925000.0,31247000.0,0.4270349313945225,3865000.0,22480000.0,0.0,0.0,26345000.0,68270000.0,95000.0,3892000.0,8794000.0,0.12018258350188597,4902000.0,0.06699283879079429,-8326000.0,-3512000.0,-0.047996501393975835,-1539000.0,-1973000.0,-0.026963865959656698,-0.056,-0.056,35292500.0,35292500.0,https://www.sec.gov/Archives/edgar/data/856982/000110465910056842/0001104659-10-056842-index.htm,https://www.sec.gov/Archives/edgar/data/856982/000110465910056842/a10-17330_110q.htm,1620595164,17:19:24,20210509
43,2010-06-30,MMSI,USD,2010-08-06,2010-08-06 16:06:47,Q2,74948000.0,42490000.0,32458000.0,0.43307359769440146,3742000.0,19939000.0,0.0,0.0,23681000.0,66171000.0,0.0,3383000.0,12160000.0,0.162245823771148,8777000.0,0.11710786145060575,50000.0,8839000.0,0.11793510167049154,3124000.0,5715000.0,0.07625286865560121,0.16216216216216217,0.1591423300497755,35242500.0,35911250.0,https://www.sec.gov/Archives/edgar/data/856982/000110465910042746/0001104659-10-042746-index.htm,https://www.sec.gov/Archives/edgar/data/856982/000110465910042746/a10-12679_110q.htm,1620595164,17:19:24,20210509
44,2010-03-31,MMSI,USD,2010-05-07,2010-05-07 16:25:54,Q1,67432000.0,38997000.0,28435000.0,0.42168406691185195,3057000.0,19032000.0,0.0,0.0,22089000.0,61086000.0,0.0,3290000.0,9636000.0,0.14289951358405506,6346000.0,0.09410962154466722,-24000.0,6330000.0,0.09387234547395895,1822000.0,4508000.0,0.06685253292205481,0.12797274759589794,0.12540510466652757,35226250.0,35947500.0,https://www.sec.gov/Archives/edgar/data/856982/000110465910026901/0001104659-10-026901-index.htm,https://www.sec.gov/Archives/edgar/data/856982/000110465910013524/a09-35848_110k.htm,1620595164,17:19:24,20210509
45,2009-12-31,MMSI,USD,2010-03-10,2010-03-10 16:26:55,Q4,67495000.0,40179000.0,27316000.0,0.4047114601081562,2904000.0,16891000.0,0.0,0.0,19795000.0,59974000.0,0.0,3291000.0,10812000.0,0.16018964367730942,7521000.0,0.11143047633158011,94000.0,7601000.0,0.11261574931476406,2534000.0,5067000.0,0.07507222757241278,0.14384159540115682,0.14384159540115682,35226250.0,35226250.0,https://www.sec.gov/Archives/edgar/data/856982/000110465910013524/0001104659-10-013524-index.htm,https://www.sec.gov/Archives/edgar/data/856982/000110465910013524/a09-35848_110k.htm,1620595164,17:19:24,20210509
46,2009-09-30,MMSI,USD,2009-11-05,2009-11-05 15:37:13,Q3,66759000.0,38224000.0,28535000.0,0.4274330052876766,3292000.0,16780000.0,0.0,0.0,20072000.0,58296000.0,0.0,3270000.0,11733000.0,0.17575158405608232,8463000.0,0.12676942434727903,-43000.0,8434000.0,0.12633502598900523,2349000.0,6085000.0,0.09114875896882817,0.176,0.168,34962500.0,35862500.0,https://www.sec.gov/Archives/edgar/data/856982/000110465909062899/0001104659-09-062899-index.htm,https://www.sec.gov/Archives/edgar/data/856982/000110465909062899/a09-30863_110q.htm,1620595164,17:19:24,20210509
47,2009-06-30,MMSI,USD,2009-08-06,2009-08-06 17:08:25,Q2,64837000.0,36694000.0,28143000.0,0.43405771395962184,2893000.0,16287000.0,0.0,0.0,19180000.0,55874000.0,0.0,3029000.0,11992000.0,0.1849561207335318,8963000.0,0.13823896849021391,-6000.0,8985000.0,0.13857828091984514,3144000.0,5841000.0,0.09008745006709132,0.16733992264718522,0.16437893551904878,34905000.0,35533750.0,https://www.sec.gov/Archives/edgar/data/856982/000110465909047850/0001104659-09-047850-index.htm,https://www.sec.gov/Archives/edgar/data/856982/000110465909047850/a09-18499_110q.htm,1620595164,17:19:24,20210509
48,2009-03-31,MMSI,USD,2009-05-08,2009-05-08 13:28:14,Q1,58371000.0,33563000.0,24808000.0,0.4250055678333419,2079000.0,14829000.0,0.0,0.0,16908000.0,50471000.0,0.0,2681000.0,10581000.0,0.1812715218173408,7900000.0,0.1353411796953967,52000.0,8074000.0,0.13832211200767505,2537000.0,5537000.0,0.09485874835106474,0.16,0.152,35071250.0,35683750.0,https://www.sec.gov/Archives/edgar/data/856982/000110465909030899/0001104659-09-030899-index.htm,https://www.sec.gov/Archives/edgar/data/856982/000110465909014223/a09-1365_110k.htm,1620595164,17:19:24,20210509
49,2008-12-31,MMSI,USD,2009-03-04,2009-03-04 15:44:41,Q4,57996000.0,34503000.0,23493000.0,0.40507966066625284,2404000.0,12887000.0,0.0,0.0,15291000.0,49794000.0,0.0,2642000.0,10844000.0,0.18697841230429685,8202000.0,0.14142354645147942,72000.0,8543000.0,0.1473032622939513,3151000.0,5392000.0,0.09297192909855852,0.15374416366682112,0.15374416366682112,35071250.0,35071250.0,https://www.sec.gov/Archives/edgar/data/856982/000110465909014223/0001104659-09-014223-index.htm,https://www.sec.gov/Archives/edgar/data/856982/000110465909014223/a09-1365_110k.htm,1620595164,17:19:24,20210509
50,2008-09-30,MMSI,USD,2008-11-06,2008-11-06 15:30:14,Q3,58153000.0,34469000.0,23684000.0,0.4072704761577219,2186000.0,14329000.0,0.0,0.0,16515000.0,50984000.0,0.0,2538000.0,9707000.0,0.1669217409248018,7169000.0,0.12327824875758775,46000.0,7398000.0,0.12721613674273038,2198000.0,5200000.0,0.08941929049232197,0.152,0.144,34875000.0,36015000.0,https://www.sec.gov/Archives/edgar/data/856982/000110465908068615/0001104659-08-068615-index.htm,https://www.sec.gov/Archives/edgar/data/856982/000110465908068615/a08-25383_110q.htm,1620595164,17:19:24,20210509
51,2008-06-30,MMSI,USD,2008-08-01,2008-08-01 13:42:07,Q2,57441000.0,32939000.0,24502000.0,0.4265594261938337,2654000.0,12839000.0,0.0,0.0,15493000.0,48432000.0,0.0,2522000.0,11531000.0,0.2007451123761773,9009000.0,0.1568391915182535,-16000.0,9155000.0,0.15938092999773681,3337000.0,5818000.0,0.10128653749064258,0.1686193529688802,0.16432127096204766,34503750.0,35406250.0,https://www.sec.gov/Archives/edgar/data/856982/000110465908049201/0001104659-08-049201-index.htm,https://www.sec.gov/Archives/edgar/data/856982/000110465908049201/a08-18684_110q.htm,1620595164,17:19:24,20210509
52,2008-03-31,MMSI,USD,2008-05-09,2008-05-09 16:41:30,Q1,53553000.0,31961000.0,21592000.0,0.40318936380781656,1916000.0,13072000.0,0.0,0.0,14988000.0,46949000.0,0.0,2538000.0,9142000.0,0.17070939069706645,6604000.0,0.1233170877448509,-5000.0,6749000.0,0.12602468582525722,2432000.0,4317000.0,0.08061173043526973,0.128,0.12,34368750.0,35376250.0,https://www.sec.gov/Archives/edgar/data/856982/000110465908031919/0001104659-08-031919-index.htm,https://www.sec.gov/Archives/edgar/data/856982/000110465908017106/a08-2575_110k.htm,1620595164,17:19:24,20210509
53,2007-12-31,MMSI,USD,2008-03-12,2008-03-12 16:09:52,Q4,54343000.0,32730000.0,21613000.0,0.397714517049114,2127000.0,12553000.0,0.0,0.0,14680000.0,47410000.0,0.0,2524000.0,9457000.0,0.1740242533536978,6933000.0,0.12757852897337282,37000.0,7112000.0,0.13087242147102662,2384000.0,4728000.0,0.08700292585981635,0.13756683033278777,0.13756683033278777,34368750.0,34368750.0,https://www.sec.gov/Archives/edgar/data/856982/000110465908017106/0001104659-08-017106-index.htm,https://www.sec.gov/Archives/edgar/data/856982/000110465908017106/a08-2575_110k.htm,1620595164,17:19:24,20210509
54,2007-09-30,MMSI,USD,2007-11-08,2007-11-08 16:52:37,Q3,50584000.0,30801000.0,19783000.0,0.3910920449153883,1990000.0,11707000.0,0.0,0.0,13697000.0,44498000.0,0.0,2318000.0,8404000.0,0.16613949074806264,6086000.0,0.12031472402340661,4000.0,6186000.0,0.12229163371817175,1891000.0,4295000.0,0.0849082713901629,0.128,0.12,34158750.0,35038750.0,https://www.sec.gov/Archives/edgar/data/856982/000110465907081248/0001104659-07-081248-index.htm,https://www.sec.gov/Archives/edgar/data/856982/000110465907081248/a07-25533_110q.htm,1620595164,17:19:24,20210509
55,2007-06-30,MMSI,USD,2007-08-07,2007-08-07 11:42:39,Q2,51811000.0,32275000.0,19536000.0,0.3770627858948872,2207000.0,11858000.0,0.0,0.0,14065000.0,46340000.0,0.0,2261000.0,7732000.0,0.14923471849607226,5471000.0,0.10559533689757002,-1000.0,5533000.0,0.10679199397811276,1937000.0,3596000.0,0.06940611067147903,0.10375446315865403,0.10101123595505618,34658750.0,35600000.0,https://www.sec.gov/Archives/edgar/data/856982/000110465907059516/0001104659-07-059516-index.htm,https://www.sec.gov/Archives/edgar/data/856982/000110465907059516/a07-18839_110q.htm,1620595164,17:19:24,20210509
56,2007-03-31,MMSI,USD,2007-05-09,2007-05-09 16:34:29,Q1,51030000.0,32172000.0,18858000.0,0.3695473251028807,2364000.0,12015000.0,0.0,0.0,14379000.0,46551000.0,0.0,2206000.0,6685000.0,0.1310013717421125,4479000.0,0.08777189888301,-1000.0,4567000.0,0.08949637468155987,1598000.0,2969000.0,0.05818146188516559,0.088,0.08,34566250.0,35771250.0,https://www.sec.gov/Archives/edgar/data/856982/000110465907037581/0001104659-07-037581-index.htm,https://www.sec.gov/Archives/edgar/data/856982/000110465907019611/a07-5555_110k.htm,1620595164,17:19:24,20210509
57,2006-12-31,MMSI,USD,2007-03-15,2007-03-15 17:08:03,Q4,50816000.0,31853000.0,18963000.0,0.3731698677581864,2361000.0,11909000.0,0.0,0.0,14270000.0,46123000.0,0.0,2157000.0,6850000.0,0.1348000629722922,4693000.0,0.09235280226700252,-19000.0,4733000.0,0.09313995591939547,1680000.0,3053000.0,0.060079502518891686,0.08832314757892452,0.08832314757892452,34566250.0,34566250.0,https://www.sec.gov/Archives/edgar/data/856982/000110465907019611/0001104659-07-019611-index.htm,https://www.sec.gov/Archives/edgar/data/856982/000110465907019611/a07-5555_110k.htm,1620595164,17:19:24,20210509
58,2006-09-30,MMSI,USD,2006-11-08,2006-11-08 12:53:59,Q3,46697000.0,28629000.0,18068000.0,0.38691993061652785,2119000.0,10813000.0,0.0,0.0,12932000.0,41561000.0,0.0,2035000.0,7171000.0,0.1535644688095595,5136000.0,0.10998565218322376,20000.0,5225000.0,0.11189155620275393,1900000.0,3325000.0,0.07120371758357068,0.09721091789998572,0.09403636902529677,34203977.0,35358660.0,https://www.sec.gov/Archives/edgar/data/856982/000110465906072623/0001104659-06-072623-index.htm,https://www.sec.gov/Archives/edgar/data/856982/000110465906072623/a06-21652_110q.htm,1620595164,17:19:24,20210509
59,2006-06-30,MMSI,USD,2006-08-08,2006-08-08 11:33:43,Q2,48121000.0,29125000.0,18996000.0,0.39475488871802333,2023000.0,11301000.0,0.0,0.0,13520000.0,42645000.0,0.0,1990000.0,7466000.0,0.15515055796845453,5476000.0,0.11379647139502504,-263000.0,5473000.0,0.11373412855094449,1951000.0,3522000.0,0.07319049895056212,0.10335671624971828,0.1007482862993973,34076160.0,34958411.0,https://www.sec.gov/Archives/edgar/data/856982/000110465906052325/0001104659-06-052325-index.htm,https://www.sec.gov/Archives/edgar/data/856982/000110465906052325/a06-15309_110q.htm,1620595164,17:19:24,20210509
60,2006-03-31,MMSI,USD,2006-05-10,2006-05-10 13:16:36,Q1,45040000.0,27990000.0,17050000.0,0.37855239786856126,2078000.0,11238000.0,0.0,0.0,13316000.0,41306000.0,0.0,1918000.0,5652000.0,0.12548845470692718,3734000.0,0.08290408525754885,-28000.0,3752000.0,0.08330373001776199,1351000.0,2401000.0,0.05330817051509769,0.07062888951617828,0.06837509867187422,33994588.0,35115123.0,https://www.sec.gov/Archives/edgar/data/856982/000110465906033105/0001104659-06-033105-index.htm,https://www.sec.gov/Archives/edgar/data/856982/000110465906016506/a06-2011_110k.htm,1620595164,17:19:24,20210509
61,2005-12-31,MMSI,USD,2006-03-14,2006-03-14 16:30:56,Q4,42682000.0,26114000.0,16568000.0,0.3881730003280071,1910000.0,9536000.0,0.0,0.0,11446000.0,37560000.0,0.0,1860000.0,6982000.0,0.16358183777704888,5122000.0,0.1200037486528279,-40000.0,5131000.0,0.12021461037439671,1436000.0,3695000.0,0.08657045124408416,0.1086937720792498,0.1086937720792498,33994588.0,33994588.0,https://www.sec.gov/Archives/edgar/data/856982/000110465906016506/0001104659-06-016506-index.htm,https://www.sec.gov/Archives/edgar/data/856982/000110465906016506/a06-2011_110k.htm,1620595164,17:19:24,20210509
62,2005-09-30,MMSI,USD,2005-11-08,2005-11-08 13:13:35,Q3,41224000.0,24422000.0,16802000.0,0.4075781098389288,1788000.0,10010000.0,0.0,0.0,11798000.0,36220000.0,0.0,1401000.0,6405000.0,0.1553706578692024,5004000.0,0.12138560062099747,-13000.0,5090000.0,0.12347176402095866,1763000.0,3327000.0,0.08070541432175432,0.09854516297865269,0.09467838872578739,33761170.0,35140015.0,https://www.sec.gov/Archives/edgar/data/856982/000110465905053392/0001104659-05-053392-index.htm,https://www.sec.gov/Archives/edgar/data/856982/000110465905053392/a05-18096_110q.htm,1620595164,17:19:24,20210509
63,2005-06-30,MMSI,USD,2005-08-05,2005-08-05 16:29:01,Q2,42405000.0,24145000.0,18260000.0,0.43060959792477305,1747000.0,9326000.0,0.0,0.0,11073000.0,35218000.0,0.0,1222000.0,8409000.0,0.19830208701804033,7187000.0,0.16948473057422475,-20000.0,7310000.0,0.17238533191840585,2629000.0,4681000.0,0.11038792595212829,0.144,0.136,33407105.0,34658223.0,https://www.sec.gov/Archives/edgar/data/856982/000110465905036883/0001104659-05-036883-index.htm,https://www.sec.gov/Archives/edgar/data/856982/000110465905036883/a05-12740_110q.htm,1620595164,17:19:24,20210509
64,2005-03-31,MMSI,USD,2005-05-09,2005-05-09 16:30:14,Q1,40274000.0,22813000.0,17461000.0,0.43355514724139643,1547000.0,9707000.0,0.0,0.0,11254000.0,34067000.0,0.0,1159000.0,7366000.0,0.18289715449173163,6207000.0,0.15411928291205243,-21000.0,6368000.0,0.1581168992402046,2294000.0,4074000.0,0.10115707404280677,0.12295743970377217,0.11809530192307503,33133416.0,34497562.0,https://www.sec.gov/Archives/edgar/data/856982/000110465905021698/0001104659-05-021698-index.htm,https://www.sec.gov/Archives/edgar/data/856982/000110465905011178/a05-3416_110k.htm,1620595164,17:19:24,20210509
65,2004-12-31,MMSI,USD,2005-03-15,2005-03-15 17:25:03,Q4,39339000.0,22083000.0,17256000.0,0.43864866925951346,1405000.0,9282000.0,0.0,0.0,10687000.0,32770000.0,0.0,1100000.0,7669000.0,0.1949464907598058,6569000.0,0.16698441749917384,65000.0,6785000.0,0.17247515188489793,2488000.0,4297000.0,0.1092300261826686,0.12968780520547596,0.12968780520547596,33133416.0,33133416.0,https://www.sec.gov/Archives/edgar/data/856982/000110465905011178/0001104659-05-011178-index.htm,https://www.sec.gov/Archives/edgar/data/856982/000110465905011178/a05-3416_110k.htm,1620595164,17:19:24,20210509
66,2004-09-30,MMSI,USD,2004-11-09,2004-11-09 12:35:43,Q3,35476000.0,19683000.0,15793000.0,0.44517420227759613,1210000.0,8457000.0,0.0,0.0,9667000.0,29350000.0,0.0,1144742.0,7270742.0,0.2049481903258541,6126000.0,0.1726801217724659,-40000.0,6229000.0,0.1755834930657346,2040000.0,4189000.0,0.11807982861652948,0.128,0.12,32975073.0,34700273.0,https://www.sec.gov/Archives/edgar/data/856982/000110465904034575/0001104659-04-034575-index.htm,https://www.sec.gov/Archives/edgar/data/856982/000110465904034575/a04-12927_110q.htm,1620595164,17:19:24,20210509
67,2004-06-30,MMSI,USD,2004-08-09,2004-08-09 11:57:00,Q2,38920944.0,20911592.0,18009352.0,0.4627162177772461,1273344.0,8795625.0,0.0,0.0,10068969.0,30980561.0,0.0,1150869.0,9091252.0,0.23358251536756147,7940383.0,0.20401311437872627,6641.0,8080354.0,0.20760940433510555,3008696.0,5071658.0,0.1303066544326366,0.152,0.144,32876255.0,34662067.0,https://www.sec.gov/Archives/edgar/data/856982/000110465904023250/0001104659-04-023250-index.htm,https://www.sec.gov/Archives/edgar/data/856982/000110465904023250/a04-9016_110q.htm,1620595164,17:19:24,20210509
68,2004-03-31,MMSI,USD,2004-03-31,2004-03-31,Q1,37662689.0,21229751.0,16432938.0,0.43631876629945354,1191580.0,8535802.0,0.0,0.0,9727382.0,30957133.0,0.0,1096389.0,7801945.0,0.20715315892606606,6705556.0,0.17804241221331807,206600.0,6912156.0,0.183527947247739,2536380.0,4375776.0,0.11618331341131803,0.136,0.128,32572253.0,34714792.0,,,1620595164,17:19:24,20210509
69,2003-12-31,MMSI,USD,2003-12-31,2003-12-31,Q4,35127741.0,18833500.0,16294241.0,0.46385678486982695,1204606.0,7861237.0,0.0,0.0,9065843.0,27899343.0,0.0,987010.0,8215408.0,0.23387236884945148,7228398.0,0.20577463264717194,-233264.0,7370769.0,0.2098275832767043,2685001.0,4685768.0,0.13339223834518707,0.1438576570064097,0.1438576570064097,32572253.0,32572253.0,,,1620595164,17:19:24,20210509
70,2003-09-30,MMSI,USD,2003-09-30,2003-09-30,Q3,34506889.0,18529448.0,15977441.0,0.4630217751591573,1126960.0,7766160.0,0.0,0.0,8893120.0,27422568.0,0.0,1086625.0,8170946.0,0.23679173164523756,7084321.0,0.205301642811092,124873.0,7209194.0,0.20892042745435557,2557307.0,4651887.0,0.1348103852537967,0.144004,0.138003,31895355.0,34047798.0,,,1620595164,17:19:24,20210509
71,2003-06-30,MMSI,USD,2003-06-30,2003-06-30,Q2,34577305.0,19396384.0,15180921.0,0.4390429213612802,1178491.0,7650977.0,0.0,0.0,8829468.0,28225852.0,0.0,1077459.0,7428912.0,0.21484936434461854,6351453.0,0.18368849162767312,258124.0,6609577.0,0.19115361940440412,2404031.0,4205546.0,0.12162735065673858,0.135007,0.126006,31500756.0,33395565.0,,,1620595164,17:19:24,20210509
72,2003-03-31,MMSI,USD,2003-03-31,2003-03-31,Q1,31741573.0,18470384.0,13271189.0,0.4181011760192225,1116402.0,7189547.0,0.0,0.0,8305949.0,26776333.0,0.0,1077084.0,6042324.0,0.1903599421490548,4965240.0,0.15642703025461277,868601.0,5833841.0,0.18379180515092935,2081644.0,3752197.0,0.11821080826712652,0.121506,0.112506,31289591.0,33190509.0,,,1620595164,17:19:24,20210509
73,2002-12-31,MMSI,USD,2002-12-31,2002-12-31,Q4,29424534.0,16650585.0,12773949.0,0.43412578768452204,1132206.0,7077568.0,0.0,0.0,8209774.0,24860359.0,0.0,1117751.0,5681926.0,0.19310164776101466,4564175.0,0.15511460606309008,59651.0,4626662.0,0.1572382420737742,1470756.0,3155906.0,0.10725423892864369,0.10086120972306734,0.10086120972306734,31289591.0,31289591.0,,,1620595164,17:19:24,20210509
74,2002-09-30,MMSI,USD,2002-09-30,2002-09-30,Q3,29341129.0,16784463.0,12556666.0,0.4279544253392567,967248.0,6965367.0,0.0,0.0,7932615.0,24717078.0,0.0,1109104.0,5733155.0,0.1953965370589523,4624051.0,0.15759621928658574,10764.0,4634815.0,0.15796307633561066,1509412.0,3125403.0,0.1065195207723602,0.103505,0.094505,30451944.0,32920911.0,,,1620595164,17:19:24,20210509
75,2002-06-30,MMSI,USD,2002-08-13,2002-08-13,Q2,28789370.0,16756292.0,12033078.0,0.41796947970726694,944879.0,6984180.0,0.0,0.0,7929059.0,24685351.0,0.0,1082531.0,5186550.0,0.1801550363901676,4104019.0,0.14255327574031665,-26098.0,4077921.0,0.14164676059253814,1376107.0,2701814.0,0.09384762500881402,0.090005,0.081004,30077720.0,32776714.0,https://www.sec.gov/Archives/edgar/data/856982/000093173102000280/0000931731-02-000280-index.htm,https://www.sec.gov/Archives/edgar/data/856982/000093173102000280/mmsi10q-2q.txt,1620595164,17:19:24,20210509
76,2002-03-31,MMSI,USD,2002-03-31,2002-03-31,Q1,28672168.0,17520388.0,11151780.0,0.3889409409152458,963289.0,6705248.0,0.0,0.0,7668537.0,25188925.0,0.0,1071751.0,4554994.0,0.15886465229974936,3483243.0,0.12148516289385582,-60362.0,3422881.0,0.1193799157426812,1095974.0,2326907.0,0.08115560009274499,0.076504,0.072004,29809940.0,32246652.0,,,1620595164,17:19:24,20210509
77,2001-12-31,MMSI,USD,2001-12-31,2001-12-31,Q4,25289290.0,15562670.0,9726620.0,0.3846141983424604,952771.0,5825026.0,0.0,0.0,6777797.0,22340467.0,0.0,1248893.0,4197716.0,0.16598789448023255,2948823.0,0.11660362944155411,885637.0,2896981.0,0.11455367074362309,951217.0,1945764.0,0.07694023833804745,0.06527232191678346,0.06527232191678346,29809940.0,29809940.0,,,1620595164,17:19:24,20210509
78,2001-09-30,MMSI,USD,2001-11-14 00:00:00,2001-11-14 00:00:00,Q3,25694128.0,15968517.0,9725611.0,0.37851492761303285,944205.0,6051068.0,0.0,0.0,6995273.0,22963790.0,0.0,1136316.0,3866654.0,0.15048784687302874,2730338.0,0.10626311194526625,-130814.0,2599524.0,0.10117190978421217,854528.0,1744996.0,0.06791419424702796,0.061203,0.057603,28630160.0,31227571.0,https://www.sec.gov/Archives/edgar/data/856982/000093173101500444/0000931731-01-500444-index.html,https://www.sec.gov/Archives/edgar/data/856982/000093173101500444/meritmedical10q.txt,1620595164,17:19:24,20210509
79,2001-06-30,MMSI,USD,2001-08-14 00:00:00,2001-08-14 00:00:00,Q2,26264015.0,16837858.0,9426157.0,0.35890007677805547,1090791.0,6158130.0,0.0,0.0,7248921.0,24086779.0,0.0,1101828.0,3279064.0,0.12485006576488782,2177236.0,0.08289806413832768,467492.0,2644728.0,0.1006977798329768,785935.0,1858793.0,0.07077337566247963,0.069123,0.066243,27412726.0,28620954.0,https://www.sec.gov/Archives/edgar/data/856982/000093173101500290/0000931731-01-500290-index.html,https://www.sec.gov/Archives/edgar/data/856982/000093173101500290/merit10q.txt,1620595164,17:19:24,20210509
80,2001-03-31,MMSI,USD,2001-04-02 00:00:00,2001-04-02 00:00:00,Q1,26788373.0,16456869.0,10331504.0,0.3856712014574383,1130072.0,6006073.0,0.0,0.0,8248275.0,24705144.0,0.0,1077420.0,3160649.0,0.11798585154835645,2083229.0,0.07776616370094593,-436067.0,1647162.0,0.061487944788584215,460737.0,1186425.0,0.044288803952371426,0.043835330273077934,0.043286528267743866,27065497.0,27408643.0,https://www.sec.gov/Archives/edgar/data/856982/000093173101500036/0000931731-01-500036-index.html,https://www.sec.gov/Archives/edgar/data/856982/000093173101500036/meritmedical10k.txt,1620595164,17:19:24,20210509
81,2000-12-31,MMSI,USD,2001-04-02 00:00:00,2001-04-02 00:00:00,Q4,22484015.0,13936431.0,8547584.0,0.38016270670518587,860234.0,5534329.0,0.0,0.0,7527231.0,21463662.0,0.0,1132668.0,2153021.0,0.09575785285679626,1020353.0,0.045381263088465296,1634126.0,374070.0,0.016637153106329097,-172645.0,546715.0,0.02431571941221352,0.020199702964996357,0.020199702964996357,27065497.0,27065497.0,https://www.sec.gov/Archives/edgar/data/856982/000093173101500036/0000931731-01-500036-index.html,https://www.sec.gov/Archives/edgar/data/856982/000093173101500036/meritmedical10k.txt,1620595164,17:19:24,20210509
82,2000-09-30,MMSI,USD,2000-11-14 00:00:00,2000-11-14 00:00:00,Q3,23330203.0,14290509.0,9039694.0,0.3874674386673789,995553.0,5738691.0,0.0,0.0,7815090.0,22105599.0,0.0,1080846.0,2305450.0,0.09881825717504472,1224604.0,0.05249007048931379,-661181.0,563423.0,0.024149939886935402,169026.0,394397.0,0.01690499649745868,0.014624091794906232,0.014417980733278341,26968991.0,27354524.0,https://www.sec.gov/Archives/edgar/data/856982/000093173100000499/0000931731-00-000499-index.html,https://www.sec.gov/Archives/edgar/data/856982/000093173100000499/0000931731-00-000499-0001.txt,1620595164,17:19:24,20210509
83,2000-06-30,MMSI,USD,2000-08-14 00:00:00,2000-08-14 00:00:00,Q2,23552859.0,14878840.0,8674019.0,0.36827881489886216,1002448.0,5966093.0,0.0,0.0,8026321.0,22905161.0,0.0,1057780.0,1705478.0,0.07241065723698342,647698.0,0.02749976128163464,-583517.0,64181.0,0.0027249770399423697,19254.0,44927.0,0.0019074966652668367,0.00288,0.001662,26901349.0,27030457.0,https://www.sec.gov/Archives/edgar/data/856982/000093173100000392/0000931731-00-000392-index.html,https://www.sec.gov/Archives/edgar/data/856982/000093173100000392/0000931731-00-000392-0001.txt,1620595164,17:19:24,20210509
84,2000-03-31,MMSI,USD,2000-05-15 00:00:00,2000-05-15 00:00:00,Q1,22080435.0,13397997.0,8682438.0,0.39321861186158696,1005936.0,6338539.0,0.0,0.0,8392863.0,21790860.0,0.0,1048388.0,1337963.0,0.06059495657581021,289575.0,0.013114551411690939,-517404.0,-227829.0,-0.010318139112748459,-68347.0,-159482.0,-0.007222774370160733,-0.00576,-0.005819,26467141.0,27407122.0,https://www.sec.gov/Archives/edgar/data/856982/000093173100000242/0000931731-00-000242-index.html,https://www.sec.gov/Archives/edgar/data/856982/0000931731-00-000242.txt,1620595164,17:19:24,20210509
85,1999-12-31,MMSI,USD,1999-12-31,1999-12-31,Q4,21400000.0,12000000.0,9400000.0,0.4392523364485981,900000.0,5500000.0,0.0,0.0,7500000.0,19500000.0,0.0,1100000.0,3000000.0,0.14018691588785046,1900000.0,0.08878504672897196,0.0,1300000.0,0.06074766355140187,300000.0,1000000.0,0.04672897196261682,0.03778269817658054,0.03778269817658054,26467141.0,26467141.0,,,1620595164,17:19:24,20210509
86,1999-09-30,MMSI,USD,1999-09-30,1999-09-30,Q3,19900000.0,11300000.0,8600000.0,0.4321608040201005,1000000.0,5100000.0,0.0,0.0,7000000.0,18300000.0,0.0,900000.0,2500000.0,0.12562814070351758,1600000.0,0.08040201005025126,-300000.0,1400000.0,0.07035175879396985,500000.0,900000.0,0.04522613065326633,0.03456,0.03456,26041667.0,26041667.0,,,1620595164,17:19:24,20210509
87,1999-06-30,MMSI,USD,1999-06-30,1999-06-30,Q2,19000000.0,10800000.0,8200000.0,0.43157894736842106,900000.0,5000000.0,0.0,0.0,6700000.0,17500000.0,0.0,800000.0,2300000.0,0.12105263157894737,1500000.0,0.07894736842105263,-200000.0,1200000.0,0.06315789473684211,400000.0,800000.0,0.042105263157894736,0.0288,0.0288,27777778.0,27777778.0,,,1620595164,17:19:24,20210509
88,1999-03-31,MMSI,USD,1999-03-31,1999-03-31,Q1,17700000.0,10200000.0,7500000.0,0.423728813559322,800000.0,4800000.0,0.0,0.0,6400000.0,16600000.0,0.0,800000.0,1900000.0,0.10734463276836158,1100000.0,0.062146892655367235,-200000.0,900000.0,0.05084745762711865,300000.0,600000.0,0.03389830508474576,0.02304,0.02304,26041667.0,26041667.0,,,1620595164,17:19:24,20210509
89,1998-12-31,MMSI,USD,1998-12-31,1998-12-31,Q4,17300000.0,10000000.0,7300000.0,0.42196531791907516,700000.0,4600000.0,0.0,0.0,6000000.0,16000000.0,0.0,700000.0,2000000.0,0.11560693641618497,1300000.0,0.07514450867052024,500000.0,900000.0,0.05202312138728324,100000.0,800000.0,0.046242774566473986,0.030719999606784006,0.030719999606784006,26041667.0,26041667.0,,,1620595164,17:19:24,20210509
90,1998-09-30,MMSI,USD,1998-11-13 00:00:00,1998-11-13 00:00:00,Q3,16700000.0,9600000.0,7100000.0,0.4251497005988024,700000.0,4200000.0,0.0,0.0,5600000.0,15200000.0,0.0,700000.0,2200000.0,0.1317365269461078,1500000.0,0.08982035928143713,-200000.0,1200000.0,0.0718562874251497,500000.0,700000.0,0.041916167664670656,0.0288,0.0288,24305556.0,24305556.0,https://www.sec.gov/Archives/edgar/data/856982/000093173198000349/0000931731-98-000349-index.html,https://www.sec.gov/Archives/edgar/data/856982/0000931731-98-000349.txt,1620595164,17:19:24,20210509
91,1998-06-30,MMSI,USD,1998-06-30,1998-06-30,Q2,18000000.0,10500000.0,7500000.0,0.4166666666666667,900000.0,4600000.0,0.0,0.0,6200000.0,16700000.0,0.0,700000.0,2000000.0,0.1111111111111111,1300000.0,0.07222222222222222,-200000.0,1100000.0,0.06111111111111111,500000.0,600000.0,0.03333333333333333,0.02304,0.02304,26041667.0,26041667.0,,,1620595164,17:19:24,20210509
92,1998-03-31,MMSI,USD,1998-03-31,1998-03-31,Q1,16500000.0,9600000.0,6900000.0,0.41818181818181815,900000.0,4200000.0,0.0,0.0,5800000.0,15400000.0,0.0,700000.0,1800000.0,0.10909090909090909,1100000.0,0.06666666666666667,-200000.0,900000.0,0.05454545454545454,500000.0,400000.0,0.024242424242424242,0.01728,0.01728,23148148.0,23148148.0,,,1620595164,17:19:24,20210509
93,1997-12-31,MMSI,USD,1997-12-31,1997-12-31,Q4,16000000.0,9200000.0,6800000.0,0.425,1100000.0,4000000.0,0.0,0.0,6000000.0,15200000.0,0.0,900000.0,1700000.0,0.10625,800000.0,0.05,0.0,400000.0,0.025,200000.0,200000.0,0.0125,0.008640000055296,0.008640000055296,23148148.0,23148148.0,,,1620595164,17:19:24,20210509
94,1997-09-30,MMSI,USD,1997-09-30,1997-09-30,Q3,15500000.0,9200000.0,6300000.0,0.4064516129032258,1200000.0,3900000.0,0.0,0.0,5700000.0,14900000.0,0.0,600000.0,1200000.0,0.07741935483870968,600000.0,0.03870967741935484,-200000.0,300000.0,0.01935483870967742,200000.0,100000.0,0.0064516129032258064,0.00576,0.00576,24801587.0,24801587.0,,,1620595164,17:19:24,20210509
95,1997-06-30,MMSI,USD,1997-06-30,1997-06-30,Q2,15300000.0,8700000.0,6600000.0,0.43137254901960786,1200000.0,3900000.0,0.0,0.0,5800000.0,14500000.0,0.0,700000.0,1500000.0,0.09803921568627451,800000.0,0.05228758169934641,-200000.0,600000.0,0.0392156862745098,300000.0,300000.0,0.0196078431372549,0.01152,0.01152,26041667.0,26041667.0,,,1620595164,17:19:24,20210509
96,1997-03-31,MMSI,USD,1997-03-31,1997-03-31,Q1,13800000.0,8000000.0,5800000.0,0.42028985507246375,900000.0,3800000.0,0.0,0.0,5200000.0,13200000.0,0.0,500000.0,1100000.0,0.07971014492753623,600000.0,0.043478260869565216,-200000.0,400000.0,0.028985507246376812,200000.0,200000.0,0.014492753623188406,0.00864,0.00864,23148148.0,23148148.0,,,1620595164,17:19:24,20210509
97,1996-12-31,MMSI,USD,1996-12-31,1996-12-31,Q4,13000000.0,6900000.0,6100000.0,0.46923076923076923,800000.0,3800000.0,0.0,0.0,5200000.0,12100000.0,0.0,600000.0,1500000.0,0.11538461538461539,900000.0,0.06923076923076923,0.0,600000.0,0.046153846153846156,100000.0,500000.0,0.038461538461538464,0.02160000013824,0.02160000013824,23148148.0,23148148.0,,,1620595164,17:19:24,20210509
98,1996-09-30,MMSI,USD,1996-11-12 00:00:00,1996-11-12 00:00:00,Q3,12700000.0,6800000.0,5900000.0,0.4645669291338583,500000.0,3400000.0,0.0,0.0,4500000.0,11300000.0,0.0,600000.0,2000000.0,0.15748031496062992,1400000.0,0.11023622047244094,-100000.0,1200000.0,0.09448818897637795,500000.0,700000.0,0.05511811023622047,0.0288,0.0288,24305556.0,24305556.0,https://www.sec.gov/Archives/edgar/data/856982/000093173196000303/0000931731-96-000303-index.html,https://www.sec.gov/Archives/edgar/data/856982/0000931731-96-000303.txt,1620595164,17:19:24,20210509
99,1996-06-30,MMSI,USD,1996-08-14 00:00:00,1996-08-14 00:00:00,Q2,12700000.0,6800000.0,5900000.0,0.4645669291338583,600000.0,3600000.0,0.0,0.0,4800000.0,11600000.0,0.0,600000.0,1700000.0,0.13385826771653545,1100000.0,0.08661417322834646,-200000.0,800000.0,0.06299212598425197,300000.0,500000.0,0.03937007874015748,0.02016,0.02016,24801587.0,24801587.0,https://www.sec.gov/Archives/edgar/data/856982/000093173196000219/0000931731-96-000219-index.html,https://www.sec.gov/Archives/edgar/data/856982/0000931731-96-000219.txt,1620595164,17:19:24,20210509
100,1996-03-31,MMSI,USD,1996-03-31,1996-03-31,Q1,12100000.0,6400000.0,5700000.0,0.47107438016528924,600000.0,0.0,0.0,0.0,4600000.0,11000000.0,0.0,600000.0,1700000.0,0.14049586776859505,1100000.0,0.09090909090909091,-200000.0,800000.0,0.06611570247933884,300000.0,500000.0,0.04132231404958678,0.02304,0.02304,21701389.0,21701389.0,,,1620595164,17:19:24,20210509
101,1995-12-31,MMSI,USD,1995-12-31,1995-12-31,Q4,10900000.0,6200000.0,4700000.0,0.43119266055045874,600000.0,0.0,0.0,0.0,3800000.0,10000000.0,0.0,100000.0,1000000.0,0.09174311926605505,900000.0,0.08256880733944955,0.0,600000.0,0.05504587155963303,200000.0,400000.0,0.03669724770642202,0.0,0.0,0.0,0.0,,,1620595164,17:19:24,20210509
102,1995-09-30,MMSI,USD,1995-09-30,1995-09-30,Q3,11300000.0,5900000.0,5400000.0,0.4778761061946903,600000.0,0.0,0.0,0.0,4400000.0,10300000.0,0.0,600000.0,1600000.0,0.1415929203539823,1000000.0,0.08849557522123894,-200000.0,800000.0,0.07079646017699115,300000.0,500000.0,0.04424778761061947,0.02016,0.02016,24801587.0,24801587.0,,,1620595164,17:19:24,20210509
103,1995-06-30,MMSI,USD,1995-06-30,1995-06-30,Q2,10700000.0,5800000.0,4900000.0,0.45794392523364486,500000.0,0.0,0.0,0.0,4400000.0,10200000.0,0.0,500000.0,1000000.0,0.09345794392523364,500000.0,0.04672897196261682,-100000.0,300000.0,0.028037383177570093,100000.0,200000.0,0.018691588785046728,0.01152,0.01152,17361111.0,17361111.0,,,1620595164,17:19:24,20210509
104,1995-03-31,MMSI,USD,1995-03-31,1995-03-31,Q1,9700000.0,5400000.0,4300000.0,0.44329896907216493,500000.0,0.0,0.0,0.0,4000000.0,9400000.0,0.0,500000.0,800000.0,0.08247422680412371,300000.0,0.030927835051546393,0.0,300000.0,0.030927835051546393,200000.0,100000.0,0.010309278350515464,0.00288,0.00288,23288195.0,23288195.0,,,1620595164,17:19:24,20210509
105,1994-12-31,MMSI,USD,1994-12-31,1994-12-31,Q4,8900000.0,5000000.0,3900000.0,0.43820224719101125,600000.0,0.0,0.0,0.0,4100000.0,9100000.0,0.0,500000.0,300000.0,0.033707865168539325,-200000.0,-0.02247191011235955,0.0,-200000.0,-0.02247191011235955,0.0,-200000.0,-0.02247191011235955,-0.007679999901696002,-0.007679999901696002,26041667.0,26041667.0,,,1620595164,17:19:24,20210509
106,1994-09-30,MMSI,USD,1994-09-30,1994-09-30,Q3,8100000.0,4300000.0,3800000.0,0.4691358024691358,600000.0,0.0,0.0,0.0,3400000.0,7700000.0,0.0,400000.0,800000.0,0.09876543209876543,400000.0,0.04938271604938271,0.0,500000.0,0.06172839506172839,200000.0,300000.0,0.037037037037037035,0.01152,0.01152,26041667.0,26041667.0,,,1620595164,17:19:24,20210509
107,1994-06-30,MMSI,USD,1994-06-30,1994-06-30,Q2,8300000.0,4100000.0,4200000.0,0.5060240963855421,500000.0,0.0,0.0,0.0,3400000.0,7500000.0,0.0,400000.0,1200000.0,0.14457831325301204,800000.0,0.0963855421686747,0.0,900000.0,0.10843373493975904,300000.0,600000.0,0.07228915662650602,0.02592,0.02592,23148148.0,23148148.0,,,1620595164,17:19:24,20210509
108,1994-03-31,MMSI,USD,1994-03-31,1994-03-31,Q1,8000000.0,4100000.0,3900000.0,0.4875,400000.0,0.0,0.0,0.0,2900000.0,7000000.0,0.0,300000.0,1300000.0,0.1625,1000000.0,0.125,0.0,900000.0,0.1125,300000.0,600000.0,0.075,0.0288,0.0288,20833333.0,20833333.0,,,1620595164,17:19:24,20210509
109,1993-12-31,MMSI,USD,1993-12-31,1993-12-31,Q4,7100000.0,3500000.0,3600000.0,0.5070422535211268,0.0,0.0,0.0,0.0,2800000.0,6300000.0,0.0,400000.0,1200000.0,0.16901408450704225,800000.0,0.11267605633802817,0.0,800000.0,0.11267605633802817,300000.0,500000.0,0.07042253521126761,0.02160000013824,0.02160000013824,23148148.0,23148148.0,,,1620595164,17:19:24,20210509
110,1993-09-30,MMSI,USD,1993-09-30,1993-09-30,Q3,6400000.0,3300000.0,3100000.0,0.484375,0.0,0.0,0.0,0.0,2600000.0,5900000.0,0.0,300000.0,800000.0,0.125,500000.0,0.078125,0.0,500000.0,0.078125,100000.0,400000.0,0.0625,0.01728,0.01728,23148148.0,23148148.0,,,1620595164,17:19:24,20210509
111,1993-06-30,MMSI,USD,1993-06-30,1993-06-30,Q2,6000000.0,2900000.0,3100000.0,0.5166666666666667,0.0,0.0,0.0,0.0,2600000.0,5500000.0,0.0,400000.0,900000.0,0.15,500000.0,0.08333333333333333,0.0,600000.0,0.1,200000.0,400000.0,0.06666666666666667,0.01728,0.01728,23148148.0,23148148.0,,,1620595164,17:19:24,20210509
112,1993-03-31,MMSI,USD,1993-03-31,1993-03-31,Q1,5900000.0,2600000.0,3300000.0,0.559322033898305,0.0,0.0,0.0,0.0,2500000.0,5100000.0,0.0,300000.0,1100000.0,0.1864406779661017,800000.0,0.13559322033898305,0.0,800000.0,0.13559322033898305,300000.0,500000.0,0.0847457627118644,0.02304,0.02304,21701389.0,21701389.0,,,1620595164,17:19:24,20210509
113,1992-12-31,MMSI,USD,1992-12-31,1992-12-31,Q4,5300000.0,2400000.0,2900000.0,0.5471698113207547,0.0,0.0,0.0,0.0,2400000.0,4800000.0,0.0,300000.0,800000.0,0.1509433962264151,500000.0,0.09433962264150944,0.0,600000.0,0.11320754716981132,100000.0,500000.0,0.09433962264150944,0.019199999754240003,0.019199999754240003,26041667.0,26041667.0,,,1620595164,17:19:24,20210509
114,1992-09-30,MMSI,USD,1992-09-30,1992-09-30,Q3,4600000.0,2000000.0,2600000.0,0.5652173913043478,0.0,0.0,0.0,0.0,2200000.0,4200000.0,0.0,300000.0,700000.0,0.15217391304347827,400000.0,0.08695652173913043,0.0,400000.0,0.08695652173913043,100000.0,300000.0,0.06521739130434782,0.01152,0.01152,26041667.0,26041667.0,,,1620595164,17:19:24,20210509
115,1992-06-30,MMSI,USD,1992-06-30,1992-06-30,Q2,4500000.0,1700000.0,2800000.0,0.6222222222222222,0.0,0.0,0.0,0.0,2200000.0,3900000.0,0.0,300000.0,900000.0,0.2,600000.0,0.13333333333333333,0.0,600000.0,0.13333333333333333,200000.0,400000.0,0.08888888888888889,0.02016,0.02016,19841270.0,19841270.0,,,1620595164,17:19:24,20210509
116,1992-03-31,MMSI,USD,1992-03-31,1992-03-31,Q1,4000000.0,1600000.0,2400000.0,0.6,0.0,0.0,0.0,0.0,2300000.0,3900000.0,0.0,200000.0,300000.0,0.075,100000.0,0.025,0.0,0.0,0.0,0.0,100000.0,0.025,0.00288,0.00288,18246528.0,18246528.0,,,1620595164,17:19:24,20210509
117,1991-12-31,MMSI,USD,1991-12-31,1991-12-31,Q4,3500000.0,1200000.0,2300000.0,0.6571428571428571,0.0,0.0,0.0,0.0,1800000.0,3000000.0,0.0,300000.0,800000.0,0.22857142857142856,500000.0,0.14285714285714285,0.0,600000.0,0.17142857142857143,300000.0,300000.0,0.08571428571428572,0.017280000110592,0.017280000110592,17361111.0,17361111.0,,,1620595164,17:19:24,20210509
118,1991-09-30,MMSI,USD,1991-09-30,1991-09-30,Q3,2700000.0,1100000.0,1600000.0,0.5925925925925926,0.0,0.0,0.0,0.0,1200000.0,2300000.0,0.0,0.0,400000.0,0.14814814814814814,400000.0,0.14814814814814814,0.0,400000.0,0.14814814814814814,100000.0,300000.0,0.1111111111111111,0.01728,0.01728,17361111.0,17361111.0,,,1620595164,17:19:24,20210509
119,1991-06-30,MMSI,USD,1991-06-30,1991-06-30,Q2,2300000.0,0.0,0.0,0.0,0.0,0.0,0.0,0.0,0.0,0.0,0.0,0.0,2300000.0,1.0,2300000.0,1.0,0.0,0.0,0.0,0.0,0.0,0.0,0.02016,0.02016,15045140.0,15045140.0,,,1620595164,17:19:24,20210509
120,1991-03-31,MMSI,USD,1991-03-31,1991-03-31,Q1,2000000.0,0.0,0.0,0.0,0.0,0.0,0.0,0.0,0.0,0.0,0.0,0.0,2000000.0,1.0,2000000.0,1.0,0.0,0.0,0.0,0.0,0.0,0.0,0.01728,0.01728,15079861.0,15079861.0,,,1620595164,17:19:24,20210509
121,1990-12-31,MMSI,USD,1990-12-31,1990-12-31,Q4,1700000.0,0.0,0.0,0.0,0.0,0.0,0.0,0.0,0.0,0.0,0.0,0.0,-2600000.0,-1.5294117647058822,-2600000.0,-1.5294117647058822,0.0,0.0,0.0,0.0,0.0,0.0,0.0,0.0,15034721.0,15034721.0,,,1620595164,17:19:24,20210509
122,1990-09-30,MMSI,USD,1990-09-30,1990-09-30,Q3,1200000.0,0.0,0.0,0.0,0.0,0.0,0.0,0.0,0.0,0.0,0.0,0.0,1200000.0,1.0,1200000.0,1.0,0.0,0.0,0.0,0.0,0.0,0.0,0.00288,0.00288,15034721.0,15034721.0,,,1620595164,17:19:24,20210509
123,1990-06-30,MMSI,USD,1990-06-30,1990-06-30,Q2,900000.0,0.0,0.0,0.0,0.0,0.0,0.0,0.0,0.0,0.0,0.0,0.0,900000.0,1.0,900000.0,1.0,0.0,0.0,0.0,0.0,0.0,0.0,0.0,0.0,15034721.0,15034721.0,,,1620595164,17:19:24,20210509
124,1990-03-31,MMSI,USD,1990-03-31,1990-03-31,Q1,600000.0,0.0,0.0,0.0,0.0,0.0,0.0,0.0,0.0,0.0,0.0,0.0,600000.0,1.0,600000.0,1.0,0.0,0.0,0.0,0.0,0.0,0.0,-0.00576,-0.00576,15451388.0,15451388.0,,,1620595164,17:19:24,20210509
125,1989-12-31,MMSI,USD,1989-12-31,1989-12-31,Q4,300000.0,0.0,0.0,0.0,0.0,0.0,0.0,0.0,0.0,0.0,0.0,0.0,-1500000.0,-5.0,-1500000.0,-5.0,0.0,0.0,0.0,0.0,0.0,0.0,0.0,0.0,11909721.0,11909721.0,,,1620595164,17:19:24,20210509
126,1989-09-30,MMSI,USD,1989-09-30,1989-09-30,Q3,400000.0,0.0,0.0,0.0,0.0,0.0,0.0,0.0,0.0,0.0,0.0,0.0,400000.0,1.0,400000.0,1.0,0.0,0.0,0.0,0.0,0.0,0.0,-0.00864,-0.00864,11909721.0,11909721.0,,,1620595164,17:19:24,20210509
127,1989-06-30,MMSI,USD,1989-06-30,1989-06-30,Q2,400000.0,0.0,0.0,0.0,0.0,0.0,0.0,0.0,0.0,0.0,0.0,0.0,400000.0,1.0,400000.0,1.0,0.0,0.0,0.0,0.0,0.0,0.0,-0.00864,-0.00864,11909721.0,11909721.0,,,1620595164,17:19:24,20210509
128,1989-03-31,MMSI,USD,1989-03-31,1989-03-31,Q1,400000.0,0.0,0.0,0.0,0.0,0.0,0.0,0.0,0.0,0.0,0.0,0.0,400000.0,1.0,400000.0,1.0,0.0,0.0,0.0,0.0,0.0,0.0,-0.00864,-0.00864,11909721.0,11909721.0,,,1620595164,17:19:24,20210509
