,date,symbol,reportedCurrency,fillingDate,acceptedDate,period,revenue,costOfRevenue,grossProfit,grossProfitRatio,researchAndDevelopmentExpenses,generalAndAdministrativeExpenses,sellingAndMarketingExpenses,otherExpenses,operatingExpenses,costAndExpenses,interestExpense,depreciationAndAmortization,ebitda,ebitdaratio,operatingIncome,operatingIncomeRatio,totalOtherIncomeExpensesNet,incomeBeforeTax,incomeBeforeTaxRatio,incomeTaxExpense,netIncome,netIncomeRatio,eps,epsdiluted,weightedAverageShsOut,weightedAverageShsOutDil,link,finalLink,timestamp,est_time,est_date
0,2020-09-30,YOU.L,GBP,2020-09-30,2020-09-30,Q3,38110250.0,5843500.0,32266750.0,0.8466685471756286,0.0,27344000.0,0.0,0.0,0.0,34310250.0,106500.0,1122750.0,4922750.0,0.12917128594013422,3800000.0,0.09971070774922756,0.0,3801750.0,0.09975662715411208,1453000.0,2389500.0,0.06269966741231034,0.0225,0.02125,106687000,112479000,https://find-and-update.company-information.service.gov.uk/search/companies?q=YouGov+PLC,https://find-and-update.company-information.service.gov.uk/search/companies?q=YouGov+PLC,1620600096,18:41:36,20210509
1,2020-06-30,YOU.L,GBP,2020-06-30,2020-06-30,Q2,38110250.0,5843500.0,32266750.0,0.8466685471756286,0.0,27344000.0,0.0,0.0,0.0,34310250.0,106500.0,1122750.0,4922750.0,0.12917128594013422,3800000.0,0.09971070774922756,0.0,3801750.0,0.09975662715411208,1453000.0,2389500.0,0.06269966741231034,0.0225,0.02125,106687000,112479000,https://find-and-update.company-information.service.gov.uk/search/companies?q=YouGov+PLC,https://find-and-update.company-information.service.gov.uk/search/companies?q=YouGov+PLC,1620600096,18:41:36,20210509
2,2020-03-31,YOU.L,GBP,2020-03-31,2020-03-31,Q1,38110250.0,5843500.0,32266750.0,0.8466685471756286,0.0,27344000.0,0.0,0.0,0.0,34310250.0,106500.0,1122750.0,4922750.0,0.12917128594013422,3800000.0,0.09971070774922756,0.0,3801750.0,0.09975662715411208,1453000.0,2389500.0,0.06269966741231034,0.0225,0.02125,106687000,112479000,https://find-and-update.company-information.service.gov.uk/search/companies?q=YouGov+PLC,https://find-and-update.company-information.service.gov.uk/search/companies?q=YouGov+PLC,1620600096,18:41:36,20210509
3,2020-01-31,YOU.L,GBP,2020-01-31,2020-01-31,Q1,38110250.0,5843500.0,32266750.0,0.8466685471756286,0.0,27344000.0,0.0,0.0,0.0,34310250.0,106500.0,1122750.0,4922750.0,0.12917128594013422,3800000.0,0.09971070774922756,0.0,3801750.0,0.09975662715411208,1453000.0,2389500.0,0.06269966741231034,0.0225,0.02125,106687000,112479000,https://find-and-update.company-information.service.gov.uk/search/companies?q=YouGov+PLC,https://find-and-update.company-information.service.gov.uk/search/companies?q=YouGov+PLC,1620600096,18:41:36,20210509
4,2019-06-30,YOU.L,GBP,2019-06-30,2019-06-30,Q2,34121750.0,6051500.0,28070250.0,0.822649776169159,0.0,0.0,0.0,0.0,20913750.0,29167500.0,61000.0,2202250.0,7156500.0,0.20973426040575294,4954250.0,0.14519331511425998,0.0,4864000.0,0.14254837457047193,1271250.0,3742500.0,0.10968077545846858,0.0355,0.033,105400000,113265000,https://find-and-update.company-information.service.gov.uk/search/companies?q=YouGov+PLC,https://find-and-update.company-information.service.gov.uk/search/companies?q=YouGov+PLC,1620600096,18:41:36,20210509
5,2019-03-31,YOU.L,GBP,2019-03-31,2019-03-31,Q1,34121750.0,6051500.0,28070250.0,0.822649776169159,0.0,0.0,0.0,0.0,20913750.0,29167500.0,61000.0,2202250.0,7156500.0,0.20973426040575294,4954250.0,0.14519331511425998,0.0,4864000.0,0.14254837457047193,1271250.0,3742500.0,0.10968077545846858,0.0355,0.033,105400000,113265000,https://find-and-update.company-information.service.gov.uk/search/companies?q=YouGov+PLC,https://find-and-update.company-information.service.gov.uk/search/companies?q=YouGov+PLC,1620600096,18:41:36,20210509
6,2019-01-31,YOU.L,GBP,2019-01-31,2019-01-31,Q1,34121750.0,6051500.0,28070250.0,0.822649776169159,0.0,0.0,0.0,0.0,20913750.0,29167500.0,61000.0,2202250.0,7156500.0,0.20973426040575294,4954250.0,0.14519331511425998,0.0,4864000.0,0.14254837457047193,1271250.0,3742500.0,0.10968077545846858,0.0355,0.033,105400000,113265000,https://find-and-update.company-information.service.gov.uk/search/companies?q=YouGov+PLC,https://find-and-update.company-information.service.gov.uk/search/companies?q=YouGov+PLC,1620600096,18:41:36,20210509
7,2018-06-30,YOU.L,GBP,2018-06-30,2018-06-30,Q2,29139750.0,5373750.0,23766000.0,0.8155869559622165,0.0,0.0,0.0,0.0,20826500.0,26200250.0,20250.0,2064250.0,5003750.0,0.17171561183606585,2939500.0,0.10087595123499687,0.0,2943250.0,0.10100464142623049,903750.0,2039500.0,0.06999030533892707,0.01925,0.01825,105410000,112494000,https://find-and-update.company-information.service.gov.uk/search/companies?q=YouGov+PLC,https://find-and-update.company-information.service.gov.uk/search/companies?q=YouGov+PLC,1620600096,18:41:36,20210509
8,2018-03-31,YOU.L,GBP,2018-03-31,2018-03-31,Q1,29139750.0,5373750.0,23766000.0,0.8155869559622165,0.0,0.0,0.0,0.0,20826500.0,26200250.0,20250.0,2064250.0,5003750.0,0.17171561183606585,2939500.0,0.10087595123499687,0.0,2943250.0,0.10100464142623049,903750.0,2039500.0,0.06999030533892707,0.01925,0.01825,105410000,112494000,https://find-and-update.company-information.service.gov.uk/search/companies?q=YouGov+PLC,https://find-and-update.company-information.service.gov.uk/search/companies?q=YouGov+PLC,1620600096,18:41:36,20210509
9,2018-01-31,YOU.L,GBP,2018-01-31,2018-01-31,Q1,29139750.0,5373750.0,23766000.0,0.8155869559622165,0.0,0.0,0.0,0.0,20826500.0,26200250.0,20250.0,2064250.0,5003750.0,0.17171561183606585,2939500.0,0.10087595123499687,0.0,2943250.0,0.10100464142623049,903750.0,2039500.0,0.06999030533892707,0.01925,0.01825,105410000,112494000,https://find-and-update.company-information.service.gov.uk/search/companies?q=YouGov+PLC,https://find-and-update.company-information.service.gov.uk/search/companies?q=YouGov+PLC,1620600096,18:41:36,20210509
10,2017-06-30,YOU.L,GBP,2017-06-30,2017-06-30,Q2,26762000.0,5334750.0,21427250.0,0.8006595172259173,0.0,0.0,0.0,0.0,19538000.0,24872750.0,5500.0,1920500.0,3809750.0,0.14235669979822135,1889250.0,0.07059449966370226,0.0,1978500.0,0.07392945220835513,818250.0,1167750.0,0.0436346311934833,0.011,0.0105,105453000,110123000,https://find-and-update.company-information.service.gov.uk/search/companies?q=YouGov+PLC,https://find-and-update.company-information.service.gov.uk/search/companies?q=YouGov+PLC,1620600096,18:41:36,20210509
11,2017-03-31,YOU.L,GBP,2017-03-31,2017-03-31,Q1,26762000.0,5334750.0,21427250.0,0.8006595172259173,0.0,0.0,0.0,0.0,19538000.0,24872750.0,5500.0,1920500.0,3809750.0,0.14235669979822135,1889250.0,0.07059449966370226,0.0,1978500.0,0.07392945220835513,818250.0,1167750.0,0.0436346311934833,0.011,0.0105,105453000,110123000,https://find-and-update.company-information.service.gov.uk/search/companies?q=YouGov+PLC,https://find-and-update.company-information.service.gov.uk/search/companies?q=YouGov+PLC,1620600096,18:41:36,20210509
12,2017-01-31,YOU.L,GBP,2017-01-31,2017-01-31,Q1,26762000.0,5334750.0,21427250.0,0.8006595172259173,0.0,0.0,0.0,0.0,19538000.0,24872750.0,5500.0,1920500.0,3809750.0,0.14235669979822135,1889250.0,0.07059449966370226,0.0,1978500.0,0.07392945220835513,818250.0,1167750.0,0.0436346311934833,0.011,0.0105,105453000,110123000,https://find-and-update.company-information.service.gov.uk/search/companies?q=YouGov+PLC,https://find-and-update.company-information.service.gov.uk/search/companies?q=YouGov+PLC,1620600096,18:41:36,20210509
13,2016-06-30,YOU.L,GBP,2016-06-30,2016-06-30,Q2,22050500.0,4869000.0,17181500.0,0.7791886805287862,0.0,0.0,0.0,0.0,16098750.0,20967750.0,7250.0,1596500.0,2679250.0,0.12150518128840616,1082750.0,0.049103194938890274,0.0,1381500.0,0.06265164055236842,527750.0,850250.0,0.03855921634430058,0.00825,0.008,103944000,107305000,https://find-and-update.company-information.service.gov.uk/search/companies?q=YouGov+PLC,https://find-and-update.company-information.service.gov.uk/search/companies?q=YouGov+PLC,1620600096,18:41:36,20210509
14,2016-03-31,YOU.L,GBP,2016-03-31,2016-03-31,Q1,22050500.0,4869000.0,17181500.0,0.7791886805287862,0.0,0.0,0.0,0.0,16098750.0,20967750.0,7250.0,1596500.0,2679250.0,0.12150518128840616,1082750.0,0.049103194938890274,0.0,1381500.0,0.06265164055236842,527750.0,850250.0,0.03855921634430058,0.00825,0.008,103944000,107305000,https://find-and-update.company-information.service.gov.uk/search/companies?q=YouGov+PLC,https://find-and-update.company-information.service.gov.uk/search/companies?q=YouGov+PLC,1620600096,18:41:36,20210509
15,2016-01-31,YOU.L,GBP,2016-01-31,2016-01-31,Q1,22050500.0,4869000.0,17181500.0,0.7791886805287862,0.0,0.0,0.0,0.0,16098750.0,20967750.0,7250.0,1596500.0,2679250.0,0.12150518128840616,1082750.0,0.049103194938890274,0.0,1381500.0,0.06265164055236842,527750.0,850250.0,0.03855921634430058,0.00825,0.008,103944000,107305000,https://find-and-update.company-information.service.gov.uk/search/companies?q=YouGov+PLC,https://find-and-update.company-information.service.gov.uk/search/companies?q=YouGov+PLC,1620600096,18:41:36,20210509
16,2015-09-30,YOU.L,GBP,2015-09-30,2015-09-30,Q3,19027500.0,4368000.0,14659500.0,0.7704375246353962,0.0,0.0,0.0,0.0,12517000.0,18043250.0,12000.0,1158250.0,2142500.0,0.11260018394429115,984250.0,0.05172776244908685,0.0,671500.0,0.0352910261463671,-145000.0,810000.0,0.04256996452502956,0.008,0.00775,100998000,105049000,https://find-and-update.company-information.service.gov.uk/search/companies?q=YouGov+PLC,https://find-and-update.company-information.service.gov.uk/search/companies?q=YouGov+PLC,1620600096,18:41:36,20210509
17,2015-06-30,YOU.L,GBP,2015-06-30,2015-06-30,Q2,19027500.0,4368000.0,14659500.0,0.7704375246353962,0.0,0.0,0.0,0.0,12517000.0,18043250.0,12000.0,1158250.0,2142500.0,0.11260018394429115,984250.0,0.05172776244908685,0.0,671500.0,0.0352910261463671,-145000.0,810000.0,0.04256996452502956,0.008,0.00775,100998000,105049000,https://find-and-update.company-information.service.gov.uk/search/companies?q=YouGov+PLC,https://find-and-update.company-information.service.gov.uk/search/companies?q=YouGov+PLC,1620600096,18:41:36,20210509
18,2015-03-31,YOU.L,GBP,2015-03-31,2015-03-31,Q1,19027500.0,4368000.0,14659500.0,0.7704375246353962,0.0,0.0,0.0,0.0,12517000.0,18043250.0,12000.0,1158250.0,2142500.0,0.11260018394429115,984250.0,0.05172776244908685,0.0,671500.0,0.0352910261463671,-145000.0,810000.0,0.04256996452502956,0.008,0.00775,100998000,105049000,https://find-and-update.company-information.service.gov.uk/search/companies?q=YouGov+PLC,https://find-and-update.company-information.service.gov.uk/search/companies?q=YouGov+PLC,1620600096,18:41:36,20210509
19,2015-01-31,YOU.L,GBP,2015-01-31,2015-01-31,Q1,19027500.0,4368000.0,14659500.0,0.7704375246353962,0.0,0.0,0.0,0.0,12517000.0,18043250.0,12000.0,1158250.0,2142500.0,0.11260018394429115,984250.0,0.05172776244908685,0.0,671500.0,0.0352910261463671,-145000.0,810000.0,0.04256996452502956,0.008,0.00775,100998000,105049000,https://find-and-update.company-information.service.gov.uk/search/companies?q=YouGov+PLC,https://find-and-update.company-information.service.gov.uk/search/companies?q=YouGov+PLC,1620600096,18:41:36,20210509
20,2014-09-30,YOU.L,GBP,2014-09-30,2014-09-30,Q3,16843750.0,3952750.0,12891000.0,0.7653283858998144,0.0,0.0,0.0,0.0,11043750.0,15987750.0,11750.0,991250.0,1847250.0,0.10966975881261595,856000.0,0.05082003710575139,0.0,183250.0,0.010879406307977737,79000.0,108250.0,0.006426716141001855,0.0011040961201093386,0.0010461160826455865,98044000,103478000,https://find-and-update.company-information.service.gov.uk/search/companies?q=YouGov+PLC,https://find-and-update.company-information.service.gov.uk/search/companies?q=YouGov+PLC,1620600096,18:41:36,20210509
21,2014-06-30,YOU.L,GBP,2014-06-30,2014-06-30,Q2,16843750.0,3952750.0,12891000.0,0.7653283858998144,0.0,0.0,0.0,0.0,11043750.0,15987750.0,11750.0,991250.0,1847250.0,0.10966975881261595,856000.0,0.05082003710575139,0.0,183250.0,0.010879406307977737,79000.0,108250.0,0.006426716141001855,0.0011040961201093386,0.0010461160826455865,98044000,103478000,https://find-and-update.company-information.service.gov.uk/search/companies?q=YouGov+PLC,https://find-and-update.company-information.service.gov.uk/search/companies?q=YouGov+PLC,1620600096,18:41:36,20210509
22,2014-03-31,YOU.L,GBP,2014-03-31,2014-03-31,Q1,16843750.0,3952750.0,12891000.0,0.7653283858998144,0.0,0.0,0.0,0.0,11043750.0,15987750.0,11750.0,991250.0,1847250.0,0.10966975881261595,856000.0,0.05082003710575139,0.0,183250.0,0.010879406307977737,79000.0,108250.0,0.006426716141001855,0.0011040961201093386,0.0010461160826455865,98044000,103478000,https://find-and-update.company-information.service.gov.uk/search/companies?q=YouGov+PLC,https://find-and-update.company-information.service.gov.uk/search/companies?q=YouGov+PLC,1620600096,18:41:36,20210509
23,2014-01-31,YOU.L,GBP,2014-01-31,2014-01-31,Q1,16843750.0,3952750.0,12891000.0,0.7653283858998144,0.0,0.0,0.0,0.0,11043750.0,15987750.0,11750.0,991250.0,1847250.0,0.10966975881261595,856000.0,0.05082003710575139,0.0,183250.0,0.010879406307977737,79000.0,108250.0,0.006426716141001855,0.0011040961201093386,0.0010461160826455865,98044000,103478000,https://find-and-update.company-information.service.gov.uk/search/companies?q=YouGov+PLC,https://find-and-update.company-information.service.gov.uk/search/companies?q=YouGov+PLC,1620600096,18:41:36,20210509
24,2013-09-30,YOU.L,GBP,2013-09-30,2013-09-30,Q3,15637750.0,3860000.0,11777750.0,0.7531614202810507,0.0,0.0,0.0,0.0,10282250.0,14962250.0,21250.0,820000.0,1495500.0,0.09563396268644786,675500.0,0.04319675145081613,0.0,371500.0,0.023756614602484374,-155750.0,510500.0,0.03264536138510975,0.00525,0.005,95639000,103174000,https://find-and-update.company-information.service.gov.uk/search/companies?q=YouGov+PLC,https://find-and-update.company-information.service.gov.uk/search/companies?q=YouGov+PLC,1620600096,18:41:36,20210509
25,2013-06-30,YOU.L,GBP,2013-06-30,2013-06-30,Q2,15637750.0,3860000.0,11777750.0,0.7531614202810507,0.0,0.0,0.0,0.0,10282250.0,14962250.0,21250.0,820000.0,1495500.0,0.09563396268644786,675500.0,0.04319675145081613,0.0,371500.0,0.023756614602484374,-155750.0,510500.0,0.03264536138510975,0.00525,0.005,95639000,103174000,https://find-and-update.company-information.service.gov.uk/search/companies?q=YouGov+PLC,https://find-and-update.company-information.service.gov.uk/search/companies?q=YouGov+PLC,1620600096,18:41:36,20210509
26,2013-03-31,YOU.L,GBP,2013-03-31,2013-03-31,Q1,15637750.0,3860000.0,11777750.0,0.7531614202810507,0.0,0.0,0.0,0.0,10282250.0,14962250.0,21250.0,820000.0,1495500.0,0.09563396268644786,675500.0,0.04319675145081613,0.0,371500.0,0.023756614602484374,-155750.0,510500.0,0.03264536138510975,0.00525,0.005,95639000,103174000,https://find-and-update.company-information.service.gov.uk/search/companies?q=YouGov+PLC,https://find-and-update.company-information.service.gov.uk/search/companies?q=YouGov+PLC,1620600096,18:41:36,20210509
27,2013-01-31,YOU.L,GBP,2013-01-31,2013-01-31,Q1,15637750.0,3860000.0,11777750.0,0.7531614202810507,0.0,0.0,0.0,0.0,10282250.0,14962250.0,21250.0,820000.0,1495500.0,0.09563396268644786,675500.0,0.04319675145081613,0.0,371500.0,0.023756614602484374,-155750.0,510500.0,0.03264536138510975,0.00525,0.005,95639000,103174000,https://find-and-update.company-information.service.gov.uk/search/companies?q=YouGov+PLC,https://find-and-update.company-information.service.gov.uk/search/companies?q=YouGov+PLC,1620600096,18:41:36,20210509
28,2012-09-30,YOU.L,GBP,2012-09-30,2012-09-30,Q3,14536250.0,3349750.0,11186500.0,0.7695588614670221,0.0,0.0,0.0,-17750.0,9832250.0,14151500.0,1250.0,1087500.0,1472250.0,0.10128127955972138,384750.0,0.026468311978674004,0.0,110000.0,0.007567288674864563,19750.0,83250.0,0.005727061656204317,0.001,0.00075,95141000,101097000,https://find-and-update.company-information.service.gov.uk/search/companies?q=YouGov+PLC,https://find-and-update.company-information.service.gov.uk/search/companies?q=YouGov+PLC,1620600096,18:41:36,20210509
29,2012-06-30,YOU.L,GBP,2012-06-30,2012-06-30,Q2,14536250.0,3349750.0,11186500.0,0.7695588614670221,0.0,0.0,0.0,-17750.0,9832250.0,14151500.0,1250.0,1087500.0,1472250.0,0.10128127955972138,384750.0,0.026468311978674004,0.0,110000.0,0.007567288674864563,19750.0,83250.0,0.005727061656204317,0.001,0.00075,95141000,101097000,https://find-and-update.company-information.service.gov.uk/search/companies?q=YouGov+PLC,https://find-and-update.company-information.service.gov.uk/search/companies?q=YouGov+PLC,1620600096,18:41:36,20210509
30,2012-03-31,YOU.L,GBP,2012-03-31,2012-03-31,Q1,14536250.0,3349750.0,11186500.0,0.7695588614670221,0.0,0.0,0.0,-17750.0,9832250.0,14151500.0,1250.0,1087500.0,1472250.0,0.10128127955972138,384750.0,0.026468311978674004,0.0,110000.0,0.007567288674864563,19750.0,83250.0,0.005727061656204317,0.001,0.00075,95141000,101097000,https://find-and-update.company-information.service.gov.uk/search/companies?q=YouGov+PLC,https://find-and-update.company-information.service.gov.uk/search/companies?q=YouGov+PLC,1620600096,18:41:36,20210509
31,2012-01-31,YOU.L,GBP,2012-01-31,2012-01-31,Q1,14536250.0,3349750.0,11186500.0,0.7695588614670221,0.0,0.0,0.0,-17750.0,9832250.0,14151500.0,1250.0,1087500.0,1472250.0,0.10128127955972138,384750.0,0.026468311978674004,0.0,110000.0,0.007567288674864563,19750.0,83250.0,0.005727061656204317,0.001,0.00075,95141000,101097000,https://find-and-update.company-information.service.gov.uk/search/companies?q=YouGov+PLC,https://find-and-update.company-information.service.gov.uk/search/companies?q=YouGov+PLC,1620600096,18:41:36,20210509
32,2011-09-30,YOU.L,GBP,2011-09-30,2011-09-30,Q3,14035500.0,3479500.0,10556000.0,0.7520929072708489,0.0,0.0,0.0,16000.0,8544000.0,13539250.0,4250.0,1125000.0,1621250.0,0.11551066937408713,496250.0,0.03535677389476684,0.0,102750.0,0.007320722453777921,2000.0,71500.0,0.0050942253571301345,0.0007517295035431167,0.0007263824124023447,95114000,98433000,https://find-and-update.company-information.service.gov.uk/search/companies?q=YouGov+PLC,https://find-and-update.company-information.service.gov.uk/search/companies?q=YouGov+PLC,1620600096,18:41:36,20210509
33,2011-06-30,YOU.L,GBP,2011-06-30,2011-06-30,Q2,14035500.0,3479500.0,10556000.0,0.7520929072708489,0.0,0.0,0.0,16000.0,8544000.0,13539250.0,4250.0,1125000.0,1621250.0,0.11551066937408713,496250.0,0.03535677389476684,0.0,102750.0,0.007320722453777921,2000.0,71500.0,0.0050942253571301345,0.0007517295035431167,0.0007263824124023447,95114000,98433000,https://find-and-update.company-information.service.gov.uk/search/companies?q=YouGov+PLC,https://find-and-update.company-information.service.gov.uk/search/companies?q=YouGov+PLC,1620600096,18:41:36,20210509
34,2011-03-31,YOU.L,GBP,2011-03-31,2011-03-31,Q1,14035500.0,3479500.0,10556000.0,0.7520929072708489,0.0,0.0,0.0,16000.0,8544000.0,13539250.0,4250.0,1125000.0,1621250.0,0.11551066937408713,496250.0,0.03535677389476684,0.0,102750.0,0.007320722453777921,2000.0,71500.0,0.0050942253571301345,0.0007517295035431167,0.0007263824124023447,95114000,98433000,https://find-and-update.company-information.service.gov.uk/search/companies?q=YouGov+PLC,https://find-and-update.company-information.service.gov.uk/search/companies?q=YouGov+PLC,1620600096,18:41:36,20210509
35,2011-01-31,YOU.L,GBP,2011-01-31,2011-01-31,Q1,14035500.0,3479500.0,10556000.0,0.7520929072708489,0.0,0.0,0.0,16000.0,8544000.0,13539250.0,4250.0,1125000.0,1621250.0,0.11551066937408713,496250.0,0.03535677389476684,0.0,102750.0,0.007320722453777921,2000.0,71500.0,0.0050942253571301345,0.0007517295035431167,0.0007263824124023447,95114000,98433000,https://find-and-update.company-information.service.gov.uk/search/companies?q=YouGov+PLC,https://find-and-update.company-information.service.gov.uk/search/companies?q=YouGov+PLC,1620600096,18:41:36,20210509
36,2010-09-30,YOU.L,GBP,2010-09-30,2010-09-30,Q3,11058500.0,2469250.0,8589250.0,0.7767102229054573,0.0,76750.0,0.0,4000.0,7383000.0,11327500.0,8500.0,1086750.0,817750.0,0.07394764208527377,-269000.0,-0.02432517972600262,0.0,-2644250.0,-0.23911470814305738,-643000.0,-2124750.0,-0.1921372699733237,-0.022,-0.022,96777000,96777000,https://find-and-update.company-information.service.gov.uk/search/companies?q=YouGov+PLC,https://find-and-update.company-information.service.gov.uk/search/companies?q=YouGov+PLC,1620600096,18:41:36,20210509
37,2010-06-30,YOU.L,GBP,2010-06-30,2010-06-30,Q2,11058500.0,2469250.0,8589250.0,0.7767102229054573,0.0,76750.0,0.0,4000.0,7383000.0,11327500.0,8500.0,1086750.0,817750.0,0.07394764208527377,-269000.0,-0.02432517972600262,0.0,-2644250.0,-0.23911470814305738,-643000.0,-2124750.0,-0.1921372699733237,-0.022,-0.022,96777000,96777000,https://find-and-update.company-information.service.gov.uk/search/companies?q=YouGov+PLC,https://find-and-update.company-information.service.gov.uk/search/companies?q=YouGov+PLC,1620600096,18:41:36,20210509
38,2010-03-31,YOU.L,GBP,2010-03-31,2010-03-31,Q1,11058500.0,2469250.0,8589250.0,0.7767102229054573,0.0,76750.0,0.0,4000.0,7383000.0,11327500.0,8500.0,1086750.0,817750.0,0.07394764208527377,-269000.0,-0.02432517972600262,0.0,-2644250.0,-0.23911470814305738,-643000.0,-2124750.0,-0.1921372699733237,-0.022,-0.022,96777000,96777000,https://find-and-update.company-information.service.gov.uk/search/companies?q=YouGov+PLC,https://find-and-update.company-information.service.gov.uk/search/companies?q=YouGov+PLC,1620600096,18:41:36,20210509
39,2010-01-31,YOU.L,GBP,2010-01-31,2010-01-31,Q1,11058500.0,2469250.0,8589250.0,0.7767102229054573,0.0,76750.0,0.0,4000.0,7383000.0,11327500.0,8500.0,1086750.0,817750.0,0.07394764208527377,-269000.0,-0.02432517972600262,0.0,-2644250.0,-0.23911470814305738,-643000.0,-2124750.0,-0.1921372699733237,-0.022,-0.022,96777000,96777000,https://find-and-update.company-information.service.gov.uk/search/companies?q=YouGov+PLC,https://find-and-update.company-information.service.gov.uk/search/companies?q=YouGov+PLC,1620600096,18:41:36,20210509
40,2009-09-30,YOU.L,GBP,2009-09-30,2009-09-30,Q3,11080500.0,2639250.0,8441250.0,0.7618112901042372,77500.0,43750.0,0.0,23500.0,7237250.0,11227250.0,27250.0,925500.0,778750.0,0.07028112449799197,-146750.0,-0.013243987184693832,0.0,-170750.0,-0.015409954424439331,-210500.0,-136000.0,-0.012273814358557827,-0.0015,-0.0015,96244000,96244000,https://find-and-update.company-information.service.gov.uk/search/companies?q=YouGov+PLC,https://find-and-update.company-information.service.gov.uk/search/companies?q=YouGov+PLC,1620600096,18:41:36,20210509
41,2009-06-30,YOU.L,GBP,2009-06-30,2009-06-30,Q2,11080500.0,2639250.0,8441250.0,0.7618112901042372,77500.0,43750.0,0.0,23500.0,7237250.0,11227250.0,27250.0,925500.0,778750.0,0.07028112449799197,-146750.0,-0.013243987184693832,0.0,-170750.0,-0.015409954424439331,-210500.0,-136000.0,-0.012273814358557827,-0.0015,-0.0015,96244000,96244000,https://find-and-update.company-information.service.gov.uk/search/companies?q=YouGov+PLC,https://find-and-update.company-information.service.gov.uk/search/companies?q=YouGov+PLC,1620600096,18:41:36,20210509
42,2009-03-31,YOU.L,GBP,2009-03-31,2009-03-31,Q1,11080500.0,2639250.0,8441250.0,0.7618112901042372,77500.0,43750.0,0.0,23500.0,7237250.0,11227250.0,27250.0,925500.0,778750.0,0.07028112449799197,-146750.0,-0.013243987184693832,0.0,-170750.0,-0.015409954424439331,-210500.0,-136000.0,-0.012273814358557827,-0.0015,-0.0015,96244000,96244000,https://find-and-update.company-information.service.gov.uk/search/companies?q=YouGov+PLC,https://find-and-update.company-information.service.gov.uk/search/companies?q=YouGov+PLC,1620600096,18:41:36,20210509
43,2009-01-31,YOU.L,GBP,2009-01-31,2009-01-31,Q1,11080500.0,2639250.0,8441250.0,0.7618112901042372,77500.0,43750.0,0.0,23500.0,7237250.0,11227250.0,27250.0,925500.0,778750.0,0.07028112449799197,-146750.0,-0.013243987184693832,0.0,-170750.0,-0.015409954424439331,-210500.0,-136000.0,-0.012273814358557827,-0.0015,-0.0015,96244000,96244000,https://find-and-update.company-information.service.gov.uk/search/companies?q=YouGov+PLC,https://find-and-update.company-information.service.gov.uk/search/companies?q=YouGov+PLC,1620600096,18:41:36,20210509
44,2008-09-30,YOU.L,GBP,2008-09-30,2008-09-30,Q3,10097500.0,1759250.0,8338250.0,0.8257737063629611,108250.0,143750.0,0.0,-11500.0,5843000.0,8822750.0,18500.0,836000.0,2110750.0,0.209036890319386,1274750.0,0.1262441198316415,0.0,994000.0,0.09844020797227036,-519500.0,1320500.0,0.13077494429314188,0.0145,0.01325,91688000,99517000,https://find-and-update.company-information.service.gov.uk/search/companies?q=YouGov+PLC,https://find-and-update.company-information.service.gov.uk/search/companies?q=YouGov+PLC,1620600096,18:41:36,20210509
45,2008-06-30,YOU.L,GBP,2008-06-30,2008-06-30,Q2,10097500.0,1759250.0,8338250.0,0.8257737063629611,108250.0,143750.0,0.0,-11500.0,5843000.0,8822750.0,18500.0,836000.0,2110750.0,0.209036890319386,1274750.0,0.1262441198316415,0.0,994000.0,0.09844020797227036,-519500.0,1320500.0,0.13077494429314188,0.0145,0.01325,91688000,99517000,https://find-and-update.company-information.service.gov.uk/search/companies?q=YouGov+PLC,https://find-and-update.company-information.service.gov.uk/search/companies?q=YouGov+PLC,1620600096,18:41:36,20210509
46,2008-03-31,YOU.L,GBP,2008-03-31,2008-03-31,Q1,10097500.0,1759250.0,8338250.0,0.8257737063629611,108250.0,143750.0,0.0,-11500.0,5843000.0,8822750.0,18500.0,836000.0,2110750.0,0.209036890319386,1274750.0,0.1262441198316415,0.0,994000.0,0.09844020797227036,-519500.0,1320500.0,0.13077494429314188,0.0145,0.01325,91688000,99517000,https://find-and-update.company-information.service.gov.uk/search/companies?q=YouGov+PLC,https://find-and-update.company-information.service.gov.uk/search/companies?q=YouGov+PLC,1620600096,18:41:36,20210509
47,2008-01-31,YOU.L,GBP,2008-01-31,2008-01-31,Q1,10097500.0,1759250.0,8338250.0,0.8257737063629611,108250.0,143750.0,0.0,-11500.0,5843000.0,8822750.0,18500.0,836000.0,2110750.0,0.209036890319386,1274750.0,0.1262441198316415,0.0,994000.0,0.09844020797227036,-519500.0,1320500.0,0.13077494429314188,0.0145,0.01325,91688000,99517000,https://find-and-update.company-information.service.gov.uk/search/companies?q=YouGov+PLC,https://find-and-update.company-information.service.gov.uk/search/companies?q=YouGov+PLC,1620600096,18:41:36,20210509
48,2007-09-30,YOU.L,GBP,2007-09-30,2007-09-30,Q3,3575750.0,661750.0,2914000.0,0.8149339299447669,0.0,0.0,0.0,69500.0,1426000.0,2183000.0,500.0,33750.0,1426500.0,0.3989372858840803,1392750.0,0.3894987065650563,0.0,1401250.0,0.39187583024540307,153250.0,1049500.0,0.29350485912046426,0.0155,0.01475,67351000,70813000,https://find-and-update.company-information.service.gov.uk/search/companies?q=YouGov+PLC,https://find-and-update.company-information.service.gov.uk/search/companies?q=YouGov+PLC,1620600096,18:41:36,20210509
49,2007-06-30,YOU.L,GBP,2007-06-30,2007-06-30,Q2,3575750.0,661750.0,2914000.0,0.8149339299447669,0.0,0.0,0.0,69500.0,1426000.0,2183000.0,500.0,33750.0,1426500.0,0.3989372858840803,1392750.0,0.3894987065650563,0.0,1401250.0,0.39187583024540307,153250.0,1049500.0,0.29350485912046426,0.0155,0.01475,67351000,70813000,https://find-and-update.company-information.service.gov.uk/search/companies?q=YouGov+PLC,https://find-and-update.company-information.service.gov.uk/search/companies?q=YouGov+PLC,1620600096,18:41:36,20210509
50,2007-03-31,YOU.L,GBP,2007-03-31,2007-03-31,Q1,3575750.0,661750.0,2914000.0,0.8149339299447669,0.0,0.0,0.0,69500.0,1426000.0,2183000.0,500.0,33750.0,1426500.0,0.3989372858840803,1392750.0,0.3894987065650563,0.0,1401250.0,0.39187583024540307,153250.0,1049500.0,0.29350485912046426,0.0155,0.01475,67351000,70813000,https://find-and-update.company-information.service.gov.uk/search/companies?q=YouGov+PLC,https://find-and-update.company-information.service.gov.uk/search/companies?q=YouGov+PLC,1620600096,18:41:36,20210509
51,2007-01-31,YOU.L,GBP,2007-01-31,2007-01-31,Q1,3575750.0,661750.0,2914000.0,0.8149339299447669,0.0,0.0,0.0,69500.0,1426000.0,2183000.0,500.0,33750.0,1426500.0,0.3989372858840803,1392750.0,0.3894987065650563,0.0,1401250.0,0.39187583024540307,153250.0,1049500.0,0.29350485912046426,0.0155,0.01475,67351000,70813000,https://find-and-update.company-information.service.gov.uk/search/companies?q=YouGov+PLC,https://find-and-update.company-information.service.gov.uk/search/companies?q=YouGov+PLC,1620600096,18:41:36,20210509
52,2006-09-30,YOU.L,GBP,2006-09-30,2006-09-30,Q3,2368000.0,538250.0,1829750.0,0.7726984797297297,0.0,617750.0,86750.0,-4500.0,835750.0,1404750.0,250.0,9500.0,972750.0,0.41078969594594594,963250.0,0.4067778716216216,0.0,1013250.0,0.4278927364864865,135500.0,747500.0,0.3156672297297297,0.00225,0.0021,333953925,354153575,https://find-and-update.company-information.service.gov.uk/search/companies?q=YouGov+PLC,https://find-and-update.company-information.service.gov.uk/search/companies?q=YouGov+PLC,1620600096,18:41:36,20210509
53,2006-06-30,YOU.L,GBP,2006-06-30,2006-06-30,Q2,2368000.0,538250.0,1829750.0,0.7726984797297297,0.0,617750.0,86750.0,-4500.0,835750.0,1404750.0,250.0,9500.0,972750.0,0.41078969594594594,963250.0,0.4067778716216216,0.0,1013250.0,0.4278927364864865,135500.0,747500.0,0.3156672297297297,0.00225,0.0021,333953925,354153575,https://find-and-update.company-information.service.gov.uk/search/companies?q=YouGov+PLC,https://find-and-update.company-information.service.gov.uk/search/companies?q=YouGov+PLC,1620600096,18:41:36,20210509
54,2006-03-31,YOU.L,GBP,2006-03-31,2006-03-31,Q1,2368000.0,538250.0,1829750.0,0.7726984797297297,0.0,617750.0,86750.0,-4500.0,835750.0,1404750.0,250.0,9500.0,972750.0,0.41078969594594594,963250.0,0.4067778716216216,0.0,1013250.0,0.4278927364864865,135500.0,747500.0,0.3156672297297297,0.00225,0.0021,333953925,354153575,https://find-and-update.company-information.service.gov.uk/search/companies?q=YouGov+PLC,https://find-and-update.company-information.service.gov.uk/search/companies?q=YouGov+PLC,1620600096,18:41:36,20210509
55,2006-01-31,YOU.L,GBP,2006-01-31,2006-01-31,Q1,2368000.0,538250.0,1829750.0,0.7726984797297297,0.0,617750.0,86750.0,-4500.0,835750.0,1404750.0,250.0,9500.0,972750.0,0.41078969594594594,963250.0,0.4067778716216216,0.0,1013250.0,0.4278927364864865,135500.0,747500.0,0.3156672297297297,0.00225,0.0021,333953925,354153575,https://find-and-update.company-information.service.gov.uk/search/companies?q=YouGov+PLC,https://find-and-update.company-information.service.gov.uk/search/companies?q=YouGov+PLC,1620600096,18:41:36,20210509
56,2005-09-30,YOU.L,GBP,2005-09-30,2005-09-30,Q3,735500.0,119000.0,616500.0,0.8382053025152957,0.0,313000.0,10750.0,0.0,357750.0,494750.0,4000.0,4250.0,245000.0,0.33310673011556763,240750.0,0.32732834806254246,0.0,249000.0,0.33854520734194427,76250.0,172750.0,0.23487423521414005,0.0029,0.00275,59992805,63300695,https://find-and-update.company-information.service.gov.uk/search/companies?q=YouGov+PLC,https://find-and-update.company-information.service.gov.uk/search/companies?q=YouGov+PLC,1620600096,18:41:36,20210509
57,2005-06-30,YOU.L,GBP,2005-06-30,2005-06-30,Q2,735500.0,119000.0,616500.0,0.8382053025152957,0.0,313000.0,10750.0,0.0,357750.0,494750.0,4000.0,4250.0,245000.0,0.33310673011556763,240750.0,0.32732834806254246,0.0,249000.0,0.33854520734194427,76250.0,172750.0,0.23487423521414005,0.0029,0.00275,59992805,63300695,https://find-and-update.company-information.service.gov.uk/search/companies?q=YouGov+PLC,https://find-and-update.company-information.service.gov.uk/search/companies?q=YouGov+PLC,1620600096,18:41:36,20210509
58,2005-03-31,YOU.L,GBP,2005-03-31,2005-03-31,Q1,735500.0,119000.0,616500.0,0.8382053025152957,0.0,313000.0,10750.0,0.0,357750.0,494750.0,4000.0,4250.0,245000.0,0.33310673011556763,240750.0,0.32732834806254246,0.0,249000.0,0.33854520734194427,76250.0,172750.0,0.23487423521414005,0.0029,0.00275,59992805,63300695,https://find-and-update.company-information.service.gov.uk/search/companies?q=YouGov+PLC,https://find-and-update.company-information.service.gov.uk/search/companies?q=YouGov+PLC,1620600096,18:41:36,20210509
59,2005-01-31,YOU.L,GBP,2005-01-31,2005-01-31,Q1,735500.0,119000.0,616500.0,0.8382053025152957,0.0,313000.0,10750.0,0.0,357750.0,494750.0,4000.0,4250.0,245000.0,0.33310673011556763,240750.0,0.32732834806254246,0.0,249000.0,0.33854520734194427,76250.0,172750.0,0.23487423521414005,0.0029,0.00275,59992805,63300695,https://find-and-update.company-information.service.gov.uk/search/companies?q=YouGov+PLC,https://find-and-update.company-information.service.gov.uk/search/companies?q=YouGov+PLC,1620600096,18:41:36,20210509
60,2004-09-30,YOU.L,GBP,2004-09-30,2004-09-30,Q3,498000.0,55500.0,442500.0,0.8885542168674698,0.0,0.0,0.0,-2000.0,237500.0,330750.0,0.0,24500.0,191750.0,0.3850401606425703,167250.0,0.3358433734939759,0.0,169500.0,0.34036144578313254,51000.0,118500.0,0.23795180722891565,0.0021,0.002,66690000,66690000,https://find-and-update.company-information.service.gov.uk/search/companies?q=YouGov+PLC,https://find-and-update.company-information.service.gov.uk/search/companies?q=YouGov+PLC,1620600096,18:41:36,20210509
61,2004-06-30,YOU.L,GBP,2004-06-30,2004-06-30,Q2,498000.0,55500.0,442500.0,0.8885542168674698,0.0,0.0,0.0,-2000.0,237500.0,330750.0,0.0,24500.0,191750.0,0.3850401606425703,167250.0,0.3358433734939759,0.0,169500.0,0.34036144578313254,51000.0,118500.0,0.23795180722891565,0.0021,0.002,66690000,66690000,https://find-and-update.company-information.service.gov.uk/search/companies?q=YouGov+PLC,https://find-and-update.company-information.service.gov.uk/search/companies?q=YouGov+PLC,1620600096,18:41:36,20210509
62,2004-03-31,YOU.L,GBP,2004-03-31,2004-03-31,Q1,498000.0,55500.0,442500.0,0.8885542168674698,0.0,0.0,0.0,-2000.0,237500.0,330750.0,0.0,24500.0,191750.0,0.3850401606425703,167250.0,0.3358433734939759,0.0,169500.0,0.34036144578313254,51000.0,118500.0,0.23795180722891565,0.0021,0.002,66690000,66690000,https://find-and-update.company-information.service.gov.uk/search/companies?q=YouGov+PLC,https://find-and-update.company-information.service.gov.uk/search/companies?q=YouGov+PLC,1620600096,18:41:36,20210509
63,2004-01-31,YOU.L,GBP,2004-01-31,2004-01-31,Q1,498000.0,55500.0,442500.0,0.8885542168674698,0.0,0.0,0.0,-2000.0,237500.0,330750.0,0.0,24500.0,191750.0,0.3850401606425703,167250.0,0.3358433734939759,0.0,169500.0,0.34036144578313254,51000.0,118500.0,0.23795180722891565,0.0021,0.002,66690000,66690000,https://find-and-update.company-information.service.gov.uk/search/companies?q=YouGov+PLC,https://find-and-update.company-information.service.gov.uk/search/companies?q=YouGov+PLC,1620600096,18:41:36,20210509
64,2003-09-30,YOU.L,GBP,2003-09-30,2003-09-30,Q3,471750.0,16000.0,455750.0,0.9660837307896132,0.0,0.0,0.0,0.0,160750.0,192500.0,2250.0,2500.0,281750.0,0.5972443031266561,279250.0,0.5919448860625331,0.0,277000.0,0.5871754107048225,10500.0,266500.0,0.5649178590355061,0.00375,0.00375,66690000,66690000,https://find-and-update.company-information.service.gov.uk/search/companies?q=YouGov+PLC,https://find-and-update.company-information.service.gov.uk/search/companies?q=YouGov+PLC,1620600096,18:41:36,20210509
65,2003-06-30,YOU.L,GBP,2003-06-30,2003-06-30,Q2,471750.0,16000.0,455750.0,0.9660837307896132,0.0,0.0,0.0,0.0,160750.0,192500.0,2250.0,2500.0,281750.0,0.5972443031266561,279250.0,0.5919448860625331,0.0,277000.0,0.5871754107048225,10500.0,266500.0,0.5649178590355061,0.00375,0.00375,66690000,66690000,https://find-and-update.company-information.service.gov.uk/search/companies?q=YouGov+PLC,https://find-and-update.company-information.service.gov.uk/search/companies?q=YouGov+PLC,1620600096,18:41:36,20210509
66,2003-03-31,YOU.L,GBP,2003-03-31,2003-03-31,Q1,471750.0,16000.0,455750.0,0.9660837307896132,0.0,0.0,0.0,0.0,160750.0,192500.0,2250.0,2500.0,281750.0,0.5972443031266561,279250.0,0.5919448860625331,0.0,277000.0,0.5871754107048225,10500.0,266500.0,0.5649178590355061,0.00375,0.00375,66690000,66690000,https://find-and-update.company-information.service.gov.uk/search/companies?q=YouGov+PLC,https://find-and-update.company-information.service.gov.uk/search/companies?q=YouGov+PLC,1620600096,18:41:36,20210509
67,2003-01-31,YOU.L,GBP,2003-01-31,2003-01-31,Q1,471750.0,16000.0,455750.0,0.9660837307896132,0.0,0.0,0.0,0.0,160750.0,192500.0,2250.0,2500.0,281750.0,0.5972443031266561,279250.0,0.5919448860625331,0.0,277000.0,0.5871754107048225,10500.0,266500.0,0.5649178590355061,0.00375,0.00375,66690000,66690000,https://find-and-update.company-information.service.gov.uk/search/companies?q=YouGov+PLC,https://find-and-update.company-information.service.gov.uk/search/companies?q=YouGov+PLC,1620600096,18:41:36,20210509
68,2002-09-30,YOU.L,GBP,2002-09-30,2002-09-30,Q3,186500.0,15500.0,171000.0,0.9168900804289544,0.0,0.0,0.0,0.0,167250.0,185500.0,250.0,2750.0,3750.0,0.020107238605898123,1000.0,0.005361930294906166,0.0,750.0,0.004021447721179625,0.0,750.0,0.004021447721179625,1.1246063877642825e-05,1.1246063877642825e-05,66690000,66690000,https://find-and-update.company-information.service.gov.uk/search/companies?q=YouGov+PLC,https://find-and-update.company-information.service.gov.uk/search/companies?q=YouGov+PLC,1620600096,18:41:36,20210509
69,2002-06-30,YOU.L,GBP,2002-06-30,2002-06-30,Q2,186500.0,15500.0,171000.0,0.9168900804289544,0.0,0.0,0.0,0.0,167250.0,185500.0,250.0,2750.0,3750.0,0.020107238605898123,1000.0,0.005361930294906166,0.0,750.0,0.004021447721179625,0.0,750.0,0.004021447721179625,1.1246063877642825e-05,1.1246063877642825e-05,66690000,66690000,https://find-and-update.company-information.service.gov.uk/search/companies?q=YouGov+PLC,https://find-and-update.company-information.service.gov.uk/search/companies?q=YouGov+PLC,1620600096,18:41:36,20210509
70,2002-03-31,YOU.L,GBP,2002-03-31,2002-03-31,Q1,186500.0,15500.0,171000.0,0.9168900804289544,0.0,0.0,0.0,0.0,167250.0,185500.0,250.0,2750.0,3750.0,0.020107238605898123,1000.0,0.005361930294906166,0.0,750.0,0.004021447721179625,0.0,750.0,0.004021447721179625,1.1246063877642825e-05,1.1246063877642825e-05,66690000,66690000,https://find-and-update.company-information.service.gov.uk/search/companies?q=YouGov+PLC,https://find-and-update.company-information.service.gov.uk/search/companies?q=YouGov+PLC,1620600096,18:41:36,20210509
71,2002-01-31,YOU.L,GBP,2002-01-31,2002-01-31,Q1,186500.0,15500.0,171000.0,0.9168900804289544,0.0,0.0,0.0,0.0,167250.0,185500.0,250.0,2750.0,3750.0,0.020107238605898123,1000.0,0.005361930294906166,0.0,750.0,0.004021447721179625,0.0,750.0,0.004021447721179625,1.1246063877642825e-05,1.1246063877642825e-05,66690000,66690000,https://find-and-update.company-information.service.gov.uk/search/companies?q=YouGov+PLC,https://find-and-update.company-information.service.gov.uk/search/companies?q=YouGov+PLC,1620600096,18:41:36,20210509
