,date,symbol,reportedCurrency,fillingDate,acceptedDate,period,revenue,costOfRevenue,grossProfit,grossProfitRatio,researchAndDevelopmentExpenses,generalAndAdministrativeExpenses,sellingAndMarketingExpenses,otherExpenses,operatingExpenses,costAndExpenses,interestExpense,depreciationAndAmortization,ebitda,ebitdaratio,operatingIncome,operatingIncomeRatio,totalOtherIncomeExpensesNet,incomeBeforeTax,incomeBeforeTaxRatio,incomeTaxExpense,netIncome,netIncomeRatio,eps,epsdiluted,weightedAverageShsOut,weightedAverageShsOutDil,link,finalLink,timestamp,est_time,est_date
0,2020-12-31,ABCE,USD,2021-04-15,2021-04-15 13:02:18,Q4,392973.0,68991.0,323.982,0.0008244383201899367,0.0,-207257.0,74150.0,541.052744,191371.0,260362.0,18.315,6.893,-92332.93100000003,-0.2349599870729033,-92339.82400000002,-0.23497752771818936,-25836.0,274.403,0.0006982744361571914,0.0,274.403,0.0006982744361571914,0.0004592034593600604,0.0004592034593600604,597563007.0,597563007.0,https://www.sec.gov/Archives/edgar/data/1300938/000118518521000536/0001185185-21-000536-index.htm,https://www.sec.gov/Archives/edgar/data/1300938/000118518521000536/abcoenergy20201231_10k.htm,1620586045,14:47:25,20210509
1,2020-09-30,ABCE,USD,2020-11-23,2020-11-23 12:43:48,Q3,246102.0,281419.0,-35317.0,-0.1435055383540158,0.0,0.0,0.0,189.859,189859.0,471278.0,0.0,-5147.0,-5372.176,-0.02182906274634095,-225.176,-0.0009149702156016611,0.0,-427957.0,-1.7389415770696703,0.0,-427957.0,-1.7389415770696703,-0.0007161705041758049,-0.0007161705041758049,597563007.0,597563007.0,https://www.sec.gov/Archives/edgar/data/1300938/000118518520001665/0001185185-20-001665-index.htm,https://www.sec.gov/Archives/edgar/data/1300938/000118518520001665/abcoenergy20200930_10q.htm,1620586045,14:47:25,20210509
2,2020-06-30,ABCE,USD,2020-09-29,2020-09-29 09:00:39,Q2,207239.0,220150.0,-12911.0,-0.06230004970106978,0.0,60249.0,231013.0,234.397,305231.0,525381.0,16262.0,9.305,-318132.695,-1.5351005119692722,-318142.0,-1.5351454118192038,315973.0,-18431.0,-0.08893596282552994,0.0,-18431.0,-0.08893596282552994,-3.1e-05,-3.1e-05,597563007.0,597563007.0,https://www.sec.gov/Archives/edgar/data/1300938/000118518520001365/0001185185-20-001365-index.htm,https://www.sec.gov/Archives/edgar/data/1300938/000118518520001365/abcoenergy20200630b_10q.htm,1620586045,14:47:25,20210509
3,2020-03-31,ABCE,USD,2020-09-01,2020-09-01,Q1,314792.0,214170.0,100622.0,0.3196459884622227,0.0,147008.0,0.0,0.0,160179.0,374349.0,3080.0,2435.0,-57122.0,-0.18145950341813008,-59557.0,-0.18919476987979364,-290137.0,-352774.0,-1.1206574499987294,0.0,-352774.0,-1.1206574499987294,-0.01,-0.01,305215572.0,305215572.0,https://www.sec.gov/Archives/edgar/data/1300938/000118518520001273/0001185185-20-001273-index.htm,https://www.sec.gov/Archives/edgar/data/1300938/000118518520001273/abcoenergy20200331_10q.htm,1620586045,14:47:25,20210509
4,2019-12-31,ABCE,USD,2020-09-16,2020-09-16,Q4,725553.0,697101.0,28452.0,0.03921422694138126,0.0,388464.0,0.0,0.0,405026.0,1102127.0,95358.0,2298.0,-374276.0,-0.5158492901276681,-376574.0,-0.5190165294609766,65387.0,-668442.0,-0.9212862464906079,0.0,-668442.0,-0.9212862464906079,-0.002190065191038156,-0.002190065191038156,305215572.0,305215572.0,https://www.sec.gov/Archives/edgar/data/1300938/000118518520001334/0001185185-20-001334-index.htm,https://www.sec.gov/Archives/edgar/data/1300938/000118518520001334/abcoenergy20191231_10ka.htm,1620586045,14:47:25,20210509
5,2019-09-30,ABCE,USD,2019-11-19 00:00:00,2019-11-19 10:13:40,Q3,512988.0,325366.0,187622.0,0.3657434481898212,0.0,194436.0,0.0,0.0,206506.0,531872.0,105010.0,2625.0,-16259.0,-0.031694698511466154,-18884.0,-0.03681177727354246,64093.0,-116876.0,-0.2278337894843544,0.0,-116876.0,-0.2278337894843544,-0.01,-0.01,63392630.0,63392630.0,https://www.sec.gov/Archives/edgar/data/1300938/000118518519001629/0001185185-19-001629-index.html,https://www.sec.gov/Archives/edgar/data/1300938/000118518519001629/abcoenergy20190930_10q.htm,1620586045,14:47:25,20210509
6,2019-06-30,ABCE,USD,2019-08-19,2019-08-19,Q2,459616.0,268662.0,190954.0,0.41546421360440017,0.0,226153.0,0.0,0.0,240805.0,509467.0,27074.0,2625.0,-47226.0,-0.10275099213256284,-49851.0,-0.10846228155677783,0.0,-76925.0,-0.1673679767458052,0.0,-76925.0,-0.1673679767458052,-0.001609,-0.001609,47817667.0,47817667.0,https://www.sec.gov/Archives/edgar/data/1300938/000118518519001167/0001185185-19-001167-index.htm,https://www.sec.gov/Archives/edgar/data/1300938/000118518519001167/abcoenergy20190630_10q.htm,1620586045,14:47:25,20210509
7,2019-03-31,ABCE,USD,2019-04-16 00:00:00,2019-04-16 09:01:40,Q1,654010.0,410224.0,243786.0,0.37275576826042417,0.0,261061.0,0.0,0.0,261061.0,671285.0,78914.0,2665.0,-14610.0,-0.02233910796471002,-17275.0,-0.026413969205363833,-422646.0,-518835.0,-0.7933135578966682,0.0,-518835.0,-0.7933135578966682,-0.01,-0.01,47560874.0,47560874.0,https://www.sec.gov/Archives/edgar/data/1300938/000118518519000544/0001185185-19-000544-index.html,https://www.sec.gov/Archives/edgar/data/1300938/000118518519000544/abcoenergy20181231_10k.htm,1620586045,14:47:25,20210509
8,2018-12-31,ABCE,USD,2019-04-16,2019-04-16,Q4,679523.0,510550.0,168973.0,0.24866413646042887,0.0,239404.0,0.0,0.0,239404.0,749954.0,-16059.0,10490.0,-59941.0,-0.08821040641744282,-70431.0,-0.10364770581716881,-376469.0,-374705.0,-0.5514235721233866,0.0,-374705.0,-0.5514235721233866,-0.007878429652070734,-0.007878429652070734,47560874.0,47560874.0,https://www.sec.gov/Archives/edgar/data/1300938/000118518519000544/0001185185-19-000544-index.htm,https://www.sec.gov/Archives/edgar/data/1300938/000118518519000544/abcoenergy20181231_10k.htm,1620586045,14:47:25,20210509
9,2018-09-30,ABCE,USD,2018-11-19 00:00:00,2018-11-19 17:20:24,Q3,1106898.0,783529.0,323369.0,0.2921398358294983,0.0,362577.0,0.0,0.0,362577.0,1146106.0,12072.0,0.0,-39208.0,-0.035421511286496135,-39208.0,-0.035421511286496135,0.0,-51280.0,-0.04632766524106106,0.0,-51280.0,-0.04632766524106106,-0.002418,-0.002418,21206138.0,21206138.0,https://www.sec.gov/Archives/edgar/data/1300938/000118518518002067/0001185185-18-002067-index.html,https://www.sec.gov/Archives/edgar/data/1300938/000118518518002067/abcoenergy20180930_10q.htm,1620586045,14:47:25,20210509
10,2018-06-30,ABCE,USD,2018-08-22 00:00:00,2018-08-21 19:18:20,Q2,558726.0,417882.0,140844.0,0.2520806262819343,0.0,169691.0,0.0,-49581.0,254943.0,672825.0,185802.0,6506.0,-107593.0,-0.19256845036744308,-114099.0,-0.204212798402079,38675.0,-261226.0,-0.46753865042972764,0.0,-261226.0,-0.46753865042972764,-0.02,-0.02,13926158.0,13926158.0,https://www.sec.gov/Archives/edgar/data/1300938/000118518518001547/0001185185-18-001547-index.html,https://www.sec.gov/Archives/edgar/data/1300938/000118518518001547/abcoenergy20180630_10q.htm,1620586045,14:47:25,20210509
11,2018-03-31,ABCE,USD,2018-04-17 00:00:00,2018-04-17 15:36:03,Q1,522295.0,328378.0,193917.0,0.3712786835026183,0.0,115301.0,0.0,-44635.0,159936.0,488314.0,8474.0,1614.0,35595.0,0.06815114063891096,33981.0,0.06506093299763543,-25527.0,-6827.0,-0.013071157104701366,0.0,-6827.0,-0.013071157104701366,-0.2,-0.2,8423378.0,8423378.0,https://www.sec.gov/Archives/edgar/data/1300938/000118518518000715/0001185185-18-000715-index.html,https://www.sec.gov/Archives/edgar/data/1300938/000118518518000715/abcoenergy10k123117.htm,1620586045,14:47:25,20210509
12,2017-12-31,ABCE,USD,2018-04-17,2018-04-17,Q4,278376.0,290147.0,-11771.0,-0.042284536023220395,0.0,232004.0,0.0,0.0,232004.0,522151.0,-44647.0,1668.0,-242107.0,-0.8697121878322844,-243775.0,-0.8757040836853752,-8345.0,-279175.0,-1.0028702186970142,0.0,-279175.0,-1.0028702186970142,-0.033142879258178846,-0.033142879258178846,8423378.0,8423378.0,https://www.sec.gov/Archives/edgar/data/1300938/000118518518000715/0001185185-18-000715-index.htm,https://www.sec.gov/Archives/edgar/data/1300938/000118518518000715/abcoenergy10k123117.htm,1620586045,14:47:25,20210509
13,2017-09-30,ABCE,USD,2017-11-20 00:00:00,2017-11-20 16:49:47,Q3,265856.0,379326.0,-113470.0,-0.42681000240731826,0.0,285458.0,0.0,-109889.0,285458.0,664784.0,105575.0,1727.0,-397201.0,-1.4940456487722678,-398928.0,-1.5005416466056813,235319.0,-379073.0,-1.4258583594126144,0.0,-379073.0,-1.4258583594126144,-0.2,-0.2,4380559.0,4380559.0,https://www.sec.gov/Archives/edgar/data/1300938/000118518517002441/0001185185-17-002441-index.html,https://www.sec.gov/Archives/edgar/data/1300938/000118518517002441/abcoenergy10q093017.htm,1620586045,14:47:25,20210509
14,2017-06-30,ABCE,USD,2017-08-21 00:00:00,2017-08-21 14:22:52,Q2,690018.0,291751.0,398267.0,0.5771834937639307,0.0,161819.0,0.0,0.0,161819.0,453570.0,88070.0,1491.0,237939.0,0.34483013486604697,236448.0,0.34266932166986946,-62956.0,197848.0,0.2867287520035709,0.0,197848.0,0.2867287520035709,0.2,0.2,2604651.0,2604651.0,https://www.sec.gov/Archives/edgar/data/1300938/000118518517001808/0001185185-17-001808-index.html,https://www.sec.gov/Archives/edgar/data/1300938/000118518517001808/abcoenergy10q063017.htm,1620586045,14:47:25,20210509
15,2017-03-31,ABCE,USD,2017-04-17 00:00:00,2017-04-17 15:53:31,Q1,212806.0,190369.0,22437.0,0.10543405731041418,0.0,155176.0,0.0,0.0,155176.0,345545.0,79283.0,2899.0,-129840.0,-0.6101331729368533,-132739.0,-0.6237559091379002,72486.0,-139536.0,-0.6556957980508068,0.0,-139536.0,-0.6556957980508068,-0.2,-0.2,1343597.0,1343597.0,https://www.sec.gov/Archives/edgar/data/1300938/000118518517000938/0001185185-17-000938-index.html,https://www.sec.gov/Archives/edgar/data/1300938/000118518517000938/abcoenergy10k123116.htm,1620586045,14:47:25,20210509
16,2016-12-31,ABCE,USD,2016-12-31,2016-12-31,Q4,294473.0,245170.0,49303.0,0.16742791359479478,0.0,183525.0,0.0,0.0,183525.0,428695.0,-325966.0,2899.0,-131323.0,-0.4459593918627514,-134222.0,-0.4558040974894133,-506068.0,-814410.0,-2.76565253860286,0.0,-814410.0,-2.76565253860286,-0.6061415737010428,-0.6061415737010428,1343597.0,1343597.0,,,1620586045,14:47:25,20210509
17,2016-09-30,ABCE,USD,2016-11-21 00:00:00,2016-11-21 12:52:43,Q3,146547.0,119062.0,27485.0,0.1875507516359939,0.0,188860.0,0.0,0.0,188860.0,307922.0,104134.0,3211.0,-158164.0,-1.079271496516476,-161375.0,-1.1011825557670918,278910.0,13401.0,0.09144506540563778,0.0,13401.0,0.09144506540563778,2.0,2.0,185363.0,185363.0,https://www.sec.gov/Archives/edgar/data/1300938/000118518516005842/0001185185-16-005842-index.html,https://www.sec.gov/Archives/edgar/data/1300938/000118518516005842/abcoenergy10q093016.htm,1620586045,14:47:25,20210509
18,2016-06-30,ABCE,USD,2016-08-22 00:00:00,2016-08-22 17:01:07,Q2,135333.0,305414.0,-170081.0,-1.2567592531016085,0.0,189118.0,0.0,0.0,189118.0,494532.0,532918.0,3255.0,-355944.0,-2.6301345569816674,-359199.0,-2.6541863403604444,49715.0,-842402.0,-6.224660651873527,0.0,-842402.0,-6.224660651873527,-2.0,-2.0,162162.0,162162.0,https://www.sec.gov/Archives/edgar/data/1300938/000118518516005294/0001185185-16-005294-index.html,https://www.sec.gov/Archives/edgar/data/1300938/000118518516005294/abcoenergy10q063016.htm,1620586045,14:47:25,20210509
19,2016-03-31,ABCE,USD,2016-04-11 00:00:00,2016-04-11 16:58:06,Q1,230195.0,195075.0,35120.0,0.15256630248267772,0.0,184228.0,0.0,0.0,184228.0,379303.0,28577.0,3420.0,-145688.0,-0.6328895067225613,-149108.0,-0.6477464758139838,-102288.0,-279973.0,-1.2162427507113533,0.0,-279973.0,-1.2162427507113533,-2.0,-2.0,156016.0,156016.0,https://www.sec.gov/Archives/edgar/data/1300938/000118518516004190/0001185185-16-004190-index.html,https://www.sec.gov/Archives/edgar/data/1300938/000118518516004190/abcoenergy10k123115.htm,1620586045,14:47:25,20210509
20,2015-12-31,ABCE,USD,2015-12-31,2015-12-31,Q4,658335.0,755670.0,-97335.0,-0.14785025860694023,0.0,216517.0,0.0,0.0,216517.0,972187.0,15574.0,3375.0,-310477.0,-0.47160943896344565,-313852.0,-0.47673600826327023,0.0,-329426.0,-0.5003926572337791,0.0,-329426.0,-0.5003926572337791,-2.1114885652753563,-2.1114885652753563,156016.0,156016.0,,,1620586045,14:47:25,20210509
21,2015-09-30,ABCE,USD,2015-11-16 00:00:00,2015-11-16 16:16:41,Q3,610317.0,119783.0,490534.0,0.8037364189429428,0.0,190674.0,0.0,0.0,190674.0,310457.0,14855.0,4200.0,304060.0,0.4982001156775905,299860.0,0.49131844598790464,0.0,285005.0,0.46697863569259906,0.0,285005.0,0.46697863569259906,2.0,2.0,134850.0,134850.0,https://www.sec.gov/Archives/edgar/data/1300938/000118518515003019/0001185185-15-003019-index.html,https://www.sec.gov/Archives/edgar/data/1300938/000118518515003019/abcoenergy10q093015.htm,1620586045,14:47:25,20210509
22,2015-06-30,ABCE,USD,2015-07-10 00:00:00,2015-07-10 09:00:52,Q2,476311.0,314923.0,161388.0,0.33882904236937633,0.0,158543.0,0.0,0.0,158543.0,473466.0,19475.0,4307.0,7152.0,0.015015399602360643,2845.0,0.005972988236677297,0.0,-16630.0,-0.03491416322528768,0.0,-16630.0,-0.03491416322528768,-2.0,-2.0,123955.0,123955.0,https://www.sec.gov/Archives/edgar/data/1300938/000118518515001798/0001185185-15-001798-index.html,https://www.sec.gov/Archives/edgar/data/1300938/000118518515001798/abcoenergy10q033115.htm,1620586045,14:47:25,20210509
23,2015-03-31,ABCE,USD,2015-06-26 00:00:00,2015-06-26 09:33:16,Q1,144472.0,120708.0,23764.0,0.16448862063237166,0.0,154531.0,0.0,0.0,154531.0,275239.0,10232.0,4266.0,-126501.0,-0.875609114568913,-130767.0,-0.905137327648264,0.0,-140999.0,-0.975960739797331,0.0,-140999.0,-0.975960739797331,-2.0,-2.0,119812.0,119812.0,https://www.sec.gov/Archives/edgar/data/1300938/000118518515001702/0001185185-15-001702-index.html,https://www.sec.gov/Archives/edgar/data/1300938/000118518515001702/abcoenergy10k123114.htm,1620586045,14:47:25,20210509
24,2014-12-31,ABCE,USD,2014-12-31,2014-12-31,Q4,378502.0,396695.0,-18193.0,-0.04806579621772144,0.0,247936.0,0.0,0.0,247936.0,644631.0,14147.0,938.0,-265191.0,-0.7006330217541783,-266129.0,-0.7031112120939915,0.0,-280276.0,-0.7404875007265483,0.0,-280276.0,-0.7404875007265483,-2.3392982338997763,-2.3392982338997763,119812.0,119812.0,,,1620586045,14:47:25,20210509
25,2014-09-30,ABCE,USD,2014-11-19 00:00:00,2014-11-19 10:46:01,Q3,260835.0,298004.0,-37169.0,-0.14250004792301646,0.0,225227.0,0.0,0.0,225227.0,523231.0,5646.0,4200.0,-258196.0,-0.9898824927636245,-262396.0,-1.0059846262963177,0.0,-268042.0,-1.027630494373838,0.0,-268042.0,-1.027630494373838,-2.0,-2.0,106458.0,106458.0,https://www.sec.gov/Archives/edgar/data/1300938/000118518514003187/0001185185-14-003187-index.html,https://www.sec.gov/Archives/edgar/data/1300938/000118518514003187/abcoenergy10q093014.htm,1620586045,14:47:25,20210509
26,2014-06-30,ABCE,USD,2014-08-14 00:00:00,2014-08-14 08:56:57,Q2,420550.0,247991.0,172559.0,0.41031744144572585,0.0,188979.0,0.0,0.0,188979.0,436970.0,11947.0,4260.0,-12160.0,-0.028914516704315777,-16420.0,-0.03904410890500535,0.0,-28367.0,-0.06745214599928664,0.0,-28367.0,-0.06745214599928664,-2.0,-2.0,98095.0,98095.0,https://www.sec.gov/Archives/edgar/data/1300938/000118518514002142/0001185185-14-002142-index.html,https://www.sec.gov/Archives/edgar/data/1300938/000118518514002142/abcoenergy10q063014.htm,1620586045,14:47:25,20210509
27,2014-03-31,ABCE,USD,2014-03-31,2014-03-31,Q2,255773.0,138657.0,117116.0,0.4578903949986902,0.0,175720.0,0.0,0.0,175720.0,314377.0,1898.0,4140.0,-54464.0,-0.21293881684149618,-58604.0,-0.2291250444730288,0.0,-60502.0,-0.23654568699589087,0.0,-60502.0,-0.23654568699589087,-2.0,-2.0,91884.0,91884.0,,,1620586045,14:47:25,20210509
28,2013-09-30,ABCE,USD,2013-09-30,2013-09-30,Q3,367920.0,302078.0,65842.0,0.17895738203957381,0.0,138790.0,0.0,0.0,138790.0,440868.0,1456.0,2747.0,-70201.0,-0.19080506631876495,-72948.0,-0.19827136333985648,0.0,-74404.0,-0.2022287453794303,0.0,-74404.0,-0.2022287453794303,-2.0,-2.0,80306.0,80306.0,,,1620586045,14:47:25,20210509
29,2013-06-30,ABCE,USD,2013-06-30,2013-06-30,Q2,127381.0,203768.0,-76387.0,-0.5996734206828334,0.0,153200.0,0.0,0.0,153200.0,356968.0,1945.0,0.0,-229587.0,-1.802364559863716,-229587.0,-1.802364559863716,0.0,-231532.0,-1.817633713034126,0.0,-231532.0,-1.817633713034126,2.0,2.0,74693.0,74693.0,,,1620586045,14:47:25,20210509
