,date,symbol,reportedCurrency,fillingDate,acceptedDate,period,revenue,costOfRevenue,grossProfit,grossProfitRatio,researchAndDevelopmentExpenses,generalAndAdministrativeExpenses,sellingAndMarketingExpenses,otherExpenses,operatingExpenses,costAndExpenses,interestExpense,depreciationAndAmortization,ebitda,ebitdaratio,operatingIncome,operatingIncomeRatio,totalOtherIncomeExpensesNet,incomeBeforeTax,incomeBeforeTaxRatio,incomeTaxExpense,netIncome,netIncomeRatio,eps,epsdiluted,weightedAverageShsOut,weightedAverageShsOutDil,link,finalLink,timestamp,est_time,est_date
0,2017-01-31,MENT,USD,2017-03-17 00:00:00,2017-03-17 15:33:12,Q4,477968000,50543000,427425000,0.8942544270746159,126748000,-80725000.0,109309000.0,10202000.0,274843000,325386000,5503000.0,16378000.0,168960000.0,0.3534964683828206,152582000.0,0.31923057610551336,454000.0,147533000.0,0.30866710742141734,24430000.0,123103000.0,0.25755489907274126,1.1315133967553657,1.0768093630272388,108795000,114322000,https://www.sec.gov/Archives/edgar/data/701811/000070181117000004/0000701811-17-000004-index.html,https://www.sec.gov/Archives/edgar/data/701811/000070181117000004/ment-20170131x10k.htm,1620594909,17:15:09,20210509
1,2016-10-31,MENT,USD,2016-12-06 00:00:00,2016-12-05 20:11:55,Q3,322516000,51190000,271326000,0.8412791923501469,101023000,-71631000.0,91646000.0,2328000.0,215012000,266202000,5143000.0,15635000.0,71949000.0,0.2230866065559538,56314000.0,0.17460839152166094,268000.0,51439000.0,0.15949286236961888,9677000.0,41762000.0,0.1294881494251448,0.3851090905737629,0.3764682550414222,108442000,110931000,https://www.sec.gov/Archives/edgar/data/701811/000070181116000028/0000701811-16-000028-index.html,https://www.sec.gov/Archives/edgar/data/701811/000070181116000028/a20161031q3-10q.htm,1620594909,17:15:09,20210509
2,2016-07-31,MENT,USD,2016-08-30,2016-08-30 15:22:46,Q2,254344000,49630000,204714000,0.8048705689931746,93402000,-64684000.0,83911000.0,1924000.0,198464000,248094000,5690000.0,15040000.0,21290000.0,0.08370553266442299,6250000.0,0.02457301921806687,638000.0,1198000.0,0.004710156323719058,-4117000.0,3437000.0,0.013513194728399333,0.03176,0.03176,108215000,108215000,https://www.sec.gov/Archives/edgar/data/701811/000070181116000022/0000701811-16-000022-index.htm,https://www.sec.gov/Archives/edgar/data/701811/000070181116000022/a20160731q2-10q.htm,1620594909,17:15:09,20210509
3,2016-04-30,MENT,USD,2016-06-02 00:00:00,2016-06-02 14:28:21,Q1,227639000,42865000,184774000,0.811697468359991,91136000,-66724000.0,84259000.0,3909000.0,196839000,239704000,4138000.0,14794000.0,-520000.0,-0.00228431859215688,-15314000.0,-0.06727318253902012,889000.0,-15314000.0,-0.06727318253902012,-1878000.0,-13436000.0,-0.059023278085038156,-0.12317,-0.12317,109085000,109085000,https://www.sec.gov/Archives/edgar/data/701811/000070181116000019/0000701811-16-000019-index.html,https://www.sec.gov/Archives/edgar/data/701811/000070181116000019/a20160430q1-10q.htm,1620594909,17:15:09,20210509
4,2016-01-31,MENT,USD,2016-03-21 00:00:00,2016-03-18 19:14:08,Q4,337267000,47455000,289812000,0.8592954543432948,103203000,-70932000.0,88487000.0,1113000.0,210358000,257813000,5047000.0,15497000.0,94951000.0,0.28153065672004673,79454000.0,0.23558189802144888,763000.0,75170000.0,0.22287979553291606,14990000.0,60271000.0,0.1787041127652572,0.5164565856333707,0.505362098890687,116701000,119263000,https://www.sec.gov/Archives/edgar/data/701811/000070181116000016/0000701811-16-000016-index.html,https://www.sec.gov/Archives/edgar/data/701811/000070181116000016/ment-20160131x10k.htm,1620594909,17:15:09,20210509
5,2015-10-31,MENT,USD,2015-12-03 00:00:00,2015-12-03 11:54:55,Q3,290516000,46889000,243627000,0.8386009720635008,99669000,-73500000.0,93165000.0,5440000.0,217939000,264828000,4915000.0,15765000.0,41453000.0,0.1426874939762354,25688000.0,0.08842198020074626,320000.0,21093000.0,0.07260529540541658,7204000.0,14679000.0,0.05052733756488455,0.1256903593721904,0.12035617359363085,116787000,121963000,https://www.sec.gov/Archives/edgar/data/701811/000070181115000012/0000701811-15-000012-index.html,https://www.sec.gov/Archives/edgar/data/701811/000070181115000012/a20151031q3-10q.htm,1620594909,17:15:09,20210509
6,2015-07-31,MENT,USD,2015-08-31 00:00:00,2015-08-31 13:46:42,Q2,281062000,46263000,234799000,0.8353993069144886,89053000,-66071000.0,84741000.0,3069000.0,195533000,241796000,4772000.0,15119000.0,54385000.0,0.19349823170688318,39266000.0,0.13970583003038475,187000.0,34681000.0,0.12339270338928778,4071000.0,31212000.0,0.111050230909906,0.2683841232716516,0.26231657505925066,116296000,118986000,https://www.sec.gov/Archives/edgar/data/701811/000070181115000009/0000701811-15-000009-index.html,https://www.sec.gov/Archives/edgar/data/701811/000070181115000009/a20150731q2-10q.htm,1620594909,17:15:09,20210509
7,2015-04-30,MENT,USD,2015-06-03 00:00:00,2015-06-03 13:00:34,Q1,272143000,49051000,223092000,0.819760199600945,89515000,-66988000.0,84951000.0,38326000.0,230755000,279806000,4694000.0,15041000.0,7378000.0,0.02711074692349243,-7663000.0,-0.028157990468246474,342000.0,-12015000.0,-0.04414958312357841,-1512000.0,-10503000.0,-0.03859368052825169,-0.09054,-0.09054,116003000,116003000,https://www.sec.gov/Archives/edgar/data/701811/000070181115000006/0000701811-15-000006-index.html,https://www.sec.gov/Archives/edgar/data/701811/000070181115000006/a20150430q1-10q.htm,1620594909,17:15:09,20210509
8,2015-01-31,MENT,USD,2015-03-16,2015-03-16 16:41:59,Q4,439066000,50400000,388666000,0.885210879457758,112863000,-86687000.0,108874000.0,5210000.0,249134000,299534000,4950000.0,14782000.0,154314000.0,0.3514596894316572,139532000.0,0.3177927691964306,743000.0,134548000.0,0.30644140060947556,20674000.0,114488000.0,0.2607535085841309,0.9987176691237406,0.9778779958660039,114635000,117078000,https://www.sec.gov/Archives/edgar/data/701811/000070181115000003/0000701811-15-000003-index.htm,https://www.sec.gov/Archives/edgar/data/701811/000070181115000003/ment-20150131x10k.htm,1620594909,17:15:09,20210509
9,2014-10-31,MENT,USD,2014-12-04 00:00:00,2014-12-04 16:50:20,Q3,292683000,47541000,245142000,0.8375682906079274,96269000,-70024000.0,89875000.0,9424000.0,215419000,262960000,4934000.0,15015000.0,44738000.0,0.15285479511963454,29723000.0,0.10155355794494385,-381000.0,24408000.0,0.08339397915150522,3849000.0,21030000.0,0.0718524820368795,0.18383027823669787,0.17985426929392448,114399000,116928000,https://www.sec.gov/Archives/edgar/data/701811/000070181114000017/0000701811-14-000017-index.html,https://www.sec.gov/Archives/edgar/data/701811/000070181114000017/a20141031q3.htm,1620594909,17:15:09,20210509
10,2014-07-31,MENT,USD,2014-09-05 00:00:00,2014-09-04 18:15:30,Q2,260233000,48929000,211304000,0.8119800332778702,87542000,-62832000.0,82305000.0,5072000.0,194392000,243321000,4807000.0,14512000.0,31424000.0,0.120753324904989,16912000.0,0.06498791467646302,-104000.0,12001000.0,0.04611636494987185,174000.0,14172000.0,0.05445888876506823,0.12388545054022868,0.12116963064295486,114396000,116960000,https://www.sec.gov/Archives/edgar/data/701811/000070181114000012/0000701811-14-000012-index.html,https://www.sec.gov/Archives/edgar/data/701811/000070181114000012/a20140731q2.htm,1620594909,17:15:09,20210509
11,2014-04-30,MENT,USD,2014-06-04 00:00:00,2014-06-04 14:31:20,Q1,252151000,57443000,194708000,0.7721880936423017,84451000,-66952000.0,84634000.0,6297000.0,193064000,250507000,4585000.0,13737000.0,15381000.0,0.060999163199828677,1644000.0,0.006519902756681512,-258000.0,-3199000.0,-0.012686842407922238,-174000.0,-3025000.0,-0.011996779707397551,-0.02632,-0.02632,114935000,114935000,https://www.sec.gov/Archives/edgar/data/701811/000070181114000006/0000701811-14-000006-index.html,https://www.sec.gov/Archives/edgar/data/701811/000070181114000006/a20140430q1.htm,1620594909,17:15:09,20210509
12,2014-01-31,MENT,USD,2014-03-17,2014-03-17 15:06:37,Q4,401000000,55997000,345003000,0.860356608478803,101994000,-75044000.0,98135000.0,4586000.0,227806000,283803000,4803000.0,13047000.0,130244000.0,0.3247980049875312,117197000.0,0.29226184538653366,359000.0,112753000.0,0.2811795511221945,7646000.0,105536000.0,0.2631820448877806,0.9284338133736837,0.9043204058199517,113671000,116702000,https://www.sec.gov/Archives/edgar/data/701811/000070181114000003/0000701811-14-000003-index.htm,https://www.sec.gov/Archives/edgar/data/701811/000070181114000003/ment-2014131x10k.htm,1620594909,17:15:09,20210509
13,2013-10-31,MENT,USD,2013-12-04 00:00:00,2013-12-04 13:38:46,Q3,275642000,46072000,229570000,0.8328556606032462,86799000,-66829000.0,85746000.0,4736000.0,196198000,242270000,4967000.0,13279000.0,46651000.0,0.16924489011108612,33372000.0,0.12107008365923916,-879000.0,28757000.0,0.10432735214517382,3634000.0,25535000.0,0.09263827718562483,0.2255104564080825,0.21938227587095666,113232000,116395000,https://www.sec.gov/Archives/edgar/data/701811/000070181113000016/0000701811-13-000016-index.html,https://www.sec.gov/Archives/edgar/data/701811/000070181113000016/a20131031q3.htm,1620594909,17:15:09,20210509
14,2013-07-31,MENT,USD,2013-09-05 00:00:00,2013-09-05 15:11:20,Q2,253216000,44857000,208359000,0.822850846707949,80307000,-64553000.0,79811000.0,6405000.0,181781000,226638000,4897000.0,12784000.0,39362000.0,0.15544831290281816,26578000.0,0.10496177176797675,959000.0,21409000.0,0.08454836977126248,-568000.0,23982000.0,0.09470965499810438,0.21251030119360928,0.20671643077559604,112851000,116014000,https://www.sec.gov/Archives/edgar/data/701811/000070181113000013/0000701811-13-000013-index.html,https://www.sec.gov/Archives/edgar/data/701811/000070181113000013/a20130731q2.htm,1620594909,17:15:09,20210509
15,2013-04-30,MENT,USD,2013-06-05 00:00:00,2013-06-05 15:17:17,Q1,226515000,40181000,186334000,0.8226121890382535,79717000,-60830000.0,79107000.0,3340000.0,180441000,220622000,4785000.0,13344000.0,19237000.0,0.08492594309427631,5893000.0,0.02601593713440611,-959000.0,149000.0,0.0006577930821358409,568000.0,205000.0,0.0009050173277707878,0.0018188109412568428,0.0017710430147471728,112711000,115751000,https://www.sec.gov/Archives/edgar/data/701811/000070181113000007/0000701811-13-000007-index.html,https://www.sec.gov/Archives/edgar/data/701811/000070181113000007/a20130430q1.htm,1620594909,17:15:09,20210509
16,2013-01-31,MENT,USD,2013-03-15 00:00:00,2013-03-15 14:59:24,Q4,331238000,47468000,283770000,0.8566951859388113,93751000,-75144000.0,95160000.0,3748000.0,212675000,260143000,4883000.0,13350000.0,84445000.0,0.254937537359844,71095000.0,0.2146341905216189,-1193000.0,65019000.0,0.1962908844999668,3536000.0,61746000.0,0.18640977182569632,0.5562802933386187,0.5415508213687432,110998000,114017000,https://www.sec.gov/Archives/edgar/data/701811/000070181113000003/0000701811-13-000003-index.html,https://www.sec.gov/Archives/edgar/data/701811/000070181113000003/ment-2013131x10k1.htm,1620594909,17:15:09,20210509
17,2012-10-31,MENT,USD,2012-12-04 00:00:00,2012-12-04 17:21:48,Q3,268760000,50263000,218497000,0.8129818425360916,76214000,-66879000.0,84673000.0,2007000.0,180688000,230951000,4652000.0,13189000.0,50998000.0,0.18975293942550975,37809000.0,0.1406794165798482,57000.0,33214000.0,0.12358237833010864,1148000.0,30641000.0,0.1140087810686114,0.2774096003766274,0.2697651077616566,110454000,113584000,https://www.sec.gov/Archives/edgar/data/701811/000070181112000007/0000701811-12-000007-index.html,https://www.sec.gov/Archives/edgar/data/701811/000070181112000007/ment-20121031xq2.htm,1620594909,17:15:09,20210509
18,2012-07-31,MENT,USD,2012-09-07 00:00:00,2012-09-06 18:29:05,Q2,240811000,46576000,194235000,0.806586908405347,72951000,-59203000.0,79068000.0,2444000.0,174328000,220904000,4737000.0,13199000.0,33106000.0,0.13747710860384285,19907000.0,0.08266648948760646,-379000.0,14791000.0,0.06142161280007973,-781000.0,18167000.0,0.0754409059386822,0.16531836092127652,0.1606590141318382,109891000,113078000,https://www.sec.gov/Archives/edgar/data/701811/000070181112000004/0000701811-12-000004-index.html,https://www.sec.gov/Archives/edgar/data/701811/000070181112000004/ment-2012731xq2new.htm,1620594909,17:15:09,20210509
19,2012-04-30,MENT,USD,2012-06-06 00:00:00,2012-06-06 14:38:01,Q1,247918000,45383000,202535000,0.8169435055139199,71046000,-63103000.0,79752000.0,2266000.0,169713000,215096000,4594000.0,13813000.0,46635000.0,0.1881065513597238,32822000.0,0.13239054848780646,83000.0,28311000.0,0.11419501609403108,781000.0,28182000.0,0.1136746827580087,0.25641678873957074,0.2488630643836705,109907000,113243000,https://www.sec.gov/Archives/edgar/data/701811/000144530512001941/0001445305-12-001941-index.html,https://www.sec.gov/Archives/edgar/data/701811/000144530512001941/ment-2012430xq1.htm,1620594909,17:15:09,20210509
20,2012-01-31,MENT,USD,2012-03-15 00:00:00,2012-03-15 16:58:46,Q4,320355000,44675000,275680000,0.8605453325217337,90180000,-67134000.0,89890000.0,7084000.0,209910000,254585000,4755000.0,12850000.0,78620000.0,0.24541524246538995,65770000.0,0.20530349143918467,-314000.0,60701000.0,0.18948042015888625,3366000.0,57820000.0,0.18048727193269967,0.5249777551798652,0.5120665987689855,110138000,112915000,https://www.sec.gov/Archives/edgar/data/701811/000119312512117554/0001193125-12-117554-index.html,https://www.sec.gov/Archives/edgar/data/701811/000119312512117554/d274636d10k.htm,1620594909,17:15:09,20210509
21,2011-10-31,MENT,USD,2011-12-07 00:00:00,2011-12-07 12:33:32,Q3,250508000,40246000,210262000,0.8393424561291456,81305000,-65114000.0,83036000.0,2594000.0,184857000,225103000,4615000.0,13157000.0,38562000.0,0.15393520366615038,25405000.0,0.1014139269005381,1836000.0,22626000.0,0.0903204688073834,-1445000.0,24071000.0,0.09608874766474523,0.21798900591362308,0.21267703943241356,110423000,113181000,https://www.sec.gov/Archives/edgar/data/701811/000119312511333150/0001193125-11-333150-index.html,https://www.sec.gov/Archives/edgar/data/701811/000119312511333150/d240256d10q.htm,1620594909,17:15:09,20210509
22,2011-07-31,MENT,USD,2011-09-08 00:00:00,2011-09-07 18:31:37,Q2,213740000,47998000,165742000,0.7754374473659587,69367000,-65018000.0,77278000.0,1993000.0,160898000,208896000,4634000.0,13779000.0,18623000.0,0.08712922241976233,4844000.0,0.022663048563675493,54000.0,739000.0,0.0034574716945822027,-3595000.0,4334000.0,0.020276972022082906,0.03908448163913138,0.03805359463351245,110888000,113892000,https://www.sec.gov/Archives/edgar/data/701811/000119312511242564/0001193125-11-242564-index.html,https://www.sec.gov/Archives/edgar/data/701811/000119312511242564/d10q.htm,1620594909,17:15:09,20210509
23,2011-04-30,MENT,USD,2011-06-07 00:00:00,2011-06-07 17:12:34,Q1,230035000,40539000,189496000,0.8237702958245484,69906000,-54531000.0,76404000.0,5140000.0,173323000,213862000,17440000.0,22411000.0,38584000.0,0.16773099745690873,16173000.0,0.07030669245984307,0.0,-1742000.0,-0.007572760666855044,611000.0,-2353000.0,-0.010228878214184799,-0.02105,-0.02105,111769000,111769000,https://www.sec.gov/Archives/edgar/data/701811/000119312511160406/0001193125-11-160406-index.html,https://www.sec.gov/Archives/edgar/data/701811/000119312511160406/d10q.htm,1620594909,17:15:09,20210509
24,2011-01-31,MENT,USD,2011-03-17,2011-03-17 17:17:44,Q4,307305000,40257000,267048000,0.8689998535656758,84947000,-58674000.0,89936000.0,3520000.0,209665000,249922000,5033000.0,13902000.0,71285000.0,0.23196824002212785,57383000.0,0.18672979613087975,-2116000.0,51595000.0,0.16789508794194694,996000.0,50599000.0,0.1646540082328631,0.4696267971005077,0.4605729057627366,107743000,109861000,https://www.sec.gov/Archives/edgar/data/701811/000119312511070158/0001193125-11-070158-index.htm,https://www.sec.gov/Archives/edgar/data/701811/000119312511070158/d10k.htm,1620594909,17:15:09,20210509
25,2010-10-31,MENT,USD,2010-12-07,2010-12-07 14:06:18,Q3,238937000,38962000,199975000,0.836936096125757,70727000,-59207000.0,82603000.0,2608000.0,179334000,218296000,4324000.0,13596000.0,34237000.0,0.1432888167173774,20641000.0,0.0863867881491774,0.0,16111000.0,0.0674278157003729,854000.0,15257000.0,0.0638536517994283,0.14267,0.14267,106942000,106942000,https://www.sec.gov/Archives/edgar/data/701811/000119312510275417/0001193125-10-275417-index.htm,https://www.sec.gov/Archives/edgar/data/701811/000119312510275417/d10q.htm,1620594909,17:15:09,20210509
26,2010-07-31,MENT,USD,2010-09-08,2010-09-08 15:11:58,Q2,243824000,52338000,191486000,0.785345167005709,129156000,-122438000.0,148286000.0,27203000.0,263558000,265585000,9054000.0,4792000.0,-10440000.0,-0.042817770194894675,-15232000.0,-0.0624712907671107,8511000.0,-15232000.0,-0.0624712907671107,1628000.0,-14247000.0,-0.05843149156768817,-0.13477,-0.13477,105717000,105717000,https://www.sec.gov/Archives/edgar/data/701811/000119312510206565/0001193125-10-206565-index.htm,https://www.sec.gov/Archives/edgar/data/701811/000119312510206565/d10q.htm,1620594909,17:15:09,20210509
27,2010-04-30,MENT,USD,2010-06-08,2010-06-08 13:56:45,Q1,180577000,29843000,150734000,0.8347353206665301,64132000,0.0,73652000.0,27944000.0,165728000,195571000,4327000.0,7837000.0,-12625000.0,-0.06991477319924465,-20462000.0,-0.11331454171904506,-1141000.0,-20462000.0,-0.11331454171904506,2563000.0,-23025000.0,-0.12750793290396895,-0.2219,-0.2219,103763000,103763000,https://www.sec.gov/Archives/edgar/data/701811/000119312510134730/0001193125-10-134730-index.htm,https://www.sec.gov/Archives/edgar/data/701811/000119312510134730/d10q.htm,1620594909,17:15:09,20210509
28,2010-01-31,MENT,USD,2010-03-17,2010-03-17 15:53:55,Q4,613531000,92400000,521131000,0.8493963630199615,191245000,0.0,230616000.0,93169000.0,515030000,607430000,13161000.0,7494000.0,18984000.0,0.030942201779535182,11490000.0,0.018727660053037255,76000.0,-6984000.0,-0.011383287886023689,-12129000.0,5145000.0,0.008385884331843053,0.05333,0.05333,96474000,96474000,https://www.sec.gov/Archives/edgar/data/701811/000119312510059520/0001193125-10-059520-index.htm,https://www.sec.gov/Archives/edgar/data/701811/000119312510059520/d10k.htm,1620594909,17:15:09,20210509
29,2009-10-31,MENT,USD,2009-12-07,2009-12-07 17:06:39,Q1,189196000,27469000,161727000,0.8548119410558362,64293000,0.0,73093000.0,31609000.0,168995000,196464000,4385000.0,23626000.0,10969000.0,0.05797691283113808,-12657000.0,-0.06689887735470094,-1004000.0,-12657000.0,-0.06689887735470094,14377000.0,-27034000.0,-0.14288885600118395,-0.27627,-0.27627,97854000,97854000,https://www.sec.gov/Archives/edgar/data/701811/000119312509248531/0001193125-09-248531-index.htm,https://www.sec.gov/Archives/edgar/data/701811/000119312509248531/d10q.htm,1620594909,17:15:09,20210509
30,2009-07-31,MENT,USD,2009-09-04,2009-09-04 15:25:49,Q1,182621000,32957000,149664000,0.8195333504909074,60843000,0.0,71430000.0,28888000.0,161161000,194118000,4723000.0,15447000.0,-1129000.0,-0.006182202484927801,-16576000.0,-0.0907672173517832,68000.0,-16576000.0,-0.0907672173517832,4690000.0,-21266000.0,-0.11644882023425565,-0.2242,-0.2242,94853000,94853000,https://www.sec.gov/Archives/edgar/data/701811/000119312509187726/0001193125-09-187726-index.htm,https://www.sec.gov/Archives/edgar/data/701811/000119312509187726/d10q.htm,1620594909,17:15:09,20210509
31,2009-04-30,MENT,USD,2009-06-09,2009-06-09 13:51:09,Q1,193775000,29040000,164735000,0.8501354663914333,62291000,0.0,76601000.0,31989000.0,170881000,199921000,4151000.0,8526000.0,-1673000.0,-0.008633724680686364,-10199000.0,-0.052633208618242805,388000.0,-10199000.0,-0.052633208618242805,2757000.0,-12956000.0,-0.06686105018707264,-0.13758,-0.13758,94168000,94168000,https://www.sec.gov/Archives/edgar/data/701811/000119312509127752/0001193125-09-127752-index.htm,https://www.sec.gov/Archives/edgar/data/701811/000119312509127752/d10q.htm,1620594909,17:15:09,20210509
32,2009-01-31,MENT,USD,2009-03-18,2009-03-18 15:15:17,Q4,242638000,31226000,211412000,0.8713062257354578,66572000,0.0,91338000.0,33146000.0,191056000,222282000,4674000.0,8103000.0,28459000.0,0.11728995458254685,20356000.0,0.083894526001698,245000.0,15495000.0,0.06386056594597714,-16174000.0,31537000.0,0.12997551908604588,0.34343,0.34343,91829000,91829000,https://www.sec.gov/Archives/edgar/data/701811/000119312509057612/0001193125-09-057612-index.htm,https://www.sec.gov/Archives/edgar/data/701811/000119312509057612/d10k.htm,1620594909,17:15:09,20210509
33,2008-10-31,MENT,USD,2008-12-05,2008-12-05 17:20:00,Q3,364059000,65588000,298471000,0.8198423881843327,129528000,0.0,153336000.0,71614000.0,354478000,420066000,8432000.0,7950000.0,-48057000.0,-0.13200332913071783,-56007000.0,-0.15384044893822155,4000.0,-60370000.0,-0.1658247701608805,42820000.0,-103147000.0,-0.28332495557038834,-1.12749,-1.12749,91484000,91484000,https://www.sec.gov/Archives/edgar/data/701811/000119312508248940/0001193125-08-248940-index.htm,https://www.sec.gov/Archives/edgar/data/701811/000119312508248940/d10q.htm,1620594909,17:15:09,20210509
34,2008-07-31,MENT,USD,2008-09-04,2008-09-04 16:22:31,Q1,182404000,30378000,152026000,0.8334575996140435,64251000,0.0,72799000.0,44883000.0,181933000,212311000,3798000.0,15447000.0,-14460000.0,-0.07927457731190106,-29907000.0,-0.1639602201706103,-273000.0,-33077000.0,-0.18133922501699523,-15796000.0,-17192000.0,-0.09425231902809149,-0.1882,-0.1882,91352000,91352000,https://www.sec.gov/Archives/edgar/data/701811/000119312508190247/0001193125-08-190247-index.htm,https://www.sec.gov/Archives/edgar/data/701811/000119312508190247/d10q.htm,1620594909,17:15:09,20210509
35,2008-04-30,MENT,USD,2008-06-04,2008-06-04 15:39:00,Q1,179207000,33862000,145345000,0.8110453274704671,65497000,0.0,76648000.0,34980000.0,177125000,210987000,4162000.0,7672000.0,-24108000.0,-0.13452599507831725,-31780000.0,-0.17733682278036014,-164000.0,-33567000.0,-0.18730853147477497,-6079000.0,-27488000.0,-0.15338686546842478,-0.3029,-0.3029,90750000,90750000,https://www.sec.gov/Archives/edgar/data/701811/000119312508128024/0001193125-08-128024-index.htm,https://www.sec.gov/Archives/edgar/data/701811/000119312508128024/d10q.htm,1620594909,17:15:09,20210509
36,2008-01-31,MENT,USD,2008-03-19,2008-03-19 17:15:51,Q4,693421000,98797000,594624000,0.857522342126933,185235000,0.0,234851000.0,91968000.0,512054000,610851000,15211000.0,7399000.0,89969000.0,0.12974657531283304,82570000.0,0.11907628987296318,-5358000.0,67558000.0,0.09742710416904017,29637000.0,37921000.0,0.054686835270348025,0.4304997388915378,0.4214334137206744,88086000,89981000,https://www.sec.gov/Archives/edgar/data/701811/000119312508060993/0001193125-08-060993-index.htm,https://www.sec.gov/Archives/edgar/data/701811/000119312508060993/d10k.htm,1620594909,17:15:09,20210509
37,2007-10-31,MENT,USD,2007-12-06,2007-12-06 12:15:25,Q1,186311000,31298000,155013000,0.8320120658468905,64034000,0.0,74580000.0,28002000.0,166616000,197914000,5053000.0,20358000.0,8755000.0,0.0469913209633355,-11603000.0,-0.06227758962165412,5026000.0,-11630000.0,-0.062422508601209806,-2480000.0,-9150000.0,-0.0491114319605391,-0.10211,-0.10211,89609000,89609000,https://www.sec.gov/Archives/edgar/data/701811/000119312507260267/0001193125-07-260267-index.htm,https://www.sec.gov/Archives/edgar/data/701811/000119312507260267/d10q.htm,1620594909,17:15:09,20210509
38,2007-07-31,MENT,USD,2007-09-07,2007-09-07 17:30:13,Q2,205740000,32753000,172987000,0.8408039272868669,65468000,0.0,75139000.0,30328000.0,170935000,203688000,4941000.0,6751000.0,8803000.0,0.0427870127345193,2052000.0,0.009973753280839895,5830000.0,2941000.0,0.014294740935160883,1034000.0,1907000.0,0.009268980266355595,0.02208172670534153,0.021498466810966812,86361000,88704000,https://www.sec.gov/Archives/edgar/data/701811/000119312507197609/0001193125-07-197609-index.htm,https://www.sec.gov/Archives/edgar/data/701811/000119312507197609/d10q.htm,1620594909,17:15:09,20210509
39,2007-04-30,MENT,USD,2007-06-08,2007-06-08 14:35:32,Q1,190463000,29713000,160750000,0.8439959467193103,59190000,0.0,72560000.0,28371000.0,160121000,189834000,5118000.0,6474000.0,7103000.0,0.037293332563280004,629000.0,0.003302478696649743,5541000.0,1052000.0,0.005523382494237726,762000.0,290000.0,0.0015226054404267495,0.003405434603912727,0.003292349261492002,85158000,88083000,https://www.sec.gov/Archives/edgar/data/701811/000119312507132475/0001193125-07-132475-index.htm,https://www.sec.gov/Archives/edgar/data/701811/000119312507132475/d10q.htm,1620594909,17:15:09,20210509
40,2006-12-31,MENT,USD,2007-02-28,2007-02-28 15:31:01,Q4,600948000,85723000,515225000,0.8573537144644795,166713000,0.0,220671000.0,82204000.0,469588000,555311000,22702000.0,6495000.0,52132000.0,0.0867496022950405,45637000.0,0.07594167881414032,10486000.0,33421000.0,0.05561379686761583,8747000.0,24674000.0,0.04105846096500862,0.3034820363332226,0.29790522185330515,81303000,82825000,https://www.sec.gov/Archives/edgar/data/701811/000119312507042509/0001193125-07-042509-index.htm,https://www.sec.gov/Archives/edgar/data/701811/000119312507042509/d10k.htm,1620594909,17:15:09,20210509
41,2006-09-30,MENT,USD,2006-11-08,2006-11-08 15:22:29,Q1,190635000,29022000,161613000,0.8477614289086474,60448000,0.0,72192000.0,24349000.0,156989000,186011000,6858000.0,18805000.0,23429000.0,0.12289978230650195,4624000.0,0.024255776746137908,6721000.0,4487000.0,0.023537125921263148,1957000.0,2530000.0,0.013271434941117844,0.030951419728165792,0.030355021776428667,81741000,83347000,https://www.sec.gov/Archives/edgar/data/701811/000119312506228241/0001193125-06-228241-index.htm,https://www.sec.gov/Archives/edgar/data/701811/000119312506228241/d10q.htm,1620594909,17:15:09,20210509
42,2006-06-30,MENT,USD,2006-08-08,2006-08-08 13:35:22,Q1,178433000,27780000,150653000,0.844311310127611,55293000,0.0,69334000.0,24914000.0,149541000,177321000,6758000.0,12670000.0,13782000.0,0.07723907573150707,1112000.0,0.006232031070485841,5403000.0,-243000.0,-0.001361855710546816,205000.0,-448000.0,-0.0025107463305554466,-0.00558,-0.00558,80348000,80348000,https://www.sec.gov/Archives/edgar/data/701811/000119312506165335/0001193125-06-165335-index.htm,https://www.sec.gov/Archives/edgar/data/701811/000119312506165335/d10q.htm,1620594909,17:15:09,20210509
43,2006-03-31,MENT,USD,2006-05-10,2006-05-10 13:05:31,Q1,176322000,27800000,148522000,0.8423339118204195,55063000,0.0,66971000.0,27461000.0,149495000,177295000,13707000.0,6097000.0,-4951000.0,-0.028079309445219542,-11048000.0,-0.06265809144633114,3632000.0,-11048000.0,-0.06265809144633114,0.0,-5860000.0,-0.03323465024217057,-0.07315,-0.07315,80108000,80108000,https://www.sec.gov/Archives/edgar/data/701811/000119312506107143/0001193125-06-107143-index.htm,https://www.sec.gov/Archives/edgar/data/701811/000119312506107143/d10q.htm,1620594909,17:15:09,20210509
44,2005-12-31,MENT,USD,2006-03-15,2006-03-15 14:28:36,Q4,540440000,84874000,455566000,0.8429538894234327,161113000,0.0,210218000.0,67700000.0,439031000,523905000,18035000.0,6226000.0,22761000.0,0.042115683517134184,16535000.0,0.03059544075197987,14325000.0,12825000.0,0.02373066390348605,7177000.0,5648000.0,0.010450743838353933,0.07183,0.07183,78633000,78633000,https://www.sec.gov/Archives/edgar/data/701811/000119312506054842/0001193125-06-054842-index.htm,https://www.sec.gov/Archives/edgar/data/701811/000119312506054842/d10k.htm,1620594909,17:15:09,20210509
45,2005-09-30,MENT,USD,2005-11-08,2005-11-08 14:01:11,Q1,164809000,25838000,138971000,0.843224581181853,51563000,0.0,64728000.0,20894000.0,137185000,163023000,5461000.0,18196000.0,19982000.0,0.12124337869897882,1786000.0,0.010836786825962175,4144000.0,469000.0,0.0028457183770303806,310000.0,159000.0,0.0009647531384815149,0.0020092247425285903,0.0019855888707119396,79135000,80077000,https://www.sec.gov/Archives/edgar/data/701811/000119312505219585/0001193125-05-219585-index.htm,https://www.sec.gov/Archives/edgar/data/701811/000119312505219585/d10q.htm,1620594909,17:15:09,20210509
46,2005-06-30,MENT,USD,2005-08-09,2005-08-09 13:56:04,Q1,154836000,27867000,126969000,0.8200224753933194,56193000,0.0,65324000.0,21738000.0,143255000,171122000,5638000.0,10069000.0,-6217000.0,-0.040152160996150765,-16286000.0,-0.1051822573561704,2842000.0,-19082000.0,-0.1232400733679506,-12239000.0,-6843000.0,-0.044195148415097266,-0.08755,-0.08755,78165000,78165000,https://www.sec.gov/Archives/edgar/data/701811/000119312505162294/0001193125-05-162294-index.htm,https://www.sec.gov/Archives/edgar/data/701811/000119312505162294/d10q.htm,1620594909,17:15:09,20210509
47,2005-03-31,MENT,USD,2005-05-10,2005-05-10 13:31:12,Q1,164334000,27356000,136978000,0.8335341438777125,51310000,0.0,67575000.0,21143000.0,140028000,167384000,5031000.0,6196000.0,3146000.0,0.019143938564143755,-3050000.0,-0.01855976243504083,3615000.0,-4466000.0,-0.02717636033930897,-80000.0,-4386000.0,-0.026689546898389864,-0.05623,-0.05623,78007000,78007000,https://www.sec.gov/Archives/edgar/data/701811/000119312505102379/0001193125-05-102379-index.htm,https://www.sec.gov/Archives/edgar/data/701811/000119312505102379/d10q.htm,1620594909,17:15:09,20210509
48,2004-12-31,MENT,USD,2005-03-16,2005-03-16 14:47:38,Q4,214949000,28621000,186328000,0.8668474847521971,-147695000,0.0,76126000.0,227105000.0,155536000,184157000,4838000.0,6051000.0,36843000.0,0.17140344919027303,30792000.0,0.14325258549702488,2689000.0,28643000.0,0.13325486510753715,12829000.0,15814000.0,0.07357094008346166,0.21848,0.21848,72381000,72381000,https://www.sec.gov/Archives/edgar/data/701811/000119312505052546/0001193125-05-052546-index.htm,https://www.sec.gov/Archives/edgar/data/701811/000119312505052546/d10k.htm,1620594909,17:15:09,20210509
49,2004-09-30,MENT,USD,2004-11-09,2004-11-09 13:34:59,Q3,326365000,52730000,273635000,0.8384324299480643,99373000,0.0,127010000.0,46177000.0,272560000,325290000,9210000.0,6582000.0,7657000.0,0.023461461860187213,1075000.0,0.0032938581036569487,3709000.0,-4426000.0,-0.013561503224916888,-858000.0,-3568000.0,-0.010932544850091156,-0.05022,-0.05022,71045000,71045000,https://www.sec.gov/Archives/edgar/data/701811/000119312504190919/0001193125-04-190919-index.htm,https://www.sec.gov/Archives/edgar/data/701811/000119312504190919/d10q.htm,1620594909,17:15:09,20210509
50,2004-06-30,MENT,USD,2004-08-06,2004-08-06 14:30:16,Q1,169642000,26206000,143436000,0.845521745794084,48322000,0.0,64045000.0,23761000.0,136128000,162334000,4571000.0,11785000.0,19093000.0,0.11254877919383172,7308000.0,0.04307895450419118,1990000.0,4727000.0,0.027864561841996677,37523000.0,-32796000.0,-0.19332476627250328,-0.46791,-0.46791,70090000,70090000,https://www.sec.gov/Archives/edgar/data/701811/000119312504134154/0001193125-04-134154-index.htm,https://www.sec.gov/Archives/edgar/data/701811/000119312504134154/d10q.htm,1620594909,17:15:09,20210509
51,2004-03-31,MENT,USD,2004-05-10,2004-05-10 11:58:52,Q1,164405000,27123000,137282000,0.8350232657157629,48383000,0.0,63706000.0,19344000.0,131433000,158556000,4455000.0,5888000.0,11737000.0,0.07139077278671574,5849000.0,0.03557677686201758,1230000.0,2624000.0,0.015960585140354613,446000.0,2178000.0,0.013247772269699826,0.03120209733106027,0.029932795514203647,69803000,72763000,https://www.sec.gov/Archives/edgar/data/701811/000119312504083271/0001193125-04-083271-index.htm,https://www.sec.gov/Archives/edgar/data/701811/000119312504083271/d10q.htm,1620594909,17:15:09,20210509
52,2003-12-31,MENT,USD,2004-03-12,2004-03-12 15:45:54,Q4,518717000,88089000,430628000,0.8301790764520923,138275000,0.0,187389000.0,71929000.0,397593000,485682000,12699000.0,5846000.0,38881000.0,0.07495609359245986,33035000.0,0.06368597905987272,3364000.0,23700000.0,0.04568965351048838,-6804000.0,20723000.0,0.03995049323619623,0.3061908983451537,0.2940934377838329,67680000,70464000,https://www.sec.gov/Archives/edgar/data/701811/000119312504040461/0001193125-04-040461-index.htm,https://www.sec.gov/Archives/edgar/data/701811/000119312504040461/d10k.htm,1620594909,17:15:09,20210509
53,2003-09-30,MENT,USD,2003-11-14,2003-11-14 13:07:03,Q1,156951000,28608000,128343000,0.8177265515989066,46522000,0.0,57781000.0,44182000.0,148485000,177093000,4525000.0,17300000.0,-2842000.0,-0.01810756223279877,-20142000.0,-0.12833304661964562,2096000.0,-22571000.0,-0.1438092143407815,0.0,-12790000.0,-0.08149040146287695,-0.1884,-0.1884,67886000,67886000,https://www.sec.gov/Archives/edgar/data/701811/000119312503081565/0001193125-03-081565-index.htm,https://www.sec.gov/Archives/edgar/data/701811/000119312503081565/d10q.htm,1620594909,17:15:09,20210509
54,2003-06-30,MENT,USD,2003-07-30,2003-07-30 17:02:21,Q1,157468000,27808000,129660000,0.8234053903015216,43965000,0.0,58708000.0,19891000.0,122564000,150372000,3929000.0,11533000.0,18629000.0,0.11830340132598369,7096000.0,0.04506312393629182,1925000.0,5092000.0,0.032336728732186855,1018000.0,4074000.0,0.02587192318439302,0.06045497039576192,0.05860015534650902,67389000,69522000,https://www.sec.gov/Archives/edgar/data/701811/000119312503026438/0001193125-03-026438-index.htm,https://www.sec.gov/Archives/edgar/data/701811/000119312503026438/d10q.htm,1620594909,17:15:09,20210509
55,2003-03-31,MENT,USD,2003-05-14,2003-05-14 12:19:18,Q1,159340000,27727000,131613000,0.8259884523660098,42876000,0.0,59189000.0,21491000.0,123556000,151283000,4045000.0,5792000.0,13849000.0,0.08691477344044182,8057000.0,0.05056482992343417,487000.0,4499000.0,0.028235220283670138,900000.0,3599000.0,0.02258692104932848,0.05344917205019678,0.052728737821405025,67335000,68255000,https://www.sec.gov/Archives/edgar/data/701811/000089843003002916/0000898430-03-002916-index.htm,https://www.sec.gov/Archives/edgar/data/701811/000089843003002916/d10q.htm,1620594909,17:15:09,20210509
56,2002-12-31,MENT,USD,2003-03-24,2003-03-24 17:28:48,Q4,180116000,29643000,150473000,0.8354227275755625,45188000,0.0,60505000.0,28996000.0,134689000,164332000,6986000.0,5757000.0,21541000.0,0.11959514979235604,15784000.0,0.08763241466610407,3987000.0,12785000.0,0.07098203380043971,-5875000.0,18660000.0,0.10359990228519399,0.28373,0.28373,65766000,65766000,https://www.sec.gov/Archives/edgar/data/701811/000103221003000400/0001032210-03-000400-index.htm,https://www.sec.gov/Archives/edgar/data/701811/000103221003000400/d10k.htm,1620594909,17:15:09,20210509
57,2002-09-30,MENT,USD,2002-11-14,2002-11-13 20:31:55,Q3,280654000,53815000,226839000,0.8082514412764471,78735000,0.0,104049000.0,41098000.0,223882000,277697000,4710000.0,5660000.0,8617000.0,0.030703285896513145,2957000.0,0.010536104954855444,5809000.0,4056000.0,0.014451958639463539,439000.0,3617000.0,0.012887755029324363,0.05519,0.05519,65535000,65535000,https://www.sec.gov/Archives/edgar/data/701811/000103221002001602/0001032210-02-001602-index.htm,https://www.sec.gov/Archives/edgar/data/701811/000103221002001602/d10q.htm,1620594909,17:15:09,20210509
58,2002-06-30,MENT,USD,2002-08-14,2002-08-14 13:17:23,Q1,135409000,33726000,101683000,0.7509323604782547,40305000,0.0,54409000.0,39536000.0,134250000,167976000,0.0,10009000.0,-22558000.0,-0.1665915854928402,-32567000.0,-0.24050838570552918,-2891000.0,-35458000.0,-0.26185851752837697,1133000.0,-36591000.0,-0.27022576047382374,-0.55863,-0.55863,65501000,65501000,https://www.sec.gov/Archives/edgar/data/701811/000103221002001268/0001032210-02-001268-index.htm,https://www.sec.gov/Archives/edgar/data/701811/000103221002001268/d10q.htm,1620594909,17:15:09,20210509
59,2002-03-31,MENT,USD,2002-05-15,2002-05-15 16:02:21,Q1,128004000,24871000,103133000,0.8057013843317397,35608000,0.0,47671000.0,21368000.0,104647000,129518000,0.0,4622000.0,3108000.0,0.024280491234648916,-1514000.0,-0.011827755382644292,3711000.0,2197000.0,0.017163526139808132,439000.0,1758000.0,0.013733945814193306,0.02695326873543481,0.025542672827129284,65224000,68826000,https://www.sec.gov/Archives/edgar/data/701811/000103221002000867/0001032210-02-000867-index.htm,https://www.sec.gov/Archives/edgar/data/701811/000103221002000867/d10q.htm,1620594909,17:15:09,20210509
60,2001-12-31,MENT,USD,2002-03-19,2002-03-19 00:00:00,Q4,469329000,85801000,383528000,0.8171836813834219,103618000,0.0,154216000.0,95824000.0,353658000,439459000,0.0,4065000.0,33935000.0,0.07230535509205696,29870000.0,0.06364405353174425,1461000.0,31331000.0,0.06675700840987879,6259000.0,25072000.0,0.05342094777863716,0.3890992612825129,0.37044369911792085,64436000,67681000,https://www.sec.gov/Archives/edgar/data/701811/000103221002000419/0001032210-02-000419-index.htm,https://www.sec.gov/Archives/edgar/data/701811/000103221002000419/d10k405.htm,1620594909,17:15:09,20210509
61,2001-09-30,MENT,USD,2001-11-13,2001-11-13 00:00:00,Q1,131042000,28872000,102170000,0.7796736924039621,34181000,0.0,44423000.0,15235000.0,93839000,122711000,0.0,13659000.0,21990000.0,0.16780879412707375,8331000.0,0.06357503701103463,-791000.0,7540000.0,0.05753880435280292,1508000.0,6032000.0,0.04603104348224234,0.09350343352296507,0.0905569734274133,64511000,66610000,https://www.sec.gov/Archives/edgar/data/701811/000102140801509930/0001021408-01-509930-index.htm,https://www.sec.gov/Archives/edgar/data/701811/000102140801509930/d10q.htm,1620594909,17:15:09,20210509
62,2001-06-30,MENT,USD,2001-08-13,2001-08-13 00:00:00,Q1,149492000,28785000,120707000,0.8074478901881037,35092000,0.0,0.0,68962000.0,104054000,132839000,0.0,8378000.0,25031000.0,0.1674403981483959,16653000.0,0.11139726540550665,225000.0,16878000.0,0.11290236266823643,3376000.0,13502000.0,0.09031921440612206,0.21,0.21,64295238,64295238,https://www.sec.gov/Archives/edgar/data/701811/000110465901501631/0001104659-01-501631-index.htm,https://www.sec.gov/Archives/edgar/data/701811/000110465901501631/j1255_10q.htm,1620594909,17:15:09,20210509
63,2001-03-31,MENT,USD,2001-05-15,2001-05-15 00:00:00,Q1,154502000,31831000,122671000,0.7939767769996505,32640000,0.0,52573000.0,17288000.0,102501000,134332000,0.0,4205000.0,24705000.0,0.15990084270753777,20500000.0,0.13268436654541688,330000.0,20500000.0,0.13268436654541688,4100000.0,16400000.0,0.1061474932363335,0.25452005897416,0.23881640260950607,64435000,68672000,https://www.sec.gov/Archives/edgar/data/701811/000110465901500653/0001104659-01-500653-index.htm,https://www.sec.gov/Archives/edgar/data/701811/000110465901500653/j0389_10q.htm,1620594909,17:15:09,20210509
