,date,symbol,reportedCurrency,fillingDate,acceptedDate,period,revenue,costOfRevenue,grossProfit,grossProfitRatio,researchAndDevelopmentExpenses,generalAndAdministrativeExpenses,sellingAndMarketingExpenses,otherExpenses,operatingExpenses,costAndExpenses,interestExpense,depreciationAndAmortization,ebitda,ebitdaratio,operatingIncome,operatingIncomeRatio,totalOtherIncomeExpensesNet,incomeBeforeTax,incomeBeforeTaxRatio,incomeTaxExpense,netIncome,netIncomeRatio,eps,epsdiluted,weightedAverageShsOut,weightedAverageShsOutDil,link,finalLink,timestamp,est_time,est_date
0,2020-12-31,CRVL,USD,2021-02-04,2021-02-04 16:30:54,Q3,141506000.0,110613000.0,30893000.0,0.21831583113083544,0.0,16937000.0,0.0,0.0,16937000.0,127550000.0,0.0,5907000.0,19863000.0,0.14036860627817901,13956000.0,0.09862479329498396,0.0,13956000.0,0.09862479329498396,2576000.0,11380000.0,0.08042061820700182,0.64,0.63,17899000,18180000,https://www.sec.gov/Archives/edgar/data/874866/000156459021004330/0001564590-21-004330-index.htm,https://www.sec.gov/Archives/edgar/data/874866/000156459021004330/crvl-10q_20201231.htm,1620590716,16:05:16,20210509
1,2020-09-30,CRVL,USD,2020-11-05,2020-11-05 16:32:38,Q2,136028000.0,105525000.0,30503000.0,0.22424059752403916,0.0,15560000.0,0.0,0.0,15560000.0,121085000.0,0.0,5815000.0,20758000.0,0.15260093510159672,14943000.0,0.10985238333284324,0.0,14943000.0,0.10985238333284324,3078000.0,11865000.0,0.08722468903461052,0.66,0.65,17937000,18174000,https://www.sec.gov/Archives/edgar/data/874866/000156459020051379/0001564590-20-051379-index.htm,https://www.sec.gov/Archives/edgar/data/874866/000156459020051379/crvl-10q_20200930.htm,1620590716,16:05:16,20210509
2,2020-06-30,CRVL,USD,2020-08-06,2020-08-06 16:30:47,Q1,129600000.0,103091000.0,26509000.0,0.20454475308641976,0.0,15585000.0,0.0,0.0,15585000.0,118676000.0,0.0,5828000.0,16752000.0,0.12925925925925927,10924000.0,0.08429012345679013,0.0,10924000.0,0.08429012345679013,2622000.0,8302000.0,0.06405864197530864,0.46165823277539897,0.45831953185381474,17983000,18114000,https://www.sec.gov/Archives/edgar/data/874866/000156459020037803/0001564590-20-037803-index.htm,https://www.sec.gov/Archives/edgar/data/874866/000156459020037803/crvl-10q_20200630.htm,1620590716,16:05:16,20210509
3,2020-03-31,CRVL,USD,2020-06-10,2020-06-10 17:18:38,Q4,147025000.0,116280000.0,30745000.0,0.2091140962421357,0.0,15920000.0,0.0,0.0,15920000.0,132200000.0,0.0,5698000.0,20523000.0,0.13958850535623193,14825000.0,0.10083319163407584,0.0,14825000.0,0.10083319163407584,3078000.0,11747000.0,0.07989797653460295,0.65,0.64,18074000,18325000,https://www.sec.gov/Archives/edgar/data/874866/000156459020028917/0001564590-20-028917-index.htm,https://www.sec.gov/Archives/edgar/data/874866/000156459020028917/crvl-10k_20200331.htm,1620590716,16:05:16,20210509
4,2019-12-31,CRVL,USD,2020-02-07,2020-02-07 16:31:33,Q3,148092000.0,118839000.0,29253000.0,0.19753261486103232,0.0,17000000.0,0.0,0.0,17000000.0,135839000.0,0.0,-932000.0,11321000.0,0.07644572292899009,12253000.0,0.08273910812197822,0.0,12253000.0,0.08273910812197822,2901000.0,9352000.0,0.06314993382491964,0.51,0.5,18253000,18526000,https://www.sec.gov/Archives/edgar/data/874866/000156459020003885/0001564590-20-003885-index.htm,https://www.sec.gov/Archives/edgar/data/874866/000156459020003885/crvl-10q_20191231.htm,1620590716,16:05:16,20210509
5,2019-09-30,CRVL,USD,2019-11-07,2019-11-07 16:31:33,Q2,146970000.0,114127000.0,32843000.0,0.22346737429407362,0.0,16593000.0,0.0,0.0,16593000.0,130720000.0,0.0,8783000.0,25033000.0,0.17032727767571612,16250000.0,0.11056678233653126,0.0,16250000.0,0.11056678233653126,3379000.0,12871000.0,0.08757569572021501,0.7,0.69,18452000,18771000,https://www.sec.gov/Archives/edgar/data/874866/000156459019041804/0001564590-19-041804-index.htm,https://www.sec.gov/Archives/edgar/data/874866/000156459019041804/crvl-10q_20190930.htm,1620590716,16:05:16,20210509
6,2019-06-30,CRVL,USD,2019-08-05,2019-08-05 16:31:33,Q1,150139000.0,117005000.0,33134000.0,0.22068882835239345,0.0,15752000.0,0.0,0.0,15752000.0,132757000.0,0.0,8967000.0,26349000.0,0.175497372434877,17382000.0,0.11577271728198536,0.0,17382000.0,0.11577271728198536,3975000.0,13407000.0,0.08929725121387515,0.72,0.71,18524000,18787000,https://www.sec.gov/Archives/edgar/data/874866/000156459019028793/0001564590-19-028793-index.htm,https://www.sec.gov/Archives/edgar/data/874866/000156459019022038/crvl-10k_20190331.htm,1620590716,16:05:16,20210509
7,2019-03-31,CRVL,USD,2019-06-07,2019-06-07 16:45:17,Q4,151084000.0,118472000.0,32612000.0,0.21585343252760053,0.0,16462000.0,0.0,0.0,16462000.0,134934000.0,0.0,5888000.0,22038000.0,0.14586587593656508,16150000.0,0.10689417807312489,0.0,16150000.0,0.10689417807312489,4312000.0,11838000.0,0.07835376346932832,0.6390628374001296,0.6390628374001296,18524000,18524000,https://www.sec.gov/Archives/edgar/data/874866/000156459019022038/0001564590-19-022038-index.htm,https://www.sec.gov/Archives/edgar/data/874866/000156459019022038/crvl-10k_20190331.htm,1620590716,16:05:16,20210509
8,2018-12-31,CRVL,USD,2019-02-07,2019-02-06 18:42:24,Q3,146082000.0,116728000.0,29354000.0,0.20094193672047206,0.0,15803000.0,0.0,0.0,15803000.0,132531000.0,0.0,5821000.0,19372000.0,0.13261045166413385,13551000.0,0.09276296874358238,0.0,13551000.0,0.09276296874358238,3253000.0,10298000.0,0.07049465368765488,0.55,0.54,18758000,18984000,https://www.sec.gov/Archives/edgar/data/874866/000156459019002193/0001564590-19-002193-index.htm,https://www.sec.gov/Archives/edgar/data/874866/000156459019002193/crvl-10q_20181231.htm,1620590716,16:05:16,20210509
9,2018-09-30,CRVL,USD,2018-11-02,2018-11-02 16:31:25,Q2,148176000.0,116686000.0,31490000.0,0.21251754670122017,0.0,15094000.0,0.0,0.0,15094000.0,131780000.0,0.0,5642000.0,22038000.0,0.1487285390346615,16396000.0,0.11065219738689126,0.0,16396000.0,0.11065219738689126,3607000.0,12789000.0,0.08630952380952381,0.68,0.67,18877000,19089000,https://www.sec.gov/Archives/edgar/data/874866/000156459018026507/0001564590-18-026507-index.htm,https://www.sec.gov/Archives/edgar/data/874866/000156459018026507/crvl-10q_20180930.htm,1620590716,16:05:16,20210509
10,2018-06-30,CRVL,USD,2018-08-03,2018-08-03 16:17:15,Q1,150398000.0,119045000.0,31353000.0,0.20846686791047753,0.0,15937000.0,0.0,0.0,15937000.0,134982000.0,0.0,5633000.0,21049000.0,0.139955318554768,15416000.0,0.10250136305004055,0.0,15416000.0,0.10250136305004055,3638000.0,11778000.0,0.07831221159855849,0.6224500581333897,0.6165846508219035,18922000,19102000,https://www.sec.gov/Archives/edgar/data/874866/000156459018019169/0001564590-18-019169-index.htm,https://www.sec.gov/Archives/edgar/data/874866/000156459018015318/crvl-10k_20180331.htm,1620590716,16:05:16,20210509
11,2018-03-31,CRVL,USD,2018-06-08,2018-06-08 17:08:23,Q4,143573000.0,116422000.0,27151000.0,0.18910937293223656,0.0,15556000.0,0.0,0.0,15556000.0,131978000.0,0.0,5762000.0,17357000.0,0.12089320415398438,11595000.0,0.08076031008615826,0.0,11595000.0,0.08076031008615826,2637000.0,8958000.0,0.06239334693849122,0.4744452094698374,0.46947224988208164,18881000,19081000,https://www.sec.gov/Archives/edgar/data/874866/000156459018015318/0001564590-18-015318-index.htm,https://www.sec.gov/Archives/edgar/data/874866/000156459018015318/crvl-10k_20180331.htm,1620590716,16:05:16,20210509
12,2017-12-31,CRVL,USD,2018-02-02,2018-02-02 17:13:23,Q3,140734000.0,115165000.0,25569000.0,0.18168317535208264,0.0,15496000.0,0.0,0.0,15496000.0,130661000.0,0.0,5473000.0,15546000.0,0.11046371168303323,10073000.0,0.07157474384299459,0.0,10073000.0,0.07157474384299459,504000.0,9569000.0,0.06799351968962725,0.51,0.5,18849000,19121000,https://www.sec.gov/Archives/edgar/data/874866/000156459018001264/0001564590-18-001264-index.htm,https://www.sec.gov/Archives/edgar/data/874866/000156459018001264/crvl-10q_20171231.htm,1620590716,16:05:16,20210509
13,2017-09-30,CRVL,USD,2017-11-14,2017-11-14 17:07:51,Q2,136431000.0,110679000.0,25752000.0,0.18875475515095544,0.0,13670000.0,0.0,0.0,13670000.0,124349000.0,0.0,5237000.0,17319000.0,0.12694329001473273,12082000.0,0.08855758588590569,0.0,12082000.0,0.08855758588590569,3689000.0,8393000.0,0.06151827663800749,0.45,0.44,18759000,18966000,https://www.sec.gov/Archives/edgar/data/874866/000156459017023820/0001564590-17-023820-index.htm,https://www.sec.gov/Archives/edgar/data/874866/000156459017023820/crvl-10q_20170930.htm,1620590716,16:05:16,20210509
14,2017-06-30,CRVL,USD,2017-08-04,2017-08-03 20:29:04,Q1,137612000.0,108829000.0,28783000.0,0.20916053832514606,0.0,14629000.0,0.0,0.0,14629000.0,123458000.0,0.0,5303000.0,19457000.0,0.14139028573089557,14154000.0,0.10285440223236346,0.0,14154000.0,0.10285440223236346,5379000.0,8775000.0,0.06376624131616429,0.47,0.46,18811000,19000000,https://www.sec.gov/Archives/edgar/data/874866/000156459017015481/0001564590-17-015481-index.htm,https://www.sec.gov/Archives/edgar/data/874866/000156459017012405/crvl-10k_20170331.htm,1620590716,16:05:16,20210509
15,2017-03-31,CRVL,USD,2017-06-09,2017-06-09 16:34:49,Q4,133605000.0,105884000.0,27721000.0,0.2074847498222372,0.0,15004000.0,0.0,0.0,15004000.0,120888000.0,0.0,5331000.0,18048000.0,0.13508476479173684,12717000.0,0.09518356348939036,0.0,12717000.0,0.09518356348939036,4730000.0,7987000.0,0.05978069683020845,0.41829894207604484,0.41506002182611856,19094000,19243000,https://www.sec.gov/Archives/edgar/data/874866/000156459017012405/0001564590-17-012405-index.htm,https://www.sec.gov/Archives/edgar/data/874866/000156459017012405/crvl-10k_20170331.htm,1620590716,16:05:16,20210509
16,2016-12-31,CRVL,USD,2017-02-03,2017-02-02 19:01:32,Q3,128403000.0,102826000.0,25577000.0,0.19919316526872424,0.0,14134000.0,0.0,0.0,14134000.0,116960000.0,0.0,5207000.0,16650000.0,0.12966986752645968,11443000.0,0.0891178555018185,0.0,11443000.0,0.0891178555018185,4394000.0,7049000.0,0.05489747124288373,0.362864202615052,0.36058110389278225,19426000,19549000,https://www.sec.gov/Archives/edgar/data/874866/000156459017000914/0001564590-17-000914-index.htm,https://www.sec.gov/Archives/edgar/data/874866/000156459017000914/crvl-10q_20161231.htm,1620590716,16:05:16,20210509
17,2016-09-30,CRVL,USD,2016-11-04,2016-11-03 18:01:36,Q2,128219000.0,102307000.0,25912000.0,0.20209173367441643,0.0,14644000.0,0.0,0.0,14644000.0,116951000.0,0.0,5359000.0,16627000.0,0.12967656899523472,11268000.0,0.08788089128756268,0.0,11268000.0,0.08788089128756268,4316000.0,6952000.0,0.05421973342484343,0.36,0.35,19581000,19733000,https://www.sec.gov/Archives/edgar/data/874866/000156459016027440/0001564590-16-027440-index.htm,https://www.sec.gov/Archives/edgar/data/874866/000156459016027440/crvl-10q_20160930.htm,1620590716,16:05:16,20210509
18,2016-06-30,CRVL,USD,2016-08-04,2016-08-04 16:21:05,Q1,128459000.0,102877000.0,25582000.0,0.1991452525708592,0.0,13461000.0,0.0,0.0,13461000.0,116338000.0,0.0,5051000.0,17172000.0,0.13367689301644883,12121000.0,0.09435695435897835,0.0,12121000.0,0.09435695435897835,4630000.0,7491000.0,0.058314325971710816,0.38274064990803186,0.3792143363369444,19572000,19754000,https://www.sec.gov/Archives/edgar/data/874866/000119312516671851/0001193125-16-671851-index.htm,https://www.sec.gov/Archives/edgar/data/874866/000119312516619107/d161413d10k.htm,1620590716,16:05:16,20210509
19,2016-03-31,CRVL,USD,2016-06-10,2016-06-10 16:22:40,Q4,128294000.0,101849000.0,26445000.0,0.20612811199276662,0.0,15812000.0,0.0,0.0,15812000.0,117661000.0,0.0,5044000.0,15677000.0,0.1221958938064134,10633000.0,0.0828799476203096,0.0,10633000.0,0.0828799476203096,3967000.0,6666000.0,0.05195878217219823,0.34043205147847405,0.33724577557421836,19581000,19766000,https://www.sec.gov/Archives/edgar/data/874866/000119312516619107/0001193125-16-619107-index.htm,https://www.sec.gov/Archives/edgar/data/874866/000119312516619107/d161413d10k.htm,1620590716,16:05:16,20210509
20,2015-12-31,CRVL,USD,2016-02-04,2016-02-03 18:27:22,Q3,123891000.0,98659000.0,25232000.0,0.20366289722417286,0.0,14501000.0,0.0,0.0,14501000.0,113160000.0,0.0,4992000.0,15723000.0,0.1269099450323268,10731000.0,0.08661646124415817,0.0,10731000.0,0.08661646124415817,4040000.0,6691000.0,0.054007151447643495,0.34011081177248004,0.3370441265363691,19673000,19852000,https://www.sec.gov/Archives/edgar/data/874866/000119312516449511/0001193125-16-449511-index.htm,https://www.sec.gov/Archives/edgar/data/874866/000119312516449511/d111541d10q.htm,1620590716,16:05:16,20210509
21,2015-09-30,CRVL,USD,2015-11-05,2015-11-05 06:12:25,Q2,124460000.0,97776000.0,26684000.0,0.21439820022497189,0.0,13209000.0,0.0,0.0,13209000.0,110985000.0,0.0,4971000.0,18446000.0,0.1482082596818255,13475000.0,0.10826771653543307,0.0,13475000.0,0.10826771653543307,5208000.0,8267000.0,0.06642294713160855,0.42,0.41,19902000,20063000,https://www.sec.gov/Archives/edgar/data/874866/000119312515367081/0001193125-15-367081-index.htm,https://www.sec.gov/Archives/edgar/data/874866/000119312515367081/d35245d10q.htm,1620590716,16:05:16,20210509
22,2015-06-30,CRVL,USD,2015-08-06,2015-08-05 18:30:23,Q1,126939000.0,100756000.0,26183000.0,0.2062644262204681,0.0,14962000.0,0.0,0.0,14962000.0,115718000.0,0.0,4945000.0,16166000.0,0.12735250789749408,11221000.0,0.08839678900889404,0.0,11221000.0,0.08839678900889404,4321000.0,6900000.0,0.054356817053860515,0.34244875676212216,0.3393164494713548,20149000,20335000,https://www.sec.gov/Archives/edgar/data/874866/000119312515279047/0001193125-15-279047-index.htm,https://www.sec.gov/Archives/edgar/data/874866/000119312515220604/d887326d10k.htm,1620590716,16:05:16,20210509
23,2015-03-31,CRVL,USD,2015-06-11,2015-06-11 16:26:42,Q4,122195000.0,99521000.0,22674000.0,0.1855558738082573,0.0,13616000.0,0.0,0.0,13616000.0,113137000.0,0.0,4733000.0,13791000.0,0.11286059167723721,9058000.0,0.0741274192888416,0.0,9058000.0,0.0741274192888416,3482000.0,5576000.0,0.04563198166864438,0.2743419434194342,0.27180112113087984,20325000,20515000,https://www.sec.gov/Archives/edgar/data/874866/000119312515220604/0001193125-15-220604-index.htm,https://www.sec.gov/Archives/edgar/data/874866/000119312515220604/d887326d10k.htm,1620590716,16:05:16,20210509
24,2014-12-31,CRVL,USD,2015-02-05,2015-02-05 16:22:18,Q3,122352000.0,98224000.0,24128000.0,0.19720151693474566,0.0,13834000.0,0.0,0.0,13834000.0,112058000.0,0.0,4544000.0,14838000.0,0.12127304825421734,10294000.0,0.08413430103308488,0.0,10294000.0,0.08413430103308488,3462000.0,6832000.0,0.055838891068392835,0.33166658575659014,0.3286827672471856,20599000,20786000,https://www.sec.gov/Archives/edgar/data/874866/000119312515035471/0001193125-15-035471-index.htm,https://www.sec.gov/Archives/edgar/data/874866/000119312515035471/d832802d10q.htm,1620590716,16:05:16,20210509
25,2014-09-30,CRVL,USD,2014-11-04,2014-11-04 16:22:27,Q2,123714000.0,98247000.0,25467000.0,0.20585382414278092,0.0,12749000.0,0.0,0.0,12749000.0,110996000.0,0.0,4601000.0,17319000.0,0.13999224016683642,12718000.0,0.10280162309843671,0.0,12718000.0,0.10280162309843671,4835000.0,7883000.0,0.0637195466964127,0.38,0.37,20819000,21050000,https://www.sec.gov/Archives/edgar/data/874866/000119312514396288/0001193125-14-396288-index.htm,https://www.sec.gov/Archives/edgar/data/874866/000119312514396288/d791693d10q.htm,1620590716,16:05:16,20210509
26,2014-06-30,CRVL,USD,2014-08-05,2014-08-05 16:14:25,Q1,124364000.0,96664000.0,27700000.0,0.2227332668617928,0.0,14205000.0,0.0,0.0,14205000.0,110869000.0,0.0,4117000.0,17612000.0,0.14161654498086262,13495000.0,0.10851210961371457,0.0,13495000.0,0.10851210961371457,5196000.0,8299000.0,0.066731530024766,0.4,0.39,20935000,21210000,https://www.sec.gov/Archives/edgar/data/874866/000119312514295778/0001193125-14-295778-index.htm,https://www.sec.gov/Archives/edgar/data/874866/000119312514234829/d712167d10k.htm,1620590716,16:05:16,20210509
27,2014-03-31,CRVL,USD,2014-06-12,2014-06-12 16:16:37,Q4,120246000.0,93709000.0,26537000.0,0.22068925369658865,0.0,13704000.0,0.0,0.0,13704000.0,107413000.0,0.0,4210000.0,17043000.0,0.14173444438900254,12833000.0,0.10672288475292317,0.0,12833000.0,0.10672288475292317,4500000.0,8333000.0,0.06929960248157943,0.4,0.39,20945000,21270000,https://www.sec.gov/Archives/edgar/data/874866/000119312514234829/0001193125-14-234829-index.htm,https://www.sec.gov/Archives/edgar/data/874866/000119312514234829/d712167d10k.htm,1620590716,16:05:16,20210509
28,2013-12-31,CRVL,USD,2014-02-07,2014-02-07 16:30:50,Q3,121098000.0,93392000.0,27706000.0,0.228789905696213,0.0,13204000.0,0.0,0.0,13204000.0,106596000.0,0.0,4082000.0,18584000.0,0.1534624849295612,14502000.0,0.11975424862508051,0.0,14502000.0,0.11975424862508051,5727000.0,8775000.0,0.0724619729475301,0.42,0.41,20936000,21256000,https://www.sec.gov/Archives/edgar/data/874866/000119312514040788/0001193125-14-040788-index.htm,https://www.sec.gov/Archives/edgar/data/874866/000119312514040788/d660637d10q.htm,1620590716,16:05:16,20210509
29,2013-09-30,CRVL,USD,2013-11-08,2013-11-08 16:41:39,Q2,119359000.0,92039000.0,27320000.0,0.22888931710218752,0.0,12224000.0,0.0,0.0,12224000.0,104263000.0,0.0,4107000.0,19203000.0,0.16088439078745634,15096000.0,0.12647559044563042,0.0,15096000.0,0.12647559044563042,6421000.0,8675000.0,0.07267989845759432,0.4103983347525783,0.40580998269167795,21138000,21377000,https://www.sec.gov/Archives/edgar/data/874866/000119312513435362/0001193125-13-435362-index.htm,https://www.sec.gov/Archives/edgar/data/874866/000119312513435362/d605881d10q.htm,1620590716,16:05:16,20210509
30,2013-06-30,CRVL,USD,2013-08-05,2013-08-05 17:13:08,Q1,118113000.0,91195000.0,26918000.0,0.22790040046396248,0.0,12842000.0,0.0,0.0,12842000.0,104037000.0,0.0,4012000.0,18088000.0,0.15314148315596082,14076000.0,0.11917401132813492,0.0,14076000.0,0.11917401132813492,5467000.0,8609000.0,0.0728878277581638,0.4023649280239297,0.39886026686434395,21396000,21584000,https://www.sec.gov/Archives/edgar/data/874866/000119312513319330/0001193125-13-319330-index.htm,https://www.sec.gov/Archives/edgar/data/874866/000119312513253579/d524348d10k.htm,1620590716,16:05:16,20210509
31,2013-03-31,CRVL,USD,2013-06-10,2013-06-10 17:20:10,Q4,111959000.0,88050000.0,23909000.0,0.21355138934788628,0.0,11899000.0,0.0,0.0,11899000.0,99949000.0,0.0,3885000.0,15895000.0,0.14197161460891933,12010000.0,0.1072714118561259,0.0,12010000.0,0.1072714118561259,4430000.0,7580000.0,0.06770335569270894,0.3506012950971323,0.34764263437901305,21620000,21804000,https://www.sec.gov/Archives/edgar/data/874866/000119312513253579/0001193125-13-253579-index.htm,https://www.sec.gov/Archives/edgar/data/874866/000119312513253579/d524348d10k.htm,1620590716,16:05:16,20210509
32,2012-12-31,CRVL,USD,2013-02-08,2013-02-08 16:33:18,Q3,107287000.0,85553000.0,21734000.0,0.20257813155368312,0.0,11710000.0,0.0,0.0,11710000.0,97263000.0,0.0,3910000.0,13934000.0,0.12987594023507043,10024000.0,0.09343163663817611,0.0,10024000.0,0.09343163663817611,4100000.0,5924000.0,0.055216382227110464,0.26643878744265537,0.264157674128244,22234000,22426000,https://www.sec.gov/Archives/edgar/data/874866/000119312513046220/0001193125-13-046220-index.htm,https://www.sec.gov/Archives/edgar/data/874866/000119312513046220/d456198d10q.htm,1620590716,16:05:16,20210509
33,2012-09-30,CRVL,USD,2012-11-07,2012-11-07 17:26:03,Q2,105458000.0,82622000.0,22836000.0,0.21654118227161523,0.0,11981000.0,0.0,0.0,11981000.0,94603000.0,0.0,3585000.0,14440000.0,0.13692654895787898,10855000.0,0.10293197291812854,0.0,10855000.0,0.10293197291812854,4225000.0,6630000.0,0.06286863016556354,0.295,0.29,22540000,22752000,https://www.sec.gov/Archives/edgar/data/874866/000119312512457821/0001193125-12-457821-index.htm,https://www.sec.gov/Archives/edgar/data/874866/000119312512457821/d398293d10q.htm,1620590716,16:05:16,20210509
34,2012-06-30,CRVL,USD,2012-08-07,2012-08-07 12:15:06,Q1,104606000.0,81425000.0,23181000.0,0.22160296732501003,0.0,12174000.0,0.0,0.0,12174000.0,93599000.0,0.0,4359000.0,15366000.0,0.14689405961417126,11007000.0,0.10522340974705084,0.0,11007000.0,0.10522340974705084,4411000.0,6596000.0,0.06305565646330039,0.2915230266065588,0.2886399439873972,22626000,22852000,https://www.sec.gov/Archives/edgar/data/874866/000119312512340043/0001193125-12-340043-index.htm,https://www.sec.gov/Archives/edgar/data/874866/000119312512265393/d310786d10k.htm,1620590716,16:05:16,20210509
35,2012-03-31,CRVL,USD,2012-06-08,2012-06-08 17:25:19,Q4,104427000.0,82967000.0,21460000.0,0.20550240838097428,0.0,13187000.0,0.0,0.0,13187000.0,96154000.0,0.0,4110000.0,12383000.0,0.11858044375496758,8273000.0,0.07922280636233925,0.0,8273000.0,0.07922280636233925,3200000.0,5073000.0,0.04857939038754345,0.22421108459294617,0.22421108459294617,22626000,22626000,https://www.sec.gov/Archives/edgar/data/874866/000119312512265393/0001193125-12-265393-index.htm,https://www.sec.gov/Archives/edgar/data/874866/000119312512265393/d310786d10k.htm,1620590716,16:05:16,20210509
36,2011-12-31,CRVL,USD,2012-02-06,2012-02-03 19:35:36,Q3,101381000.0,80155000.0,21226000.0,0.20936861936654796,0.0,12332000.0,0.0,0.0,12332000.0,92487000.0,0.0,3626000.0,12520000.0,0.12349454039711583,8894000.0,0.08772846983162526,0.0,8894000.0,0.08772846983162526,3494000.0,5400000.0,0.05326441838214261,0.2364066193853428,0.2332814930015552,22842000,23148000,https://www.sec.gov/Archives/edgar/data/874866/000119312512039269/0001193125-12-039269-index.htm,https://www.sec.gov/Archives/edgar/data/874866/000119312512039269/d285792d10q.htm,1620590716,16:05:16,20210509
37,2011-09-30,CRVL,USD,2011-11-04,2011-11-04 16:22:02,Q2,104552000.0,78940000.0,25612000.0,0.24496901063585586,0.0,12592000.0,0.0,0.0,12592000.0,91532000.0,0.0,3591000.0,16611000.0,0.15887787895018746,13020000.0,0.12453133369041243,0.0,13020000.0,0.12453133369041243,5139000.0,7881000.0,0.07537875889509527,0.3418792295679334,0.33760281014393423,23052000,23344000,https://www.sec.gov/Archives/edgar/data/874866/000119312511297422/0001193125-11-297422-index.htm,https://www.sec.gov/Archives/edgar/data/874866/000119312511297422/d247916d10q.htm,1620590716,16:05:16,20210509
38,2011-06-30,CRVL,USD,2011-08-05,2011-08-05 17:17:52,Q1,102307000.0,76764000.0,25543000.0,0.24967011054962027,0.0,12294000.0,0.0,0.0,12294000.0,89058000.0,0.0,3396000.0,16645000.0,0.16269658967617073,13249000.0,0.12950238009129386,0.0,13249000.0,0.12950238009129386,5051000.0,8198000.0,0.0801313693100179,0.355,0.35,23234000,23574000,https://www.sec.gov/Archives/edgar/data/874866/000095012311073793/0000950123-11-073793-index.htm,https://www.sec.gov/Archives/edgar/data/874866/000095012311058355/a59608e10vk.htm,1620590716,16:05:16,20210509
39,2011-03-31,CRVL,USD,2011-06-10,2011-06-10 16:53:03,Q4,100491000.0,74784000.0,25707000.0,0.2558139534883721,0.0,21085000.0,0.0,0.0,21085000.0,95869000.0,0.0,3224000.0,7846000.0,0.07807664367953349,4622000.0,0.045994168632016795,0.0,4622000.0,0.045994168632016795,1976000.0,2646000.0,0.026330716183538824,0.11388482396487906,0.11388482396487906,23234000,23234000,https://www.sec.gov/Archives/edgar/data/874866/000095012311058355/0000950123-11-058355-index.htm,https://www.sec.gov/Archives/edgar/data/874866/000095012311058355/a59608e10vk.htm,1620590716,16:05:16,20210509
40,2010-12-31,CRVL,USD,2011-02-04,2011-02-04 17:11:34,Q3,95282000.0,71461000.0,23821000.0,0.25000524758086523,0.0,12425000.0,0.0,0.0,12425000.0,83886000.0,0.0,3078000.0,14474000.0,0.15190697088642136,11396000.0,0.11960286308012007,0.0,11396000.0,0.11960286308012007,4672000.0,6724000.0,0.0705694674754938,0.285,0.28,23498000,23968000,https://www.sec.gov/Archives/edgar/data/874866/000095012311009307/0000950123-11-009307-index.htm,https://www.sec.gov/Archives/edgar/data/874866/000095012311009307/a58536e10vq.htm,1620590716,16:05:16,20210509
41,2010-09-30,CRVL,USD,2010-11-08,2010-11-05 19:03:20,Q2,93392000.0,70153000.0,23239000.0,0.24883287647764263,0.0,14171000.0,0.0,0.0,14171000.0,84324000.0,0.0,3086000.0,12154000.0,0.13013962652047284,9068000.0,0.09709611101593284,0.0,9068000.0,0.09709611101593284,1535000.0,7533000.0,0.08066001370567072,0.32,0.31,23722000,24208000,https://www.sec.gov/Archives/edgar/data/874866/000095012310101888/0000950123-10-101888-index.htm,https://www.sec.gov/Archives/edgar/data/874866/000095012310101888/a57738e10vq.htm,1620590716,16:05:16,20210509
42,2010-06-30,CRVL,USD,2010-08-06,2010-08-06 16:32:11,Q1,91503000.0,67700000.0,23803000.0,0.2601335475339606,0.0,11486000.0,0.0,0.0,11486000.0,79186000.0,0.0,2861000.0,15178000.0,0.16587434291771855,12317000.0,0.1346076084937106,0.0,12317000.0,0.1346076084937106,4557000.0,7760000.0,0.08480596264603346,0.325,0.32,23914000,24374000,https://www.sec.gov/Archives/edgar/data/874866/000095012310074353/0000950123-10-074353-index.htm,https://www.sec.gov/Archives/edgar/data/874866/000095012310057644/a56457e10vk.htm,1620590716,16:05:16,20210509
43,2010-03-31,CRVL,USD,2010-06-11,2010-06-11 17:05:36,Q4,87611000.0,65827000.0,21784000.0,0.24864457659426328,0.0,10687000.0,0.0,0.0,10687000.0,76514000.0,0.0,3217000.0,14314000.0,0.1633813105660248,11097000.0,0.12666217712387715,0.0,11097000.0,0.12666217712387715,4480000.0,6617000.0,0.07552704569060963,0.2766998410972652,0.2766998410972652,23914000,23914000,https://www.sec.gov/Archives/edgar/data/874866/000095012310057644/0000950123-10-057644-index.htm,https://www.sec.gov/Archives/edgar/data/874866/000095012310057644/a56457e10vk.htm,1620590716,16:05:16,20210509
44,2009-12-31,CRVL,USD,2010-02-05,2010-02-05 16:20:36,Q3,86629000.0,64823000.0,21806000.0,0.25171709242863244,0.0,10713000.0,0.0,0.0,10713000.0,75536000.0,0.0,2850000.0,13943000.0,0.16095072089023307,11093000.0,0.12805180713156103,0.0,11093000.0,0.12805180713156103,4418000.0,6675000.0,0.07705271906636346,0.275,0.27,24474000,24852000,https://www.sec.gov/Archives/edgar/data/874866/000095012310009254/0000950123-10-009254-index.htm,https://www.sec.gov/Archives/edgar/data/874866/000095012310009254/a55068e10vq.htm,1620590716,16:05:16,20210509
45,2009-09-30,CRVL,USD,2009-11-09,2009-11-06 18:13:29,Q2,82416000.0,61609000.0,20807000.0,0.25246311395845467,0.0,10206000.0,0.0,0.0,10206000.0,71815000.0,0.0,2977000.0,13578000.0,0.16474956319161327,10601000.0,0.12862793632304406,0.0,10601000.0,0.12862793632304406,4201000.0,6400000.0,0.07765482430596,0.2508230130114438,0.2476780185758514,25516000,25840000,https://www.sec.gov/Archives/edgar/data/874866/000095012309059497/0000950123-09-059497-index.htm,https://www.sec.gov/Archives/edgar/data/874866/000095012309059497/a54278e10vq.htm,1620590716,16:05:16,20210509
46,2009-06-30,CRVL,USD,2009-08-07,2009-08-07 17:04:59,Q1,81312000.0,60170000.0,21142000.0,0.2600108225108225,0.0,10450000.0,0.0,0.0,10450000.0,70620000.0,0.0,2944000.0,13636000.0,0.16769972451790632,10692000.0,0.1314935064935065,0.0,10692000.0,0.1314935064935065,4288000.0,6404000.0,0.07875836284927194,0.25,0.245,25850000,26112000,https://www.sec.gov/Archives/edgar/data/874866/000095012309032209/0000950123-09-032209-index.htm,https://www.sec.gov/Archives/edgar/data/874866/000095012309013720/a52868e10vk.htm,1620590716,16:05:16,20210509
47,2009-03-31,CRVL,USD,2009-06-12,2009-06-12 16:31:30,Q4,77058000.0,59770000.0,17288000.0,0.22435048924186976,0.0,10308000.0,0.0,0.0,10308000.0,70078000.0,0.0,2926000.0,9906000.0,0.12855251888188118,6980000.0,0.09058112071426717,0.0,6980000.0,0.09058112071426717,2738000.0,4242000.0,0.05504944327649303,0.16410058027079305,0.16410058027079305,25850000,25850000,https://www.sec.gov/Archives/edgar/data/874866/000095012309013720/0000950123-09-013720-index.htm,https://www.sec.gov/Archives/edgar/data/874866/000095012309013720/a52868e10vk.htm,1620590716,16:05:16,20210509
48,2008-12-31,CRVL,USD,2009-02-09,2009-02-06 19:50:09,Q3,76962000.0,59300000.0,17662000.0,0.22948987812167043,0.0,10296000.0,0.0,0.0,10296000.0,69596000.0,0.0,2943000.0,10309000.0,0.13394922169382292,7366000.0,0.09570957095709572,0.0,7366000.0,0.09570957095709572,2862000.0,4504000.0,0.05852238767183805,0.1691198558125563,0.16757199196368777,26632000,26878000,https://www.sec.gov/Archives/edgar/data/874866/000089256909000060/0000892569-09-000060-index.htm,https://www.sec.gov/Archives/edgar/data/874866/000089256909000060/a51282e10vq.htm,1620590716,16:05:16,20210509
49,2008-09-30,CRVL,USD,2008-11-10,2008-11-07 17:59:45,Q2,77855000.0,58996000.0,18859000.0,0.24223235501894547,0.0,10722000.0,0.0,0.0,10722000.0,69718000.0,0.0,2939000.0,11076000.0,0.14226446599447692,8137000.0,0.10451480315971999,0.0,8137000.0,0.10451480315971999,3173000.0,4964000.0,0.0637595530152206,0.18032548677709967,0.17779369627507163,27528000,27920000,https://www.sec.gov/Archives/edgar/data/874866/000095013408019905/0000950134-08-019905-index.htm,https://www.sec.gov/Archives/edgar/data/874866/000095013408019905/a50456e10vq.htm,1620590716,16:05:16,20210509
50,2008-06-30,CRVL,USD,2008-08-08,2008-08-08 15:32:30,Q1,78201000.0,58268000.0,19933000.0,0.2548944386900423,0.0,10807000.0,0.0,0.0,10807000.0,69075000.0,0.0,2970000.0,12096000.0,0.15467832892162503,9126000.0,0.11669927494533318,0.0,9126000.0,0.11669927494533318,3559000.0,5567000.0,0.07118834797508983,0.20146931094383325,0.19818440726237094,27632000,28090000,https://www.sec.gov/Archives/edgar/data/874866/000089256908001097/0000892569-08-001097-index.htm,https://www.sec.gov/Archives/edgar/data/874866/000095013408011259/a41514e10vk.htm,1620590716,16:05:16,20210509
51,2008-03-31,CRVL,USD,2008-06-16,2008-06-13 20:38:32,Q4,77368000.0,56538000.0,20830000.0,0.2692327577292938,0.0,10661000.0,0.0,0.0,10661000.0,67199000.0,0.0,3082000.0,13251000.0,0.1712723606659084,10169000.0,0.13143676972391685,0.0,10169000.0,0.13143676972391685,3965000.0,6204000.0,0.08018819150036191,0.22452229299363058,0.22452229299363058,27632000,27632000,https://www.sec.gov/Archives/edgar/data/874866/000095013408011259/0000950134-08-011259-index.htm,https://www.sec.gov/Archives/edgar/data/874866/000095013408011259/a41514e10vk.htm,1620590716,16:05:16,20210509
52,2007-12-31,CRVL,USD,2008-02-08,2008-02-08 17:12:08,Q3,76679000.0,56279000.0,20400000.0,0.26604415811369475,0.0,10584000.0,0.0,0.0,10584000.0,66863000.0,0.0,3041000.0,12857000.0,0.16767302651312616,9816000.0,0.12801418902176606,0.0,9816000.0,0.12801418902176606,3829000.0,5987000.0,0.07807874385424954,0.2167161369724173,0.21437267258665138,27626000,27928000,https://www.sec.gov/Archives/edgar/data/874866/000089256908000109/0000892569-08-000109-index.htm,https://www.sec.gov/Archives/edgar/data/874866/000089256908000109/a37835e10vq.htm,1620590716,16:05:16,20210509
53,2007-09-30,CRVL,USD,2007-11-08,2007-11-08 17:08:58,Q2,73510000.0,54856000.0,18654000.0,0.253761393007754,0.0,9398000.0,0.0,0.0,9398000.0,64254000.0,0.0,3035000.0,12291000.0,0.16720174125969256,9256000.0,0.1259148415181608,0.0,9256000.0,0.1259148415181608,3624000.0,5632000.0,0.07661542647258876,0.205,0.2,27778000,28124000,https://www.sec.gov/Archives/edgar/data/874866/000089256907001390/0000892569-07-001390-index.htm,https://www.sec.gov/Archives/edgar/data/874866/000089256907001390/a35407e10vq.htm,1620590716,16:05:16,20210509
54,2007-06-30,CRVL,USD,2007-08-09,2007-08-09 15:49:35,Q1,74337000.0,56156000.0,18181000.0,0.2445753796897911,0.0,9077000.0,0.0,0.0,9077000.0,65233000.0,0.0,2610000.0,11714000.0,0.15757967095793482,9104000.0,0.12246929523655783,0.0,9104000.0,0.12246929523655783,3543000.0,5561000.0,0.07480796911363116,0.2,0.195,27928000,28318000,https://www.sec.gov/Archives/edgar/data/874866/000095013707011798/0000950137-07-011798-index.htm,https://www.sec.gov/Archives/edgar/data/874866/000089256907000796/a31184e10vk.htm,1620590716,16:05:16,20210509
55,2007-03-31,CRVL,USD,2007-06-14,2007-06-14 16:49:30,Q4,70910000.0,53330000.0,17580000.0,0.2479198984628402,0.0,8911000.0,0.0,0.0,8911000.0,62241000.0,0.0,2507000.0,11176000.0,0.15760823579184882,8669000.0,0.12225356085178395,0.0,8669000.0,0.12225356085178395,3381000.0,5288000.0,0.07457340290509096,0.18934402749928386,0.18934402749928386,27928000,27928000,https://www.sec.gov/Archives/edgar/data/874866/000089256907000796/0000892569-07-000796-index.htm,https://www.sec.gov/Archives/edgar/data/874866/000089256907000796/a31184e10vk.htm,1620590716,16:05:16,20210509
56,2006-12-31,CRVL,USD,2007-02-09,2007-02-09 14:25:25,Q3,66580000.0,51048000.0,15532000.0,0.23328326824872334,0.0,9263000.0,0.0,0.0,9263000.0,60311000.0,0.0,2469000.0,8738000.0,0.13124061279663563,6269000.0,0.09415740462601382,0.0,6269000.0,0.09415740462601382,2444000.0,3825000.0,0.05744968458996696,0.13635391415941822,0.13310829621380846,28052000,28736000,https://www.sec.gov/Archives/edgar/data/874866/000095013707001842/0000950137-07-001842-index.htm,https://www.sec.gov/Archives/edgar/data/874866/000095013707001842/a27237e10vq.htm,1620590716,16:05:16,20210509
57,2006-09-30,CRVL,USD,2006-11-09,2006-11-09 16:32:29,Q2,67329000.0,50933000.0,16396000.0,0.24352062261432667,0.0,8489000.0,0.0,0.0,8489000.0,59422000.0,0.0,2559000.0,10466000.0,0.15544564749216533,7907000.0,0.11743825097654799,0.0,7907000.0,0.11743825097654799,3084000.0,4823000.0,0.07163332293662464,0.17075588599752167,0.16947782697308314,28245000,28458000,https://www.sec.gov/Archives/edgar/data/874866/000089256906001354/0000892569-06-001354-index.htm,https://www.sec.gov/Archives/edgar/data/874866/000089256906001354/a25057e10vq.htm,1620590716,16:05:16,20210509
58,2006-06-30,CRVL,USD,2006-08-14,2006-08-11 21:00:26,Q1,69762000.0,53435000.0,16327000.0,0.2340385883432241,0.0,8720000.0,0.0,0.0,8720000.0,62155000.0,0.0,2587000.0,10194000.0,0.14612539778102693,7607000.0,0.10904217195607924,0.0,7607000.0,0.10904217195607924,2967000.0,4640000.0,0.06651185459132479,0.164241973735443,0.1637377373138542,28251000,28338000,https://www.sec.gov/Archives/edgar/data/874866/000095013706009113/0000950137-06-009113-index.htm,https://www.sec.gov/Archives/edgar/data/874866/000089256906000828/a21362e10vk.htm,1620590716,16:05:16,20210509
59,2006-03-31,CRVL,USD,2006-06-30,2006-06-30 16:04:14,Q4,66421000.0,53902000.0,12519000.0,0.1884795471311784,0.0,7535000.0,0.0,0.0,7535000.0,61437000.0,0.0,2655000.0,7639000.0,0.11500880745547341,4984000.0,0.07503650953764622,0.0,4984000.0,0.07503650953764622,1917000.0,3067000.0,0.04617515544782524,0.1085625287600439,0.1085625287600439,28251000,28251000,https://www.sec.gov/Archives/edgar/data/874866/000089256906000828/0000892569-06-000828-index.htm,https://www.sec.gov/Archives/edgar/data/874866/000089256906000828/a21362e10vk.htm,1620590716,16:05:16,20210509
60,2005-12-31,CRVL,USD,2006-02-09,2006-02-09 16:55:25,Q3,63073000.0,53025000.0,10048000.0,0.1593074691230796,0.0,7341000.0,0.0,0.0,7341000.0,60366000.0,0.0,2584000.0,5291000.0,0.08388692467458342,2707000.0,0.042918522981307376,0.0,2707000.0,0.042918522981307376,1042000.0,1665000.0,0.026397983289204573,0.05823103556814605,0.05809693290065948,28593000,28659000,https://www.sec.gov/Archives/edgar/data/874866/000095013706001577/0000950137-06-001577-index.htm,https://www.sec.gov/Archives/edgar/data/874866/000095013706001577/a17207e10vq.htm,1620590716,16:05:16,20210509
61,2005-09-30,CRVL,USD,2005-11-09,2005-11-09 16:41:59,Q2,66343000.0,55470000.0,10873000.0,0.16389068929653466,0.0,7280000.0,0.0,0.0,7280000.0,62750000.0,0.0,2846000.0,6439000.0,0.09705620788930257,3593000.0,0.05415793678308186,0.0,3593000.0,0.05415793678308186,1382000.0,2211000.0,0.0333268016218742,0.0747616149320349,0.07436182019977802,29574000,29733000,https://www.sec.gov/Archives/edgar/data/874866/000095013705013576/0000950137-05-013576-index.htm,https://www.sec.gov/Archives/edgar/data/874866/000095013705013576/a14410e10vq.htm,1620590716,16:05:16,20210509
62,2005-06-30,CRVL,USD,2005-08-15,2005-08-12 19:54:17,Q1,70667000.0,58663000.0,12004000.0,0.16986712326828646,0.0,7434000.0,0.0,0.0,7434000.0,66097000.0,0.0,2855000.0,7425000.0,0.1050702591025514,4570000.0,0.0646695062759138,0.0,4570000.0,0.0646695062759138,1760000.0,2810000.0,0.039763963377531235,0.09404283801874164,0.09347970725216234,29880000,30060000,https://www.sec.gov/Archives/edgar/data/874866/000095013405015922/0000950134-05-015922-index.htm,https://www.sec.gov/Archives/edgar/data/874866/000089256905000572/a08066e10vk.htm,1620590716,16:05:16,20210509
63,2005-03-31,CRVL,USD,2005-08-02,2005-08-02 17:01:49,Q4,72800000.0,61648000.0,11152000.0,0.15318681318681318,0.0,7170000.0,0.0,0.0,7170000.0,68818000.0,0.0,2833000.0,6815000.0,0.09361263736263736,3982000.0,0.054697802197802195,0.0,3982000.0,0.054697802197802195,1534000.0,2448000.0,0.03362637362637363,0.0819277108433735,0.0819277108433735,29880000,29880000,https://www.sec.gov/Archives/edgar/data/874866/000089256905000572/0000892569-05-000572-index.htm,https://www.sec.gov/Archives/edgar/data/874866/000089256905000572/a08066e10vk.htm,1620590716,16:05:16,20210509
64,2004-12-31,CRVL,USD,2005-02-09,2005-02-09 15:09:02,Q3,69788000.0,60884000.0,8904000.0,0.12758640453946238,0.0,6855000.0,0.0,0.0,6855000.0,67739000.0,0.0,2807000.0,4856000.0,0.06958216312259988,2049000.0,0.029360348483980055,0.0,2049000.0,0.029360348483980055,788000.0,1261000.0,0.01806900899868172,0.04043610710277377,0.03999365683476055,31185000,31530000,https://www.sec.gov/Archives/edgar/data/874866/000095013705001424/0000950137-05-001424-index.htm,https://www.sec.gov/Archives/edgar/data/874866/000095013705001424/a05558e10vq.htm,1620590716,16:05:16,20210509
65,2004-09-30,CRVL,USD,2004-11-09,2004-11-09 13:56:43,Q2,72156000.0,60462000.0,11694000.0,0.16206552469649094,0.0,6756000.0,0.0,0.0,6756000.0,67218000.0,0.0,2656000.0,7594000.0,0.10524419313709185,4938000.0,0.06843505737568602,0.0,4938000.0,0.06843505737568602,1901000.0,3037000.0,0.04208936193802317,0.09653221448777852,0.0955301814979082,31461000,31791000,https://www.sec.gov/Archives/edgar/data/874866/000095013704009649/0000950137-04-009649-index.htm,https://www.sec.gov/Archives/edgar/data/874866/000095013704009649/a03170e10vq.htm,1620590716,16:05:16,20210509
66,2004-06-30,CRVL,USD,2004-08-09,2004-08-09 16:47:22,Q1,76256000.0,63347000.0,12909000.0,0.1692850398657155,0.0,7363000.0,0.0,0.0,7363000.0,70710000.0,0.0,2789000.0,8335000.0,0.109302874527906,5546000.0,0.07272870331514897,0.0,5546000.0,0.07272870331514897,2135000.0,3411000.0,0.04473090642047839,0.10744660744660745,0.1062219730941704,31746000,32112000,https://www.sec.gov/Archives/edgar/data/874866/000095013704006458/0000950137-04-006458-index.htm,https://www.sec.gov/Archives/edgar/data/874866/000089256904000707/a99694e10vk.htm,1620590716,16:05:16,20210509
67,2004-03-31,CRVL,USD,2004-06-14,2004-06-14 16:58:47,Q4,76758000.0,64730000.0,12028000.0,0.15670027879830115,0.0,7002000.0,0.0,0.0,7002000.0,71732000.0,0.0,2794000.0,7820000.0,0.10187863154329191,5026000.0,0.06547851689726153,0.0,5026000.0,0.06547851689726153,1910000.0,3116000.0,0.0405951171213424,0.09815409815409816,0.09815409815409816,31746000,31746000,https://www.sec.gov/Archives/edgar/data/874866/000089256904000707/0000892569-04-000707-index.htm,https://www.sec.gov/Archives/edgar/data/874866/000089256904000707/a99694e10vk.htm,1620590716,16:05:16,20210509
68,2003-12-31,CRVL,USD,2004-02-17,2004-02-17 15:47:21,Q3,75631000.0,63264000.0,12367000.0,0.1635176052147929,0.0,6246000.0,0.0,0.0,6246000.0,69510000.0,0.0,2890000.0,9011000.0,0.11914426624003385,6121000.0,0.08093242189049464,0.0,6121000.0,0.08093242189049464,2039000.0,4082000.0,0.05397257738229033,0.13,0.126667,31677000,32382000,https://www.sec.gov/Archives/edgar/data/874866/000089256904000183/0000892569-04-000183-index.htm,https://www.sec.gov/Archives/edgar/data/874866/000089256904000183/a96596e10vq.htm,1620590716,16:05:16,20210509
69,2003-09-30,CRVL,USD,2003-11-14,2003-11-14 16:08:58,Q2,76978000.0,63548000.0,13430000.0,0.17446543168177922,0.0,6239000.0,0.0,0.0,6239000.0,69787000.0,0.0,1971000.0,9162000.0,0.1190210189924394,7191000.0,0.09341630076125647,0.0,7191000.0,0.09341630076125647,2733000.0,4458000.0,0.05791265036763751,0.14,0.136667,31779000,32631000,https://www.sec.gov/Archives/edgar/data/874866/000089256903002647/0000892569-03-002647-index.htm,https://www.sec.gov/Archives/edgar/data/874866/000089256903002647/a94672e10vq.htm,1620590716,16:05:16,20210509
70,2003-06-30,CRVL,USD,2003-08-14,2003-08-14 12:57:19,Q1,75912000.0,62304000.0,13608000.0,0.17926019601644008,0.0,6580000.0,0.0,0.0,6580000.0,68884000.0,0.0,2303000.0,9331000.0,0.12291864263884497,7028000.0,0.09258088312783223,0.0,7028000.0,0.09258088312783223,2671000.0,4357000.0,0.05739540520602803,0.136667,0.133333,31875000,32682000,https://www.sec.gov/Archives/edgar/data/874866/000089256903001978/0000892569-03-001978-index.htm,https://www.sec.gov/Archives/edgar/data/874866/000089256903001609/a91189e10vk.htm,1620590716,16:05:16,20210509
71,2003-03-31,CRVL,USD,2003-06-30,2003-06-30 15:02:32,Q4,73987000.0,60823000.0,13164000.0,0.1779231486612513,0.0,6275000.0,0.0,0.0,6275000.0,67098000.0,0.0,2279000.0,9168000.0,0.12391366050792707,6889000.0,0.09311095192398665,0.0,6889000.0,0.09311095192398665,2618000.0,4271000.0,0.05772635733304499,0.1339921568627451,0.1339921568627451,31875000,31875000,https://www.sec.gov/Archives/edgar/data/874866/000089256903001609/0000892569-03-001609-index.htm,https://www.sec.gov/Archives/edgar/data/874866/000089256903001609/a91189e10vk.htm,1620590716,16:05:16,20210509
72,2002-12-31,CRVL,USD,2003-02-14,2003-02-14 13:51:07,Q3,73135000.0,60112000.0,13023000.0,0.17806795651876667,0.0,6261000.0,0.0,0.0,6261000.0,66373000.0,0.0,2390000.0,9152000.0,0.12513844260613932,6762000.0,0.092459150885349,0.0,6762000.0,0.092459150885349,2569000.0,4193000.0,0.05733233062145348,0.13,0.126667,32151000,33096000,https://www.sec.gov/Archives/edgar/data/874866/000089256903000443/0000892569-03-000443-index.htm,https://www.sec.gov/Archives/edgar/data/874866/000089256903000443/a87765e10vq.htm,1620590716,16:05:16,20210509
73,2002-09-30,CRVL,USD,2002-11-14,2002-11-14 13:15:05,Q2,69353000.0,56021000.0,13332000.0,0.19223393364382219,0.0,6734000.0,0.0,0.0,6734000.0,62755000.0,0.0,3660000.0,10258000.0,0.14790996784565916,6598000.0,0.09513647571121653,0.0,6598000.0,0.09513647571121653,2507000.0,4091000.0,0.058988075497815526,0.126667,0.123333,32250000,33168000,https://www.sec.gov/Archives/edgar/data/874866/000089256902002306/0000892569-02-002306-index.htm,https://www.sec.gov/Archives/edgar/data/874866/000089256902002306/a86035e10vq.htm,1620590716,16:05:16,20210509
74,2002-06-30,CRVL,USD,2002-08-14,2002-08-14 13:20:52,Q1,66301000.0,53991000.0,12310000.0,0.18566839112532238,0.0,5811000.0,0.0,0.0,5811000.0,59802000.0,0.0,2510000.0,9009000.0,0.1358803034645028,6499000.0,0.09802265425860847,0.0,6499000.0,0.09802265425860847,2470000.0,4029000.0,0.06076831420340568,0.123333,0.12,32484000,33579000,https://www.sec.gov/Archives/edgar/data/874866/000089256902001780/0000892569-02-001780-index.htm,https://www.sec.gov/Archives/edgar/data/874866/000089256902001426/a82688e10vk.htm,1620590716,16:05:16,20210509
75,2002-03-31,CRVL,USD,2002-06-28,2002-06-28 16:11:21,Q4,60776000.0,49636000.0,11140000.0,0.1832960379097012,0.0,4958000.0,0.0,0.0,4958000.0,54594000.0,0.0,2090000.0,8272000.0,0.13610635777280505,6182000.0,0.10171778333552718,0.0,6182000.0,0.10171778333552718,2349000.0,3833000.0,0.06306765828616559,0.11799655214875016,0.11799655214875016,32484000,32484000,https://www.sec.gov/Archives/edgar/data/874866/000089256902001426/0000892569-02-001426-index.htm,https://www.sec.gov/Archives/edgar/data/874866/000089256902001426/a82688e10vk.htm,1620590716,16:05:16,20210509
76,2001-12-31,CRVL,USD,2001-12-31,2001-12-31,Q3,58724000.0,48023000.0,10701000.0,0.18222532525032356,0.0,4645000.0,0.0,0.0,4645000.0,52668000.0,0.0,2346000.0,8402000.0,0.14307608473537226,6056000.0,0.10312649002111572,0.0,6056000.0,0.10312649002111572,2301000.0,3755000.0,0.06394319188066208,0.113333,0.11,33081000,34131000,,,1620590716,16:05:16,20210509
77,2001-09-30,CRVL,USD,2001-11-14 00:00:00,2001-11-14 00:00:00,Q2,58411000.0,47929000.0,10482000.0,0.1794525003852014,0.0,4611000.0,0.0,0.0,4611000.0,52540000.0,0.0,2065000.0,7936000.0,0.13586481998253755,5871000.0,0.10051188988375477,0.0,5871000.0,0.10051188988375477,2231000.0,3640000.0,0.062317029326667925,0.10960554049984944,0.1068075117370892,33210000,34080000,https://www.sec.gov/Archives/edgar/data/874866/000089256901501009/0000892569-01-501009-index.html,https://www.sec.gov/Archives/edgar/data/874866/000089256901501009/a77055e10-q.txt,1620590716,16:05:16,20210509
78,2001-06-30,CRVL,USD,2001-08-14 00:00:00,2001-08-14 00:00:00,Q1,58001000.0,47637000.0,10364000.0,0.17868657436940744,0.0,4569000.0,0.0,0.0,4569000.0,52206000.0,0.0,1913000.0,7708000.0,0.13289426044378544,5795000.0,0.09991207048154342,0.0,5795000.0,0.09991207048154342,2202000.0,3593000.0,0.06194720780676195,0.071111,0.068889,50310000,51646500,https://www.sec.gov/Archives/edgar/data/874866/000109581101504280/0001095811-01-504280-index.html,https://www.sec.gov/Archives/edgar/data/874866/000109581101504280/a75171e10-q.txt,1620590716,16:05:16,20210509
79,2001-03-31,CRVL,USD,2001-03-31,2001-03-31,Q4,55098000.0,50396000.0,4702000.0,0.08533885077498275,0.0,4334000.0,0.0,0.0,-774000.0,49622000.0,0.0,1651000.0,7127000.0,0.1293513376166104,5476000.0,0.0993865476060837,0.0,5476000.0,0.0993865476060837,2081000.0,3395000.0,0.061617481578278704,0.0674816139932419,0.0674816139932419,50310000,50310000,,,1620590716,16:05:16,20210509
80,2000-12-31,CRVL,USD,2001-02-14,2001-02-14,Q3,52241000.0,41497000.0,10744000.0,0.2056622193296453,0.0,3863000.0,0.0,0.0,5548000.0,47045000.0,0.0,1685000.0,6881000.0,0.13171646790834785,5196000.0,0.09946210830573687,0.0,5196000.0,0.09946210830573687,1868000.0,3328000.0,0.06370475297180375,0.097778,0.095556,34029000,34839000,https://www.sec.gov/Archives/edgar/data/874866/000089256901000010/0000892569-01-000010-index.htm,https://www.sec.gov/Archives/edgar/data/874866/000089256901000010/a69673e10-q.txt,1620590716,16:05:16,20210509
81,2000-09-30,CRVL,USD,2000-11-14 00:00:00,2000-11-14 00:00:00,Q2,51658000.0,40529000.0,11129000.0,0.21543613767470673,0.0,4069000.0,0.0,0.0,5851000.0,46380000.0,0.0,1782000.0,7060000.0,0.13666808625963064,5278000.0,0.10217197723489102,0.0,5278000.0,0.10217197723489102,2006000.0,3272000.0,0.06333965697471834,0.095556,0.093333,34348500,35082000,https://www.sec.gov/Archives/edgar/data/874866/000109581100004762/0001095811-00-004762-index.html,https://www.sec.gov/Archives/edgar/data/874866/000109581100004762/a67333e10-q.txt,1620590716,16:05:16,20210509
82,2000-06-30,CRVL,USD,2000-08-10 00:00:00,2000-08-10 00:00:00,Q1,50557000.0,39588000.0,10969000.0,0.21696303182546434,0.0,4123000.0,0.0,0.0,5764000.0,45352000.0,0.0,1641000.0,6846000.0,0.13541151571493562,5205000.0,0.10295310243883142,0.0,5205000.0,0.10295310243883142,1978000.0,3227000.0,0.06382894554661075,0.093333,0.091111,34609500,35419500,https://www.sec.gov/Archives/edgar/data/874866/000109581100002543/0001095811-00-002543-index.html,https://www.sec.gov/Archives/edgar/data/874866/000109581100002543/e10-q.txt,1620590716,16:05:16,20210509
83,2000-03-31,CRVL,USD,2000-03-31,2000-03-31,Q4,48965000.0,37345000.0,11620000.0,0.23731236597569694,0.0,3852000.0,0.0,0.0,6517000.0,43862000.0,0.0,2665000.0,7768000.0,0.15864392933728172,5103000.0,0.10421729807005004,0.0,5003000.0,0.10217502297559482,1936000.0,3067000.0,0.0626365771469417,0.0886172871610396,0.0886172871610396,34609500,34609500,,,1620590716,16:05:16,20210509
84,1999-12-31,CRVL,USD,1999-12-31,1999-12-31,Q3,46300000.0,36200000.0,10100000.0,0.21814254859611232,0.0,3600000.0,0.0,0.0,5200000.0,41400000.0,0.0,1600000.0,6500000.0,0.14038876889848811,4900000.0,0.10583153347732181,0.0,4800000.0,0.10367170626349892,1800000.0,3000000.0,0.06479481641468683,0.084444,0.082222,36103500,36639000,,,1620590716,16:05:16,20210509
85,1999-09-30,CRVL,USD,1999-09-30,1999-09-30,Q2,45900000.0,36200000.0,9700000.0,0.2113289760348584,0.0,3600000.0,0.0,0.0,4900000.0,41100000.0,0.0,1300000.0,6100000.0,0.1328976034858388,4800000.0,0.10457516339869281,0.0,4800000.0,0.10457516339869281,1800000.0,3000000.0,0.06535947712418301,0.03658,0.035591,36522000,36522000,,,1620590716,16:05:16,20210509
86,1999-06-30,CRVL,USD,1999-06-30,1999-06-30,Q1,45700000.0,36100000.0,9600000.0,0.2100656455142232,0.0,3600000.0,0.0,0.0,5000000.0,41100000.0,0.0,1400000.0,6000000.0,0.13129102844638948,4600000.0,0.10065645514223195,0.0,4700000.0,0.10284463894967177,1800000.0,2900000.0,0.06345733041575492,0.034602,0.034602,36576000,36576000,,,1620590716,16:05:16,20210509
87,1999-03-31,CRVL,USD,1999-03-31,1999-03-31,Q4,43400000.0,33600000.0,9800000.0,0.22580645161290322,0.0,3300000.0,0.0,0.0,5500000.0,39100000.0,0.0,2200000.0,6500000.0,0.1497695852534562,4300000.0,0.09907834101382489,0.0,4400000.0,0.10138248847926268,1700000.0,2700000.0,0.06221198156682028,0.07381889763779527,0.07381889763779527,36576000,36576000,,,1620590716,16:05:16,20210509
88,1998-12-31,CRVL,USD,1998-12-31,1998-12-31,Q3,42000000.0,33200000.0,8800000.0,0.20952380952380953,0.0,3100000.0,0.0,0.0,4600000.0,37800000.0,0.0,1300000.0,5500000.0,0.13095238095238096,4200000.0,0.1,0.0,4200000.0,0.1,1600000.0,2600000.0,0.06190476190476191,0.016313,0.015818,36603000,36603000,,,1620590716,16:05:16,20210509
89,1998-09-30,CRVL,USD,1998-09-30,1998-09-30,Q2,40500000.0,31800000.0,8700000.0,0.21481481481481482,0.0,3000000.0,0.0,0.0,4500000.0,36300000.0,0.0,1500000.0,5700000.0,0.14074074074074075,4200000.0,0.1037037037037037,0.0,4200000.0,0.1037037037037037,1600000.0,2600000.0,0.06419753086419754,0.015818,0.015324,36621000,36621000,,,1620590716,16:05:16,20210509
90,1998-06-30,CRVL,USD,1998-06-30,1998-06-30,Q1,39600000.0,31000000.0,8600000.0,0.21717171717171718,0.0,3200000.0,0.0,0.0,4500000.0,35500000.0,0.0,1300000.0,5400000.0,0.13636363636363635,4100000.0,0.10353535353535354,0.0,4000000.0,0.10101010101010101,1500000.0,2500000.0,0.06313131313131314,0.01483,0.01483,36765000,36765000,,,1620590716,16:05:16,20210509
91,1998-03-31,CRVL,USD,1998-03-31,1998-03-31,Q4,37400000.0,28900000.0,8500000.0,0.22727272727272727,0.0,2800000.0,0.0,0.0,4800000.0,33700000.0,0.0,2000000.0,5700000.0,0.15240641711229946,3700000.0,0.09893048128342247,0.0,3800000.0,0.10160427807486631,1400000.0,2400000.0,0.06417112299465241,0.06527947776417789,0.06527947776417789,36765000,36765000,,,1620590716,16:05:16,20210509
92,1997-12-31,CRVL,USD,1997-12-31,1997-12-31,Q3,35600000.0,28200000.0,7400000.0,0.20786516853932585,0.0,2700000.0,0.0,0.0,3500000.0,31700000.0,0.0,800000.0,4700000.0,0.13202247191011235,3900000.0,0.10955056179775281,0.0,3900000.0,0.10955056179775281,1500000.0,2400000.0,0.06741573033707865,0.014335,0.013841,37170000,37170000,,,1620590716,16:05:16,20210509
93,1997-09-30,CRVL,USD,1997-11-13,1997-11-13,Q2,34700000.0,26900000.0,7800000.0,0.22478386167146974,0.0,2600000.0,0.0,0.0,3900000.0,30800000.0,0.0,1300000.0,5200000.0,0.14985590778097982,3900000.0,0.11239193083573487,0.0,3900000.0,0.11239193083573487,1500000.0,2400000.0,0.069164265129683,0.014335,0.013841,37683000,37683000,https://www.sec.gov/Archives/edgar/data/874866/0000892569-97-003133-index.html,https://www.sec.gov/Archives/edgar/data/874866/,1620590716,16:05:16,20210509
94,1997-06-30,CRVL,USD,1997-06-30,1997-06-30,Q1,34000000.0,26300000.0,7700000.0,0.22647058823529412,0.0,2800000.0,0.0,0.0,4000000.0,30300000.0,0.0,1200000.0,4900000.0,0.14411764705882352,3700000.0,0.10882352941176471,0.0,3700000.0,0.10882352941176471,1400000.0,2300000.0,0.06764705882352941,0.013347,0.012852,38070000,38070000,,,1620590716,16:05:16,20210509
95,1997-03-31,CRVL,USD,1997-03-31,1997-03-31,Q4,31700000.0,24600000.0,7100000.0,0.22397476340694006,0.0,2200000.0,0.0,0.0,3400000.0,28000000.0,0.0,1200000.0,4900000.0,0.15457413249211358,3700000.0,0.1167192429022082,0.0,3500000.0,0.11041009463722397,1300000.0,2200000.0,0.0694006309148265,0.057788284738639346,0.057788284738639346,38070000,38070000,,,1620590716,16:05:16,20210509
96,1996-12-31,CRVL,USD,1996-12-31,1996-12-31,Q3,30400000.0,23800000.0,6600000.0,0.21710526315789475,0.0,2200000.0,0.0,0.0,3200000.0,27000000.0,0.0,1000000.0,4400000.0,0.14473684210526316,3400000.0,0.1118421052631579,0.0,3500000.0,0.11513157894736842,1300000.0,2200000.0,0.07236842105263158,0.011864,0.011369,41337000,41337000,,,1620590716,16:05:16,20210509
97,1996-09-30,CRVL,USD,1996-09-30,1996-09-30,Q2,29700000.0,23200000.0,6500000.0,0.21885521885521886,0.0,2100000.0,0.0,0.0,3100000.0,26300000.0,0.0,1000000.0,4400000.0,0.14814814814814814,3400000.0,0.11447811447811448,0.0,3400000.0,0.11447811447811448,1300000.0,2100000.0,0.0707070707070707,0.011369,0.010875,41850000,41850000,,,1620590716,16:05:16,20210509
98,1996-06-30,CRVL,USD,1996-08-14 00:00:00,1996-08-14 00:00:00,Q1,29900000.0,23500000.0,6400000.0,0.2140468227424749,0.0,2100000.0,0.0,0.0,3100000.0,26600000.0,0.0,1000000.0,4300000.0,0.14381270903010032,3300000.0,0.11036789297658862,0.0,3300000.0,0.11036789297658862,1300000.0,2000000.0,0.06688963210702341,0.010875,0.010875,41850000,41850000,https://www.sec.gov/Archives/edgar/data/874866/000089256996001595/0000892569-96-001595-index.html,https://www.sec.gov/Archives/edgar/data/874866/0000892569-96-001595.txt,1620590716,16:05:16,20210509
99,1996-03-31,CRVL,USD,1996-03-31,1996-03-31,Q4,28400000.0,0.0,0.0,0.0,0.0,0.0,0.0,0.0,0.0,0.0,0.0,0.0,-68600000.0,-2.415492957746479,-68600000.0,-2.415492957746479,0.0,0.0,0.0,0.0,1900000.0,0.06690140845070422,0.044790645223860344,0.044790645223860344,42419572,42419572,,,1620590716,16:05:16,20210509
100,1995-12-31,CRVL,USD,1995-12-31,1995-12-31,Q3,27100000.0,0.0,0.0,0.0,0.0,0.0,0.0,0.0,0.0,0.0,0.0,0.0,27100000.0,1.0,27100000.0,1.0,0.0,0.0,0.0,0.0,1900000.0,0.07011070110701106,0.009886,0.009886,42419572,42419572,,,1620590716,16:05:16,20210509
101,1995-09-30,CRVL,USD,1995-09-30,1995-09-30,Q2,26900000.0,21200000.0,5700000.0,0.21189591078066913,0.0,2000000.0,0.0,0.0,2700000.0,23900000.0,0.0,700000.0,3700000.0,0.137546468401487,3000000.0,0.11152416356877323,0.0,3000000.0,0.11152416356877323,1200000.0,1800000.0,0.06691449814126393,0.009886,0.009886,41601388,41601388,,,1620590716,16:05:16,20210509
102,1995-06-30,CRVL,USD,1995-06-30,1995-06-30,Q1,26800000.0,21200000.0,5600000.0,0.208955223880597,0.0,2100000.0,0.0,0.0,2800000.0,24000000.0,0.0,700000.0,3500000.0,0.13059701492537312,2800000.0,0.1044776119402985,0.0,2800000.0,0.1044776119402985,1100000.0,1700000.0,0.06343283582089553,0.009392,0.009392,39434554,39434554,,,1620590716,16:05:16,20210509
103,1995-03-31,CRVL,USD,1995-03-31,1995-03-31,Q4,26100000.0,20800000.0,5300000.0,0.20306513409961685,0.0,0.0,0.0,0.0,2700000.0,23500000.0,0.0,700000.0,3300000.0,0.12643678160919541,2600000.0,0.09961685823754789,0.0,2700000.0,0.10344827586206896,1100000.0,1600000.0,0.06130268199233716,0.03933589793553899,0.03933589793553899,40675314,40675314,,,1620590716,16:05:16,20210509
104,1994-12-31,CRVL,USD,1994-12-31,1994-12-31,Q3,24700000.0,19700000.0,5000000.0,0.20242914979757085,0.0,1800000.0,0.0,0.0,2500000.0,22200000.0,0.0,700000.0,3200000.0,0.12955465587044535,2500000.0,0.10121457489878542,0.0,2500000.0,0.10121457489878542,1000000.0,1500000.0,0.06072874493927125,0.008403,0.008403,40675314,40675314,,,1620590716,16:05:16,20210509
105,1994-09-30,CRVL,USD,1994-09-30,1994-09-30,Q2,22900000.0,18400000.0,4500000.0,0.1965065502183406,0.0,1700000.0,0.0,0.0,2200000.0,20600000.0,0.0,500000.0,2800000.0,0.1222707423580786,2300000.0,0.10043668122270742,0.0,2300000.0,0.10043668122270742,900000.0,1400000.0,0.0611353711790393,0.007909,0.007909,37060930,37060930,,,1620590716,16:05:16,20210509
106,1994-06-30,CRVL,USD,1994-06-30,1994-06-30,Q1,22100000.0,17700000.0,4400000.0,0.19909502262443438,0.0,1600000.0,0.0,0.0,2100000.0,19800000.0,0.0,500000.0,2800000.0,0.12669683257918551,2300000.0,0.10407239819004525,0.0,2200000.0,0.09954751131221719,900000.0,1300000.0,0.058823529411764705,0.007415,0.007415,36908084,36908084,,,1620590716,16:05:16,20210509
107,1994-03-31,CRVL,USD,1994-03-31,1994-03-31,Q4,21500000.0,17200000.0,4300000.0,0.2,0.0,0.0,0.0,0.0,2200000.0,19400000.0,0.0,600000.0,2700000.0,0.12558139534883722,2100000.0,0.09767441860465116,0.0,2100000.0,0.09767441860465116,800000.0,1300000.0,0.06046511627906977,0.03646631326133948,0.03646631326133948,35649340,35649340,,,1620590716,16:05:16,20210509
108,1993-12-31,CRVL,USD,1993-12-31,1993-12-31,Q3,20800000.0,16700000.0,4100000.0,0.1971153846153846,0.0,1600000.0,0.0,0.0,2200000.0,18900000.0,0.0,1100000.0,3000000.0,0.14423076923076922,1900000.0,0.09134615384615384,0.0,1900000.0,0.09134615384615384,700000.0,1200000.0,0.057692307692307696,0.006426,0.006426,35649340,35649340,,,1620590716,16:05:16,20210509
109,1993-09-30,CRVL,USD,1993-09-30,1993-09-30,Q2,19400000.0,15800000.0,3600000.0,0.18556701030927836,0.0,1400000.0,0.0,0.0,1800000.0,17600000.0,0.0,300000.0,2100000.0,0.10824742268041238,1800000.0,0.09278350515463918,0.0,1700000.0,0.08762886597938144,700000.0,1000000.0,0.05154639175257732,0.005932,0.005932,34768222,34768222,,,1620590716,16:05:16,20210509
110,1993-06-30,CRVL,USD,1993-06-30,1993-06-30,Q1,18900000.0,15600000.0,3300000.0,0.1746031746031746,0.0,1400000.0,0.0,0.0,1800000.0,17400000.0,0.0,400000.0,1900000.0,0.10052910052910052,1500000.0,0.07936507936507936,0.0,1500000.0,0.07936507936507936,600000.0,900000.0,0.047619047619047616,0.005438,0.005438,33689302,33689302,,,1620590716,16:05:16,20210509
111,1993-03-31,CRVL,USD,1993-03-31,1993-03-31,Q4,17300000.0,14700000.0,2600000.0,0.15028901734104047,0.0,0.0,0.0,0.0,1500000.0,16200000.0,0.0,200000.0,1300000.0,0.07514450867052024,1100000.0,0.06358381502890173,0.0,1200000.0,0.06936416184971098,500000.0,700000.0,0.04046242774566474,0.021093355394170628,0.021093355394170628,33185806,33185806,,,1620590716,16:05:16,20210509
112,1992-12-31,CRVL,USD,1992-12-31,1992-12-31,Q3,15800000.0,13200000.0,2600000.0,0.16455696202531644,0.0,1200000.0,0.0,0.0,1500000.0,14700000.0,0.0,300000.0,1400000.0,0.08860759493670886,1100000.0,0.06962025316455696,0.0,1100000.0,0.06962025316455696,400000.0,700000.0,0.04430379746835443,0.003955,0.003955,33185806,33185806,,,1620590716,16:05:16,20210509
113,1992-09-30,CRVL,USD,1992-09-30,1992-09-30,Q2,14800000.0,12300000.0,2500000.0,0.16891891891891891,0.0,1200000.0,0.0,0.0,1500000.0,13800000.0,0.0,300000.0,1300000.0,0.08783783783783784,1000000.0,0.06756756756756757,0.0,1000000.0,0.06756756756756757,400000.0,600000.0,0.04054054054054054,0.003955,0.003955,31216776,31216776,,,1620590716,16:05:16,20210509
114,1992-06-30,CRVL,USD,1992-06-30,1992-06-30,Q1,13900000.0,11400000.0,2500000.0,0.17985611510791366,0.0,1200000.0,0.0,0.0,1500000.0,12900000.0,0.0,300000.0,1300000.0,0.09352517985611511,1000000.0,0.07194244604316546,0.0,800000.0,0.05755395683453238,300000.0,500000.0,0.03597122302158273,0.002966,0.002966,30857136,30857136,,,1620590716,16:05:16,20210509
115,1992-03-31,CRVL,USD,1992-03-31,1992-03-31,Q4,13100000.0,10400000.0,2700000.0,0.20610687022900764,0.0,0.0,0.0,0.0,2000000.0,12400000.0,0.0,500000.0,1200000.0,0.0916030534351145,700000.0,0.05343511450381679,0.0,700000.0,0.05343511450381679,200000.0,500000.0,0.03816793893129771,0.016640072502792702,0.016640072502792702,30047946,30047946,,,1620590716,16:05:16,20210509
116,1991-12-31,CRVL,USD,1991-12-31,1991-12-31,Q3,12200000.0,10100000.0,2100000.0,0.1721311475409836,0.0,1000000.0,0.0,0.0,1300000.0,11400000.0,0.0,100000.0,900000.0,0.07377049180327869,800000.0,0.06557377049180328,0.0,700000.0,0.05737704918032787,300000.0,400000.0,0.03278688524590164,0.002472,0.002472,30047946,30047946,,,1620590716,16:05:16,20210509
117,1991-09-30,CRVL,USD,1991-09-30,1991-09-30,Q2,11400000.0,9400000.0,2000000.0,0.17543859649122806,0.0,1000000.0,0.0,0.0,1300000.0,10700000.0,0.0,300000.0,1000000.0,0.08771929824561403,700000.0,0.06140350877192982,0.0,700000.0,0.06140350877192982,300000.0,400000.0,0.03508771929824561,0.002472,0.002472,29967026,29967026,,,1620590716,16:05:16,20210509
118,1991-06-30,CRVL,USD,1991-06-30,1991-06-30,Q1,10300000.0,8600000.0,1700000.0,0.1650485436893204,0.0,800000.0,0.0,0.0,1000000.0,9600000.0,0.0,200000.0,900000.0,0.08737864077669903,700000.0,0.06796116504854369,0.0,500000.0,0.04854368932038835,200000.0,300000.0,0.02912621359223301,0.002966,0.002966,14160836,14160836,,,1620590716,16:05:16,20210509
119,1991-03-31,CRVL,USD,1991-03-31,1991-03-31,Q4,7200000.0,0.0,0.0,0.0,0.0,0.0,0.0,0.0,0.0,0.0,0.0,0.0,-20600000.0,-2.861111111111111,-20600000.0,-2.861111111111111,0.0,0.0,0.0,0.0,200000.0,0.027777777777777776,0.014123459942619206,0.014123459942619206,14160836,14160836,,,1620590716,16:05:16,20210509
120,1990-12-31,CRVL,USD,1990-12-31,1990-12-31,Q3,7200000.0,0.0,0.0,0.0,0.0,0.0,0.0,0.0,0.0,0.0,0.0,0.0,7200000.0,1.0,7200000.0,1.0,0.0,0.0,0.0,0.0,200000.0,0.027777777777777776,-0.000989,-0.000989,14160836,14160836,,,1620590716,16:05:16,20210509
121,1990-09-30,CRVL,USD,1990-09-30,1990-09-30,Q2,7200000.0,0.0,0.0,0.0,0.0,0.0,0.0,0.0,0.0,0.0,0.0,0.0,7200000.0,1.0,7200000.0,1.0,0.0,0.0,0.0,0.0,200000.0,0.027777777777777776,-0.000989,-0.000989,14160836,14160836,,,1620590716,16:05:16,20210509
122,1990-06-30,CRVL,USD,1990-06-30,1990-06-30,Q1,7200000.0,0.0,0.0,0.0,0.0,0.0,0.0,0.0,0.0,0.0,0.0,0.0,7200000.0,1.0,7200000.0,1.0,0.0,0.0,0.0,0.0,200000.0,0.027777777777777776,-0.000989,-0.000989,14160836,14160836,,,1620590716,16:05:16,20210509
