,date,symbol,reportedCurrency,fillingDate,acceptedDate,period,revenue,costOfRevenue,grossProfit,grossProfitRatio,researchAndDevelopmentExpenses,generalAndAdministrativeExpenses,sellingAndMarketingExpenses,otherExpenses,operatingExpenses,costAndExpenses,interestExpense,depreciationAndAmortization,ebitda,ebitdaratio,operatingIncome,operatingIncomeRatio,totalOtherIncomeExpensesNet,incomeBeforeTax,incomeBeforeTaxRatio,incomeTaxExpense,netIncome,netIncomeRatio,eps,epsdiluted,weightedAverageShsOut,weightedAverageShsOutDil,link,finalLink,timestamp,est_time,est_date
0,2020-12-31,ISRG,USD,2021-02-10,2021-02-09 21:47:57,Q4,1328700000.0,433100000.0,895600000.0,0.6740422969820125,149700000.0,329900000.0,0.0,0.0,479600000.0,912700000,0.0,29600000.0,444600000.0,0.33461277940844436,415000000.0,0.31233536539474677,157000.0,436500000.0,0.3285165951682095,72700000.0,370600000.0,0.27891924437420035,3.1594202898550723,3.0729684908789388,117300000,120600000,https://www.sec.gov/Archives/edgar/data/1035267/000103526721000028/0001035267-21-000028-index.htm,https://www.sec.gov/Archives/edgar/data/1035267/000103526721000028/isrg-20201231.htm,1620593782,16:56:22,20210509
1,2020-09-30,ISRG,USD,2020-10-19,2020-10-19 17:22:39,Q3,1077700000.0,353400000.0,724300000.0,0.6720794284123597,155000000.0,298900000.0,0.0,0.0,453900000.0,807300000,0.0,69200000.0,339600000.0,0.31511552380068664,270400000.0,0.25090470446320867,84000.0,355200000.0,0.3295907952120256,38400000.0,313900000.0,0.2912684420525192,2.68,2.6,117300000,120600000,https://www.sec.gov/Archives/edgar/data/1035267/000103526720000166/0001035267-20-000166-index.htm,https://www.sec.gov/Archives/edgar/data/1035267/000103526720000166/isrg-20200930.htm,1620593782,16:56:22,20210509
2,2020-06-30,ISRG,USD,2020-07-23,2020-07-23 16:23:34,Q2,852100000.0,349200000.0,502900000.0,0.5901889449595118,143200000.0,279100000.0,0.0,0.0,422300000.0,771500000,0.0,63800000.0,144400000.0,0.16946367797206902,80600000.0,0.09458983687360638,0.0,107200000.0,0.12580683018425068,37000000.0,68000000.0,0.07980284004224857,0.58,0.57,116800000,119700000,https://www.sec.gov/Archives/edgar/data/1035267/000103526720000122/0001035267-20-000122-index.htm,https://www.sec.gov/Archives/edgar/data/1035267/000103526720000122/isrg-20200630.htm,1620593782,16:56:22,20210509
3,2020-03-31,ISRG,USD,2020-04-17,2020-04-17 17:22:31,Q1,1099500000.0,361300000.0,738200000.0,0.6713960891314233,147100000.0,308100000.0,0.0,0.0,455200000.0,816500000,0.0,63400000.0,346400000.0,0.3150522964984084,283000000.0,0.25738972260118237,0.0,308100000.0,0.28021828103683494,-8100000.0,313500000.0,0.28512960436562074,2.69,2.62,116400000,119800000,https://www.sec.gov/Archives/edgar/data/1035267/000103526720000075/0001035267-20-000075-index.htm,https://www.sec.gov/Archives/edgar/data/1035267/000103526720000032/isrg-20191231.htm,1620593782,16:56:22,20210509
4,2019-12-31,ISRG,USD,2020-02-07,2020-02-07 17:18:28,Q4,1277700000.0,381700000.0,896000000.0,0.7012600767003209,156600000.0,341800000.0,0.0,0.0,498400000.0,880100000,0.0,63800000.0,461400000.0,0.3611176332472411,397600000.0,0.3111841590357674,0.0,431700000.0,0.3378727400798309,69000000.0,357700000.0,0.2799561712452062,3.09,2.99,115800000,119700000,https://www.sec.gov/Archives/edgar/data/1035267/000103526720000032/0001035267-20-000032-index.htm,https://www.sec.gov/Archives/edgar/data/1035267/000103526720000032/isrg-20191231.htm,1620593782,16:56:22,20210509
5,2019-09-30,ISRG,USD,2019-10-18,2019-10-18 17:18:46,Q3,1128200000.0,342600000.0,785600000.0,0.6963304378656267,135900000.0,284000000.0,0.0,0.0,419900000.0,762500000,0.0,50900000.0,416600000.0,0.3692607693671335,365700000.0,0.3241446552029782,0.0,399000000.0,0.35366069845772025,300000.0,396800000.0,0.3517106895940436,3.44,3.33,115400000,119300000,https://www.sec.gov/Archives/edgar/data/1035267/000103526719000139/0001035267-19-000139-index.htm,https://www.sec.gov/Archives/edgar/data/1035267/000103526719000139/isrg-20190930.htm,1620593782,16:56:22,20210509
6,2019-06-30,ISRG,USD,2019-07-22,2019-07-19 17:35:46,Q2,1098900000.0,339900000.0,759000000.0,0.6906906906906907,120800000.0,279200000.0,0.0,0.0,400000000.0,739900000,0.0,46700000.0,405700000.0,0.36918736918736916,359000000.0,0.3266903266903267,0.0,391800000.0,0.3565383565383565,75400000.0,318300000.0,0.2896532896532897,2.76,2.67,115400000,119300000,https://www.sec.gov/Archives/edgar/data/1035267/000103526719000088/0001035267-19-000088-index.htm,https://www.sec.gov/Archives/edgar/data/1035267/000103526719000088/isrg-20190630x10q.htm,1620593782,16:56:22,20210509
7,2019-03-31,ISRG,USD,2019-04-19,2019-04-19 16:57:32,Q1,973700000.0,304100000.0,669600000.0,0.6876861456300709,144000000.0,273400000.0,0.0,0.0,417400000.0,721500000,0.0,41600000.0,293800000.0,0.30173564753004006,252200000.0,0.2590120160213618,0.0,279700000.0,0.28725480127349284,-24300000.0,306500000.0,0.3147786792646606,2.67,2.56,115000000,119600000,https://www.sec.gov/Archives/edgar/data/1035267/000103526719000038/0001035267-19-000038-index.htm,https://www.sec.gov/Archives/edgar/data/1035267/000103526719000012/isrg-20181231x10k.htm,1620593782,16:56:22,20210509
8,2018-12-31,ISRG,USD,2019-02-04,2019-02-04 17:27:54,Q4,1046500000.0,310800000.0,735700000.0,0.703010033444816,119900000.0,283800000.0,0.0,0.0,403700000.0,714500000,0.0,36300000.0,368300000.0,0.35193502150023886,332000000.0,0.3172479694218825,0.0,358800000.0,0.34285714285714286,67500000.0,292500000.0,0.2795031055900621,2.5434782608695654,2.5434782608695654,115000000,115000000,https://www.sec.gov/Archives/edgar/data/1035267/000103526719000012/0001035267-19-000012-index.htm,https://www.sec.gov/Archives/edgar/data/1035267/000103526719000012/isrg-20181231x10k.htm,1620593782,16:56:22,20210509
9,2018-09-30,ISRG,USD,2018-10-22,2018-10-19 19:30:07,Q3,920900000.0,278600000.0,642300000.0,0.6974698664350092,107600000.0,221400000.0,0.0,0.0,329000000.0,607600000,0.0,31000000.0,344300000.0,0.37387338473232706,313300000.0,0.3402106634813769,0.0,335200000.0,0.3639917472038223,43400000.0,292500000.0,0.31762406341622323,2.57,2.45,114000000,119200000,https://www.sec.gov/Archives/edgar/data/1035267/000103526718000127/0001035267-18-000127-index.htm,https://www.sec.gov/Archives/edgar/data/1035267/000103526718000127/isrg-20180930x10q.htm,1620593782,16:56:22,20210509
10,2018-06-30,ISRG,USD,2018-07-20,2018-07-20 16:34:50,Q2,909300000.0,277000000.0,632300000.0,0.6953700648850765,95100000.0,259800000.0,0.0,0.0,354900000.0,631900000,0.0,29200000.0,306600000.0,0.3371824480369515,277400000.0,0.3050698339381942,0.0,295600000.0,0.3250852303970087,41000000.0,255300000.0,0.28076542395249093,2.25,2.15,113700000,113700000,https://www.sec.gov/Archives/edgar/data/1035267/000103526718000084/0001035267-18-000084-index.htm,https://www.sec.gov/Archives/edgar/data/1035267/000103526718000084/isrg-20180630x10q.htm,1620593782,16:56:22,20210509
11,2018-03-31,ISRG,USD,2018-04-18,2018-04-18 17:23:18,Q1,847500000.0,253700000.0,593800000.0,0.7006489675516224,95500000.0,221600000.0,0.0,0.0,317100000.0,570800000,0.0,26300000.0,303000000.0,0.35752212389380533,276700000.0,0.3264896755162242,0.0,289900000.0,0.3420648967551622,2600000.0,287600000.0,0.33935103244837755,2.55,2.44,112800000,118000000,https://www.sec.gov/Archives/edgar/data/1035267/000103526718000048/0001035267-18-000048-index.htm,https://www.sec.gov/Archives/edgar/data/1035267/000103526718000013/isrg-20171231x10k.htm,1620593782,16:56:22,20210509
12,2017-12-31,ISRG,USD,2018-02-02,2018-02-02 17:18:02,Q4,892400000.0,259100000.0,633300000.0,0.7096593455849395,87100000.0,219200000.0,0.0,0.0,306300000.0,565400000,0.0,27600000.0,354600000.0,0.39735544598834605,327000000.0,0.36642761093679965,0.0,339300000.0,0.3802106678619453,378100000.0,-38800000.0,-0.043478260869565216,-0.35,-0.35,112200000,112200000,https://www.sec.gov/Archives/edgar/data/1035267/000103526718000013/0001035267-18-000013-index.htm,https://www.sec.gov/Archives/edgar/data/1035267/000103526718000013/isrg-20171231x10k.htm,1620593782,16:56:22,20210509
13,2017-09-30,ISRG,USD,2017-10-20,2017-10-20 16:49:57,Q3,806100000.0,239300000.0,566800000.0,0.7031385684158293,83400000.0,204800000.0,0.0,0.0,288200000.0,527500000,0.0,24900000.0,303500000.0,0.376504155811934,278600000.0,0.3456146880039697,0.0,289400000.0,0.3590125294628458,-8100000.0,297500000.0,0.36906091055700285,2.66,2.55,111800000,116799999,https://www.sec.gov/Archives/edgar/data/1035267/000103526717000147/0001035267-17-000147-index.htm,https://www.sec.gov/Archives/edgar/data/1035267/000103526717000147/isrg-20170930x10q.htm,1620593782,16:56:22,20210509
14,2017-06-30,ISRG,USD,2017-07-21,2017-07-21 16:39:38,Q2,756200000.0,228300000.0,527900000.0,0.6980957418672309,84600000.0,185800000.0,0.0,0.0,270400000.0,498700000,0.0,23900000.0,281400000.0,0.37212377677863,257500000.0,0.34051838138058715,0.0,267600000.0,0.3538746363395927,46100000.0,221500000.0,0.2929119280613594,1.996667,1.923333,111000000,115200000,https://www.sec.gov/Archives/edgar/data/1035267/000103526717000101/0001035267-17-000101-index.htm,https://www.sec.gov/Archives/edgar/data/1035267/000103526717000101/isrg-20170630x10q.htm,1620593782,16:56:22,20210509
15,2017-03-31,ISRG,USD,2017-04-19,2017-04-19 17:29:20,Q1,674200000.0,208100000.0,466100000.0,0.6913378819341441,73500000.0,201100000.0,0.0,0.0,274600000.0,482700000,0.0,22700000.0,214200000.0,0.31770987837436965,191500000.0,0.2840403441115396,0.0,200200000.0,0.29694452684663303,20400000.0,179800000.0,0.2666864431919312,1.606667,1.556667,111900000,115500000,https://www.sec.gov/Archives/edgar/data/1035267/000103526717000063/0001035267-17-000063-index.htm,https://www.sec.gov/Archives/edgar/data/1035267/000103526717000021/isrg-20161231x10k.htm,1620593782,16:56:22,20210509
16,2016-12-31,ISRG,USD,2017-02-06,2017-02-03 18:05:19,Q4,756900000.0,229700000.0,527200000.0,0.6965253005681068,69100000.0,193700000.0,0.0,0.0,262800000.0,492500000,0.0,24100000.0,288500000.0,0.38115999471528605,264400000.0,0.3493195930770247,0.0,276100000.0,0.36477738142423044,72100000.0,204000000.0,0.26952041220768924,1.753333,1.71,116400000,119400000,https://www.sec.gov/Archives/edgar/data/1035267/000103526717000021/0001035267-17-000021-index.htm,https://www.sec.gov/Archives/edgar/data/1035267/000103526717000021/isrg-20161231x10k.htm,1620593782,16:56:22,20210509
17,2016-09-30,ISRG,USD,2016-10-19,2016-10-19 16:15:36,Q3,682900000.0,195900000.0,487000000.0,0.7131351588812418,62600000.0,168000000.0,0.0,0.0,230600000.0,426500000,0.0,22300000.0,278700000.0,0.4081124615609899,256400000.0,0.3754576072631425,0.0,266800000.0,0.39068677698052423,55800000.0,211000000.0,0.3089764240738029,1.816667,1.77,116100000,119100000,https://www.sec.gov/Archives/edgar/data/1035267/000103526716000240/0001035267-16-000240-index.htm,https://www.sec.gov/Archives/edgar/data/1035267/000103526716000240/isrg-20160930x10q.htm,1620593782,16:56:22,20210509
18,2016-06-30,ISRG,USD,2016-07-20,2016-07-20 16:50:02,Q2,670100000.0,199200000.0,470900000.0,0.7027309356812416,54700000.0,170800000.0,0.0,0.0,225500000.0,424700000,0.0,22300000.0,267700000.0,0.3994926130428294,245400000.0,0.3662139979107596,0.0,253400000.0,0.37815251455006715,68900000.0,184500000.0,0.2753320399940307,1.606667,1.57,114900000,117600000,https://www.sec.gov/Archives/edgar/data/1035267/000103526716000215/0001035267-16-000215-index.htm,https://www.sec.gov/Archives/edgar/data/1035267/000103526716000215/isrg-20160630x10q.htm,1620593782,16:56:22,20210509
19,2016-03-31,ISRG,USD,2016-04-19,2016-04-19 16:08:30,Q1,594500000.0,189500000.0,405000000.0,0.6812447434819175,53200000.0,172800000.0,0.0,0.0,226000000.0,415500000,0.0,23400000.0,202400000.0,0.3404541631623213,179000000.0,0.3010933557611438,0.0,184500000.0,0.3103448275862069,48100000.0,136400000.0,0.22943650126156434,1.206667,1.18,113100000,115500000,https://www.sec.gov/Archives/edgar/data/1035267/000103526716000174/0001035267-16-000174-index.htm,https://www.sec.gov/Archives/edgar/data/1035267/000103526716000130/isrg-20151231x10k.htm,1620593782,16:56:22,20210509
20,2015-12-31,ISRG,USD,2016-02-02,2016-02-02 17:22:41,Q4,676500000.0,217700000.0,458800000.0,0.6781966001478197,52600000.0,160300000.0,0.0,0.0,212900000.0,430600000,0.0,24600000.0,270500000.0,0.3998521803399852,245900000.0,0.36348854397634883,0.0,251800000.0,0.372209903917221,61800000.0,190000000.0,0.28085735402808576,1.696667,1.663333,111900000,114300000,https://www.sec.gov/Archives/edgar/data/1035267/000103526716000130/0001035267-16-000130-index.htm,https://www.sec.gov/Archives/edgar/data/1035267/000103526716000130/isrg-20151231x10k.htm,1620593782,16:56:22,20210509
21,2015-09-30,ISRG,USD,2015-10-21,2015-10-21 15:09:04,Q3,589700000.0,193900000.0,395800000.0,0.6711887400373071,51000000.0,154900000.0,0.0,0.0,205900000.0,399800000,0.0,23600000.0,213500000.0,0.36204849923690013,189900000.0,0.32202814990673223,0.0,193600000.0,0.32830252670849586,26300000.0,167300000.0,0.2837035780905545,1.496667,1.466667,111900000,114000000,https://www.sec.gov/Archives/edgar/data/1035267/000103526715000104/0001035267-15-000104-index.htm,https://www.sec.gov/Archives/edgar/data/1035267/000103526715000104/isrg-20150930x10q.htm,1620593782,16:56:22,20210509
22,2015-06-30,ISRG,USD,2015-07-22,2015-07-22 16:21:31,Q2,586100000.0,199600000.0,386500000.0,0.6594437809247569,49400000.0,163300000.0,0.0,0.0,212700000.0,412300000,0.0,21100000.0,194900000.0,0.3325371097082409,173800000.0,0.296536427230848,0.0,178400000.0,0.3043849172496161,43900000.0,134500000.0,0.22948302337485071,1.213333,1.186667,110700000,113400000,https://www.sec.gov/Archives/edgar/data/1035267/000103526715000071/0001035267-15-000071-index.htm,https://www.sec.gov/Archives/edgar/data/1035267/000103526715000071/isrg-20150630x10q.htm,1620593782,16:56:22,20210509
23,2015-03-31,ISRG,USD,2015-04-22,2015-04-22 16:07:42,Q1,532100000.0,195300000.0,336800000.0,0.6329637286224394,44400000.0,162000000.0,0.0,0.0,206400000.0,401700000,0.0,20200000.0,150600000.0,0.28302950573200525,130400000.0,0.24506671678255967,0.0,134700000.0,0.2531479045292238,37700000.0,97000000.0,0.1822965607968427,0.88,0.856667,110100000,113100000,https://www.sec.gov/Archives/edgar/data/1035267/000103526715000036/0001035267-15-000036-index.htm,https://www.sec.gov/Archives/edgar/data/1035267/000103526715000014/isrg-20141231x10k.htm,1620593782,16:56:22,20210509
24,2014-12-31,ISRG,USD,2015-02-06,2015-02-05 19:35:06,Q4,604700000.0,211300000.0,393400000.0,0.6505705308417397,47300000.0,160000000.0,0.0,0.0,207300000.0,418600000,0.0,20300000.0,206400000.0,0.34132627749297173,186100000.0,0.3077559120224905,0.0,184800000.0,0.3056060856623119,38000000.0,146800000.0,0.24276500744170662,1.3333333333333333,1.3333333333333333,110100000,110100000,https://www.sec.gov/Archives/edgar/data/1035267/000103526715000014/0001035267-15-000014-index.htm,https://www.sec.gov/Archives/edgar/data/1035267/000103526715000014/isrg-20141231x10k.htm,1620593782,16:56:22,20210509
25,2014-09-30,ISRG,USD,2014-10-23,2014-10-23 15:42:30,Q3,550100000.0,189500000.0,360600000.0,0.6555171786947828,47500000.0,154000000.0,0.0,0.0,201500000.0,391000000,0.0,19900000.0,179000000.0,0.3253953826576986,159100000.0,0.2892201417924014,0.0,161100000.0,0.29285584439192874,37400000.0,123700000.0,0.22486820578076713,1.143333,1.116667,108300000,110700000,https://www.sec.gov/Archives/edgar/data/1035267/000103526714000104/0001035267-14-000104-index.htm,https://www.sec.gov/Archives/edgar/data/1035267/000103526714000104/isrg-20140930x10q.htm,1620593782,16:56:22,20210509
26,2014-06-30,ISRG,USD,2014-07-24,2014-07-23 20:19:14,Q2,512200000.0,167800000.0,344400000.0,0.6723935962514642,40200000.0,161200000.0,0.0,0.0,201400000.0,369200000,0.0,17200000.0,160200000.0,0.31276844982428736,143000000.0,0.27918781725888325,0.0,142600000.0,0.27840687231550176,38600000.0,104000000.0,0.20304568527918782,0.94,0.923333,110700000,112800000,https://www.sec.gov/Archives/edgar/data/1035267/000103526714000072/0001035267-14-000072-index.htm,https://www.sec.gov/Archives/edgar/data/1035267/000103526714000072/isrg-20140630x10q.htm,1620593782,16:56:22,20210509
27,2014-03-31,ISRG,USD,2014-04-25,2014-04-25 15:24:07,Q1,464700000.0,149300000.0,315400000.0,0.6787174521196471,43000000.0,215800000.0,0.0,0.0,258800000.0,408100000,0.0,17000000.0,73600000.0,0.15838175166774263,56600000.0,0.12179901011405207,0.0,60500000.0,0.13019152141166343,16200000.0,44300000.0,0.09533032063697008,0.376667,0.376667,117610619,117610619,https://www.sec.gov/Archives/edgar/data/1035267/000103526714000053/0001035267-14-000053-index.htm,https://www.sec.gov/Archives/edgar/data/1035267/000103526714000009/isrg-20131231x10k.htm,1620593782,16:56:22,20210509
28,2013-12-31,ISRG,USD,2014-02-03,2014-02-03 17:13:14,Q4,576200000.0,178200000.0,398000000.0,0.6907323845886845,41700000.0,147700000.0,0.0,0.0,189400000.0,367600000,0.0,18100000.0,226700000.0,0.39343977785491147,208600000.0,0.36202707393266226,0.0,214500000.0,0.3722665741062131,48300000.0,166200000.0,0.2884415133634155,1.426667,1.426667,116495327,116495327,https://www.sec.gov/Archives/edgar/data/1035267/000103526714000009/0001035267-14-000009-index.htm,https://www.sec.gov/Archives/edgar/data/1035267/000103526714000009/isrg-20131231x10k.htm,1620593782,16:56:22,20210509
29,2013-09-30,ISRG,USD,2013-10-18,2013-10-18 13:43:10,Q3,499000000.0,142300000.0,356700000.0,0.7148296593186373,43200000.0,139300000.0,0.0,0.0,182500000.0,324800000,0.0,16600000.0,190800000.0,0.38236472945891786,174200000.0,0.34909819639278555,0.0,178100000.0,0.3569138276553106,21300000.0,156800000.0,0.31422845691382767,1.353333,1.33,115800000,117900000,https://www.sec.gov/Archives/edgar/data/1035267/000103526713000040/0001035267-13-000040-index.htm,https://www.sec.gov/Archives/edgar/data/1035267/000103526713000040/isrg-2013930x10q.htm,1620593782,16:56:22,20210509
30,2013-06-30,ISRG,USD,2013-07-22,2013-07-22 17:16:15,Q2,578500000.0,173300000.0,405200000.0,0.7004321521175454,41200000.0,145500000.0,0.0,0.0,186700000.0,360000000,0.0,16600000.0,235100000.0,0.40639585133967154,218500000.0,0.3777009507346586,0.0,222800000.0,0.38513396715643905,63700000.0,159100000.0,0.2750216076058773,1.33,1.3,119700000,122400000,https://www.sec.gov/Archives/edgar/data/1035267/000119312513297410/0001193125-13-297410-index.htm,https://www.sec.gov/Archives/edgar/data/1035267/000119312513297410/d551118d10q.htm,1620593782,16:56:22,20210509
31,2013-03-31,ISRG,USD,2013-04-19,2013-04-19 12:48:18,Q1,611400000.0,177100000.0,434300000.0,0.7103369316323193,41600000.0,141500000.0,0.0,0.0,183100000.0,360200000,0.0,16000000.0,267200000.0,0.4370297677461564,251200000.0,0.41086032057572786,0.0,255500000.0,0.4178933595027805,66600000.0,188900000.0,0.30896303565587174,1.563333,1.52,120900000,124200000,https://www.sec.gov/Archives/edgar/data/1035267/000119312513162385/0001193125-13-162385-index.htm,https://www.sec.gov/Archives/edgar/data/1035267/000119312513036675/d445195d10k.htm,1620593782,16:56:22,20210509
32,2012-12-31,ISRG,USD,2013-02-04,2013-02-04 16:09:03,Q4,609300000.0,171400000.0,437900000.0,0.7186935827999343,41700000.0,148100000.0,0.0,0.0,189800000.0,361200000,0.0,15400000.0,263500000.0,0.4324634826850484,248100000.0,0.4071885770556376,0.0,251800000.0,0.4132611193172493,76900000.0,174900000.0,0.28705071393402265,1.456667,1.416667,120000000,123600000,https://www.sec.gov/Archives/edgar/data/1035267/000119312513036675/0001193125-13-036675-index.htm,https://www.sec.gov/Archives/edgar/data/1035267/000119312513036675/d445195d10k.htm,1620593782,16:56:22,20210509
33,2012-09-30,ISRG,USD,2012-10-18,2012-10-18 16:10:11,Q3,537800000.0,147700000.0,390100000.0,0.7253625883227965,49700000.0,129000000.0,0.0,0.0,178700000.0,326400000,0.0,15200000.0,226600000.0,0.4213462253625883,211400000.0,0.3930829304574191,0.0,215700000.0,0.40107846783190776,32400000.0,183300000.0,0.3408330234287839,1.53,1.486667,119700000,123300000,https://www.sec.gov/Archives/edgar/data/1035267/000119312512427223/0001193125-12-427223-index.htm,https://www.sec.gov/Archives/edgar/data/1035267/000119312512427223/d410790d10q.htm,1620593782,16:56:22,20210509
34,2012-06-30,ISRG,USD,2012-07-23,2012-07-20 19:51:13,Q2,536500000.0,150100000.0,386400000.0,0.7202236719478099,40200000.0,120900000.0,0.0,0.0,161100000.0,311200000,0.0,13900000.0,239200000.0,0.44585274930102514,225300000.0,0.4199440820130475,0.0,229300000.0,0.42739981360671014,74400000.0,154900000.0,0.2887232059645853,1.293333,1.25,119700000,123900000,https://www.sec.gov/Archives/edgar/data/1035267/000119312512309316/0001193125-12-309316-index.htm,https://www.sec.gov/Archives/edgar/data/1035267/000119312512309316/d361804d10q.htm,1620593782,16:56:22,20210509
35,2012-03-31,ISRG,USD,2012-04-19,2012-04-18 18:49:11,Q1,495200000.0,139300000.0,355900000.0,0.7186995153473344,38400000.0,124200000.0,0.0,0.0,162600000.0,301900000,0.0,13300000.0,206600000.0,0.41720516962843296,193300000.0,0.39034733441033925,0.0,197100000.0,0.3980210016155089,53600000.0,143500000.0,0.28978190630048467,1.21,1.166667,118500000,123000000,https://www.sec.gov/Archives/edgar/data/1035267/000119312512168803/0001193125-12-168803-index.htm,https://www.sec.gov/Archives/edgar/data/1035267/000119312512039226/d263902d10k.htm,1620593782,16:56:22,20210509
36,2011-12-31,ISRG,USD,2012-02-06,2012-02-03 19:13:36,Q4,496800000.0,133900000.0,362900000.0,0.730475040257649,41400000.0,122000000.0,0.0,0.0,163400000.0,297300000,0.0,12500000.0,212000000.0,0.42673107890499196,199500000.0,0.40157004830917875,0.0,203100000.0,0.40881642512077293,51900000.0,151200000.0,0.30434782608695654,1.2759493670886075,1.2759493670886075,118500000,118500000,https://www.sec.gov/Archives/edgar/data/1035267/000119312512039226/0001193125-12-039226-index.htm,https://www.sec.gov/Archives/edgar/data/1035267/000119312512039226/d263902d10k.htm,1620593782,16:56:22,20210509
37,2011-09-30,ISRG,USD,2011-10-19,2011-10-19 17:09:13,Q3,446700000.0,121200000.0,325500000.0,0.7286769644056413,35400000.0,111200000.0,0.0,0.0,146600000.0,267800000,0.0,11500000.0,190400000.0,0.4262368479964182,178900000.0,0.40049250055965974,0.0,180800000.0,0.4047459144839937,58400000.0,122400000.0,0.2740094022834117,1.043333,1.016667,117300000,120300000,https://www.sec.gov/Archives/edgar/data/1035267/000119312511274983/0001193125-11-274983-index.htm,https://www.sec.gov/Archives/edgar/data/1035267/000119312511274983/d228501d10q.htm,1620593782,16:56:22,20210509
38,2011-06-30,ISRG,USD,2011-07-20,2011-07-20 16:53:08,Q2,425700000.0,119100000.0,306600000.0,0.7202255109231853,32000000.0,106500000.0,0.0,0.0,138500000.0,257600000,0.0,11200000.0,179300000.0,0.42118863049095606,168100000.0,0.3948790227859995,0.0,172200000.0,0.4045102184637068,54800000.0,117400000.0,0.2757810664787409,0.996667,0.97,117600000,120900000,https://www.sec.gov/Archives/edgar/data/1035267/000119312511192512/0001193125-11-192512-index.htm,https://www.sec.gov/Archives/edgar/data/1035267/000119312511192512/d10q.htm,1620593782,16:56:22,20210509
39,2011-03-31,ISRG,USD,2011-04-20,2011-04-20 16:29:08,Q1,388100000.0,109300000.0,278800000.0,0.7183715537232672,31400000.0,99100000.0,0.0,0.0,130500000.0,239800000,0.0,11300000.0,159600000.0,0.4112342179850554,148300000.0,0.3821180108219531,0.0,153600000.0,0.3957742849780984,49500000.0,104100000.0,0.2682298376707034,0.886667,0.863333,117300000,120600000,https://www.sec.gov/Archives/edgar/data/1035267/000119312511103731/0001193125-11-103731-index.htm,https://www.sec.gov/Archives/edgar/data/1035267/000119312511020229/d10k.htm,1620593782,16:56:22,20210509
40,2010-12-31,ISRG,USD,2011-02-01,2011-02-01 15:32:22,Q4,389300000.0,107200000.0,282100000.0,0.7246339583868482,32600000.0,95800000.0,0.0,0.0,128400000.0,235600000,0.0,10800000.0,164500000.0,0.42255330079630105,153700000.0,0.3948111995890059,0.0,157200000.0,0.4038016953506293,36000000.0,121200000.0,0.31132802465964554,1.0332480818414322,1.0332480818414322,117300000,117300000,https://www.sec.gov/Archives/edgar/data/1035267/000119312511020229/0001193125-11-020229-index.htm,https://www.sec.gov/Archives/edgar/data/1035267/000119312511020229/d10k.htm,1620593782,16:56:22,20210509
41,2010-09-30,ISRG,USD,2010-10-20,2010-10-20 17:27:05,Q3,344400000.0,93800000.0,250600000.0,0.7276422764227642,26900000.0,91600000.0,0.0,0.0,118500000.0,212300000,0.0,10300000.0,142400000.0,0.413472706155633,132100000.0,0.38356562137049943,0.0,137100000.0,0.3980836236933798,50500000.0,86600000.0,0.251451800232288,0.733333,0.713333,118200000,121500000,https://www.sec.gov/Archives/edgar/data/1035267/000119312510232766/0001193125-10-232766-index.htm,https://www.sec.gov/Archives/edgar/data/1035267/000119312510232766/d10q.htm,1620593782,16:56:22,20210509
42,2010-06-30,ISRG,USD,2010-07-23,2010-07-22 20:49:59,Q2,350700000.0,93900000.0,256800000.0,0.7322497861420018,28500000.0,88600000.0,0.0,0.0,117100000.0,211000000,0.0,9800000.0,149500000.0,0.4262902765896778,139700000.0,0.3983461648132307,0.0,144200000.0,0.4111776447105788,55500000.0,88700000.0,0.2529227259766182,0.753333,0.73,117900000,121500000,https://www.sec.gov/Archives/edgar/data/1035267/000119312510164132/0001193125-10-164132-index.htm,https://www.sec.gov/Archives/edgar/data/1035267/000119312510164132/d10q.htm,1620593782,16:56:22,20210509
43,2010-03-31,ISRG,USD,2010-04-20,2010-04-20 16:52:35,Q1,328600000.0,88100000.0,240500000.0,0.7318928788800974,28000000.0,82800000.0,0.0,0.0,110800000.0,198900000,0.0,9500000.0,139200000.0,0.42361533779671334,129700000.0,0.39470480827754106,0.0,133800000.0,0.4071819841752891,48500000.0,85300000.0,0.2595861229458308,0.733333,0.706667,116400000,120600000,https://www.sec.gov/Archives/edgar/data/1035267/000119312510087846/0001193125-10-087846-index.htm,https://www.sec.gov/Archives/edgar/data/1035267/000119312510016932/d10k.htm,1620593782,16:56:22,20210509
44,2009-12-31,ISRG,USD,2010-01-29,2010-01-29 15:05:27,Q4,323038000.0,89879000.0,233159000.0,0.7217695750964283,25771000.0,79006000.0,0.0,0.0,104777000.0,194656000,0.0,8679000.0,137061000.0,0.42428754511853095,128382000.0,0.3974207368792526,0.0,132505000.0,0.4101839412081551,54953000.0,77552000.0,0.24007082758065615,0.666254295532646,0.666254295532646,116400000,116400000,https://www.sec.gov/Archives/edgar/data/1035267/000119312510016932/0001193125-10-016932-index.htm,https://www.sec.gov/Archives/edgar/data/1035267/000119312510016932/d10k.htm,1620593782,16:56:22,20210509
45,2009-09-30,ISRG,USD,2009-10-21,2009-10-21 16:16:34,Q3,280134000.0,81130000.0,199004000.0,0.7103885997415522,24650000.0,69863000.0,0.0,0.0,94513000.0,175643000,0.0,8952000.0,113443000.0,0.4049597692532859,104491000.0,0.373003633975169,0.0,108853000.0,0.3885747535108198,44329000.0,64524000.0,0.23033262652873268,0.563333,0.546667,114249000,117735000,https://www.sec.gov/Archives/edgar/data/1035267/000119312509211111/0001193125-09-211111-index.htm,https://www.sec.gov/Archives/edgar/data/1035267/000119312509211111/d10q.htm,1620593782,16:56:22,20210509
46,2009-06-30,ISRG,USD,2009-07-23,2009-07-23 16:07:31,Q2,260624000.0,70439000.0,190185000.0,0.7297294186260667,23369000.0,67276000.0,0.0,0.0,90645000.0,161084000,0.0,8949000.0,108489000.0,0.4162663453864571,99540000.0,0.3819295229909755,0.0,104711000.0,0.40177036650500336,42323000.0,62388000.0,0.23937933574805084,0.55,0.54,113691000,115671000,https://www.sec.gov/Archives/edgar/data/1035267/000119312509154009/0001193125-09-154009-index.htm,https://www.sec.gov/Archives/edgar/data/1035267/000119312509154009/d10q.htm,1620593782,16:56:22,20210509
47,2009-03-31,ISRG,USD,2009-04-17,2009-04-17 17:18:37,Q1,188372000.0,59668000.0,128704000.0,0.6832437941944662,21312000.0,62366000.0,0.0,0.0,83678000.0,143346000,0.0,7997000.0,53023000.0,0.28148026245938884,45026000.0,0.23902703161828723,0.0,50042000.0,0.26565519291614464,21900000.0,28142000.0,0.14939587624487716,0.24125367555658428,0.2384753576028744,116649000,118008000,https://www.sec.gov/Archives/edgar/data/1035267/000119312509081807/0001193125-09-081807-index.htm,https://www.sec.gov/Archives/edgar/data/1035267/000119312509021360/d10k.htm,1620593782,16:56:22,20210509
48,2008-12-31,ISRG,USD,2009-02-06,2009-02-06 16:59:30,Q4,231545000.0,66205000.0,165340000.0,0.7140728584076529,20863000.0,61740000.0,0.0,0.0,82603000.0,148808000,0.0,7505000.0,90242000.0,0.38973849575676434,82737000.0,0.357325789803278,0.0,88262000.0,0.38118724222073463,37504000.0,50758000.0,0.21921440756656374,0.43513446321871596,0.43513446321871596,116649000,116649000,https://www.sec.gov/Archives/edgar/data/1035267/000119312509021360/0001193125-09-021360-index.htm,https://www.sec.gov/Archives/edgar/data/1035267/000119312509021360/d10k.htm,1620593782,16:56:22,20210509
49,2008-09-30,ISRG,USD,2008-10-17,2008-10-17 17:01:06,Q3,235992000.0,66417000.0,169575000.0,0.7185624936438524,21851000.0,62692000.0,0.0,0.0,84543000.0,150960000,0.0,6785000.0,91817000.0,0.38906827350079665,85032000.0,0.36031729889148784,0.0,89626000.0,0.37978406047662633,32032000.0,57594000.0,0.24405064578460287,0.493333,0.48,117045000,120324000,https://www.sec.gov/Archives/edgar/data/1035267/000119312508212329/0001193125-08-212329-index.htm,https://www.sec.gov/Archives/edgar/data/1035267/000119312508212329/d10q.htm,1620593782,16:56:22,20210509
50,2008-06-30,ISRG,USD,2008-07-25,2008-07-25 17:17:05,Q2,219189000.0,63133000.0,156056000.0,0.7119700349926319,20357000.0,57504000.0,0.0,0.0,77861000.0,140994000,0.0,6166000.0,84361000.0,0.384877890770066,78195000.0,0.35674691704419476,0.0,83902000.0,0.38278380758158487,32720000.0,51182000.0,0.23350624347024715,0.44,0.426667,116319000,119940000,https://www.sec.gov/Archives/edgar/data/1035267/000119312508158146/0001193125-08-158146-index.htm,https://www.sec.gov/Archives/edgar/data/1035267/000119312508158146/d10q.htm,1620593782,16:56:22,20210509
51,2008-03-31,ISRG,USD,2008-04-18,2008-04-18 16:18:17,Q1,188194000.0,58387000.0,129807000.0,0.6897510016259817,16301000.0,48634000.0,0.0,0.0,64935000.0,123322000,0.0,4628000.0,69500000.0,0.36929976513597673,64872000.0,0.34470812034390047,0.0,73413000.0,0.390092138962985,28632000.0,44781000.0,0.23795126305833342,0.386667,0.373333,115746000,119541000,https://www.sec.gov/Archives/edgar/data/1035267/000119312508084815/0001193125-08-084815-index.htm,https://www.sec.gov/Archives/edgar/data/1035267/000119312508031448/d10k.htm,1620593782,16:56:22,20210509
52,2007-12-31,ISRG,USD,2008-02-14,2008-02-14 16:21:41,Q4,189446000.0,54246000.0,135200000.0,0.7136598291861533,16123000.0,45696000.0,0.0,0.0,61819000.0,116065000,0.0,3721000.0,77102000.0,0.4069866874993402,73381000.0,0.3873452065496236,0.0,81813000.0,0.4318539319911743,32660000.0,49153000.0,0.2594565205916198,0.4246626233303959,0.4246626233303959,115746000,115746000,https://www.sec.gov/Archives/edgar/data/1035267/000119312508031448/0001193125-08-031448-index.htm,https://www.sec.gov/Archives/edgar/data/1035267/000119312508031448/d10k.htm,1620593782,16:56:22,20210509
53,2007-09-30,ISRG,USD,2007-10-19,2007-10-19 16:52:50,Q3,156904000.0,48434000.0,108470000.0,0.6913144343037781,14319000.0,40163000.0,0.0,0.0,54482000.0,102916000,0.0,3386000.0,57374000.0,0.36566308060979963,53988000.0,0.3440830061693775,0.0,66208000.0,0.42196502319889867,25289000.0,40919000.0,0.2607900372202111,0.36,0.346667,114099000,117813000,https://www.sec.gov/Archives/edgar/data/1035267/000119312507222158/0001193125-07-222158-index.htm,https://www.sec.gov/Archives/edgar/data/1035267/000119312507222158/d10q.htm,1620593782,16:56:22,20210509
54,2007-06-30,ISRG,USD,2007-07-20,2007-07-20 16:08:19,Q2,140249000.0,46141000.0,94108000.0,0.6710065668917425,10192000.0,38883000.0,0.0,0.0,49075000.0,95216000,0.0,3068000.0,48101000.0,0.3429685773160593,45033000.0,0.3210931985254797,0.0,50265000.0,0.35839827734957114,19602000.0,30663000.0,0.2186325749203203,0.27,0.263333,112908000,115971000,https://www.sec.gov/Archives/edgar/data/1035267/000119312507158965/0001193125-07-158965-index.htm,https://www.sec.gov/Archives/edgar/data/1035267/000119312507158965/d10q.htm,1620593782,16:56:22,20210509
55,2007-03-31,ISRG,USD,2007-04-23,2007-04-20 20:52:49,Q1,114229000.0,37721000.0,76508000.0,0.6697773770233478,8224000.0,33945000.0,0.0,0.0,42169000.0,79890000,0.0,2852000.0,37191000.0,0.32558282047466053,34339000.0,0.3006154304073396,0.0,38947000.0,0.34095544914163656,15145000.0,23802000.0,0.20837090406114034,0.213333,0.206667,111867000,115194000,https://www.sec.gov/Archives/edgar/data/1035267/000119312507086724/0001193125-07-086724-index.htm,https://www.sec.gov/Archives/edgar/data/1035267/000119312507032981/d10k.htm,1620593782,16:56:22,20210509
56,2006-12-31,ISRG,USD,2007-02-15,2007-02-15 15:33:18,Q4,112567000.0,37622000.0,74945000.0,0.6657812680448089,8448000.0,31051000.0,0.0,0.0,39499000.0,77121000,0.0,28303000.0,63749000.0,0.5663205024563149,35446000.0,0.31488802224452994,0.0,39627000.0,0.35203034637149433,15986000.0,23641000.0,0.21001714534455035,0.21133131307713623,0.21133131307713623,111867000,111867000,https://www.sec.gov/Archives/edgar/data/1035267/000119312507032981/0001193125-07-032981-index.htm,https://www.sec.gov/Archives/edgar/data/1035267/000119312507032981/d10k.htm,1620593782,16:56:22,20210509
57,2006-09-30,ISRG,USD,2006-10-27,2006-10-27 16:21:02,Q3,95832000.0,33599000.0,62233000.0,0.6493968611737206,7979000.0,28578000.0,0.0,0.0,36557000.0,70156000,0.0,2603000.0,28279000.0,0.29508932298188495,25676000.0,0.26792720594373487,0.0,28822000.0,0.3007554887720177,11559000.0,17263000.0,0.18013815844394357,0.156667,0.15,110625000,114552000,https://www.sec.gov/Archives/edgar/data/1035267/000119312506217047/0001193125-06-217047-index.htm,https://www.sec.gov/Archives/edgar/data/1035267/000119312506217047/d10q.htm,1620593782,16:56:22,20210509
58,2006-06-30,ISRG,USD,2006-07-31,2006-07-31 15:05:39,Q2,87025000.0,28048000.0,58977000.0,0.677701809824763,7205000.0,27265000.0,0.0,0.0,34470000.0,62518000,0.0,2189000.0,26696000.0,0.30676242459063485,24507000.0,0.2816087331226659,0.0,27762000.0,0.3190117782246481,11080000.0,16682000.0,0.19169204251651825,0.15,0.146667,110052000,114372000,https://www.sec.gov/Archives/edgar/data/1035267/000119312506156931/0001193125-06-156931-index.htm,https://www.sec.gov/Archives/edgar/data/1035267/000119312506156931/d10q.htm,1620593782,16:56:22,20210509
59,2006-03-31,ISRG,USD,2006-05-10,2006-05-10 14:09:29,Q1,77258000.0,25577000.0,51681000.0,0.6689404333531802,6145000.0,23810000.0,0.0,0.0,29955000.0,55532000,0.0,2174000.0,23900000.0,0.30935307670403067,21726000.0,0.28121359600300294,0.0,23927000.0,0.30970255507520256,9469000.0,14458000.0,0.18713919594087344,0.133333,0.126667,109137000,113472000,https://www.sec.gov/Archives/edgar/data/1035267/000103526706000002/0001035267-06-000002-index.htm,https://www.sec.gov/Archives/edgar/data/1035267/000119312506055046/d10k.htm,1620593782,16:56:22,20210509
60,2005-12-31,ISRG,USD,2006-03-15,2006-03-15 16:25:48,Q4,72094000.0,23532000.0,48562000.0,0.6735928093877438,4267000.0,20784000.0,0.0,0.0,25051000.0,48583000,0.0,1791000.0,25302000.0,0.3509584708852332,23511000.0,0.3261159042361362,-3624000.0,25439000.0,0.3528587677199212,-24087000.0,49526000.0,0.6869642411296363,0.4537966042680301,0.4537966042680301,109137000,109137000,https://www.sec.gov/Archives/edgar/data/1035267/000119312506055046/0001193125-06-055046-index.htm,https://www.sec.gov/Archives/edgar/data/1035267/000119312506055046/d10k.htm,1620593782,16:56:22,20210509
61,2005-09-30,ISRG,USD,2005-11-09,2005-11-09,Q3,60874000.0,18757000.0,42117000.0,0.6918717350593028,4587000.0,16521000.0,0.0,0.0,21108000.0,39865000,0.0,1639000.0,22648000.0,0.37204717941978516,21009000.0,0.3451227124880902,1430000.0,22439000.0,0.36861385813319314,1719000.0,20720000.0,0.34037520123533854,0.196667,0.183333,105462000,114039000,https://www.sec.gov/Archives/edgar/data/1035267/000103526705000009/0001035267-05-000009-index.htm,https://www.sec.gov/Archives/edgar/data/1035267/000103526705000009/body10q.htm,1620593782,16:56:22,20210509
62,2005-06-30,ISRG,USD,2005-08-08,2005-08-08,Q2,52756000.0,17129000.0,35627000.0,0.6753165516718478,4355000.0,15934000.0,0.0,0.0,20289000.0,37418000,0.0,1630000.0,16968000.0,0.32163166274926075,15338000.0,0.29073470316172567,954000.0,16292000.0,0.30881795435590265,1508000.0,14784000.0,0.28023352793994993,0.14,0.133333,104370000,111732000,https://www.sec.gov/Archives/edgar/data/1035267/000103526705000007/0001035267-05-000007-index.htm,https://www.sec.gov/Archives/edgar/data/1035267/000103526705000007/body10q.htm,1620593782,16:56:22,20210509
63,2005-03-31,ISRG,USD,2005-05-10,2005-05-10,Q1,41614000.0,14351000.0,27263000.0,0.6551400970827126,4145000.0,14204000.0,0.0,0.0,18349000.0,32700000,0.0,1667000.0,10581000.0,0.2542653914547989,8914000.0,0.21420675734127936,723000.0,9637000.0,0.23158071802758687,533000.0,9104000.0,0.21877252847599366,0.086667,0.083333,103551000,111063000,https://www.sec.gov/Archives/edgar/data/1035267/000103526705000002/0001035267-05-000002-index.htm,https://www.sec.gov/Archives/edgar/data/1035267/000119312505052547/d10k.htm,1620593782,16:56:22,20210509
64,2004-12-31,ISRG,USD,2005-03-16,2005-03-16 14:48:06,Q4,45194000.0,15390000.0,29804000.0,0.6594680709828739,4241000.0,14616000.0,0.0,0.0,18857000.0,34247000,0.0,1752000.0,12699000.0,0.28098862680886844,10947000.0,0.2422224189051644,-1682000.0,12043000.0,0.2664734256759747,361000.0,11682000.0,0.2584856396866841,0.11281397572210795,0.11281397572210795,103551000,103551000,https://www.sec.gov/Archives/edgar/data/1035267/000119312505052547/0001193125-05-052547-index.htm,https://www.sec.gov/Archives/edgar/data/1035267/000119312505052547/d10k.htm,1620593782,16:56:22,20210509
65,2004-09-30,ISRG,USD,2004-11-08,2004-11-08 15:10:54,Q3,35493000.0,12771000.0,22722000.0,0.6401825712112248,4635000.0,12600000.0,0.0,0.0,17235000.0,30006000,0.0,1720000.0,7207000.0,0.20305412334826586,5487000.0,0.15459386357873384,692000.0,6179000.0,0.17409066576508045,66000.0,6113000.0,0.17223114416927282,0.06,0.056667,101469000,105915000,https://www.sec.gov/Archives/edgar/data/1035267/000103526704000003/0001035267-04-000003-index.htm,https://www.sec.gov/Archives/edgar/data/1035267/000103526704000003/body10q.htm,1620593782,16:56:22,20210509
66,2004-06-30,ISRG,USD,2004-08-06 00:00:00,2004-08-06 15:11:02,Q2,31057000.0,11429000.0,19628000.0,0.6319992272273561,3626000.0,11535000.0,0.0,0.0,15161000.0,26590000,0.0,1783000.0,6250000.0,0.2012428760021895,4467000.0,0.1438323083362849,626000.0,5093000.0,0.1639887947966642,263000.0,4830000.0,0.15552049457449207,0.047975207842903544,0.0470622624963461,100677000,102630000,https://www.sec.gov/Archives/edgar/data/1035267/000103526704000002/0001035267-04-000002-index.html,https://www.sec.gov/Archives/edgar/data/1035267/000103526704000002/body10q.htm,1620593782,16:56:22,20210509
67,2004-03-31,ISRG,USD,2004-05-07 00:00:00,2004-05-07 15:55:53,Q1,27059000.0,11223000.0,15836000.0,0.5852396614804686,5310000.0,10243000.0,0.0,0.0,15553000.0,26776000,0.0,1856000.0,2139000.0,0.07904948445988395,283000.0,0.010458627443734063,606000.0,889000.0,0.03285413355999852,36000.0,853000.0,0.03152370745408182,0.01,0.006667,99846000,102411000,https://www.sec.gov/Archives/edgar/data/1035267/000103526704000001/0001035267-04-000001-index.html,https://www.sec.gov/Archives/edgar/data/1035267/000103526704000001/body10q.htm,1620593782,16:56:22,20210509
68,2003-12-31,ISRG,USD,2004-03-12 00:00:00,2004-03-12 16:00:01,Q4,27594000.0,20595000.0,6999000.0,0.25364209610784955,4733000.0,7879000.0,0.0,0.0,12612000.0,33207000,0.0,5879000.0,266000.0,0.009639776763064434,-5613000.0,-0.20341378560556642,-1105000.0,0.0,0.0,0.0,-4855000.0,-0.1759440458070595,-0.04862488231877091,-0.04862488231877091,99846000,99846000,https://www.sec.gov/Archives/edgar/data/1035267/000119312504040493/0001193125-04-040493-index.html,https://www.sec.gov/Archives/edgar/data/1035267/000119312504040493/d10k.htm,1620593782,16:56:22,20210509
69,2003-09-30,ISRG,USD,2003-11-14 00:00:00,2003-11-14 14:47:01,Q3,23393000.0,10407000.0,12986000.0,0.5551233274911298,4407000.0,12242000.0,0.0,0.0,16649000.0,27056000,0.0,2182000.0,-1481000.0,-0.06330953704099516,-3663000.0,-0.15658530329585774,310000.0,0.0,0.0,0.0,-3353000.0,-0.1433334758261018,-0.04,-0.04,80634000,80634000,https://www.sec.gov/Archives/edgar/data/1035267/000103526703000004/0001035267-03-000004-index.html,https://www.sec.gov/Archives/edgar/data/1035267/000103526703000004/body10q.htm,1620593782,16:56:22,20210509
70,2003-06-30,ISRG,USD,2003-08-14 00:00:00,2003-08-14 14:29:04,Q2,21453000.0,7906000.0,13547000.0,0.6314734535962336,3627000.0,9389000.0,0.0,0.0,13016000.0,20922000,0.0,1334000.0,1865000.0,0.08693422831305644,531000.0,0.024751782967417143,347000.0,0.0,0.0,0.0,878000.0,0.04092667692164266,0.015751704341585935,0.015425429118572006,55740000,56919000,https://www.sec.gov/Archives/edgar/data/1035267/000103526703000003/0001035267-03-000003-index.html,https://www.sec.gov/Archives/edgar/data/1035267/000103526703000003/body10q.htm,1620593782,16:56:22,20210509
71,2003-03-31,ISRG,USD,2003-05-15 00:00:00,2003-05-15 16:23:21,Q1,19235000.0,8738000.0,10497000.0,0.5457239407330388,3423000.0,10209000.0,0.0,0.0,13632000.0,22370000,0.0,1234000.0,-1901000.0,-0.09883025734338445,-3135000.0,-0.16298414348843254,842000.0,0.0,0.0,0.0,-2293000.0,-0.11920977384975305,-0.04,-0.04,55293000,55293000,https://www.sec.gov/Archives/edgar/data/1035267/000103526703000002/0001035267-03-000002-index.html,https://www.sec.gov/Archives/edgar/data/1035267/000103526703000002/body10q.htm,1620593782,16:56:22,20210509
72,2002-12-31,ISRG,USD,2003-03-28 00:00:00,2003-03-28 08:44:02,Q4,21145000.0,9512000.0,11633000.0,0.5501537006384488,4026000.0,10602000.0,0.0,0.0,14628000.0,24140000,0.0,1175000.0,-1820000.0,-0.08607235753133129,-2995000.0,-0.14164104989359186,-1446000.0,0.0,0.0,0.0,-2600000.0,-0.1229605107590447,-0.04702222704501474,-0.04702222704501474,55293000,55293000,https://www.sec.gov/Archives/edgar/data/1035267/000089161803001487/0000891618-03-001487-index.html,https://www.sec.gov/Archives/edgar/data/1035267/000089161803001487/f88817ore10vk.txt,1620593782,16:56:22,20210509
73,2002-09-30,ISRG,USD,2002-11-08 00:00:00,2002-11-08 13:43:07,Q3,17081000.0,8340000.0,8741000.0,0.5117381886306422,3890000.0,11693000.0,0.0,0.0,15583000.0,23923000,0.0,1180000.0,-5662000.0,-0.3314794215795328,-6842000.0,-0.40056202798431007,378000.0,0.0,0.0,0.0,-6464000.0,-0.3784321761021017,-0.12,-0.12,54748500,54748500,https://www.sec.gov/Archives/edgar/data/1035267/000103526702000004/0001035267-02-000004-index.html,https://www.sec.gov/Archives/edgar/data/1035267/000103526702000004/body10q.htm,1620593782,16:56:22,20210509
74,2002-06-30,ISRG,USD,2002-08-14 00:00:00,2002-08-14 13:25:46,Q2,19387000.0,9225000.0,10162000.0,0.5241656780316707,4645000.0,9784000.0,0.0,0.0,14429000.0,23654000,0.0,1161000.0,-3106000.0,-0.1602104503017486,-4267000.0,-0.22009594057873832,527000.0,0.0,0.0,0.0,-3740000.0,-0.19291277660287823,-0.066667,-0.066667,54574500,54574500,https://www.sec.gov/Archives/edgar/data/1035267/000113626102000008/0001136261-02-000008-index.html,https://www.sec.gov/Archives/edgar/data/1035267/000113626102000008/body10q.htm,1620593782,16:56:22,20210509
75,2002-03-31,ISRG,USD,2002-04-01 00:00:00,2002-04-01 00:00:00,Q1,14409000.0,7507000.0,6902000.0,0.4790061766951211,4232000.0,8785000.0,0.0,0.0,13017000.0,20524000,0.0,1033000.0,-5082000.0,-0.35269623152196544,-6115000.0,-0.42438753556804776,498000.0,0.0,0.0,0.0,-5617000.0,-0.3898258033173711,-0.1,-0.1,54462000,54462000,https://www.sec.gov/Archives/edgar/data/1035267/000103526702000001/0001035267-02-000001-index.html,https://www.sec.gov/Archives/edgar/data/1035267/000103526702000001/body10k.htm,1620593782,16:56:22,20210509
76,2001-12-31,ISRG,USD,2002-04-01 00:00:00,2002-04-01 00:00:00,Q4,16013000.0,9246000.0,6767000.0,0.4225941422594142,3791000.0,8035000.0,0.0,0.0,11826000.0,21072000,0.0,1152000.0,-3907000.0,-0.24398925872728408,-5059000.0,-0.3159308062199463,-2834000.0,0.0,0.0,0.0,-4252000.0,-0.265534253419097,-0.07807278469391503,-0.07807278469391503,54462000,54462000,https://www.sec.gov/Archives/edgar/data/1035267/000103526702000001/0001035267-02-000001-index.html,https://www.sec.gov/Archives/edgar/data/1035267/000103526702000001/body10k.htm,1620593782,16:56:22,20210509
77,2001-09-30,ISRG,USD,2001-11-14 00:00:00,2001-11-14 00:00:00,Q3,10861000.0,5750000.0,5111000.0,0.47058281926157813,3493000.0,7452000.0,0.0,0.0,10945000.0,16695000,0.0,1147000.0,-4687000.0,-0.43154405671669277,-5834000.0,-0.5371512752048614,1036000.0,0.0,0.0,0.0,-4798000.0,-0.4417641101187736,-0.086667,-0.086667,54084000,54084000,https://www.sec.gov/Archives/edgar/data/1035267/000103526701500007/0001035267-01-500007-index.html,https://www.sec.gov/Archives/edgar/data/1035267/000103526701500007/body10q.htm,1620593782,16:56:22,20210509
78,2001-06-30,ISRG,USD,2001-08-10 00:00:00,2001-08-10 00:00:00,Q2,12720000.0,6659000.0,6061000.0,0.4764937106918239,3336000.0,7666000.0,0.0,0.0,11002000.0,17661000,0.0,1174000.0,-3767000.0,-0.29614779874213837,-4941000.0,-0.3884433962264151,697000.0,0.0,0.0,0.0,-4244000.0,-0.33364779874213835,-0.08,-0.08,53482500,53482500,https://www.sec.gov/Archives/edgar/data/1035267/000103526701500006/0001035267-01-500006-index.html,https://www.sec.gov/Archives/edgar/data/1035267/000103526701500006/body10q.htm,1620593782,16:56:22,20210509
79,2001-03-31,ISRG,USD,2001-05-14 00:00:00,2001-05-14 00:00:00,Q1,12079000.0,6135000.0,5944000.0,0.49209371636724897,3231000.0,6835000.0,0.0,0.0,10066000.0,16201000,0.0,1239000.0,-2883000.0,-0.23867869856776222,-4122000.0,-0.3412534150177995,1143000.0,0.0,0.0,0.0,-3407000.0,-0.2820597731600298,-0.066667,-0.066667,53101500,53101500,https://www.sec.gov/Archives/edgar/data/1035267/000089161801500698/0000891618-01-500698-index.html,https://www.sec.gov/Archives/edgar/data/1035267/000089161801500698/f72328e10-q.txt,1620593782,16:56:22,20210509
80,2000-12-31,ISRG,USD,2000-12-31,2000-12-31,Q4,10706000.0,5875000.0,4831000.0,0.4512422940407248,3110000.0,6626000.0,0.0,0.0,11149000.0,17024000,0.0,1413000.0,-4905000.0,-0.4581543059966374,-6318000.0,-0.5901363721277788,0.0,0.0,0.0,0.0,-4981000.0,-0.4652531290864936,-0.0938014933664774,-0.0938014933664774,53101500,53101500,,,1620593782,16:56:22,20210509
81,2000-09-30,ISRG,USD,2000-11-13 00:00:00,2000-11-13 00:00:00,Q3,7859000.0,3365000.0,4494000.0,0.5718284769054587,3172000.0,5395000.0,0.0,0.0,9910000.0,13275000,0.0,1343000.0,-4073000.0,-0.5182593205242397,-5416000.0,-0.6891462018068456,0.0,0.0,0.0,0.0,-4020000.0,-0.5115154599821861,-0.08,-0.08,51997500,51997500,https://www.sec.gov/Archives/edgar/data/1035267/000089161800005025/0000891618-00-005025-index.html,https://www.sec.gov/Archives/edgar/data/1035267/000089161800005025/f66307e10-q.txt,1620593782,16:56:22,20210509
