,date,symbol,reportedCurrency,fillingDate,acceptedDate,period,revenue,costOfRevenue,grossProfit,grossProfitRatio,researchAndDevelopmentExpenses,generalAndAdministrativeExpenses,sellingAndMarketingExpenses,otherExpenses,operatingExpenses,costAndExpenses,interestExpense,depreciationAndAmortization,ebitda,ebitdaratio,operatingIncome,operatingIncomeRatio,totalOtherIncomeExpensesNet,incomeBeforeTax,incomeBeforeTaxRatio,incomeTaxExpense,netIncome,netIncomeRatio,eps,epsdiluted,weightedAverageShsOut,weightedAverageShsOutDil,link,finalLink,timestamp,est_time,est_date
0,2019-06-30,MBN.TO,CAD,2019-06-30,2019-06-30,Q2,186913.5,115964.75,70948.75,0.3795806616429525,0.0,66579.25,0.0,0.0,247.75,182791.75,0.0,0.0,111404.0,1.6777988223044056,4121.75,0.022051644209754778,-107282.25,-103160.5,-0.5519157257233961,-1561.75,-101598.75,-0.5435602564822766,-0.0225,-0.0225,4651114.0,4651114.0,https://www.sedar.com/ModifyCompanyDocumentSearchForm.do?lang=EN&company_search=MBN Corp&document_selection=0&industry_group=A&FromDate=13&FromMonth=05&FromYear=2000&ToDate=13&ToMonth=11&ToYear=2020&Variable=Issuer,https://www.sedar.com/ModifyCompanyDocumentSearchForm.do?lang=EN&company_search=MBN Corp&document_selection=0&industry_group=A&FromDate=13&FromMonth=05&FromYear=2000&ToDate=13&ToMonth=11&ToYear=2020&Variable=Issuer,1620594803,17:13:23,20210509
1,2019-03-31,MBN.TO,CAD,2019-03-31,2019-03-31,Q1,186913.5,115964.75,70948.75,0.3795806616429525,0.0,66579.25,0.0,0.0,247.75,182791.75,0.0,0.0,111404.0,1.6777988223044056,4121.75,0.022051644209754778,-107282.25,-103160.5,-0.5519157257233961,-1561.75,-101598.75,-0.5435602564822766,-0.0225,-0.0225,4651114.0,4651114.0,https://www.sedar.com/ModifyCompanyDocumentSearchForm.do?lang=EN&company_search=MBN Corp&document_selection=0&industry_group=A&FromDate=13&FromMonth=05&FromYear=2000&ToDate=13&ToMonth=11&ToYear=2020&Variable=Issuer,https://www.sedar.com/ModifyCompanyDocumentSearchForm.do?lang=EN&company_search=MBN Corp&document_selection=0&industry_group=A&FromDate=13&FromMonth=05&FromYear=2000&ToDate=13&ToMonth=11&ToYear=2020&Variable=Issuer,1620594803,17:13:23,20210509
2,2019-01-31,MBN.TO,CAD,2019-01-31,2019-01-31,Q1,186913.5,115964.75,70948.75,0.3795806616429525,0.0,66579.25,0.0,0.0,247.75,182791.75,0.0,0.0,111404.0,1.6777988223044056,4121.75,0.022051644209754778,-107282.25,-103160.5,-0.5519157257233961,-1561.75,-101598.75,-0.5435602564822766,-0.0225,-0.0225,4651114.0,4651114.0,https://www.sedar.com/ModifyCompanyDocumentSearchForm.do?lang=EN&company_search=MBN Corp&document_selection=0&industry_group=A&FromDate=13&FromMonth=05&FromYear=2000&ToDate=13&ToMonth=11&ToYear=2020&Variable=Issuer,https://www.sedar.com/ModifyCompanyDocumentSearchForm.do?lang=EN&company_search=MBN Corp&document_selection=0&industry_group=A&FromDate=13&FromMonth=05&FromYear=2000&ToDate=13&ToMonth=11&ToYear=2020&Variable=Issuer,1620594803,17:13:23,20210509
3,2018-06-30,MBN.TO,CAD,2018-06-30,2018-06-30,Q2,643135.75,94541.75,548594.0,0.8529987642577792,0.0,110152.5,0.0,0.0,681.0,205375.25,0.0,0.0,146987.75,4.3754377490641225,437760.5,0.6806657847896032,290772.75,728533.25,1.132783008874876,5120.5,723412.75,1.124821237196035,0.1725,0.1725,4204405.0,4204405.0,https://www.sedar.com/ModifyCompanyDocumentSearchForm.do?lang=EN&company_search=MBN Corp&document_selection=0&industry_group=A&FromDate=13&FromMonth=05&FromYear=2000&ToDate=13&ToMonth=11&ToYear=2020&Variable=Issuer,https://www.sedar.com/ModifyCompanyDocumentSearchForm.do?lang=EN&company_search=MBN Corp&document_selection=0&industry_group=A&FromDate=13&FromMonth=05&FromYear=2000&ToDate=13&ToMonth=11&ToYear=2020&Variable=Issuer,1620594803,17:13:23,20210509
4,2018-03-31,MBN.TO,CAD,2018-03-31,2018-03-31,Q1,643135.75,94541.75,548594.0,0.8529987642577792,0.0,110152.5,0.0,0.0,681.0,205375.25,0.0,0.0,146987.75,4.3754377490641225,437760.5,0.6806657847896032,290772.75,728533.25,1.132783008874876,5120.5,723412.75,1.124821237196035,0.1725,0.1725,4204405.0,4204405.0,https://www.sedar.com/ModifyCompanyDocumentSearchForm.do?lang=EN&company_search=MBN Corp&document_selection=0&industry_group=A&FromDate=13&FromMonth=05&FromYear=2000&ToDate=13&ToMonth=11&ToYear=2020&Variable=Issuer,https://www.sedar.com/ModifyCompanyDocumentSearchForm.do?lang=EN&company_search=MBN Corp&document_selection=0&industry_group=A&FromDate=13&FromMonth=05&FromYear=2000&ToDate=13&ToMonth=11&ToYear=2020&Variable=Issuer,1620594803,17:13:23,20210509
5,2018-01-31,MBN.TO,CAD,2018-01-31,2018-01-31,Q1,643135.75,94541.75,548594.0,0.8529987642577792,0.0,110152.5,0.0,0.0,681.0,205375.25,0.0,0.0,146987.75,4.3754377490641225,437760.5,0.6806657847896032,290772.75,728533.25,1.132783008874876,5120.5,723412.75,1.124821237196035,0.1725,0.1725,4204405.0,4204405.0,https://www.sedar.com/ModifyCompanyDocumentSearchForm.do?lang=EN&company_search=MBN Corp&document_selection=0&industry_group=A&FromDate=13&FromMonth=05&FromYear=2000&ToDate=13&ToMonth=11&ToYear=2020&Variable=Issuer,https://www.sedar.com/ModifyCompanyDocumentSearchForm.do?lang=EN&company_search=MBN Corp&document_selection=0&industry_group=A&FromDate=13&FromMonth=05&FromYear=2000&ToDate=13&ToMonth=11&ToYear=2020&Variable=Issuer,1620594803,17:13:23,20210509
6,2017-06-30,MBN.TO,CAD,2017-06-30,2017-06-30,Q2,-680619.0,0.0,0.0,0.0,0.0,141685.0,0.0,0.0,0.0,141685.0,0.0,0.0,-822304.0,0.8276975425146904,-822304.0,1.2081707974652485,0.0,-822304.0,1.2081707974652485,3680.0,-825984.0,1.2135776403538543,-0.21,-0.21,3940061.0,3940061.0,https://www.sedar.com/ModifyCompanyDocumentSearchForm.do?lang=EN&company_search=MBN Corp&document_selection=0&industry_group=A&FromDate=13&FromMonth=05&FromYear=2000&ToDate=13&ToMonth=11&ToYear=2020&Variable=Issuer,https://www.sedar.com/ModifyCompanyDocumentSearchForm.do?lang=EN&company_search=MBN Corp&document_selection=0&industry_group=A&FromDate=13&FromMonth=05&FromYear=2000&ToDate=13&ToMonth=11&ToYear=2020&Variable=Issuer,1620594803,17:13:23,20210509
7,2017-03-31,MBN.TO,CAD,2017-03-31,2017-03-31,Q1,-680619.0,0.0,0.0,0.0,0.0,141685.0,0.0,0.0,0.0,141685.0,0.0,0.0,-822304.0,0.8276975425146904,-822304.0,1.2081707974652485,0.0,-822304.0,1.2081707974652485,3680.0,-825984.0,1.2135776403538543,-0.21,-0.21,3940061.0,3940061.0,https://www.sedar.com/ModifyCompanyDocumentSearchForm.do?lang=EN&company_search=MBN Corp&document_selection=0&industry_group=A&FromDate=13&FromMonth=05&FromYear=2000&ToDate=13&ToMonth=11&ToYear=2020&Variable=Issuer,https://www.sedar.com/ModifyCompanyDocumentSearchForm.do?lang=EN&company_search=MBN Corp&document_selection=0&industry_group=A&FromDate=13&FromMonth=05&FromYear=2000&ToDate=13&ToMonth=11&ToYear=2020&Variable=Issuer,1620594803,17:13:23,20210509
8,2017-01-31,MBN.TO,CAD,2017-01-31,2017-01-31,Q1,-680619.0,0.0,0.0,0.0,0.0,141685.0,0.0,0.0,0.0,141685.0,0.0,0.0,-822304.0,0.8276975425146904,-822304.0,1.2081707974652485,0.0,-822304.0,1.2081707974652485,3680.0,-825984.0,1.2135776403538543,-0.21,-0.21,3940061.0,3940061.0,https://www.sedar.com/ModifyCompanyDocumentSearchForm.do?lang=EN&company_search=MBN Corp&document_selection=0&industry_group=A&FromDate=13&FromMonth=05&FromYear=2000&ToDate=13&ToMonth=11&ToYear=2020&Variable=Issuer,https://www.sedar.com/ModifyCompanyDocumentSearchForm.do?lang=EN&company_search=MBN Corp&document_selection=0&industry_group=A&FromDate=13&FromMonth=05&FromYear=2000&ToDate=13&ToMonth=11&ToYear=2020&Variable=Issuer,1620594803,17:13:23,20210509
9,2016-06-30,MBN.TO,CAD,2016-06-30,2016-06-30,Q2,604864.5,0.0,0.0,0.0,0.0,152489.25,0.0,0.0,0.0,152489.25,0.0,0.0,452375.25,1.3370857490545736,452375.25,0.7478951897491091,0.0,452375.25,0.7478951897491091,2467.0,449908.25,0.7438165903272551,0.11,0.11,4058956.0,4058956.0,https://www.sedar.com/ModifyCompanyDocumentSearchForm.do?lang=EN&company_search=MBN Corp&document_selection=0&industry_group=A&FromDate=13&FromMonth=05&FromYear=2000&ToDate=13&ToMonth=11&ToYear=2020&Variable=Issuer,https://www.sedar.com/ModifyCompanyDocumentSearchForm.do?lang=EN&company_search=MBN Corp&document_selection=0&industry_group=A&FromDate=13&FromMonth=05&FromYear=2000&ToDate=13&ToMonth=11&ToYear=2020&Variable=Issuer,1620594803,17:13:23,20210509
10,2016-03-31,MBN.TO,CAD,2016-03-31,2016-03-31,Q1,604864.5,0.0,0.0,0.0,0.0,152489.25,0.0,0.0,0.0,152489.25,0.0,0.0,452375.25,1.3370857490545736,452375.25,0.7478951897491091,0.0,452375.25,0.7478951897491091,2467.0,449908.25,0.7438165903272551,0.11,0.11,4058956.0,4058956.0,https://www.sedar.com/ModifyCompanyDocumentSearchForm.do?lang=EN&company_search=MBN Corp&document_selection=0&industry_group=A&FromDate=13&FromMonth=05&FromYear=2000&ToDate=13&ToMonth=11&ToYear=2020&Variable=Issuer,https://www.sedar.com/ModifyCompanyDocumentSearchForm.do?lang=EN&company_search=MBN Corp&document_selection=0&industry_group=A&FromDate=13&FromMonth=05&FromYear=2000&ToDate=13&ToMonth=11&ToYear=2020&Variable=Issuer,1620594803,17:13:23,20210509
11,2016-01-31,MBN.TO,CAD,2016-01-31,2016-01-31,Q1,604864.5,0.0,0.0,0.0,0.0,152489.25,0.0,0.0,0.0,152489.25,0.0,0.0,452375.25,1.3370857490545736,452375.25,0.7478951897491091,0.0,452375.25,0.7478951897491091,2467.0,449908.25,0.7438165903272551,0.11,0.11,4058956.0,4058956.0,https://www.sedar.com/ModifyCompanyDocumentSearchForm.do?lang=EN&company_search=MBN Corp&document_selection=0&industry_group=A&FromDate=13&FromMonth=05&FromYear=2000&ToDate=13&ToMonth=11&ToYear=2020&Variable=Issuer,https://www.sedar.com/ModifyCompanyDocumentSearchForm.do?lang=EN&company_search=MBN Corp&document_selection=0&industry_group=A&FromDate=13&FromMonth=05&FromYear=2000&ToDate=13&ToMonth=11&ToYear=2020&Variable=Issuer,1620594803,17:13:23,20210509
12,2015-09-30,MBN.TO,CAD,2015-09-30,2015-09-30,Q3,1025080.5,91857.25,933223.25,0.9103902083787566,0.0,48655.5,0.0,0.0,0.0,140512.75,0.0,0.0,884567.75,1.1588490536762164,884567.75,0.8629251556341185,0.0,884567.75,0.8629251556341185,2168.0,882399.75,0.8608101997843096,0.21,0.21,4219354.0,4219354.0,https://www.sedar.com/ModifyCompanyDocumentSearchForm.do?lang=EN&company_search=MBN Corp&document_selection=0&industry_group=A&FromDate=13&FromMonth=05&FromYear=2000&ToDate=13&ToMonth=11&ToYear=2020&Variable=Issuer,https://www.sedar.com/ModifyCompanyDocumentSearchForm.do?lang=EN&company_search=MBN Corp&document_selection=0&industry_group=A&FromDate=13&FromMonth=05&FromYear=2000&ToDate=13&ToMonth=11&ToYear=2020&Variable=Issuer,1620594803,17:13:23,20210509
13,2015-06-30,MBN.TO,CAD,2015-06-30,2015-06-30,Q2,1025080.5,91857.25,933223.25,0.9103902083787566,0.0,48655.5,0.0,0.0,0.0,140512.75,0.0,0.0,884567.75,1.1588490536762164,884567.75,0.8629251556341185,0.0,884567.75,0.8629251556341185,2168.0,882399.75,0.8608101997843096,0.21,0.21,4219354.0,4219354.0,https://www.sedar.com/ModifyCompanyDocumentSearchForm.do?lang=EN&company_search=MBN Corp&document_selection=0&industry_group=A&FromDate=13&FromMonth=05&FromYear=2000&ToDate=13&ToMonth=11&ToYear=2020&Variable=Issuer,https://www.sedar.com/ModifyCompanyDocumentSearchForm.do?lang=EN&company_search=MBN Corp&document_selection=0&industry_group=A&FromDate=13&FromMonth=05&FromYear=2000&ToDate=13&ToMonth=11&ToYear=2020&Variable=Issuer,1620594803,17:13:23,20210509
14,2015-03-31,MBN.TO,CAD,2015-03-31,2015-03-31,Q1,1025080.5,91857.25,933223.25,0.9103902083787566,0.0,48655.5,0.0,0.0,0.0,140512.75,0.0,0.0,884567.75,1.1588490536762164,884567.75,0.8629251556341185,0.0,884567.75,0.8629251556341185,2168.0,882399.75,0.8608101997843096,0.21,0.21,4219354.0,4219354.0,https://www.sedar.com/ModifyCompanyDocumentSearchForm.do?lang=EN&company_search=MBN Corp&document_selection=0&industry_group=A&FromDate=13&FromMonth=05&FromYear=2000&ToDate=13&ToMonth=11&ToYear=2020&Variable=Issuer,https://www.sedar.com/ModifyCompanyDocumentSearchForm.do?lang=EN&company_search=MBN Corp&document_selection=0&industry_group=A&FromDate=13&FromMonth=05&FromYear=2000&ToDate=13&ToMonth=11&ToYear=2020&Variable=Issuer,1620594803,17:13:23,20210509
15,2015-01-31,MBN.TO,CAD,2015-01-31,2015-01-31,Q1,1025080.5,91857.25,933223.25,0.9103902083787566,0.0,48655.5,0.0,0.0,0.0,140512.75,0.0,0.0,884567.75,1.1588490536762164,884567.75,0.8629251556341185,0.0,884567.75,0.8629251556341185,2168.0,882399.75,0.8608101997843096,0.21,0.21,4219354.0,4219354.0,https://www.sedar.com/ModifyCompanyDocumentSearchForm.do?lang=EN&company_search=MBN Corp&document_selection=0&industry_group=A&FromDate=13&FromMonth=05&FromYear=2000&ToDate=13&ToMonth=11&ToYear=2020&Variable=Issuer,https://www.sedar.com/ModifyCompanyDocumentSearchForm.do?lang=EN&company_search=MBN Corp&document_selection=0&industry_group=A&FromDate=13&FromMonth=05&FromYear=2000&ToDate=13&ToMonth=11&ToYear=2020&Variable=Issuer,1620594803,17:13:23,20210509
16,2014-09-30,MBN.TO,CAD,2014-09-30,2014-09-30,Q3,467138.0,94090.25,373047.75,0.7985814684311703,0.0,60684.75,0.0,0.0,0.0,154775.0,643.25,0.0,312363.0,1.4954972259838712,312363.0,0.6686739250499852,0.0,311719.75,0.6672969229649482,225.75,311494.0,0.6668136610594728,0.07,0.07,4415186.0,4415186.0,https://www.sedar.com/ModifyCompanyDocumentSearchForm.do?lang=EN&company_search=MBN Corp&document_selection=0&industry_group=A&FromDate=13&FromMonth=05&FromYear=2000&ToDate=13&ToMonth=11&ToYear=2020&Variable=Issuer,https://www.sedar.com/ModifyCompanyDocumentSearchForm.do?lang=EN&company_search=MBN Corp&document_selection=0&industry_group=A&FromDate=13&FromMonth=05&FromYear=2000&ToDate=13&ToMonth=11&ToYear=2020&Variable=Issuer,1620594803,17:13:23,20210509
17,2014-06-30,MBN.TO,CAD,2014-06-30,2014-06-30,Q2,467138.0,94090.25,373047.75,0.7985814684311703,0.0,60684.75,0.0,0.0,0.0,154775.0,643.25,0.0,312363.0,1.4954972259838712,312363.0,0.6686739250499852,0.0,311719.75,0.6672969229649482,225.75,311494.0,0.6668136610594728,0.07,0.07,4415186.0,4415186.0,https://www.sedar.com/ModifyCompanyDocumentSearchForm.do?lang=EN&company_search=MBN Corp&document_selection=0&industry_group=A&FromDate=13&FromMonth=05&FromYear=2000&ToDate=13&ToMonth=11&ToYear=2020&Variable=Issuer,https://www.sedar.com/ModifyCompanyDocumentSearchForm.do?lang=EN&company_search=MBN Corp&document_selection=0&industry_group=A&FromDate=13&FromMonth=05&FromYear=2000&ToDate=13&ToMonth=11&ToYear=2020&Variable=Issuer,1620594803,17:13:23,20210509
18,2014-03-31,MBN.TO,CAD,2014-03-31,2014-03-31,Q1,467138.0,94090.25,373047.75,0.7985814684311703,0.0,60684.75,0.0,0.0,0.0,154775.0,643.25,0.0,312363.0,1.4954972259838712,312363.0,0.6686739250499852,0.0,311719.75,0.6672969229649482,225.75,311494.0,0.6668136610594728,0.07,0.07,4415186.0,4415186.0,https://www.sedar.com/ModifyCompanyDocumentSearchForm.do?lang=EN&company_search=MBN Corp&document_selection=0&industry_group=A&FromDate=13&FromMonth=05&FromYear=2000&ToDate=13&ToMonth=11&ToYear=2020&Variable=Issuer,https://www.sedar.com/ModifyCompanyDocumentSearchForm.do?lang=EN&company_search=MBN Corp&document_selection=0&industry_group=A&FromDate=13&FromMonth=05&FromYear=2000&ToDate=13&ToMonth=11&ToYear=2020&Variable=Issuer,1620594803,17:13:23,20210509
19,2014-01-31,MBN.TO,CAD,2014-01-31,2014-01-31,Q1,467138.0,94090.25,373047.75,0.7985814684311703,0.0,60684.75,0.0,0.0,0.0,154775.0,643.25,0.0,312363.0,1.4954972259838712,312363.0,0.6686739250499852,0.0,311719.75,0.6672969229649482,225.75,311494.0,0.6668136610594728,0.07,0.07,4415186.0,4415186.0,https://www.sedar.com/ModifyCompanyDocumentSearchForm.do?lang=EN&company_search=MBN Corp&document_selection=0&industry_group=A&FromDate=13&FromMonth=05&FromYear=2000&ToDate=13&ToMonth=11&ToYear=2020&Variable=Issuer,https://www.sedar.com/ModifyCompanyDocumentSearchForm.do?lang=EN&company_search=MBN Corp&document_selection=0&industry_group=A&FromDate=13&FromMonth=05&FromYear=2000&ToDate=13&ToMonth=11&ToYear=2020&Variable=Issuer,1620594803,17:13:23,20210509
20,2013-09-30,MBN.TO,CAD,2013-09-30,2013-09-30,Q3,75825.75,0.0,75825.75,1.0,0.0,123865.5,0.0,0.0,0.0,123865.5,687.5,0.0,-48039.75,-1.5783960157994161,-48039.75,-0.6335545642476336,624945.75,576218.5,7.599245638849599,0.0,576218.5,7.599245638849599,0.18,0.18,3186830.0,3186830.0,https://www.sedar.com/ModifyCompanyDocumentSearchForm.do?lang=EN&company_search=MBN Corp&document_selection=0&industry_group=A&FromDate=13&FromMonth=05&FromYear=2000&ToDate=13&ToMonth=11&ToYear=2020&Variable=Issuer,https://www.sedar.com/ModifyCompanyDocumentSearchForm.do?lang=EN&company_search=MBN Corp&document_selection=0&industry_group=A&FromDate=13&FromMonth=05&FromYear=2000&ToDate=13&ToMonth=11&ToYear=2020&Variable=Issuer,1620594803,17:13:23,20210509
21,2013-06-30,MBN.TO,CAD,2013-06-30,2013-06-30,Q2,75825.75,0.0,75825.75,1.0,0.0,123865.5,0.0,0.0,0.0,123865.5,687.5,0.0,-48039.75,-1.5783960157994161,-48039.75,-0.6335545642476336,624945.75,576218.5,7.599245638849599,0.0,576218.5,7.599245638849599,0.18,0.18,3186830.0,3186830.0,https://www.sedar.com/ModifyCompanyDocumentSearchForm.do?lang=EN&company_search=MBN Corp&document_selection=0&industry_group=A&FromDate=13&FromMonth=05&FromYear=2000&ToDate=13&ToMonth=11&ToYear=2020&Variable=Issuer,https://www.sedar.com/ModifyCompanyDocumentSearchForm.do?lang=EN&company_search=MBN Corp&document_selection=0&industry_group=A&FromDate=13&FromMonth=05&FromYear=2000&ToDate=13&ToMonth=11&ToYear=2020&Variable=Issuer,1620594803,17:13:23,20210509
22,2013-03-31,MBN.TO,CAD,2013-03-31,2013-03-31,Q1,75825.75,0.0,75825.75,1.0,0.0,123865.5,0.0,0.0,0.0,123865.5,687.5,0.0,-48039.75,-1.5783960157994161,-48039.75,-0.6335545642476336,624945.75,576218.5,7.599245638849599,0.0,576218.5,7.599245638849599,0.18,0.18,3186830.0,3186830.0,https://www.sedar.com/ModifyCompanyDocumentSearchForm.do?lang=EN&company_search=MBN Corp&document_selection=0&industry_group=A&FromDate=13&FromMonth=05&FromYear=2000&ToDate=13&ToMonth=11&ToYear=2020&Variable=Issuer,https://www.sedar.com/ModifyCompanyDocumentSearchForm.do?lang=EN&company_search=MBN Corp&document_selection=0&industry_group=A&FromDate=13&FromMonth=05&FromYear=2000&ToDate=13&ToMonth=11&ToYear=2020&Variable=Issuer,1620594803,17:13:23,20210509
23,2013-01-31,MBN.TO,CAD,2013-01-31,2013-01-31,Q1,75825.75,0.0,75825.75,1.0,0.0,123865.5,0.0,0.0,0.0,123865.5,687.5,0.0,-48039.75,-1.5783960157994161,-48039.75,-0.6335545642476336,624945.75,576218.5,7.599245638849599,0.0,576218.5,7.599245638849599,0.18,0.18,3186830.0,3186830.0,https://www.sedar.com/ModifyCompanyDocumentSearchForm.do?lang=EN&company_search=MBN Corp&document_selection=0&industry_group=A&FromDate=13&FromMonth=05&FromYear=2000&ToDate=13&ToMonth=11&ToYear=2020&Variable=Issuer,https://www.sedar.com/ModifyCompanyDocumentSearchForm.do?lang=EN&company_search=MBN Corp&document_selection=0&industry_group=A&FromDate=13&FromMonth=05&FromYear=2000&ToDate=13&ToMonth=11&ToYear=2020&Variable=Issuer,1620594803,17:13:23,20210509
24,2012-09-30,MBN.TO,CAD,2012-09-30,2012-09-30,Q3,254168.75,42510.5,211658.25,0.8327469446971746,0.0,109685.5,30.0,0.0,0.0,152226.0,1859.75,0.0,101942.75,2.4932498878046747,101942.75,0.40108294194309885,-405314.5,-305231.5,-1.2009009762215064,0.0,-305231.5,-1.2009009762215064,-0.1325,-0.1325,2303634.0,2303634.0,https://www.sedar.com/ModifyCompanyDocumentSearchForm.do?lang=EN&company_search=MBN Corp&document_selection=0&industry_group=A&FromDate=13&FromMonth=05&FromYear=2000&ToDate=13&ToMonth=11&ToYear=2020&Variable=Issuer,https://www.sedar.com/ModifyCompanyDocumentSearchForm.do?lang=EN&company_search=MBN Corp&document_selection=0&industry_group=A&FromDate=13&FromMonth=05&FromYear=2000&ToDate=13&ToMonth=11&ToYear=2020&Variable=Issuer,1620594803,17:13:23,20210509
25,2012-06-30,MBN.TO,CAD,2012-06-30,2012-06-30,Q2,254168.75,42510.5,211658.25,0.8327469446971746,0.0,109685.5,30.0,0.0,0.0,152226.0,1859.75,0.0,101942.75,2.4932498878046747,101942.75,0.40108294194309885,-405314.5,-305231.5,-1.2009009762215064,0.0,-305231.5,-1.2009009762215064,-0.1325,-0.1325,2303634.0,2303634.0,https://www.sedar.com/ModifyCompanyDocumentSearchForm.do?lang=EN&company_search=MBN Corp&document_selection=0&industry_group=A&FromDate=13&FromMonth=05&FromYear=2000&ToDate=13&ToMonth=11&ToYear=2020&Variable=Issuer,https://www.sedar.com/ModifyCompanyDocumentSearchForm.do?lang=EN&company_search=MBN Corp&document_selection=0&industry_group=A&FromDate=13&FromMonth=05&FromYear=2000&ToDate=13&ToMonth=11&ToYear=2020&Variable=Issuer,1620594803,17:13:23,20210509
26,2012-03-31,MBN.TO,CAD,2012-03-31,2012-03-31,Q1,254168.75,42510.5,211658.25,0.8327469446971746,0.0,109685.5,30.0,0.0,0.0,152226.0,1859.75,0.0,101942.75,2.4932498878046747,101942.75,0.40108294194309885,-405314.5,-305231.5,-1.2009009762215064,0.0,-305231.5,-1.2009009762215064,-0.1325,-0.1325,2303634.0,2303634.0,https://www.sedar.com/ModifyCompanyDocumentSearchForm.do?lang=EN&company_search=MBN Corp&document_selection=0&industry_group=A&FromDate=13&FromMonth=05&FromYear=2000&ToDate=13&ToMonth=11&ToYear=2020&Variable=Issuer,https://www.sedar.com/ModifyCompanyDocumentSearchForm.do?lang=EN&company_search=MBN Corp&document_selection=0&industry_group=A&FromDate=13&FromMonth=05&FromYear=2000&ToDate=13&ToMonth=11&ToYear=2020&Variable=Issuer,1620594803,17:13:23,20210509
27,2012-01-31,MBN.TO,CAD,2012-01-31,2012-01-31,Q1,254168.75,42510.5,211658.25,0.8327469446971746,0.0,109685.5,30.0,0.0,0.0,152226.0,1859.75,0.0,101942.75,2.4932498878046747,101942.75,0.40108294194309885,-405314.5,-305231.5,-1.2009009762215064,0.0,-305231.5,-1.2009009762215064,-0.1325,-0.1325,2303634.0,2303634.0,https://www.sedar.com/ModifyCompanyDocumentSearchForm.do?lang=EN&company_search=MBN Corp&document_selection=0&industry_group=A&FromDate=13&FromMonth=05&FromYear=2000&ToDate=13&ToMonth=11&ToYear=2020&Variable=Issuer,https://www.sedar.com/ModifyCompanyDocumentSearchForm.do?lang=EN&company_search=MBN Corp&document_selection=0&industry_group=A&FromDate=13&FromMonth=05&FromYear=2000&ToDate=13&ToMonth=11&ToYear=2020&Variable=Issuer,1620594803,17:13:23,20210509
28,2011-09-30,MBN.TO,CAD,2011-09-30,2011-09-30,Q3,17574.25,23629.25,-6055.0,-0.34453817374852413,0.0,27352.0,-478.0,-24636.25,0.0,50503.25,4259.25,0.0,-57565.25,-0.30529268960006256,-32929.0,-1.8737072705805369,-24636.25,-61824.5,-3.517902613198287,-22020.25,-39804.25,-2.264918844331906,-0.0375,-0.0375,1090552.0,1090552.0,https://www.sedar.com/ModifyCompanyDocumentSearchForm.do?lang=EN&company_search=MBN Corp&document_selection=0&industry_group=A&FromDate=13&FromMonth=05&FromYear=2000&ToDate=13&ToMonth=11&ToYear=2020&Variable=Issuer,https://www.sedar.com/ModifyCompanyDocumentSearchForm.do?lang=EN&company_search=MBN Corp&document_selection=0&industry_group=A&FromDate=13&FromMonth=05&FromYear=2000&ToDate=13&ToMonth=11&ToYear=2020&Variable=Issuer,1620594803,17:13:23,20210509
29,2011-06-30,MBN.TO,CAD,2011-06-30,2011-06-30,Q2,17574.25,23629.25,-6055.0,-0.34453817374852413,0.0,27352.0,-478.0,-24636.25,0.0,50503.25,4259.25,0.0,-57565.25,-0.30529268960006256,-32929.0,-1.8737072705805369,-24636.25,-61824.5,-3.517902613198287,-22020.25,-39804.25,-2.264918844331906,-0.0375,-0.0375,1090552.0,1090552.0,https://www.sedar.com/ModifyCompanyDocumentSearchForm.do?lang=EN&company_search=MBN Corp&document_selection=0&industry_group=A&FromDate=13&FromMonth=05&FromYear=2000&ToDate=13&ToMonth=11&ToYear=2020&Variable=Issuer,https://www.sedar.com/ModifyCompanyDocumentSearchForm.do?lang=EN&company_search=MBN Corp&document_selection=0&industry_group=A&FromDate=13&FromMonth=05&FromYear=2000&ToDate=13&ToMonth=11&ToYear=2020&Variable=Issuer,1620594803,17:13:23,20210509
30,2011-03-31,MBN.TO,CAD,2011-03-31,2011-03-31,Q1,17574.25,23629.25,-6055.0,-0.34453817374852413,0.0,27352.0,-478.0,-24636.25,0.0,50503.25,4259.25,0.0,-57565.25,-0.30529268960006256,-32929.0,-1.8737072705805369,-24636.25,-61824.5,-3.517902613198287,-22020.25,-39804.25,-2.264918844331906,-0.0375,-0.0375,1090552.0,1090552.0,https://www.sedar.com/ModifyCompanyDocumentSearchForm.do?lang=EN&company_search=MBN Corp&document_selection=0&industry_group=A&FromDate=13&FromMonth=05&FromYear=2000&ToDate=13&ToMonth=11&ToYear=2020&Variable=Issuer,https://www.sedar.com/ModifyCompanyDocumentSearchForm.do?lang=EN&company_search=MBN Corp&document_selection=0&industry_group=A&FromDate=13&FromMonth=05&FromYear=2000&ToDate=13&ToMonth=11&ToYear=2020&Variable=Issuer,1620594803,17:13:23,20210509
31,2011-01-31,MBN.TO,CAD,2011-01-31,2011-01-31,Q1,17574.25,23629.25,-6055.0,-0.34453817374852413,0.0,27352.0,-478.0,-24636.25,0.0,50503.25,4259.25,0.0,-57565.25,-0.30529268960006256,-32929.0,-1.8737072705805369,-24636.25,-61824.5,-3.517902613198287,-22020.25,-39804.25,-2.264918844331906,-0.0375,-0.0375,1090552.0,1090552.0,https://www.sedar.com/ModifyCompanyDocumentSearchForm.do?lang=EN&company_search=MBN Corp&document_selection=0&industry_group=A&FromDate=13&FromMonth=05&FromYear=2000&ToDate=13&ToMonth=11&ToYear=2020&Variable=Issuer,https://www.sedar.com/ModifyCompanyDocumentSearchForm.do?lang=EN&company_search=MBN Corp&document_selection=0&industry_group=A&FromDate=13&FromMonth=05&FromYear=2000&ToDate=13&ToMonth=11&ToYear=2020&Variable=Issuer,1620594803,17:13:23,20210509
32,2010-09-30,MBN.TO,CAD,2010-09-30,2010-09-30,Q3,179714.75,0.0,179714.75,1.0,0.0,76267.5,8200.75,0.0,21003.5,100290.75,9140.75,0.0,329934.25,0.5446986786003575,79424.0,0.4419448041966505,-250510.25,70283.25,0.3910822567429774,-11207.0,-169020.0,-0.9404904160621207,-0.09,-0.09,1878000.0,1878000.0,https://www.sedar.com/ModifyCompanyDocumentSearchForm.do?lang=EN&company_search=MBN Corp&document_selection=0&industry_group=A&FromDate=13&FromMonth=05&FromYear=2000&ToDate=13&ToMonth=11&ToYear=2020&Variable=Issuer,https://www.sedar.com/ModifyCompanyDocumentSearchForm.do?lang=EN&company_search=MBN Corp&document_selection=0&industry_group=A&FromDate=13&FromMonth=05&FromYear=2000&ToDate=13&ToMonth=11&ToYear=2020&Variable=Issuer,1620594803,17:13:23,20210509
33,2010-06-30,MBN.TO,CAD,2010-06-30,2010-06-30,Q2,179714.75,0.0,179714.75,1.0,0.0,76267.5,8200.75,0.0,21003.5,100290.75,9140.75,0.0,329934.25,0.5446986786003575,79424.0,0.4419448041966505,-250510.25,70283.25,0.3910822567429774,-11207.0,-169020.0,-0.9404904160621207,-0.09,-0.09,1878000.0,1878000.0,https://www.sedar.com/ModifyCompanyDocumentSearchForm.do?lang=EN&company_search=MBN Corp&document_selection=0&industry_group=A&FromDate=13&FromMonth=05&FromYear=2000&ToDate=13&ToMonth=11&ToYear=2020&Variable=Issuer,https://www.sedar.com/ModifyCompanyDocumentSearchForm.do?lang=EN&company_search=MBN Corp&document_selection=0&industry_group=A&FromDate=13&FromMonth=05&FromYear=2000&ToDate=13&ToMonth=11&ToYear=2020&Variable=Issuer,1620594803,17:13:23,20210509
34,2010-03-31,MBN.TO,CAD,2010-03-31,2010-03-31,Q1,179714.75,0.0,179714.75,1.0,0.0,76267.5,8200.75,0.0,21003.5,100290.75,9140.75,0.0,329934.25,0.5446986786003575,79424.0,0.4419448041966505,-250510.25,70283.25,0.3910822567429774,-11207.0,-169020.0,-0.9404904160621207,-0.09,-0.09,1878000.0,1878000.0,https://www.sedar.com/ModifyCompanyDocumentSearchForm.do?lang=EN&company_search=MBN Corp&document_selection=0&industry_group=A&FromDate=13&FromMonth=05&FromYear=2000&ToDate=13&ToMonth=11&ToYear=2020&Variable=Issuer,https://www.sedar.com/ModifyCompanyDocumentSearchForm.do?lang=EN&company_search=MBN Corp&document_selection=0&industry_group=A&FromDate=13&FromMonth=05&FromYear=2000&ToDate=13&ToMonth=11&ToYear=2020&Variable=Issuer,1620594803,17:13:23,20210509
35,2010-01-31,MBN.TO,CAD,2010-01-31,2010-01-31,Q1,179714.75,0.0,179714.75,1.0,0.0,76267.5,8200.75,0.0,21003.5,100290.75,9140.75,0.0,329934.25,0.5446986786003575,79424.0,0.4419448041966505,-250510.25,70283.25,0.3910822567429774,-11207.0,-169020.0,-0.9404904160621207,-0.09,-0.09,1878000.0,1878000.0,https://www.sedar.com/ModifyCompanyDocumentSearchForm.do?lang=EN&company_search=MBN Corp&document_selection=0&industry_group=A&FromDate=13&FromMonth=05&FromYear=2000&ToDate=13&ToMonth=11&ToYear=2020&Variable=Issuer,https://www.sedar.com/ModifyCompanyDocumentSearchForm.do?lang=EN&company_search=MBN Corp&document_selection=0&industry_group=A&FromDate=13&FromMonth=05&FromYear=2000&ToDate=13&ToMonth=11&ToYear=2020&Variable=Issuer,1620594803,17:13:23,20210509
36,2009-09-30,MBN.TO,CAD,2009-09-30,2009-09-30,Q3,86172.75,0.0,86172.75,1.0,0.0,61880.5,6825.0,0.0,11170.75,85030.25,12620.0,0.0,-1426737.25,-0.060398472108301654,1142.5,0.013258251593456168,1427879.75,-11477.5,-0.13319175725504873,11207.0,1405195.0,16.30672109222463,0.565,0.565,2487071.0,2487071.0,https://www.sedar.com/ModifyCompanyDocumentSearchForm.do?lang=EN&company_search=MBN Corp&document_selection=0&industry_group=A&FromDate=13&FromMonth=05&FromYear=2000&ToDate=13&ToMonth=11&ToYear=2020&Variable=Issuer,https://www.sedar.com/ModifyCompanyDocumentSearchForm.do?lang=EN&company_search=MBN Corp&document_selection=0&industry_group=A&FromDate=13&FromMonth=05&FromYear=2000&ToDate=13&ToMonth=11&ToYear=2020&Variable=Issuer,1620594803,17:13:23,20210509
37,2009-06-30,MBN.TO,CAD,2009-06-30,2009-06-30,Q2,86172.75,0.0,86172.75,1.0,0.0,61880.5,6825.0,0.0,11170.75,85030.25,12620.0,0.0,-1426737.25,-0.060398472108301654,1142.5,0.013258251593456168,1427879.75,-11477.5,-0.13319175725504873,11207.0,1405195.0,16.30672109222463,0.565,0.565,2487071.0,2487071.0,https://www.sedar.com/ModifyCompanyDocumentSearchForm.do?lang=EN&company_search=MBN Corp&document_selection=0&industry_group=A&FromDate=13&FromMonth=05&FromYear=2000&ToDate=13&ToMonth=11&ToYear=2020&Variable=Issuer,https://www.sedar.com/ModifyCompanyDocumentSearchForm.do?lang=EN&company_search=MBN Corp&document_selection=0&industry_group=A&FromDate=13&FromMonth=05&FromYear=2000&ToDate=13&ToMonth=11&ToYear=2020&Variable=Issuer,1620594803,17:13:23,20210509
38,2009-03-31,MBN.TO,CAD,2009-03-31,2009-03-31,Q1,86172.75,0.0,86172.75,1.0,0.0,61880.5,6825.0,0.0,11170.75,85030.25,12620.0,0.0,-1426737.25,-0.060398472108301654,1142.5,0.013258251593456168,1427879.75,-11477.5,-0.13319175725504873,11207.0,1405195.0,16.30672109222463,0.565,0.565,2487071.0,2487071.0,https://www.sedar.com/ModifyCompanyDocumentSearchForm.do?lang=EN&company_search=MBN Corp&document_selection=0&industry_group=A&FromDate=13&FromMonth=05&FromYear=2000&ToDate=13&ToMonth=11&ToYear=2020&Variable=Issuer,https://www.sedar.com/ModifyCompanyDocumentSearchForm.do?lang=EN&company_search=MBN Corp&document_selection=0&industry_group=A&FromDate=13&FromMonth=05&FromYear=2000&ToDate=13&ToMonth=11&ToYear=2020&Variable=Issuer,1620594803,17:13:23,20210509
39,2009-01-31,MBN.TO,CAD,2009-01-31,2009-01-31,Q1,86172.75,0.0,86172.75,1.0,0.0,61880.5,6825.0,0.0,11170.75,85030.25,12620.0,0.0,-1426737.25,-0.060398472108301654,1142.5,0.013258251593456168,1427879.75,-11477.5,-0.13319175725504873,11207.0,1405195.0,16.30672109222463,0.565,0.565,2487071.0,2487071.0,https://www.sedar.com/ModifyCompanyDocumentSearchForm.do?lang=EN&company_search=MBN Corp&document_selection=0&industry_group=A&FromDate=13&FromMonth=05&FromYear=2000&ToDate=13&ToMonth=11&ToYear=2020&Variable=Issuer,https://www.sedar.com/ModifyCompanyDocumentSearchForm.do?lang=EN&company_search=MBN Corp&document_selection=0&industry_group=A&FromDate=13&FromMonth=05&FromYear=2000&ToDate=13&ToMonth=11&ToYear=2020&Variable=Issuer,1620594803,17:13:23,20210509
40,2008-09-30,MBN.TO,CAD,2008-09-30,2008-09-30,Q3,262412.0,0.0,262412.0,1.0,0.0,155768.5,10942.5,0.0,11069.75,188202.75,7084.25,0.0,74209.25,3.536109043010137,74209.25,0.28279670899196685,0.0,67125.0,0.2558000396323339,21778.5,-4738335.25,-18.056854297821747,-1.0475,-1.0475,4528134.0,4528134.0,https://www.sedar.com/ModifyCompanyDocumentSearchForm.do?lang=EN&company_search=MBN Corp&document_selection=0&industry_group=A&FromDate=13&FromMonth=05&FromYear=2000&ToDate=13&ToMonth=11&ToYear=2020&Variable=Issuer,https://www.sedar.com/ModifyCompanyDocumentSearchForm.do?lang=EN&company_search=MBN Corp&document_selection=0&industry_group=A&FromDate=13&FromMonth=05&FromYear=2000&ToDate=13&ToMonth=11&ToYear=2020&Variable=Issuer,1620594803,17:13:23,20210509
41,2008-06-30,MBN.TO,CAD,2008-06-30,2008-06-30,Q2,262412.0,0.0,262412.0,1.0,0.0,155768.5,10942.5,0.0,11069.75,188202.75,7084.25,0.0,74209.25,3.536109043010137,74209.25,0.28279670899196685,0.0,67125.0,0.2558000396323339,21778.5,-4738335.25,-18.056854297821747,-1.0475,-1.0475,4528134.0,4528134.0,https://www.sedar.com/ModifyCompanyDocumentSearchForm.do?lang=EN&company_search=MBN Corp&document_selection=0&industry_group=A&FromDate=13&FromMonth=05&FromYear=2000&ToDate=13&ToMonth=11&ToYear=2020&Variable=Issuer,https://www.sedar.com/ModifyCompanyDocumentSearchForm.do?lang=EN&company_search=MBN Corp&document_selection=0&industry_group=A&FromDate=13&FromMonth=05&FromYear=2000&ToDate=13&ToMonth=11&ToYear=2020&Variable=Issuer,1620594803,17:13:23,20210509
42,2008-03-31,MBN.TO,CAD,2008-03-31,2008-03-31,Q1,262412.0,0.0,262412.0,1.0,0.0,155768.5,10942.5,0.0,11069.75,188202.75,7084.25,0.0,74209.25,3.536109043010137,74209.25,0.28279670899196685,0.0,67125.0,0.2558000396323339,21778.5,-4738335.25,-18.056854297821747,-1.0475,-1.0475,4528134.0,4528134.0,https://www.sedar.com/ModifyCompanyDocumentSearchForm.do?lang=EN&company_search=MBN Corp&document_selection=0&industry_group=A&FromDate=13&FromMonth=05&FromYear=2000&ToDate=13&ToMonth=11&ToYear=2020&Variable=Issuer,https://www.sedar.com/ModifyCompanyDocumentSearchForm.do?lang=EN&company_search=MBN Corp&document_selection=0&industry_group=A&FromDate=13&FromMonth=05&FromYear=2000&ToDate=13&ToMonth=11&ToYear=2020&Variable=Issuer,1620594803,17:13:23,20210509
43,2008-01-31,MBN.TO,CAD,2008-01-31,2008-01-31,Q1,262412.0,0.0,262412.0,1.0,0.0,155768.5,10942.5,0.0,11069.75,188202.75,7084.25,0.0,74209.25,3.536109043010137,74209.25,0.28279670899196685,0.0,67125.0,0.2558000396323339,21778.5,-4738335.25,-18.056854297821747,-1.0475,-1.0475,4528134.0,4528134.0,https://www.sedar.com/ModifyCompanyDocumentSearchForm.do?lang=EN&company_search=MBN Corp&document_selection=0&industry_group=A&FromDate=13&FromMonth=05&FromYear=2000&ToDate=13&ToMonth=11&ToYear=2020&Variable=Issuer,https://www.sedar.com/ModifyCompanyDocumentSearchForm.do?lang=EN&company_search=MBN Corp&document_selection=0&industry_group=A&FromDate=13&FromMonth=05&FromYear=2000&ToDate=13&ToMonth=11&ToYear=2020&Variable=Issuer,1620594803,17:13:23,20210509
44,2007-09-30,MBN.TO,CAD,2007-09-30,2007-09-30,Q3,139445.0,0.0,139445.0,1.0,0.0,84240.5,4770.0,0.0,8534.5,97545.0,412.75,0.0,41900.0,3.328042959427208,41900.0,0.3004768905303166,0.0,41487.25,0.29751694216357705,0.0,-24191.25,-0.1734823765642368,-0.005,-0.005,4913249.0,4913249.0,https://www.sedar.com/ModifyCompanyDocumentSearchForm.do?lang=EN&company_search=MBN Corp&document_selection=0&industry_group=A&FromDate=13&FromMonth=05&FromYear=2000&ToDate=13&ToMonth=11&ToYear=2020&Variable=Issuer,https://www.sedar.com/ModifyCompanyDocumentSearchForm.do?lang=EN&company_search=MBN Corp&document_selection=0&industry_group=A&FromDate=13&FromMonth=05&FromYear=2000&ToDate=13&ToMonth=11&ToYear=2020&Variable=Issuer,1620594803,17:13:23,20210509
45,2007-06-30,MBN.TO,CAD,2007-06-30,2007-06-30,Q2,139445.0,0.0,139445.0,1.0,0.0,84240.5,4770.0,0.0,8534.5,97545.0,412.75,0.0,41900.0,3.328042959427208,41900.0,0.3004768905303166,0.0,41487.25,0.29751694216357705,0.0,-24191.25,-0.1734823765642368,-0.005,-0.005,4913249.0,4913249.0,https://www.sedar.com/ModifyCompanyDocumentSearchForm.do?lang=EN&company_search=MBN Corp&document_selection=0&industry_group=A&FromDate=13&FromMonth=05&FromYear=2000&ToDate=13&ToMonth=11&ToYear=2020&Variable=Issuer,https://www.sedar.com/ModifyCompanyDocumentSearchForm.do?lang=EN&company_search=MBN Corp&document_selection=0&industry_group=A&FromDate=13&FromMonth=05&FromYear=2000&ToDate=13&ToMonth=11&ToYear=2020&Variable=Issuer,1620594803,17:13:23,20210509
46,2007-03-31,MBN.TO,CAD,2007-03-31,2007-03-31,Q1,139445.0,0.0,139445.0,1.0,0.0,84240.5,4770.0,0.0,8534.5,97545.0,412.75,0.0,41900.0,3.328042959427208,41900.0,0.3004768905303166,0.0,41487.25,0.29751694216357705,0.0,-24191.25,-0.1734823765642368,-0.005,-0.005,4913249.0,4913249.0,https://www.sedar.com/ModifyCompanyDocumentSearchForm.do?lang=EN&company_search=MBN Corp&document_selection=0&industry_group=A&FromDate=13&FromMonth=05&FromYear=2000&ToDate=13&ToMonth=11&ToYear=2020&Variable=Issuer,https://www.sedar.com/ModifyCompanyDocumentSearchForm.do?lang=EN&company_search=MBN Corp&document_selection=0&industry_group=A&FromDate=13&FromMonth=05&FromYear=2000&ToDate=13&ToMonth=11&ToYear=2020&Variable=Issuer,1620594803,17:13:23,20210509
47,2007-01-31,MBN.TO,CAD,2007-01-31,2007-01-31,Q1,139445.0,0.0,139445.0,1.0,0.0,84240.5,4770.0,0.0,8534.5,97545.0,412.75,0.0,41900.0,3.328042959427208,41900.0,0.3004768905303166,0.0,41487.25,0.29751694216357705,0.0,-24191.25,-0.1734823765642368,-0.005,-0.005,4913249.0,4913249.0,https://www.sedar.com/ModifyCompanyDocumentSearchForm.do?lang=EN&company_search=MBN Corp&document_selection=0&industry_group=A&FromDate=13&FromMonth=05&FromYear=2000&ToDate=13&ToMonth=11&ToYear=2020&Variable=Issuer,https://www.sedar.com/ModifyCompanyDocumentSearchForm.do?lang=EN&company_search=MBN Corp&document_selection=0&industry_group=A&FromDate=13&FromMonth=05&FromYear=2000&ToDate=13&ToMonth=11&ToYear=2020&Variable=Issuer,1620594803,17:13:23,20210509
