,date,symbol,reportedCurrency,fillingDate,acceptedDate,period,revenue,costOfRevenue,grossProfit,grossProfitRatio,researchAndDevelopmentExpenses,generalAndAdministrativeExpenses,sellingAndMarketingExpenses,otherExpenses,operatingExpenses,costAndExpenses,interestExpense,depreciationAndAmortization,ebitda,ebitdaratio,operatingIncome,operatingIncomeRatio,totalOtherIncomeExpensesNet,incomeBeforeTax,incomeBeforeTaxRatio,incomeTaxExpense,netIncome,netIncomeRatio,eps,epsdiluted,weightedAverageShsOut,weightedAverageShsOutDil,link,finalLink,timestamp,est_time,est_date
0,2016-09-30,VA,USD,2016-11-02 00:00:00,2016-11-02 16:01:00,Q3,445185000,354531000,90654000,0.20363219785033188,0.0,46914000,35845000,318686000,118604000,473135000,0.0,0.0,90654000,0.20363219785,90654000,0.20363219785033188,135000.0,84725000,0.19031413906578165,32927000.0,51798000,0.11635162909801543,1.1687538076220132,1.1547876490915172,44319000,44855000,https://www.sec.gov/Archives/edgar/data/1614436/000161443616000092/0001614436-16-000092-index.html,https://www.sec.gov/Archives/edgar/data/1614436/000161443616000092/q31610q.htm,1620599406,18:30:06,20210509
1,2016-06-30,VA,USD,2016-08-05 00:00:00,2016-08-05 16:07:29,Q2,425726000,356555000,69171000,0.16247774390100675,0.0,47715000,35430000,321125000,118575000,475130000,0.0,0.0,69171000,0.162477743901,69171000,0.16247774390100675,73000.0,64053000,0.15045592705167174,25949000.0,38104000,0.08950357741833949,0.8606211180124224,0.8510486230540728,44275000,44773000,https://www.sec.gov/Archives/edgar/data/1614436/000161443616000081/0001614436-16-000081-index.html,https://www.sec.gov/Archives/edgar/data/1614436/000161443616000081/q21610q.htm,1620599406,18:30:06,20210509
2,2016-03-31,VA,USD,2016-04-28 00:00:00,2016-04-28 16:07:39,Q1,364009000,332081000,31928000,0.08771211700809596,0.0,46480000,32388000,299693000,111256000,443337000,0.0,0.0,31928000,0.0877121170081,31928000,0.08771211700809596,217000.0,28134000,0.07728929779208756,10680000.0,17454000,0.047949363889354384,0.39461903685281485,0.39118741315164285,44230000,44618000,https://www.sec.gov/Archives/edgar/data/1614436/000161443616000067/0001614436-16-000067-index.html,https://www.sec.gov/Archives/edgar/data/1614436/000161443616000067/q1-1610q.htm,1620599406,18:30:06,20210509
3,2015-12-31,VA,USD,2016-02-29 00:00:00,2016-02-29 17:32:22,Q4,391465000,371135000,20330000,0.05193312301227441,0.0,40094000,35056000,336079000,110206000,481341000,0.0,18637000.0,38967000,0.09954146603144598,20330000,0.05193312301227441,72000.0,17439000,0.04454804388642663,-173468000.0,190907000,0.4876732274916021,4.3839300066594715,4.293325237259929,43547000,44466000,https://www.sec.gov/Archives/edgar/data/1614436/000119312516485622/0001193125-16-485622-index.html,https://www.sec.gov/Archives/edgar/data/1614436/000119312516485622/d129178d10k.htm,1620599406,18:30:06,20210509
4,2015-09-30,VA,USD,2015-10-29 00:00:00,2015-10-29 17:07:40,Q3,410881000,337013000,73868000,0.1797795468761028,0.0,42363000,32632000,304381000,107627000,444640000,0.0,0.0,73868000,0.179779546876,73868000,0.1797795468761028,-95000.0,72248000,0.17583679946261813,393000.0,71855000,0.17488031814564314,1.656599423631124,1.612762041567536,43375000,44554000,https://www.sec.gov/Archives/edgar/data/1614436/000119312515358178/0001193125-15-358178-index.html,https://www.sec.gov/Archives/edgar/data/1614436/000119312515358178/d57234d10q.htm,1620599406,18:30:06,20210509
5,2015-06-30,VA,USD,2015-07-30 00:00:00,2015-07-30 16:31:36,Q2,400887000,333229000,67658000,0.168770750859968,0.0,44053000,30704000,302525000,105461000,438690000,0.0,0.0,67658000,0.16877075086,67658000,0.168770750859968,-1110000.0,65353000,0.16302100093043675,364000.0,64989000,0.16211301439058887,1.5030181086519114,1.4591809241546545,43239000,44538000,https://www.sec.gov/Archives/edgar/data/1614436/000119312515270885/0001193125-15-270885-index.html,https://www.sec.gov/Archives/edgar/data/1614436/000119312515270885/d95599d10q.htm,1620599406,18:30:06,20210509
6,2015-03-31,VA,USD,2015-04-30 00:00:00,2015-04-30 17:01:38,Q1,326351000,310968000,15383000,0.0471363654470187,0.0,38354000,26379000,284589000,91112000,402080000,0.0,0.0,15383000,0.047136365447,15383000,0.0471363654470187,-1318000.0,13110000,0.04017147182021811,324000.0,12786000,0.0391786757203134,0.29608188217858467,0.2865659599264871,43184000,44618000,https://www.sec.gov/Archives/edgar/data/1614436/000119312515162508/0001193125-15-162508-index.html,https://www.sec.gov/Archives/edgar/data/1614436/000119312515162508/d898493d10q.htm,1620599406,18:30:06,20210509
