,date,symbol,reportedCurrency,fillingDate,acceptedDate,period,revenue,costOfRevenue,grossProfit,grossProfitRatio,researchAndDevelopmentExpenses,generalAndAdministrativeExpenses,sellingAndMarketingExpenses,otherExpenses,operatingExpenses,costAndExpenses,interestExpense,depreciationAndAmortization,ebitda,ebitdaratio,operatingIncome,operatingIncomeRatio,totalOtherIncomeExpensesNet,incomeBeforeTax,incomeBeforeTaxRatio,incomeTaxExpense,netIncome,netIncomeRatio,eps,epsdiluted,weightedAverageShsOut,weightedAverageShsOutDil,link,finalLink,timestamp,est_time,est_date
0,2020-09-30,REC.OL,USD,2020-09-30,2020-09-30,Q3,30300000.0,8100000.0,22200000.0,0.7326732673267327,0.0,0.0,0.0,16200000.0,29000000.0,37100000.0,600000.0,8500000.0,1700000.0,0.056105610561056105,-6800000.0,-0.22442244224422442,0.0,8200000.0,0.2706270627062706,-22500000.0,30700000.0,1.0132013201320131,0.11,0.11,279090909,279090909,https://www.oslobors.no/ob_eng/,https://www.oslobors.no/ob_eng/,1620597159,17:52:39,20210509
1,2020-06-30,REC.OL,USD,2020-06-30,2020-06-30,Q2,31000000.0,4800000.0,26200000.0,0.8451612903225807,0.0,0.0,0.0,200000.0,35700000.0,40500000.0,5600000.0,12100000.0,2600000.0,0.08387096774193549,-9500000.0,-0.3064516129032258,0.0,-40200000.0,-1.2967741935483872,0.0,-40200000.0,-1.2967741935483872,-0.14,-0.14,287142857,287142857,https://www.oslobors.no/ob_eng/,https://www.oslobors.no/ob_eng/,1620597159,17:52:39,20210509
2,2020-03-31,REC.OL,USD,2020-03-31,2020-03-31,Q1,24700000.0,-500000.0,25200000.0,1.0202429149797572,0.0,0.0,0.0,-100000.0,36000000.0,35500000.0,5100000.0,11900000.0,1100000.0,0.044534412955465584,-10800000.0,-0.43724696356275305,0.0,-10600000.0,-0.4291497975708502,-100000.0,-10500000.0,-0.4251012145748988,-0.04,-0.04,262500000,262500000,https://www.oslobors.no/ob_eng/,https://www.oslobors.no/ob_eng/,1620597159,17:52:39,20210509
3,2019-12-31,REC.OL,USD,2019-12-31,2019-12-31,Q4,31800000.0,8300000.0,23500000.0,0.7389937106918238,0.0,0.0,0.0,2300000.0,38100000.0,46400000.0,4000000.0,11000000.0,-3600000.0,-0.11320754716981132,-14600000.0,-0.4591194968553459,0.0,-45500000.0,-1.430817610062893,0.0,-45500000.0,-1.430817610062893,-0.16302931601401607,-0.16302931601401607,279090909,279090909,https://www.oslobors.no/ob_eng/,https://www.oslobors.no/ob_eng/,1620597159,17:52:39,20210509
4,2019-09-30,REC.OL,USD,2019-09-30,2019-09-30,Q3,36400000.0,10600000.0,25800000.0,0.7087912087912088,0.0,0.0,0.0,-2600000.0,40100000.0,50700000.0,5200000.0,11300000.0,-3000000.0,-0.08241758241758242,-14300000.0,-0.39285714285714285,0.0,-20200000.0,-0.554945054945055,0.0,-20200000.0,-0.554945054945055,-0.07,-0.07,288571429,288571429,https://www.oslobors.no/ob_eng/,https://www.oslobors.no/ob_eng/,1620597159,17:52:39,20210509
5,2019-06-30,REC.OL,USD,2019-06-30,2019-06-30,Q2,47000000.0,16200000.0,30800000.0,0.6553191489361702,0.0,0.0,0.0,0.0,43600000.0,59800000.0,5000000.0,13000000.0,200000.0,0.00425531914893617,-12800000.0,-0.2723404255319149,0.0,-37800000.0,-0.8042553191489362,0.0,-37800000.0,-0.8042553191489362,-0.1,-0.1,256925697,256925697,https://www.oslobors.no/ob_eng/,https://www.oslobors.no/ob_eng/,1620597159,17:52:39,20210509
6,2019-03-31,REC.OL,USD,2019-03-31,2019-03-31,Q1,45000000.0,11100000.0,33900000.0,0.7533333333333333,0.0,0.0,0.0,0.0,52400000.0,63500000.0,4400000.0,13800000.0,-4700000.0,-0.10444444444444445,-18500000.0,-0.4111111111111111,0.0,-23400000.0,-0.52,0.0,-23400000.0,-0.52,-0.1,-0.1,234000000,234000000,https://www.oslobors.no/ob_eng/,https://www.oslobors.no/ob_eng/,1620597159,17:52:39,20210509
7,2018-12-31,REC.OL,USD,2018-12-31,2018-12-31,Q4,48900000.0,12500000.0,36400000.0,0.7443762781186094,0.0,0.0,0.0,1800000.0,50700000.0,63200000.0,0.0,10600000.0,-3700000.0,-0.07566462167689161,-14300000.0,-0.29243353783231085,0.0,-13300000.0,-0.2719836400817996,-5400000.0,-8100000.0,-0.1656441717791411,-0.029022801312385278,-0.029022801312385278,279090909,279090909,https://www.oslobors.no/ob_eng/,https://www.oslobors.no/ob_eng/,1620597159,17:52:39,20210509
8,2018-09-30,REC.OL,USD,2018-09-30,2018-09-30,Q3,43700000.0,8400000.0,35300000.0,0.8077803203661327,0.0,0.0,0.0,-600000.0,51700000.0,60100000.0,3700000.0,10800000.0,-5600000.0,-0.12814645308924486,-16400000.0,-0.37528604118993136,0.0,-20300000.0,-0.4645308924485126,-700000.0,-19600000.0,-0.448512585812357,-0.1,-0.1,196000000,196000000,https://www.oslobors.no/ob_eng/,https://www.oslobors.no/ob_eng/,1620597159,17:52:39,20210509
9,2018-06-30,REC.OL,USD,2018-06-30,2018-06-30,Q2,58900000.0,26300000.0,32600000.0,0.5534804753820034,0.0,0.0,0.0,0.0,62300000.0,88600000.0,6900000.0,19800000.0,-9900000.0,-0.16808149405772496,-29700000.0,-0.5042444821731749,0.0,-374400000.0,-6.356536502546689,0.0,-374400000.0,-6.356536502546689,-1.5,-1.5,249600000,249600000,https://www.oslobors.no/ob_eng/,https://www.oslobors.no/ob_eng/,1620597159,17:52:39,20210509
10,2018-03-31,REC.OL,USD,2018-03-31,2018-03-31,Q1,69600000.0,8600000.0,61000000.0,0.8764367816091954,0.0,0.0,0.0,100000.0,66700000.0,75300000.0,3300000.0,19900000.0,14200000.0,0.20402298850574713,-5700000.0,-0.08189655172413793,0.0,60100000.0,0.8635057471264368,-400000.0,60500000.0,0.8692528735632183,0.2,0.2,302500000,302500000,https://www.oslobors.no/ob_eng/,https://www.oslobors.no/ob_eng/,1620597159,17:52:39,20210509
11,2017-12-31,REC.OL,USD,2017-12-31,2017-12-31,Q4,78100000.0,22900000.0,55200000.0,0.706786171574904,0.0,0.0,0.0,-1200000.0,65400000.0,88300000.0,15700000.0,20000000.0,9800000.0,0.12548015364916773,-10200000.0,-0.13060179257362356,0.0,-7300000.0,-0.09346991037131883,145800000.0,-153100000.0,-1.9603072983354672,-0.5485667754229859,-0.5485667754229859,279090909,279090909,https://www.oslobors.no/ob_eng/,https://www.oslobors.no/ob_eng/,1620597159,17:52:39,20210509
12,2017-09-30,REC.OL,USD,2017-09-30,2017-09-30,Q3,75500000.0,26900000.0,48600000.0,0.6437086092715232,0.0,0.0,0.0,-1200000.0,129500000.0,156400000.0,3400000.0,85200000.0,4300000.0,0.05695364238410596,-80900000.0,-1.0715231788079471,0.0,-119800000.0,-1.5867549668874172,2100000.0,-122000000.0,-1.6158940397350994,-0.5,-0.5,244000000,244000000,https://www.oslobors.no/ob_eng/,https://www.oslobors.no/ob_eng/,1620597159,17:52:39,20210509
13,2017-06-30,REC.OL,USD,2017-06-30,2017-06-30,Q2,61400000.0,14500000.0,46900000.0,0.7638436482084691,0.0,0.0,0.0,-4400000.0,65800000.0,80300000.0,7100000.0,19900000.0,1000000.0,0.016286644951140065,-18900000.0,-0.30781758957654726,0.0,-48300000.0,-0.7866449511400652,16400000.0,-64800000.0,-1.0553745928338762,-0.3,-0.3,216000000,216000000,https://www.oslobors.no/ob_eng/,https://www.oslobors.no/ob_eng/,1620597159,17:52:39,20210509
14,2017-03-31,REC.OL,USD,2017-03-31,2017-03-31,Q1,57500000.0,7600000.0,49900000.0,0.8678260869565217,0.0,0.0,0.0,1200000.0,66900000.0,74500000.0,3200000.0,20100000.0,3100000.0,0.05391304347826087,-17000000.0,-0.2956521739130435,0.0,-33700000.0,-0.5860869565217391,-6600000.0,-27100000.0,-0.47130434782608693,-0.1,-0.1,271000000,271000000,https://www.oslobors.no/ob_eng/,https://www.oslobors.no/ob_eng/,1620597159,17:52:39,20210509
15,2016-12-31,REC.OL,USD,2016-12-31,2016-12-31,Q4,80400000.0,20400000.0,60000000.0,0.746268656716418,0.0,75200000.0,0.0,500000.0,71400000.0,91800000.0,3400000.0,20900000.0,9500000.0,0.1181592039800995,-11400000.0,-0.1417910447761194,0.0,12500000.0,0.15547263681592038,-22000000.0,34500000.0,0.4291044776119403,0.12361563521941878,0.12361563521941878,279090909,279090909,https://www.oslobors.no/ob_eng/,https://www.oslobors.no/ob_eng/,1620597159,17:52:39,20210509
16,2016-09-30,REC.OL,USD,2016-09-30,2016-09-30,Q3,50900000.0,6400000.0,44500000.0,0.8742632612966601,0.0,0.0,0.0,-1400000.0,74000000.0,80400000.0,3200000.0,22500000.0,-7000000.0,-0.137524557956778,-29500000.0,-0.5795677799607073,0.0,-141200000.0,-2.774066797642436,-42700000.0,-98500000.0,-1.9351669941060903,-0.4,-0.4,246250000,246250000,https://www.oslobors.no/ob_eng/,https://www.oslobors.no/ob_eng/,1620597159,17:52:39,20210509
17,2016-06-30,REC.OL,USD,2016-06-30,2016-06-30,Q2,71100000.0,32200000.0,38900000.0,0.5471167369901547,0.0,0.0,0.0,6100000.0,83000000.0,115200000.0,3300000.0,23300000.0,-20800000.0,-0.29254571026722925,-44100000.0,-0.620253164556962,0.0,-39100000.0,-0.549929676511955,-20100000.0,-19000000.0,-0.2672292545710267,-0.1,-0.1,190000000,190000000,https://www.oslobors.no/ob_eng/,https://www.oslobors.no/ob_eng/,1620597159,17:52:39,20210509
18,2016-03-31,REC.OL,USD,2016-03-31,2016-03-31,Q1,68800000.0,29200000.0,39600000.0,0.5755813953488372,0.0,0.0,0.0,2200000.0,79400000.0,108600000.0,2600000.0,23600000.0,-16200000.0,-0.23546511627906977,-39800000.0,-0.5784883720930233,0.0,-80200000.0,-1.1656976744186047,-15800000.0,-64400000.0,-0.936046511627907,-0.3,-0.3,214666667,214666667,https://www.oslobors.no/ob_eng/,https://www.oslobors.no/ob_eng/,1620597159,17:52:39,20210509
19,2015-12-31,REC.OL,USD,2015-12-31,2015-12-31,Q4,74900000.0,36600000.0,38300000.0,0.5113484646194927,0.0,38000000.0,0.0,0.0,97900000.0,134500000.0,2900000.0,29700000.0,-29900000.0,-0.3991989319092123,-59600000.0,-0.7957276368491322,0.0,-190400000.0,-2.542056074766355,-78500000.0,-111900000.0,-1.493991989319092,-0.400944625537767,-0.400944625537767,279090909,279090909,https://www.oslobors.no/ob_eng/,https://www.oslobors.no/ob_eng/,1620597159,17:52:39,20210509
20,2015-09-30,REC.OL,USD,2015-09-30,2015-09-30,Q3,87500000.0,39100000.0,48400000.0,0.5531428571428572,0.0,0.0,0.0,300000.0,95000000.0,134100000.0,2600000.0,31400000.0,-15200000.0,-0.1737142857142857,-46600000.0,-0.5325714285714286,0.0,10900000.0,0.12457142857142857,-22400000.0,33500000.0,0.38285714285714284,0.1,0.1,254381878,254381878,https://www.oslobors.no/ob_eng/,https://www.oslobors.no/ob_eng/,1620597159,17:52:39,20210509
21,2015-06-30,REC.OL,USD,2015-06-30,2015-06-30,Q2,93000000.0,20700000.0,72300000.0,0.7774193548387097,0.0,0.0,0.0,8700000.0,101700000.0,122400000.0,2400000.0,34400000.0,5000000.0,0.053763440860215055,-29400000.0,-0.3161290322580645,0.0,-42800000.0,-0.46021505376344085,-11900000.0,-30200000.0,-0.3247311827956989,-0.1,-0.1,302000000,302000000,https://www.oslobors.no/ob_eng/,https://www.oslobors.no/ob_eng/,1620597159,17:52:39,20210509
22,2015-03-31,REC.OL,USD,2015-03-31,2015-03-31,Q1,74400000.0,-15000000.0,89400000.0,1.2016129032258065,0.0,0.0,0.0,-9900000.0,100900000.0,85900000.0,2400000.0,35500000.0,24000000.0,0.3225806451612903,-11500000.0,-0.15456989247311828,0.0,32200000.0,0.4327956989247312,-14400000.0,46000000.0,0.6182795698924731,0.2,0.2,230000000,230000000,https://www.oslobors.no/ob_eng/,https://www.oslobors.no/ob_eng/,1620597159,17:52:39,20210509
23,2014-12-31,REC.OL,USD,2014-12-31,2014-12-31,Q4,126200000.0,16100000.0,110100000.0,0.8724247226624405,0.0,0.0,0.0,-200000.0,108300000.0,124400000.0,1800000.0,35500000.0,37300000.0,0.29556259904912835,1800000.0,0.014263074484944533,0.0,110900000.0,0.8787638668779715,-8000000.0,119900000.0,0.9500792393026941,0.42960912066111046,0.42960912066111046,279090909,279090909,https://www.oslobors.no/ob_eng/,https://www.oslobors.no/ob_eng/,1620597159,17:52:39,20210509
24,2014-09-30,REC.OL,USD,2014-09-30,2014-09-30,Q3,126500000.0,10600000.0,115900000.0,0.916205533596838,0.0,0.0,0.0,101000000.0,102800000.0,113400000.0,3300000.0,31200000.0,44300000.0,0.350197628458498,13100000.0,0.10355731225296443,0.0,158600000.0,1.2537549407114625,39200000.0,119100000.0,0.941501976284585,0.5,0.5,238200000,238200000,https://www.oslobors.no/ob_eng/,https://www.oslobors.no/ob_eng/,1620597159,17:52:39,20210509
25,2014-06-30,REC.OL,USD,2014-06-30,2014-06-30,Q2,126900000.0,19500000.0,107400000.0,0.8463356973995272,0.0,0.0,0.0,-200000.0,108700000.0,128200000.0,5600000.0,32500000.0,31200000.0,0.2458628841607565,-1300000.0,-0.01024428684003152,0.0,19700000.0,0.15524034672970843,-5000000.0,25000000.0,0.19700551615445233,0.1,0.1,250000000,250000000,https://www.oslobors.no/ob_eng/,https://www.oslobors.no/ob_eng/,1620597159,17:52:39,20210509
26,2014-03-31,REC.OL,USD,2014-03-31,2014-03-31,Q1,113400000.0,22300000.0,91100000.0,0.8033509700176367,0.0,0.0,0.0,200000.0,107000000.0,129300000.0,6200000.0,32700000.0,16800000.0,0.14814814814814814,-15900000.0,-0.1402116402116402,0.0,-70500000.0,-0.6216931216931217,-20800000.0,-51100000.0,-0.4506172839506173,-0.2,-0.2,255500000,255500000,https://www.oslobors.no/ob_eng/,https://www.oslobors.no/ob_eng/,1620597159,17:52:39,20210509
27,2013-12-31,REC.OL,USD,2013-12-31,2013-12-31,Q4,118533452.93238,26229570.378054,92303882.554327,0.7787158837512627,0.0,0.0,0.0,-71062.488172,97488441.866619,123718012.244673,-243630.304134,31131997.431394,25947438.119102,0.21890392523960542,-5184559.312292,-0.04373920765853033,0.0,-10561934.953799,-0.08910509811794892,-7644925.835899,31008467.486611,0.2616009803097566,0.1111052581315395,0.1111052581315395,279090909,279090909,https://www.oslobors.no/ob_eng/,https://www.oslobors.no/ob_eng/,1620597159,17:52:39,20210509
28,2013-09-30,REC.OL,USD,2013-09-30,2013-09-30,Q3,117354285.096006,38785175.074283,78569110.021723,0.6695035460992893,0.0,0.0,0.0,-166459.97886,102705806.956363,141490982.030645,14814938.118503,30628636.110163,6491939.175524,0.05531914893617246,-24136696.934639,-0.20567375886524367,0.0,-55597632.939101,-0.47375886524822935,-18976437.589992,-262673846.640421,-2.2382978723404174,-1.131928,-1.131928,232058824,232058824,https://www.oslobors.no/ob_eng/,https://www.oslobors.no/ob_eng/,1620597159,17:52:39,20210509
29,2013-06-30,REC.OL,USD,2013-06-30,2013-06-30,Q2,254127096.466251,101881264.710239,152245831.756012,0.5990932642487056,0.0,0.0,0.0,164590.088385,161133696.528795,263014961.239034,14977698.043024,33411787.94213,24523923.169347,0.09650259067357607,-8887864.772783,-0.03497409326424717,0.0,-108629458.334019,-0.4274611398963723,-34893098.737594,-73571769.50804,-0.28950777202072425,-0.32918,-0.32918,223500000,223500000,https://www.oslobors.no/ob_eng/,https://www.oslobors.no/ob_eng/,1620597159,17:52:39,20210509
30,2013-03-31,REC.OL,USD,2013-03-31,2013-03-31,Q1,218358891.119559,103028490.880355,115330400.239204,0.5281690140845084,0.0,0.0,0.0,19648883.003716,161804280.039298,264832770.919653,17940284.481654,33830250.736833,-12643629.063261002,-0.057902973395931846,-46473879.800094,-0.2128325508607202,0.0,-55016872.410405,-0.2519561815336449,-19307163.299304,-35709709.111102,-0.16353677621283444,-0.17086,-0.17086,209000000,209000000,https://www.oslobors.no/ob_eng/,https://www.oslobors.no/ob_eng/,1620597159,17:52:39,20210509
31,2012-12-31,REC.OL,USD,2012-12-31,2012-12-31,Q4,302158634.178494,165497675.151706,136660959.026788,0.45228215767634944,0.0,0.0,0.0,-358220.076086,193976171.200539,359473846.352245,17373673.690168,45673059.700958,-11642152.472792998,-0.03852993479549433,-57315212.173751,-0.18968583283935952,0.0,-372190659.053296,-1.2317723770005926,-111764663.738815,-262037985.656868,-0.8672199170124475,-1.235859,-1.325414,212028986,212028986,https://www.oslobors.no/ob_eng/,https://www.oslobors.no/ob_eng/,1620597159,17:52:39,20210509
32,2012-09-30,REC.OL,USD,2012-09-30,2012-09-30,Q3,263253322.919427,137379879.775171,125873443.144256,0.47814569536423907,0.0,0.0,0.0,-16562295.15056,205372459.866944,342752339.642115,22315513.466018,44456686.983082,-35042329.73960601,-0.13311258278145757,-79499016.722688,-0.30198675496688787,0.0,-107916428.40207,-0.40993377483443805,-29114771.475195,71130699.172931,0.2701986754966877,0.400982,0.400982,177391304,177391304,https://www.oslobors.no/ob_eng/,https://www.oslobors.no/ob_eng/,1620597159,17:52:39,20210509
33,2012-06-30,REC.OL,USD,2012-06-30,2012-06-30,Q2,333359058.07192,145792159.770759,187566898.301161,0.5626572722697539,0.0,0.0,0.0,7885191.610156,215416723.988095,361208883.758854,19461323.974002,60397212.333111,32547386.646177,0.09763462506291076,-27849825.686934,-0.08354302969300324,0.0,-648934492.512423,-1.9466532460996449,-26339895.378607,-680475258.953048,-2.0412682435832896,-5.972709,-5.972709,113930748,113930748,https://www.oslobors.no/ob_eng/,https://www.oslobors.no/ob_eng/,1620597159,17:52:39,20210509
34,2012-03-31,REC.OL,USD,2012-03-31,2012-03-31,Q1,375411099.736791,206493663.840255,168917435.896535,0.4499532273152465,0.0,0.0,0.0,101666523.268289,247932868.48847,454426532.328725,19666063.222881,62158806.972322,-16856625.619611993,-0.04490177736201872,-79015432.591934,-0.21047708138447013,0.0,-45477771.202913,-0.12114125350795027,-8779492.510215,-36698278.692698,-0.09775491113189773,-0.322538,-0.322538,113779600,113779600,https://www.oslobors.no/ob_eng/,https://www.oslobors.no/ob_eng/,1620597159,17:52:39,20210509
35,2011-12-31,REC.OL,USD,2011-12-31,2011-12-31,Q4,379473260.956976,244772818.657016,134700442.29996,0.3549668874172193,0.0,0.0,0.0,-3015681.544029,235223160.434258,479995979.091275,17256399.946388,72376357.056695,-28146361.077602997,-0.07417218543046221,-100522718.134298,-0.2649006622516549,0.0,-477985524.728589,-1.2596026490066243,-502613.590671,-415828977.348881,-1.0958057395143501,-3.09945,-3.09945,134162162,134162162,https://www.oslobors.no/ob_eng/,https://www.oslobors.no/ob_eng/,1620597159,17:52:39,20210509
36,2011-09-30,REC.OL,USD,2011-09-30,2011-09-30,Q3,517042057.693003,258262593.962617,258779463.730387,0.5004998333888709,0.0,0.0,0.0,0.0,479655144.490944,737917738.45356,27394097.691832,284622952.118908,63747271.35835099,0.12329223592135968,-220875680.760557,-0.4271909363545496,0.0,-76669015.552611,-0.1482839053648779,54099035.693303,-130768051.245915,-0.2529156947684116,-1.145344,-1.748157,114173574,114173574,https://www.oslobors.no/ob_eng/,https://www.oslobors.no/ob_eng/,1620597159,17:52:39,20210509
37,2011-06-30,REC.OL,USD,2011-06-30,2011-06-30,Q2,631031646.488293,199302534.175453,431729112.31284,0.684163963432616,0.0,0.0,0.0,186090.134618,394138905.120084,593441439.295537,38520657.865844,117422874.943708,155013082.136464,0.2456502506635217,37590207.192756,0.0595694485402538,0.0,-1169948676.340872,-1.854025361250368,73133422.904718,-1243268189.380208,-1.970215275729873,-10.905881,-10.905881,113999798,113999798,https://www.oslobors.no/ob_eng/,https://www.oslobors.no/ob_eng/,1620597159,17:52:39,20210509
38,2011-03-31,REC.OL,USD,2011-03-31,2011-03-31,Q1,735839257.892946,224028939.309826,511810318.58312,0.6955463616451693,0.0,0.0,0.0,179079.887538,373202485.628839,597231424.938665,37248616.607869,115506527.461901,254114360.41618198,0.3453394986614753,138607832.954281,0.1883669992698955,0.0,-15042710.553178,-0.020442930153322287,4297917.300908,-19340627.854086,-0.026283767339985796,-0.172307,-0.172307,112245382,112245382,https://www.oslobors.no/ob_eng/,https://www.oslobors.no/ob_eng/,1620597159,17:52:39,20210509
39,2010-12-31,REC.OL,USD,2010-12-31,2010-12-31,Q4,822444028.980173,250339861.360303,572104167.619869,0.6956147135377415,0.0,97444531.530735,0.0,-82858497.846322,292705949.737207,543045811.097511,39133810.560689,110804304.936011,390202522.818673,0.4744426478510914,279398217.882662,0.33971699962259383,0.0,208101996.645612,0.253028764648772,75162773.615613,132864084.190614,0.16154787378706473,0.47606023666866915,0.47606023666866915,279090909,279090909,https://www.oslobors.no/ob_eng/,https://www.oslobors.no/ob_eng/,1620597159,17:52:39,20210509
40,2010-09-30,REC.OL,USD,2010-09-30,2010-09-30,Q3,646302086.002768,268737293.49256,377564792.510208,0.5841924398625428,0.0,97380964.584081,0.0,16913535.954077,367485008.456768,636222301.949328,36048041.275861,110706780.790323,120786564.84376301,0.1868887126619079,10079784.05344,0.0155960877610363,0.0,-171356328.908479,-0.26513349193761554,-18280286.334205,-153076042.574274,-0.23684906159132899,-1.344944,-1.344944,113815893,113815893,https://www.oslobors.no/ob_eng/,https://www.oslobors.no/ob_eng/,1620597159,17:52:39,20210509
41,2010-06-30,REC.OL,USD,2010-06-30,2010-06-30,Q2,423380814.002576,163948770.614486,259432043.38809,0.6127628716461194,0.0,86579687.852593,0.0,153510.084845,281844515.775464,445793286.389949,28552875.781174,89496379.464649,67083907.07727601,0.15844815083393893,-22412472.387373,-0.052936910804929946,0.0,132939733.475791,0.3139956490210304,40987192.653621,116207134.227683,0.27447425670775893,1.114494,0.751948,113998418,113998418,https://www.oslobors.no/ob_eng/,https://www.oslobors.no/ob_eng/,1620597159,17:52:39,20210509
42,2010-03-31,REC.OL,USD,2010-03-31,2010-03-31,Q1,394120260.119372,144622095.450583,249498164.668789,0.6330508474576274,0.0,82999054.779376,0.0,72144047.615071,270206178.336078,414828273.786661,0.0,84168055.550917,63460041.883627996,0.16101694915254314,-20708013.667289,-0.05254237288135584,0.0,121910080.460653,0.3093220338983046,54442035.931744,57782038.136145,0.1466101694915249,0.636823,-0.110219,90734856,90734856,https://www.oslobors.no/ob_eng/,https://www.oslobors.no/ob_eng/,1620597159,17:52:39,20210509
43,2009-12-31,REC.OL,USD,2009-12-31,2009-12-31,Q4,490623437.031416,225227170.976101,265396266.055315,0.5409367878166018,0.0,77067629.397533,0.0,-620238470.538897,20213922.954637,245441093.930739,59803059.49334,463097509.359144,708279852.459821,1.44363232369282,245182343.100677,0.49973630404651315,0.0,-352583264.882893,-0.7186433388022516,-30746923.002132,-180098300.811384,-0.3670805086301896,-0.6453033581662956,-0.6453033581662956,279090909,279090909,https://www.oslobors.no/ob_eng/,https://www.oslobors.no/ob_eng/,1620597159,17:52:39,20210509
44,2009-09-30,REC.OL,USD,2009-09-30,2009-09-30,Q3,358850223.783227,119039161.631616,239811062.151611,0.6682761950748433,0.0,67750090.535607,0.0,-17500662.772625,213300157.159417,332339318.791033,9183516.108407,66363899.424904,92874804.417098,0.2588121680347662,26510904.992194,0.07387735393529701,0.0,-68963007.757472,-0.19217769193626286,-24604892.214977,-174660079.948572,-0.4867213906325444,-1.924861,-1.924861,90739049,90739049,https://www.oslobors.no/ob_eng/,https://www.oslobors.no/ob_eng/,1620597159,17:52:39,20210509
45,2009-06-30,REC.OL,USD,2009-06-30,2009-06-30,Q2,354385048.681315,111911068.004626,242473980.676689,0.6842105263157888,0.0,71654169.930739,0.0,-310864.077791,242940276.793375,354851344.798001,8237898.061452,37769985.451561,37303689.334874995,0.10526315789473609,-466296.116686,-0.0013157894736843777,0.0,-107092674.798871,-0.3021929824561401,-4818393.205755,-106315514.604394,-0.2999999999999986,-1.373171,-1.373171,75998945,75998945,https://www.oslobors.no/ob_eng/,https://www.oslobors.no/ob_eng/,1620597159,17:52:39,20210509
46,2009-03-31,REC.OL,USD,2009-03-31,2009-03-31,Q1,287410926.365796,123960807.60095,163450118.764846,0.5686983471074388,0.0,68289786.223278,0.0,80760095.011876,170427553.444181,294388361.045131,0.0,28948931.11639,21971496.437055,0.07644628099173674,-6977434.679335,-0.024276859504132494,0.0,96496437.054632,0.3357438016528928,31918052.256532,58491686.460808,0.20351239669421606,0.751183,0.751183,77866119,77866119,https://www.oslobors.no/ob_eng/,https://www.oslobors.no/ob_eng/,1620597159,17:52:39,20210509
