,date,symbol,reportedCurrency,fillingDate,acceptedDate,period,revenue,costOfRevenue,grossProfit,grossProfitRatio,researchAndDevelopmentExpenses,generalAndAdministrativeExpenses,sellingAndMarketingExpenses,otherExpenses,operatingExpenses,costAndExpenses,interestExpense,depreciationAndAmortization,ebitda,ebitdaratio,operatingIncome,operatingIncomeRatio,totalOtherIncomeExpensesNet,incomeBeforeTax,incomeBeforeTaxRatio,incomeTaxExpense,netIncome,netIncomeRatio,eps,epsdiluted,weightedAverageShsOut,weightedAverageShsOutDil,link,finalLink,timestamp,est_time,est_date
0,2019-09-30,0865.HK,CNY,2019-09-30,2019-09-30,Q3,46020500.0,31354500.0,14666000.0,0.31868406471029215,0.0,4034500.0,1556500.0,214750.0,0.0,36945500.0,2000.0,46250.0,9121250.0,0.19819971534424877,9075000.0,0.19719472843624036,0.0,12541000.0,0.27250899055855543,4106250.0,8286000.0,0.18005019502178377,0.001425,0.001425,5837990000,5837990000,https://www1.hkexnews.hk/search/titlesearch.xhtml,https://www1.hkexnews.hk/search/titlesearch.xhtml,1620584952,14:29:12,20210509
1,2019-06-30,0865.HK,CNY,2019-06-30,2019-06-30,Q2,46020500.0,31354500.0,14666000.0,0.31868406471029215,0.0,4034500.0,1556500.0,214750.0,0.0,36945500.0,2000.0,46250.0,9121250.0,0.19819971534424877,9075000.0,0.19719472843624036,0.0,12541000.0,0.27250899055855543,4106250.0,8286000.0,0.18005019502178377,0.001425,0.001425,5837990000,5837990000,https://www1.hkexnews.hk/search/titlesearch.xhtml,https://www1.hkexnews.hk/search/titlesearch.xhtml,1620584952,14:29:12,20210509
2,2019-03-31,0865.HK,CNY,2019-03-31,2019-03-31,Q1,46020500.0,31354500.0,14666000.0,0.31868406471029215,0.0,4034500.0,1556500.0,214750.0,0.0,36945500.0,2000.0,46250.0,9121250.0,0.19819971534424877,9075000.0,0.19719472843624036,0.0,12541000.0,0.27250899055855543,4106250.0,8286000.0,0.18005019502178377,0.001425,0.001425,5837990000,5837990000,https://www1.hkexnews.hk/search/titlesearch.xhtml,https://www1.hkexnews.hk/search/titlesearch.xhtml,1620584952,14:29:12,20210509
3,2019-01-31,0865.HK,CNY,2019-01-31,2019-01-31,Q1,46020500.0,31354500.0,14666000.0,0.31868406471029215,0.0,4034500.0,1556500.0,214750.0,0.0,36945500.0,2000.0,46250.0,9121250.0,0.19819971534424877,9075000.0,0.19719472843624036,0.0,12541000.0,0.27250899055855543,4106250.0,8286000.0,0.18005019502178377,0.001425,0.001425,5837990000,5837990000,https://www1.hkexnews.hk/search/titlesearch.xhtml,https://www1.hkexnews.hk/search/titlesearch.xhtml,1620584952,14:29:12,20210509
4,2018-09-30,0865.HK,CNY,2018-09-30,2018-09-30,Q3,39989750.0,27948750.0,12041000.0,0.3011021574278409,0.0,3977250.0,1180000.0,211250.0,0.0,33106000.0,0.0,27500.0,6911250.0,0.17282553654373933,6883750.0,0.17213786032670872,0.0,8276000.0,0.20695303171437682,5468250.0,2738500.0,0.06848004801230315,0.000475,0.000475,5837990000,5837990000,https://www1.hkexnews.hk/search/titlesearch.xhtml,https://www1.hkexnews.hk/search/titlesearch.xhtml,1620584952,14:29:12,20210509
5,2018-06-30,0865.HK,CNY,2018-06-30,2018-06-30,Q2,39989750.0,27948750.0,12041000.0,0.3011021574278409,0.0,3977250.0,1180000.0,211250.0,0.0,33106000.0,0.0,27500.0,6911250.0,0.17282553654373933,6883750.0,0.17213786032670872,0.0,8276000.0,0.20695303171437682,5468250.0,2738500.0,0.06848004801230315,0.000475,0.000475,5837990000,5837990000,https://www1.hkexnews.hk/search/titlesearch.xhtml,https://www1.hkexnews.hk/search/titlesearch.xhtml,1620584952,14:29:12,20210509
6,2018-03-31,0865.HK,CNY,2018-03-31,2018-03-31,Q1,39989750.0,27948750.0,12041000.0,0.3011021574278409,0.0,3977250.0,1180000.0,211250.0,0.0,33106000.0,0.0,27500.0,6911250.0,0.17282553654373933,6883750.0,0.17213786032670872,0.0,8276000.0,0.20695303171437682,5468250.0,2738500.0,0.06848004801230315,0.000475,0.000475,5837990000,5837990000,https://www1.hkexnews.hk/search/titlesearch.xhtml,https://www1.hkexnews.hk/search/titlesearch.xhtml,1620584952,14:29:12,20210509
7,2018-01-31,0865.HK,CNY,2018-01-31,2018-01-31,Q1,39989750.0,27948750.0,12041000.0,0.3011021574278409,0.0,3977250.0,1180000.0,211250.0,0.0,33106000.0,0.0,27500.0,6911250.0,0.17282553654373933,6883750.0,0.17213786032670872,0.0,8276000.0,0.20695303171437682,5468250.0,2738500.0,0.06848004801230315,0.000475,0.000475,5837990000,5837990000,https://www1.hkexnews.hk/search/titlesearch.xhtml,https://www1.hkexnews.hk/search/titlesearch.xhtml,1620584952,14:29:12,20210509
8,2017-09-30,0865.HK,CNY,2017-09-30,2017-09-30,Q3,88967250.0,73691750.0,15275500.0,0.17169801247088115,0.0,4435500.0,2108250.0,291000.0,0.0,80235500.0,358750.0,55750.0,8787500.0,0.09877230104336146,8731750.0,0.09814566596135095,0.0,11747500.0,0.13204297086849373,6204500.0,5423750.0,0.06096344441353419,0.000925,0.000925,5837990000,5837990000,https://www1.hkexnews.hk/search/titlesearch.xhtml,https://www1.hkexnews.hk/search/titlesearch.xhtml,1620584952,14:29:12,20210509
9,2017-06-30,0865.HK,CNY,2017-06-30,2017-06-30,Q2,88967250.0,73691750.0,15275500.0,0.17169801247088115,0.0,4435500.0,2108250.0,291000.0,0.0,80235500.0,358750.0,55750.0,8787500.0,0.09877230104336146,8731750.0,0.09814566596135095,0.0,11747500.0,0.13204297086849373,6204500.0,5423750.0,0.06096344441353419,0.000925,0.000925,5837990000,5837990000,https://www1.hkexnews.hk/search/titlesearch.xhtml,https://www1.hkexnews.hk/search/titlesearch.xhtml,1620584952,14:29:12,20210509
10,2017-03-31,0865.HK,CNY,2017-03-31,2017-03-31,Q1,88967250.0,73691750.0,15275500.0,0.17169801247088115,0.0,4435500.0,2108250.0,291000.0,0.0,80235500.0,358750.0,55750.0,8787500.0,0.09877230104336146,8731750.0,0.09814566596135095,0.0,11747500.0,0.13204297086849373,6204500.0,5423750.0,0.06096344441353419,0.000925,0.000925,5837990000,5837990000,https://www1.hkexnews.hk/search/titlesearch.xhtml,https://www1.hkexnews.hk/search/titlesearch.xhtml,1620584952,14:29:12,20210509
11,2017-01-31,0865.HK,CNY,2017-01-31,2017-01-31,Q1,88967250.0,73691750.0,15275500.0,0.17169801247088115,0.0,4435500.0,2108250.0,291000.0,0.0,80235500.0,358750.0,55750.0,8787500.0,0.09877230104336146,8731750.0,0.09814566596135095,0.0,11747500.0,0.13204297086849373,6204500.0,5423750.0,0.06096344441353419,0.000925,0.000925,5837990000,5837990000,https://www1.hkexnews.hk/search/titlesearch.xhtml,https://www1.hkexnews.hk/search/titlesearch.xhtml,1620584952,14:29:12,20210509
12,2016-09-30,0865.HK,CNY,2016-09-30,2016-09-30,Q3,39531250.0,28062750.0,11468500.0,0.2901122529644269,0.0,3034500.0,1768750.0,613000.0,0.0,32866000.0,81500.0,106500.0,6771750.0,0.17130118577075099,6665250.0,0.16860711462450592,0.0,-126048750.0,-3.188584980237154,3581250.0,-129739000.0,-3.2819351778656127,-0.0294,-0.0294,4411989000,4411989000,https://www1.hkexnews.hk/search/titlesearch.xhtml,https://www1.hkexnews.hk/search/titlesearch.xhtml,1620584952,14:29:12,20210509
13,2016-06-30,0865.HK,CNY,2016-06-30,2016-06-30,Q2,39531250.0,28062750.0,11468500.0,0.2901122529644269,0.0,3034500.0,1768750.0,613000.0,0.0,32866000.0,81500.0,106500.0,6771750.0,0.17130118577075099,6665250.0,0.16860711462450592,0.0,-126048750.0,-3.188584980237154,3581250.0,-129739000.0,-3.2819351778656127,-0.0294,-0.0294,4411989000,4411989000,https://www1.hkexnews.hk/search/titlesearch.xhtml,https://www1.hkexnews.hk/search/titlesearch.xhtml,1620584952,14:29:12,20210509
14,2016-03-31,0865.HK,CNY,2016-03-31,2016-03-31,Q1,39531250.0,28062750.0,11468500.0,0.2901122529644269,0.0,3034500.0,1768750.0,613000.0,0.0,32866000.0,81500.0,106500.0,6771750.0,0.17130118577075099,6665250.0,0.16860711462450592,0.0,-126048750.0,-3.188584980237154,3581250.0,-129739000.0,-3.2819351778656127,-0.0294,-0.0294,4411989000,4411989000,https://www1.hkexnews.hk/search/titlesearch.xhtml,https://www1.hkexnews.hk/search/titlesearch.xhtml,1620584952,14:29:12,20210509
15,2016-01-31,0865.HK,CNY,2016-01-31,2016-01-31,Q1,39531250.0,28062750.0,11468500.0,0.2901122529644269,0.0,3034500.0,1768750.0,613000.0,0.0,32866000.0,81500.0,106500.0,6771750.0,0.17130118577075099,6665250.0,0.16860711462450592,0.0,-126048750.0,-3.188584980237154,3581250.0,-129739000.0,-3.2819351778656127,-0.0294,-0.0294,4411989000,4411989000,https://www1.hkexnews.hk/search/titlesearch.xhtml,https://www1.hkexnews.hk/search/titlesearch.xhtml,1620584952,14:29:12,20210509
16,2015-09-30,0865.HK,CNY,2015-09-30,2015-09-30,Q3,0.0,0.0,0.0,0.0,0.0,5966121.3673195,0.0,0.0,0.0,7076486.91461125,32579933.8977935,15700.8702955,-7060786.04431575,0.0,-7076486.91461125,0.0,0.0,-34318962.2917135,0.0,0.0,-34318962.2917135,0.0,-0.06784925,-0.06784925,505557842,505557842,https://www1.hkexnews.hk/search/titlesearch.xhtml,https://www1.hkexnews.hk/search/titlesearch.xhtml,1620584952,14:29:12,20210509
17,2015-06-30,0865.HK,CNY,2015-06-30,2015-06-30,Q2,0.0,0.0,0.0,0.0,0.0,5966121.3673195,0.0,0.0,0.0,7076486.91461125,32579933.8977935,15700.8702955,-7060786.04431575,0.0,-7076486.91461125,0.0,0.0,-34318962.2917135,0.0,0.0,-34318962.2917135,0.0,-0.06784925,-0.06784925,505557842,505557842,https://www1.hkexnews.hk/search/titlesearch.xhtml,https://www1.hkexnews.hk/search/titlesearch.xhtml,1620584952,14:29:12,20210509
18,2015-03-31,0865.HK,CNY,2015-03-31,2015-03-31,Q1,0.0,0.0,0.0,0.0,0.0,5966121.3673195,0.0,0.0,0.0,7076486.91461125,32579933.8977935,15700.8702955,-7060786.04431575,0.0,-7076486.91461125,0.0,0.0,-34318962.2917135,0.0,0.0,-34318962.2917135,0.0,-0.06784925,-0.06784925,505557842,505557842,https://www1.hkexnews.hk/search/titlesearch.xhtml,https://www1.hkexnews.hk/search/titlesearch.xhtml,1620584952,14:29:12,20210509
19,2015-01-31,0865.HK,CNY,2015-01-31,2015-01-31,Q1,0.0,0.0,0.0,0.0,0.0,5966121.3673195,0.0,0.0,0.0,7076486.91461125,32579933.8977935,15700.8702955,-7060786.04431575,0.0,-7076486.91461125,0.0,0.0,-34318962.2917135,0.0,0.0,-34318962.2917135,0.0,-0.06784925,-0.06784925,505557842,505557842,https://www1.hkexnews.hk/search/titlesearch.xhtml,https://www1.hkexnews.hk/search/titlesearch.xhtml,1620584952,14:29:12,20210509
20,2014-09-30,0865.HK,CNY,2014-09-30,2014-09-30,Q3,0.0,0.0,0.0,0.0,0.0,4089160.794279,199.91008525,4797.8420465,0.0,38585245.288984,30323561.19486675,35783.905264,-38549461.38372,0.0,-38585245.288984,0.0,0.0,-23484837.08772975,0.0,0.0,-23484837.08772975,0.0,-0.0464775,-0.0464775,505557842,505557842,https://www1.hkexnews.hk/search/titlesearch.xhtml,https://www1.hkexnews.hk/search/titlesearch.xhtml,1620584952,14:29:12,20210509
21,2014-06-30,0865.HK,CNY,2014-06-30,2014-06-30,Q2,0.0,0.0,0.0,0.0,0.0,4089160.794279,199.91008525,4797.8420465,0.0,38585245.288984,30323561.19486675,35783.905264,-38549461.38372,0.0,-38585245.288984,0.0,0.0,-23484837.08772975,0.0,0.0,-23484837.08772975,0.0,-0.0464775,-0.0464775,505557842,505557842,https://www1.hkexnews.hk/search/titlesearch.xhtml,https://www1.hkexnews.hk/search/titlesearch.xhtml,1620584952,14:29:12,20210509
22,2014-03-31,0865.HK,CNY,2014-03-31,2014-03-31,Q1,0.0,0.0,0.0,0.0,0.0,4089160.794279,199.91008525,4797.8420465,0.0,38585245.288984,30323561.19486675,35783.905264,-38549461.38372,0.0,-38585245.288984,0.0,0.0,-23484837.08772975,0.0,0.0,-23484837.08772975,0.0,-0.0464775,-0.0464775,505557842,505557842,https://www1.hkexnews.hk/search/titlesearch.xhtml,https://www1.hkexnews.hk/search/titlesearch.xhtml,1620584952,14:29:12,20210509
23,2014-01-31,0865.HK,CNY,2014-01-31,2014-01-31,Q1,0.0,0.0,0.0,0.0,0.0,4089160.794279,199.91008525,4797.8420465,0.0,38585245.288984,30323561.19486675,35783.905264,-38549461.38372,0.0,-38585245.288984,0.0,0.0,-23484837.08772975,0.0,0.0,-23484837.08772975,0.0,-0.0464775,-0.0464775,505557842,505557842,https://www1.hkexnews.hk/search/titlesearch.xhtml,https://www1.hkexnews.hk/search/titlesearch.xhtml,1620584952,14:29:12,20210509
24,2013-09-30,0865.HK,CNY,2013-09-30,2013-09-30,Q3,0.0,0.0,0.0,0.0,0.0,3717152.4495362504,586.0551475,86540.8101295,0.0,5194206.773214,32538953.90526775,75796.46575675,-5118410.307457251,0.0,-5194206.773214,0.0,0.0,-36902525.18261125,0.0,-4883.79289675,-36897641.3897145,0.0,-0.07301425,-0.07301425,505557842,505557842,https://www1.hkexnews.hk/search/titlesearch.xhtml,https://www1.hkexnews.hk/search/titlesearch.xhtml,1620584952,14:29:12,20210509
25,2013-06-30,0865.HK,CNY,2013-06-30,2013-06-30,Q2,0.0,0.0,0.0,0.0,0.0,3717152.4495362504,586.0551475,86540.8101295,0.0,5194206.773214,32538953.90526775,75796.46575675,-5118410.307457251,0.0,-5194206.773214,0.0,0.0,-36902525.18261125,0.0,-4883.79289675,-36897641.3897145,0.0,-0.07301425,-0.07301425,505557842,505557842,https://www1.hkexnews.hk/search/titlesearch.xhtml,https://www1.hkexnews.hk/search/titlesearch.xhtml,1620584952,14:29:12,20210509
26,2013-03-31,0865.HK,CNY,2013-03-31,2013-03-31,Q1,0.0,0.0,0.0,0.0,0.0,3717152.4495362504,586.0551475,86540.8101295,0.0,5194206.773214,32538953.90526775,75796.46575675,-5118410.307457251,0.0,-5194206.773214,0.0,0.0,-36902525.18261125,0.0,-4883.79289675,-36897641.3897145,0.0,-0.07301425,-0.07301425,505557842,505557842,https://www1.hkexnews.hk/search/titlesearch.xhtml,https://www1.hkexnews.hk/search/titlesearch.xhtml,1620584952,14:29:12,20210509
27,2013-01-31,0865.HK,CNY,2013-01-31,2013-01-31,Q1,0.0,0.0,0.0,0.0,0.0,3717152.4495362504,586.0551475,86540.8101295,0.0,5194206.773214,32538953.90526775,75796.46575675,-5118410.307457251,0.0,-5194206.773214,0.0,0.0,-36902525.18261125,0.0,-4883.79289675,-36897641.3897145,0.0,-0.07301425,-0.07301425,505557842,505557842,https://www1.hkexnews.hk/search/titlesearch.xhtml,https://www1.hkexnews.hk/search/titlesearch.xhtml,1620584952,14:29:12,20210509
28,2012-09-30,0865.HK,CNY,2012-09-30,2012-09-30,Q3,4667302.85128625,4630666.55701675,36636.2942695,0.007849564392292114,0.0,2898091.91537875,148759.4586,21941.51689775,0.0,17732167.724789,32809411.9049555,134064.68122825,-12930800.1922745,-2.7705080652117813,-13064864.87350275,-2.7992322953506728,0.0,-40912273.186454,-8.765720693521974,-2214.28152175,-40909455.00997175,-8.765116880876418,-0.08089325,-0.08089325,505557842,505557842,https://www1.hkexnews.hk/search/titlesearch.xhtml,https://www1.hkexnews.hk/search/titlesearch.xhtml,1620584952,14:29:12,20210509
29,2012-06-30,0865.HK,CNY,2012-06-30,2012-06-30,Q2,4667302.85128625,4630666.55701675,36636.2942695,0.007849564392292114,0.0,2898091.91537875,148759.4586,21941.51689775,0.0,17732167.724789,32809411.9049555,134064.68122825,-12930800.1922745,-2.7705080652117813,-13064864.87350275,-2.7992322953506728,0.0,-40912273.186454,-8.765720693521974,-2214.28152175,-40909455.00997175,-8.765116880876418,-0.08089325,-0.08089325,505557842,505557842,https://www1.hkexnews.hk/search/titlesearch.xhtml,https://www1.hkexnews.hk/search/titlesearch.xhtml,1620584952,14:29:12,20210509
30,2012-03-31,0865.HK,CNY,2012-03-31,2012-03-31,Q1,4667302.85128625,4630666.55701675,36636.2942695,0.007849564392292114,0.0,2898091.91537875,148759.4586,21941.51689775,0.0,17732167.724789,32809411.9049555,134064.68122825,-12930800.1922745,-2.7705080652117813,-13064864.87350275,-2.7992322953506728,0.0,-40912273.186454,-8.765720693521974,-2214.28152175,-40909455.00997175,-8.765116880876418,-0.08089325,-0.08089325,505557842,505557842,https://www1.hkexnews.hk/search/titlesearch.xhtml,https://www1.hkexnews.hk/search/titlesearch.xhtml,1620584952,14:29:12,20210509
31,2012-01-31,0865.HK,CNY,2012-01-31,2012-01-31,Q1,4667302.85128625,4630666.55701675,36636.2942695,0.007849564392292114,0.0,2898091.91537875,148759.4586,21941.51689775,0.0,17732167.724789,32809411.9049555,134064.68122825,-12930800.1922745,-2.7705080652117813,-13064864.87350275,-2.7992322953506728,0.0,-40912273.186454,-8.765720693521974,-2214.28152175,-40909455.00997175,-8.765116880876418,-0.08089325,-0.08089325,505557842,505557842,https://www1.hkexnews.hk/search/titlesearch.xhtml,https://www1.hkexnews.hk/search/titlesearch.xhtml,1620584952,14:29:12,20210509
32,2011-09-30,0865.HK,CNY,2011-09-30,2011-09-30,Q3,11857062.78893075,11004233.1985525,852829.59037825,0.071925872837109,0.0,5103421.29492525,2039507.06311075,0.0,0.0,14920370.02459525,33219280.61861775,225802.5677015,-2837504.667963,-0.23930923859254366,-3063307.2356645,-0.2583529572369536,0.0,-36017532.86889775,-3.037643766424362,-1265586.97219825,-34744257.278803,-2.930258352957257,-0.06869175,-0.06869175,505557842,505557842,https://www1.hkexnews.hk/search/titlesearch.xhtml,https://www1.hkexnews.hk/search/titlesearch.xhtml,1620584952,14:29:12,20210509
33,2011-06-30,0865.HK,CNY,2011-06-30,2011-06-30,Q2,11857062.78893075,11004233.1985525,852829.59037825,0.071925872837109,0.0,5103421.29492525,2039507.06311075,0.0,0.0,14920370.02459525,33219280.61861775,225802.5677015,-2837504.667963,-0.23930923859254366,-3063307.2356645,-0.2583529572369536,0.0,-36017532.86889775,-3.037643766424362,-1265586.97219825,-34744257.278803,-2.930258352957257,-0.06869175,-0.06869175,505557842,505557842,https://www1.hkexnews.hk/search/titlesearch.xhtml,https://www1.hkexnews.hk/search/titlesearch.xhtml,1620584952,14:29:12,20210509
34,2011-03-31,0865.HK,CNY,2011-03-31,2011-03-31,Q1,11857062.78893075,11004233.1985525,852829.59037825,0.071925872837109,0.0,5103421.29492525,2039507.06311075,0.0,0.0,14920370.02459525,33219280.61861775,225802.5677015,-2837504.667963,-0.23930923859254366,-3063307.2356645,-0.2583529572369536,0.0,-36017532.86889775,-3.037643766424362,-1265586.97219825,-34744257.278803,-2.930258352957257,-0.06869175,-0.06869175,505557842,505557842,https://www1.hkexnews.hk/search/titlesearch.xhtml,https://www1.hkexnews.hk/search/titlesearch.xhtml,1620584952,14:29:12,20210509
35,2011-01-31,0865.HK,CNY,2011-01-31,2011-01-31,Q1,11857062.78893075,11004233.1985525,852829.59037825,0.071925872837109,0.0,5103421.29492525,2039507.06311075,0.0,0.0,14920370.02459525,33219280.61861775,225802.5677015,-2837504.667963,-0.23930923859254366,-3063307.2356645,-0.2583529572369536,0.0,-36017532.86889775,-3.037643766424362,-1265586.97219825,-34744257.278803,-2.930258352957257,-0.06869175,-0.06869175,505557842,505557842,https://www1.hkexnews.hk/search/titlesearch.xhtml,https://www1.hkexnews.hk/search/titlesearch.xhtml,1620584952,14:29:12,20210509
36,2010-09-30,0865.HK,CNY,2010-09-30,2010-09-30,Q3,40383533.6688635,39908205.1772455,475328.491618,0.011770354113030174,0.0,7270331.442389751,2149737.5528575,0.0,0.0,37891414.7237915,0.0,589100.52860775,3081219.4736794997,0.07629890685012493,2492118.94507175,0.06171126493056805,0.0,-33680144.90518075,-0.8340068796690967,480015.729097,-33838232.64197175,-0.8379215380070045,-0.06692,-0.06692,505557842,505557842,https://www1.hkexnews.hk/search/titlesearch.xhtml,https://www1.hkexnews.hk/search/titlesearch.xhtml,1620584952,14:29:12,20210509
37,2010-06-30,0865.HK,CNY,2010-06-30,2010-06-30,Q2,40383533.6688635,39908205.1772455,475328.491618,0.011770354113030174,0.0,7270331.442389751,2149737.5528575,0.0,0.0,37891414.7237915,0.0,589100.52860775,3081219.4736794997,0.07629890685012493,2492118.94507175,0.06171126493056805,0.0,-33680144.90518075,-0.8340068796690967,480015.729097,-33838232.64197175,-0.8379215380070045,-0.06692,-0.06692,505557842,505557842,https://www1.hkexnews.hk/search/titlesearch.xhtml,https://www1.hkexnews.hk/search/titlesearch.xhtml,1620584952,14:29:12,20210509
38,2010-03-31,0865.HK,CNY,2010-03-31,2010-03-31,Q1,40383533.6688635,39908205.1772455,475328.491618,0.011770354113030174,0.0,7270331.442389751,2149737.5528575,0.0,0.0,37891414.7237915,0.0,589100.52860775,3081219.4736794997,0.07629890685012493,2492118.94507175,0.06171126493056805,0.0,-33680144.90518075,-0.8340068796690967,480015.729097,-33838232.64197175,-0.8379215380070045,-0.06692,-0.06692,505557842,505557842,https://www1.hkexnews.hk/search/titlesearch.xhtml,https://www1.hkexnews.hk/search/titlesearch.xhtml,1620584952,14:29:12,20210509
39,2010-01-31,0865.HK,CNY,2010-01-31,2010-01-31,Q1,40383533.6688635,39908205.1772455,475328.491618,0.011770354113030174,0.0,7270331.442389751,2149737.5528575,0.0,0.0,37891414.7237915,0.0,589100.52860775,3081219.4736794997,0.07629890685012493,2492118.94507175,0.06171126493056805,0.0,-33680144.90518075,-0.8340068796690967,480015.729097,-33838232.64197175,-0.8379215380070045,-0.06692,-0.06692,505557842,505557842,https://www1.hkexnews.hk/search/titlesearch.xhtml,https://www1.hkexnews.hk/search/titlesearch.xhtml,1620584952,14:29:12,20210509
40,2009-09-30,0865.HK,CNY,2009-09-30,2009-09-30,Q3,683704321.9959846,681129448.0088638,2574873.98712075,0.003766063639328394,0.0,431319567.2204298,11237614.68101075,0.0,0.0,1129726952.3547025,0.0,1705650.41256625,-444316979.9461515,-0.6498671511232029,-446022630.35871774,-0.6523618704890054,0.0,-467919624.6408825,-0.6843888645823576,2389319.29647775,-476415300.0794957,-0.696814814170933,-0.94240475,-0.94240475,505494851,505494851,https://www1.hkexnews.hk/search/titlesearch.xhtml,https://www1.hkexnews.hk/search/titlesearch.xhtml,1620584952,14:29:12,20210509
41,2009-06-30,0865.HK,CNY,2009-06-30,2009-06-30,Q2,683704321.9959846,681129448.0088638,2574873.98712075,0.003766063639328394,0.0,431319567.2204298,11237614.68101075,0.0,0.0,1129726952.3547025,0.0,1705650.41256625,-444316979.9461515,-0.6498671511232029,-446022630.35871774,-0.6523618704890054,0.0,-467919624.6408825,-0.6843888645823576,2389319.29647775,-476415300.0794957,-0.696814814170933,-0.94240475,-0.94240475,505494851,505494851,https://www1.hkexnews.hk/search/titlesearch.xhtml,https://www1.hkexnews.hk/search/titlesearch.xhtml,1620584952,14:29:12,20210509
42,2009-03-31,0865.HK,CNY,2009-03-31,2009-03-31,Q1,683704321.9959846,681129448.0088638,2574873.98712075,0.003766063639328394,0.0,431319567.2204298,11237614.68101075,0.0,0.0,1129726952.3547025,0.0,1705650.41256625,-444316979.9461515,-0.6498671511232029,-446022630.35871774,-0.6523618704890054,0.0,-467919624.6408825,-0.6843888645823576,2389319.29647775,-476415300.0794957,-0.696814814170933,-0.94240475,-0.94240475,505494851,505494851,https://www1.hkexnews.hk/search/titlesearch.xhtml,https://www1.hkexnews.hk/search/titlesearch.xhtml,1620584952,14:29:12,20210509
43,2009-01-31,0865.HK,CNY,2009-01-31,2009-01-31,Q1,683704321.9959846,681129448.0088638,2574873.98712075,0.003766063639328394,0.0,431319567.2204298,11237614.68101075,0.0,0.0,1129726952.3547025,0.0,1705650.41256625,-444316979.9461515,-0.6498671511232029,-446022630.35871774,-0.6523618704890054,0.0,-467919624.6408825,-0.6843888645823576,2389319.29647775,-476415300.0794957,-0.696814814170933,-0.94240475,-0.94240475,505494851,505494851,https://www1.hkexnews.hk/search/titlesearch.xhtml,https://www1.hkexnews.hk/search/titlesearch.xhtml,1620584952,14:29:12,20210509
44,2008-09-30,0865.HK,CNY,2008-09-30,2008-09-30,Q3,1627863216.6771183,1549851181.9607022,78012034.71641575,0.047922966694743614,0.0,32736715.544871747,13285051.28205125,0.0,0.0,1600138772.7668617,14921688.9457915,1945254.476728,29669698.3869845,0.018226161807100648,27724443.9102565,0.017031187649076022,0.0,15333765.032748,0.009419566014918689,6300009.4063545,9014824.7805185,0.0055378269428066835,0.01787825,0.01787825,505479904,505479904,https://www1.hkexnews.hk/search/titlesearch.xhtml,https://www1.hkexnews.hk/search/titlesearch.xhtml,1620584952,14:29:12,20210509
45,2008-06-30,0865.HK,CNY,2008-06-30,2008-06-30,Q2,1627863216.6771183,1549851181.9607022,78012034.71641575,0.047922966694743614,0.0,32736715.544871747,13285051.28205125,0.0,0.0,1600138772.7668617,14921688.9457915,1945254.476728,29669698.3869845,0.018226161807100648,27724443.9102565,0.017031187649076022,0.0,15333765.032748,0.009419566014918689,6300009.4063545,9014824.7805185,0.0055378269428066835,0.01787825,0.01787825,505479904,505479904,https://www1.hkexnews.hk/search/titlesearch.xhtml,https://www1.hkexnews.hk/search/titlesearch.xhtml,1620584952,14:29:12,20210509
46,2008-03-31,0865.HK,CNY,2008-03-31,2008-03-31,Q1,1627863216.6771183,1549851181.9607022,78012034.71641575,0.047922966694743614,0.0,32736715.544871747,13285051.28205125,0.0,0.0,1600138772.7668617,14921688.9457915,1945254.476728,29669698.3869845,0.018226161807100648,27724443.9102565,0.017031187649076022,0.0,15333765.032748,0.009419566014918689,6300009.4063545,9014824.7805185,0.0055378269428066835,0.01787825,0.01787825,505479904,505479904,https://www1.hkexnews.hk/search/titlesearch.xhtml,https://www1.hkexnews.hk/search/titlesearch.xhtml,1620584952,14:29:12,20210509
47,2008-01-31,0865.HK,CNY,2008-01-31,2008-01-31,Q1,1627863216.6771183,1549851181.9607022,78012034.71641575,0.047922966694743614,0.0,32736715.544871747,13285051.28205125,0.0,0.0,1600138772.7668617,14921688.9457915,1945254.476728,29669698.3869845,0.018226161807100648,27724443.9102565,0.017031187649076022,0.0,15333765.032748,0.009419566014918689,6300009.4063545,9014824.7805185,0.0055378269428066835,0.01787825,0.01787825,505479904,505479904,https://www1.hkexnews.hk/search/titlesearch.xhtml,https://www1.hkexnews.hk/search/titlesearch.xhtml,1620584952,14:29:12,20210509
48,2007-09-30,0865.HK,CNY,2007-09-30,2007-09-30,Q3,1904543532.0943737,1815463119.86499,89080412.22938375,0.04677257869313414,0.0,44860590.390539005,15837709.54252025,0.0,0.0,1872626888.0063195,0.0,0.0,31916644.088054,59.67242442031117,31916644.088054,0.016758159396312748,0.0,20399672.48786225,0.01071105603211353,5520773.782563,14878898.705299,0.007812317468499703,0.0294785,0.0294785,504834172,504834172,https://www1.hkexnews.hk/search/titlesearch.xhtml,https://www1.hkexnews.hk/search/titlesearch.xhtml,1620584952,14:29:12,20210509
49,2007-06-30,0865.HK,CNY,2007-06-30,2007-06-30,Q2,1904543532.0943737,1815463119.86499,89080412.22938375,0.04677257869313414,0.0,44860590.390539005,15837709.54252025,0.0,0.0,1872626888.0063195,0.0,0.0,31916644.088054,59.67242442031117,31916644.088054,0.016758159396312748,0.0,20399672.48786225,0.01071105603211353,5520773.782563,14878898.705299,0.007812317468499703,0.0294785,0.0294785,504834172,504834172,https://www1.hkexnews.hk/search/titlesearch.xhtml,https://www1.hkexnews.hk/search/titlesearch.xhtml,1620584952,14:29:12,20210509
50,2007-03-31,0865.HK,CNY,2007-03-31,2007-03-31,Q1,1904543532.0943737,1815463119.86499,89080412.22938375,0.04677257869313414,0.0,44860590.390539005,15837709.54252025,0.0,0.0,1872626888.0063195,0.0,0.0,31916644.088054,59.67242442031117,31916644.088054,0.016758159396312748,0.0,20399672.48786225,0.01071105603211353,5520773.782563,14878898.705299,0.007812317468499703,0.0294785,0.0294785,504834172,504834172,https://www1.hkexnews.hk/search/titlesearch.xhtml,https://www1.hkexnews.hk/search/titlesearch.xhtml,1620584952,14:29:12,20210509
51,2007-01-31,0865.HK,CNY,2007-01-31,2007-01-31,Q1,1904543532.0943737,1815463119.86499,89080412.22938375,0.04677257869313414,0.0,44860590.390539005,15837709.54252025,0.0,0.0,1872626888.0063195,0.0,0.0,31916644.088054,59.67242442031117,31916644.088054,0.016758159396312748,0.0,20399672.48786225,0.01071105603211353,5520773.782563,14878898.705299,0.007812317468499703,0.0294785,0.0294785,504834172,504834172,https://www1.hkexnews.hk/search/titlesearch.xhtml,https://www1.hkexnews.hk/search/titlesearch.xhtml,1620584952,14:29:12,20210509
52,2006-09-30,0865.HK,CNY,2006-09-30,2006-09-30,Q3,2005098322.4297562,1907219969.2985275,97878353.13122874,0.04881473992388604,0.0,47176805.198354006,13525676.959429,0.0,0.0,1968772741.432521,0.0,0.0,36325580.99723525,55.19796978835286,36325580.99723525,0.01811660834328379,0.0,22579059.2650935,0.011260823976817479,9707895.02025325,10130031.9070275,0.005052137241206226,0.0201665,0.0201665,506100697,506100697,https://www1.hkexnews.hk/search/titlesearch.xhtml,https://www1.hkexnews.hk/search/titlesearch.xhtml,1620584952,14:29:12,20210509
53,2006-06-30,0865.HK,CNY,2006-06-30,2006-06-30,Q2,2005098322.4297562,1907219969.2985275,97878353.13122874,0.04881473992388604,0.0,47176805.198354006,13525676.959429,0.0,0.0,1968772741.432521,0.0,0.0,36325580.99723525,55.19796978835286,36325580.99723525,0.01811660834328379,0.0,22579059.2650935,0.011260823976817479,9707895.02025325,10130031.9070275,0.005052137241206226,0.0201665,0.0201665,506100697,506100697,https://www1.hkexnews.hk/search/titlesearch.xhtml,https://www1.hkexnews.hk/search/titlesearch.xhtml,1620584952,14:29:12,20210509
54,2006-03-31,0865.HK,CNY,2006-03-31,2006-03-31,Q1,2005098322.4297562,1907219969.2985275,97878353.13122874,0.04881473992388604,0.0,47176805.198354006,13525676.959429,0.0,0.0,1968772741.432521,0.0,0.0,36325580.99723525,55.19796978835286,36325580.99723525,0.01811660834328379,0.0,22579059.2650935,0.011260823976817479,9707895.02025325,10130031.9070275,0.005052137241206226,0.0201665,0.0201665,506100697,506100697,https://www1.hkexnews.hk/search/titlesearch.xhtml,https://www1.hkexnews.hk/search/titlesearch.xhtml,1620584952,14:29:12,20210509
55,2006-01-31,0865.HK,CNY,2006-01-31,2006-01-31,Q1,2005098322.4297562,1907219969.2985275,97878353.13122874,0.04881473992388604,0.0,47176805.198354006,13525676.959429,0.0,0.0,1968772741.432521,0.0,0.0,36325580.99723525,55.19796978835286,36325580.99723525,0.01811660834328379,0.0,22579059.2650935,0.011260823976817479,9707895.02025325,10130031.9070275,0.005052137241206226,0.0201665,0.0201665,506100697,506100697,https://www1.hkexnews.hk/search/titlesearch.xhtml,https://www1.hkexnews.hk/search/titlesearch.xhtml,1620584952,14:29:12,20210509
56,2005-09-30,0865.HK,CNY,2005-09-30,2005-09-30,Q3,1748361393.4373388,1657519164.6306086,90842228.80673026,0.05195849619404561,0.0,52947212.15832925,17453374.742135,0.0,0.0,1727250429.6512377,0.0,0.0,21110963.786101,82.81769658419964,21110963.786101,0.012074713995254789,0.0,9304667.112558,0.005321935812289188,7659207.452295,1645459.660263,0.0009411438999050246,0.00400675,0.00400675,551931928,551931928,https://www1.hkexnews.hk/search/titlesearch.xhtml,https://www1.hkexnews.hk/search/titlesearch.xhtml,1620584952,14:29:12,20210509
57,2005-06-30,0865.HK,CNY,2005-06-30,2005-06-30,Q2,1748361393.4373388,1657519164.6306086,90842228.80673026,0.05195849619404561,0.0,52947212.15832925,17453374.742135,0.0,0.0,1727250429.6512377,0.0,0.0,21110963.786101,82.81769658419964,21110963.786101,0.012074713995254789,0.0,9304667.112558,0.005321935812289188,7659207.452295,1645459.660263,0.0009411438999050246,0.00400675,0.00400675,551931928,551931928,https://www1.hkexnews.hk/search/titlesearch.xhtml,https://www1.hkexnews.hk/search/titlesearch.xhtml,1620584952,14:29:12,20210509
58,2005-03-31,0865.HK,CNY,2005-03-31,2005-03-31,Q1,1748361393.4373388,1657519164.6306086,90842228.80673026,0.05195849619404561,0.0,52947212.15832925,17453374.742135,0.0,0.0,1727250429.6512377,0.0,0.0,21110963.786101,82.81769658419964,21110963.786101,0.012074713995254789,0.0,9304667.112558,0.005321935812289188,7659207.452295,1645459.660263,0.0009411438999050246,0.00400675,0.00400675,551931928,551931928,https://www1.hkexnews.hk/search/titlesearch.xhtml,https://www1.hkexnews.hk/search/titlesearch.xhtml,1620584952,14:29:12,20210509
59,2005-01-31,0865.HK,CNY,2005-01-31,2005-01-31,Q1,1748361393.4373388,1657519164.6306086,90842228.80673026,0.05195849619404561,0.0,52947212.15832925,17453374.742135,0.0,0.0,1727250429.6512377,0.0,0.0,21110963.786101,82.81769658419964,21110963.786101,0.012074713995254789,0.0,9304667.112558,0.005321935812289188,7659207.452295,1645459.660263,0.0009411438999050246,0.00400675,0.00400675,551931928,551931928,https://www1.hkexnews.hk/search/titlesearch.xhtml,https://www1.hkexnews.hk/search/titlesearch.xhtml,1620584952,14:29:12,20210509
60,2004-09-30,0865.HK,CNY,2004-09-30,2004-09-30,Q3,1646873230.7825215,1549320099.6089451,97553131.17357625,0.05923536150212564,0.0,41887704.710161254,26915405.89876975,0.0,0.0,1612545321.0871027,0.0,0.0,34327909.69541875,47.97476005369199,34327909.69541875,0.020844293934577856,0.0,25592714.7793245,0.015540185061581197,10688335.064884,16799189.34467275,0.010200657239835344,0.0328075,0.0328075,512053580,512053580,https://www1.hkexnews.hk/search/titlesearch.xhtml,https://www1.hkexnews.hk/search/titlesearch.xhtml,1620584952,14:29:12,20210509
61,2004-06-30,0865.HK,CNY,2004-06-30,2004-06-30,Q2,1646873230.7825215,1549320099.6089451,97553131.17357625,0.05923536150212564,0.0,41887704.710161254,26915405.89876975,0.0,0.0,1612545321.0871027,0.0,0.0,34327909.69541875,47.97476005369199,34327909.69541875,0.020844293934577856,0.0,25592714.7793245,0.015540185061581197,10688335.064884,16799189.34467275,0.010200657239835344,0.0328075,0.0328075,512053580,512053580,https://www1.hkexnews.hk/search/titlesearch.xhtml,https://www1.hkexnews.hk/search/titlesearch.xhtml,1620584952,14:29:12,20210509
62,2004-03-31,0865.HK,CNY,2004-03-31,2004-03-31,Q1,1646873230.7825215,1549320099.6089451,97553131.17357625,0.05923536150212564,0.0,41887704.710161254,26915405.89876975,0.0,0.0,1612545321.0871027,0.0,0.0,34327909.69541875,47.97476005369199,34327909.69541875,0.020844293934577856,0.0,25592714.7793245,0.015540185061581197,10688335.064884,16799189.34467275,0.010200657239835344,0.0328075,0.0328075,512053580,512053580,https://www1.hkexnews.hk/search/titlesearch.xhtml,https://www1.hkexnews.hk/search/titlesearch.xhtml,1620584952,14:29:12,20210509
63,2004-01-31,0865.HK,CNY,2004-01-31,2004-01-31,Q1,1646873230.7825215,1549320099.6089451,97553131.17357625,0.05923536150212564,0.0,41887704.710161254,26915405.89876975,0.0,0.0,1612545321.0871027,0.0,0.0,34327909.69541875,47.97476005369199,34327909.69541875,0.020844293934577856,0.0,25592714.7793245,0.015540185061581197,10688335.064884,16799189.34467275,0.010200657239835344,0.0328075,0.0328075,512053580,512053580,https://www1.hkexnews.hk/search/titlesearch.xhtml,https://www1.hkexnews.hk/search/titlesearch.xhtml,1620584952,14:29:12,20210509
64,2003-09-30,0865.HK,CNY,2003-09-30,2003-09-30,Q3,1650503323.3808563,1560361192.0271564,90142131.3537,0.054614934775808116,0.0,41515604.9539025,17227531.3209205,0.0,0.0,1619303445.8309398,0.0,0.0,31199877.5499165,52.900955163693375,31199877.5499165,0.018903250364868895,0.0,22345678.13962675,0.013538705328901933,6995236.02746275,14778945.482858,0.008954205225461236,0.02872875,0.02872875,514428837,514428837,https://www1.hkexnews.hk/search/titlesearch.xhtml,https://www1.hkexnews.hk/search/titlesearch.xhtml,1620584952,14:29:12,20210509
65,2003-06-30,0865.HK,CNY,2003-06-30,2003-06-30,Q2,1650503323.3808563,1560361192.0271564,90142131.3537,0.054614934775808116,0.0,41515604.9539025,17227531.3209205,0.0,0.0,1619303445.8309398,0.0,0.0,31199877.5499165,52.900955163693375,31199877.5499165,0.018903250364868895,0.0,22345678.13962675,0.013538705328901933,6995236.02746275,14778945.482858,0.008954205225461236,0.02872875,0.02872875,514428837,514428837,https://www1.hkexnews.hk/search/titlesearch.xhtml,https://www1.hkexnews.hk/search/titlesearch.xhtml,1620584952,14:29:12,20210509
66,2003-03-31,0865.HK,CNY,2003-03-31,2003-03-31,Q1,1650503323.3808563,1560361192.0271564,90142131.3537,0.054614934775808116,0.0,41515604.9539025,17227531.3209205,0.0,0.0,1619303445.8309398,0.0,0.0,31199877.5499165,52.900955163693375,31199877.5499165,0.018903250364868895,0.0,22345678.13962675,0.013538705328901933,6995236.02746275,14778945.482858,0.008954205225461236,0.02872875,0.02872875,514428837,514428837,https://www1.hkexnews.hk/search/titlesearch.xhtml,https://www1.hkexnews.hk/search/titlesearch.xhtml,1620584952,14:29:12,20210509
67,2003-01-31,0865.HK,CNY,2003-01-31,2003-01-31,Q1,1650503323.3808563,1560361192.0271564,90142131.3537,0.054614934775808116,0.0,41515604.9539025,17227531.3209205,0.0,0.0,1619303445.8309398,0.0,0.0,31199877.5499165,52.900955163693375,31199877.5499165,0.018903250364868895,0.0,22345678.13962675,0.013538705328901933,6995236.02746275,14778945.482858,0.008954205225461236,0.02872875,0.02872875,514428837,514428837,https://www1.hkexnews.hk/search/titlesearch.xhtml,https://www1.hkexnews.hk/search/titlesearch.xhtml,1620584952,14:29:12,20210509
68,2002-09-30,0865.HK,CNY,2002-09-30,2002-09-30,Q3,1664191431.6738691,1569385447.2655575,94805984.408312,0.056968196448983446,0.0,37873364.00732775,15024383.400147,0.0,0.0,1617255256.8705602,0.0,0.0,46936174.803309,35.45647762408929,46936174.803309,0.028203591191489238,0.0,38591299.72013925,0.023189219092014872,9771991.19522175,28778185.08238775,0.01729259298820101,0.06025325,0.06025325,477619893,477619893,https://www1.hkexnews.hk/search/titlesearch.xhtml,https://www1.hkexnews.hk/search/titlesearch.xhtml,1620584952,14:29:12,20210509
69,2002-06-30,0865.HK,CNY,2002-06-30,2002-06-30,Q2,1664191431.6738691,1569385447.2655575,94805984.408312,0.056968196448983446,0.0,37873364.00732775,15024383.400147,0.0,0.0,1617255256.8705602,0.0,0.0,46936174.803309,35.45647762408929,46936174.803309,0.028203591191489238,0.0,38591299.72013925,0.023189219092014872,9771991.19522175,28778185.08238775,0.01729259298820101,0.06025325,0.06025325,477619893,477619893,https://www1.hkexnews.hk/search/titlesearch.xhtml,https://www1.hkexnews.hk/search/titlesearch.xhtml,1620584952,14:29:12,20210509
70,2002-03-31,0865.HK,CNY,2002-03-31,2002-03-31,Q1,1664191431.6738691,1569385447.2655575,94805984.408312,0.056968196448983446,0.0,37873364.00732775,15024383.400147,0.0,0.0,1617255256.8705602,0.0,0.0,46936174.803309,35.45647762408929,46936174.803309,0.028203591191489238,0.0,38591299.72013925,0.023189219092014872,9771991.19522175,28778185.08238775,0.01729259298820101,0.06025325,0.06025325,477619893,477619893,https://www1.hkexnews.hk/search/titlesearch.xhtml,https://www1.hkexnews.hk/search/titlesearch.xhtml,1620584952,14:29:12,20210509
71,2002-01-31,0865.HK,CNY,2002-01-31,2002-01-31,Q1,1664191431.6738691,1569385447.2655575,94805984.408312,0.056968196448983446,0.0,37873364.00732775,15024383.400147,0.0,0.0,1617255256.8705602,0.0,0.0,46936174.803309,35.45647762408929,46936174.803309,0.028203591191489238,0.0,38591299.72013925,0.023189219092014872,9771991.19522175,28778185.08238775,0.01729259298820101,0.06025325,0.06025325,477619893,477619893,https://www1.hkexnews.hk/search/titlesearch.xhtml,https://www1.hkexnews.hk/search/titlesearch.xhtml,1620584952,14:29:12,20210509
