,date,symbol,reportedCurrency,fillingDate,acceptedDate,period,revenue,costOfRevenue,grossProfit,grossProfitRatio,researchAndDevelopmentExpenses,generalAndAdministrativeExpenses,sellingAndMarketingExpenses,otherExpenses,operatingExpenses,costAndExpenses,interestExpense,depreciationAndAmortization,ebitda,ebitdaratio,operatingIncome,operatingIncomeRatio,totalOtherIncomeExpensesNet,incomeBeforeTax,incomeBeforeTaxRatio,incomeTaxExpense,netIncome,netIncomeRatio,eps,epsdiluted,weightedAverageShsOut,weightedAverageShsOutDil,link,finalLink,timestamp,est_time,est_date
0,2020-12-31,TLC,TWD,2020-12-31,2020-12-31,Q4,12083000.0,0.0,0.0,0.0,275303000,35236000.0,0.0,0.0,310539000,310539000,0.0,0.0,-298456000,-24.70048828933212,-298456000,-24.70048828933212,0.0,-292348000,-24.194984689232808,246000.0,-292594000,-24.215343871555078,-6.9613665971031224,-6.9613665971031224,42031115.0,42031115.0,,,1620598853,18:20:53,20210509
1,2020-09-30,TLC,TWD,2020-09-30,2020-09-30,Q1,66095000.0,0.0,0.0,0.0,271541000,38166000.0,0.0,0.0,309707000,309707000,0.0,12498000.0,-231114000,-3.4966941523564565,-243612000,-3.6857856116196386,0.0,-233576000,-3.5339435660791287,117000.0,-233693000,-3.5357137453665177,-5.56,-5.56,42031115.0,42031115.0,,,1620598853,18:20:53,20210509
2,2019-12-31,TLC,TWD,2019-12-31,2019-12-31,Q4,11946000.0,0.0,0.0,0.0,249146000,0.0,0.0,0.0,280345000,280345000,0.0,0.0,-246538000,-20.63770299681902,-268399000,-22.858781181985602,0.0,-273071000,-22.858781181985602,2865000.0,-275936000,-23.098610413527542,-8.600785514887782,-8.600785514887782,32082651.0,32082651.0,,,1620598853,18:20:53,20210509
3,2019-09-30,TLC,TWD,2019-09-30,2019-09-30,Q1,18837000.0,0.0,0.0,0.0,157901000,0.0,0.0,0.0,198127000,198127000,0.0,0.0,-179290000,-9.517969952752562,-179290000,-9.517969952752562,0.0,-178301000,-9.46546690024951,124000.0,-178425000,-9.472049689440993,-5.561417,-5.561417,32082651.0,32082651.0,,,1620598853,18:20:53,20210509
4,2018-12-31,TLC,TWD,2018-12-31,2018-12-31,Q4,17382000.0,0.0,0.0,0.0,281176000,45613000.0,0.0,0.0,300561000,300561000,2419000.0,11441000.0,-271738000,-15.633298814865952,-283179000,-17.63404671499252,-23370000.0,-306515000,-17.63404671499252,187000.0,-306702000,-17.6448049706593,-10.940335111658287,-10.940335111658287,28034059.0,28034059.0,,,1620598853,18:20:53,20210509
5,2018-09-30,TLC,TWD,2018-09-30,2018-09-30,Q1,15279000.0,0.0,0.0,0.0,184557000,34368000.0,0.0,13485000.0,218925000,218925000,5570000.0,11499000.0,-192147000,-12.575888474376596,-203646000,-13.328490084429609,13485000.0,-195731000,-12.810458799659663,269000.0,-196000000,-12.828064663917795,-6.991496,-6.991496,28034059.0,28034059.0,,,1620598853,18:20:53,20210509
6,2017-12-31,TLC,TWD,2017-12-31,2017-12-31,Q4,12397000.0,0.0,0.0,0.0,248608000,37480000.0,0.0,12131000.0,286088000,286088000,792000.0,12319000.0,-261372000,-21.083487940630796,-273691000,-21.162539324030007,12131000.0,-262352000,-21.162539324030007,261000.0,-262613000,-21.183592804710816,-9.404762778751374,-9.404762778751374,27923405.0,27923405.0,,,1620598853,18:20:53,20210509
7,2017-09-30,TLC,TWD,2017-09-30,2017-09-30,Q1,13371000.0,0.0,0.0,0.0,204060000,41241000.0,0.0,9269000.0,245301000,245301000,843000.0,13240000.0,-218690000,-16.355545583725974,-231930000,-17.345748261162218,9269000.0,-223504000,-16.715578490763594,8000.0,-223512000,-16.716176800538477,-8.004468,-8.004468,27923405.0,27923405.0,,,1620598853,18:20:53,20210509
8,2016-12-31,TLC,TWD,2016-12-31,2016-12-31,Q4,12641000.0,0.0,0.0,0.0,250040000,33711000.0,0.0,2184000.0,283751000,283751000,694000.0,18313000.0,-252797000,-19.998180523692746,-271110000,-21.329008780950875,2184000.0,-269620000,-21.329008780950875,150000.0,-269770000,-21.340874930780792,-9.607673431558085,-9.607673431558085,28078598.0,28078598.0,,,1620598853,18:20:53,20210509
9,2016-09-30,TLC,TWD,2016-09-30,2016-09-30,Q1,9819000.0,0.0,0.0,0.0,207485000,41898000.0,0.0,3865000.0,249383000,249383000,692000.0,18730000.0,-220834000,-22.490477645381404,-239564000,-24.398003870047866,3865000.0,-236391000,-24.07485487320501,75000.0,-236466000,-24.08249312557287,-8.421574,-8.421574,28078598.0,28078598.0,,,1620598853,18:20:53,20210509
10,2015-12-31,TLC,TWD,2015-12-31,2015-12-31,Q4,11409000.0,0.0,0.0,0.0,133501000,31435000.0,0.0,7098000.0,164936000,164936000,726000.0,17742000.0,-135785000,-11.901568936804278,-153527000,-12.89815058287317,7098000.0,-147155000,-12.89815058287317,6000.0,-147161000,-12.898676483477956,-5.297690491196177,-5.297690491196177,27778331.0,27778331.0,,,1620598853,18:20:53,20210509
11,2015-09-30,TLC,TWD,2015-09-30,2015-09-30,Q1,9992000.0,0.0,0.0,0.0,171461000,34533000.0,0.0,10882000.0,205994000,205994000,685000.0,14101000.0,-181901000,-18.204663730984787,-196002000,-19.615892714171338,10882000.0,-185805000,-18.595376301040833,131000.0,-185936000,-18.608486789431545,-6.693563,-6.693563,27778331.0,27778331.0,,,1620598853,18:20:53,20210509
12,2014-12-31,TLC,TWD,2014-12-31,2014-12-31,Q4,10735000.0,0.0,0.0,0.0,207646000,29097000.0,0.0,18954000.0,236743000,236743000,350000.0,13618000.0,-212390000,-19.784816022356775,-226008000,-19.320353982300883,18954000.0,-207404000,-19.320353982300883,41000.0,-207445000,-19.32417326502096,-7.528576709045343,-7.528576709045343,27554345.0,27554345.0,,,1620598853,18:20:53,20210509
13,2014-09-30,TLC,TWD,2014-09-30,2014-09-30,Q1,9973000.0,0.0,0.0,0.0,153607000,27754000.0,0.0,7602000.0,181361000,181361000,296000.0,12970000.0,-158418000,-15.884688659380327,-171388000,-17.185200040108292,7602000.0,-164082000,-16.45262207961496,105000.0,-164187000,-16.463150506367192,-5.958661,-5.958661,27554345.0,27554345.0,,,1620598853,18:20:53,20210509
14,2013-12-31,TLC,TWD,2013-12-31,2013-12-31,Q4,9025000.0,0.0,0.0,0.0,148759000,23517000.0,0.0,7947000.0,172276000,172276000,366000.0,8969000.0,-154282000,-17.094958448753463,-163251000,-17.24875346260388,7947000.0,-155670000,-17.24875346260388,-5000.0,-155665000,-17.248199445983378,-6.655819417675982,-6.655819417675982,23387804.0,23387804.0,,,1620598853,18:20:53,20210509
15,2013-09-30,TLC,TWD,2013-09-30,2013-09-30,Q1,23567000.0,0.0,0.0,0.0,178062000,48255000.0,0.0,1069000.0,226317000,226317000,391000.0,7291000.0,-195459000,-8.293758221241566,-202750000,-8.603131497432852,1069000.0,-202072000,-8.574362455976578,0.0,-202072000,-8.574362455976578,-8.640059,-8.640059,23387804.0,23387804.0,,,1620598853,18:20:53,20210509
16,2012-12-31,TLC,TWD,2012-12-31,2012-12-31,Q4,19664000.0,0.0,0.0,0.0,172082000,19186000.0,0.0,1965000.0,191268000,191268000,502000.0,7487000.0,-164117000,-8.346063873067534,-171604000,-8.685465825874696,1113000.0,-170791000,-8.685465825874696,-1000.0,-170790000,-8.685414971521562,0.0,0.0,0.0,0.0,,,1620598853,18:20:53,20210509
17,2012-09-30,TLC,TWD,2012-09-30,2012-09-30,Q1,95479000.0,0.0,0.0,0.0,56903000,14853000.0,0.0,1287000.0,71756000,71756000,524000.0,6260000.0,29983000,0.3140271682778412,23723000,0.24846301280909938,1287000.0,24486000,0.25645429885105625,88000.0,24398000,0.25553263021187905,1.231457,1.191732,19812310.0,20472720.0,,,1620598853,18:20:53,20210509
18,2011-12-31,TLC,TWD,2011-12-31,2011-12-31,Q4,9275000.0,0.0,0.0,0.0,75712000,15377000.0,0.0,3293000.0,91089000,91089000,650000.0,9113000.0,-72701000,-7.838382749326145,-81814000,-8.577250673854447,2724000.0,-79554000,-8.577250673854447,4000.0,-79558000,-8.577681940700808,0.0,0.0,0.0,0.0,,,1620598853,18:20:53,20210509
19,2011-09-30,TLC,TWD,2011-09-30,2011-09-30,Q1,7970000.0,0.0,0.0,0.0,66274000,9972000.0,0.0,2777000.0,76246000,76246000,607000.0,3991000.0,-64285000,-8.065872020075282,-68276000,-8.566624843161858,2077000.0,-66797000,-8.381053952321205,82000.0,-66879000,-8.39134253450439,-3.375628586469725,-3.375628586469725,19812310.0,19812310.0,,,1620598853,18:20:53,20210509
