,date,symbol,reportedCurrency,fillingDate,acceptedDate,period,revenue,costOfRevenue,grossProfit,grossProfitRatio,researchAndDevelopmentExpenses,generalAndAdministrativeExpenses,sellingAndMarketingExpenses,otherExpenses,operatingExpenses,costAndExpenses,interestExpense,depreciationAndAmortization,ebitda,ebitdaratio,operatingIncome,operatingIncomeRatio,totalOtherIncomeExpensesNet,incomeBeforeTax,incomeBeforeTaxRatio,incomeTaxExpense,netIncome,netIncomeRatio,eps,epsdiluted,weightedAverageShsOut,weightedAverageShsOutDil,link,finalLink,timestamp,est_time,est_date
0,2020-12-31,CADE,USD,2021-03-01,2021-03-01 14:55:30,Q4,366360000,0.0,0.0,0.0,0.0,67062000,956000.0,0.0,0.0,0.0,13998000,0.0,0.0,0.0,0.0,0.7050988099137461,0.0,258320000.0,0.7050988099137461,57737000.0,200583000.0,0.5475024566000655,1.5924756500078272,1.5924756500078272,125956714,125956714,https://www.sec.gov/Archives/edgar/data/1614184/000156459021009783/0001564590-21-009783-index.htm,https://www.sec.gov/Archives/edgar/data/1614184/000156459021009783/cade-10k_20201231.htm,1620589859,15:50:59,20210509
1,2020-09-30,CADE,USD,2020-11-09,2020-11-09 13:53:42,Q3,185680000,0.0,185680000.0,1.0,0.0,58405000,716000.0,25005.0,142000000.0,0.0,16455000,0.0,58801000.0,0.3448799685624967,58801.0,0.0003166792330891857,783.0,58801000.0,0.3166792330891857,9486000.0,49315000.0,0.26559133993968115,0.3915233927109277,0.39109442582548243,125956714,126094868,https://www.sec.gov/Archives/edgar/data/1614184/000156459020052390/0001564590-20-052390-index.htm,https://www.sec.gov/Archives/edgar/data/1614184/000156459020052390/cade-10q_20200930.htm,1620589859,15:50:59,20210509
2,2020-06-30,CADE,USD,2020-08-10,2020-08-10 14:58:59,Q2,183929000,0.0,0.0,0.0,0.0,55183000,920000.0,0.0,270000000.0,0.0,22461000,0.0,0.0,0.0,0.0,-0.3412566805669579,0.0,-62767000.0,-0.3412566805669579,-6653000.0,-56114000.0,-0.3050851143647821,-0.45,-0.45,125924652,125924652,https://www.sec.gov/Archives/edgar/data/1614184/000156459020038842/0001564590-20-038842-index.htm,https://www.sec.gov/Archives/edgar/data/1614184/000156459020038842/cade-10q_20200630.htm,1620589859,15:50:59,20210509
3,2020-03-31,CADE,USD,2020-05-11,2020-05-11 14:00:11,Q1,187777000,0.0,0.0,0.0,0.0,55751000,1464000.0,0.0,659000000.0,0.0,39286000,0.0,0.0,0.0,0.0,-2.3035036239795077,0.0,-432545000.0,-2.3035036239795077,-33234000.0,-399311000.0,-2.1265170920826297,-3.15,-3.15,126630446,126630446,https://www.sec.gov/Archives/edgar/data/1614184/000156459020024021/0001564590-20-024021-index.htm,https://www.sec.gov/Archives/edgar/data/1614184/000156459020007741/cade-10k_20191231.htm,1620589859,15:50:59,20210509
4,2019-12-31,CADE,USD,2020-02-28,2020-02-28 14:30:29,Q4,194153000,0.0,0.0,0.0,0.0,60663000,1764000.0,0.0,173000000.0,0.0,46709000,0.0,0.0,0.0,0.0,0.34592821125607126,0.0,67163000.0,0.34592821125607126,15738000.0,51425000.0,0.26486842850741427,0.4061029683177456,0.4061029683177456,126630446,126630446,https://www.sec.gov/Archives/edgar/data/1614184/000156459020007741/0001564590-20-007741-index.htm,https://www.sec.gov/Archives/edgar/data/1614184/000156459020007741/cade-10k_20191231.htm,1620589859,15:50:59,20210509
5,2019-09-30,CADE,USD,2019-11-12,2019-11-12 14:08:48,Q3,195750000,0.0,0.0,0.0,0.0,57497000,1368000.0,1730000.0,190000000.0,0.0,52962000,0.0,0.0,0.0,0.0,0.2900740740740741,0.0,56782000.0,0.2900740740740741,12796000.0,43986000.0,0.22470498084291188,0.3424167766128952,0.34226281928169877,128457491,128515274,https://www.sec.gov/Archives/edgar/data/1614184/000156459019042804/0001564590-19-042804-index.htm,https://www.sec.gov/Archives/edgar/data/1614184/000156459019042804/cade-10q_20190930.htm,1620589859,15:50:59,20210509
6,2019-06-30,CADE,USD,2019-08-09,2019-08-09 14:05:50,Q2,190769000,0.0,0.0,0.0,0.0,60422000,1104000.0,1394000.0,181000000.0,0.0,56337000,0.0,0.0,0.0,0.0,0.3305201578872878,0.0,63053000.0,0.3305201578872878,14707000.0,48346000.0,0.25342691946804774,0.37538065369358187,0.3746719324712004,128791933,129035553,https://www.sec.gov/Archives/edgar/data/1614184/000156459019031167/0001564590-19-031167-index.htm,https://www.sec.gov/Archives/edgar/data/1614184/000156459019031167/cade-10q_20190630.htm,1620589859,15:50:59,20210509
7,2019-03-31,CADE,USD,2019-05-10,2019-05-10 15:53:47,Q1,199043000,0.0,0.0,0.0,0.0,58815000,781000.0,1585000.0,156000000.0,0.0,52896000,0.0,0.0,0.0,0.0,0.3783252864958828,0.0,75303000.0,0.3783252864958828,17102000.0,58201000.0,0.2924041538762981,0.44603416190521245,0.4458161899718527,130485521,130549319,https://www.sec.gov/Archives/edgar/data/1614184/000156459019018506/0001564590-19-018506-index.htm,https://www.sec.gov/Archives/edgar/data/1614184/000156459019005802/cade-10k_20181231.htm,1620589859,15:50:59,20210509
8,2018-12-31,CADE,USD,2019-03-01,2019-03-01 16:08:03,Q4,122729000,0.0,0.0,0.0,0.0,47496000,928000.0,-849000.0,120000000.0,0.0,40711000,0.0,0.0,0.0,0.0,0.3506506204727489,0.0,43035000.0,0.3506506204727489,10709000.0,32326000.0,0.2633933300197997,0.24773629865033073,0.24773629865033073,130485521,130485521,https://www.sec.gov/Archives/edgar/data/1614184/000156459019005802/0001564590-19-005802-index.htm,https://www.sec.gov/Archives/edgar/data/1614184/000156459019005802/cade-10k_20181231.htm,1620589859,15:50:59,20210509
9,2018-09-30,CADE,USD,2018-11-14,2018-11-14 16:08:48,Q3,121255000,0.0,0.0,0.0,0.0,39719000,679000.0,2571000.0,93000000.0,0.0,33653000,0.0,0.0,0.0,0.0,0.5130510082058471,0.0,62210000.0,0.5130510082058471,15074000.0,47136000.0,0.38873448517586906,0.5636591928251121,0.5567665658842326,83625000,84660256,https://www.sec.gov/Archives/edgar/data/1614184/000156459018029563/0001564590-18-029563-index.htm,https://www.sec.gov/Archives/edgar/data/1614184/000156459018029563/cade-10q_20180930.htm,1620589859,15:50:59,20210509
10,2018-06-30,CADE,USD,2018-08-13,2018-08-13 16:32:40,Q2,119411000,0.0,0.0,0.0,0.0,42498000,575000.0,4180000.0,92000000.0,0.0,28579000,0.0,0.0,0.0,0.0,0.4719665692440395,0.0,56358000.0,0.4719665692440395,8384000.0,47974000.0,0.4017552821766839,0.5736801195814649,0.5657801240973024,83625000,84792657,https://www.sec.gov/Archives/edgar/data/1614184/000156459018021472/0001564590-18-021472-index.htm,https://www.sec.gov/Archives/edgar/data/1614184/000156459018021472/cade-10q_20180630.htm,1620589859,15:50:59,20210509
11,2018-03-31,CADE,USD,2018-05-15,2018-05-14 20:27:21,Q1,115839000,0.0,0.0,0.0,0.0,41377000,341000.0,132000.0,88000000.0,0.0,21982000,0.0,0.0,0.0,0.0,0.42969120935090943,0.0,49775000.0,0.42969120935090943,10950000.0,38825000.0,0.3351634596293131,0.4642750373692078,0.45851890751873814,83625000,84674807,https://www.sec.gov/Archives/edgar/data/1614184/000156459018013510/0001564590-18-013510-index.htm,https://www.sec.gov/Archives/edgar/data/1614184/000156459018006217/cade-10k_20171231.htm,1620589859,15:50:59,20210509
12,2017-12-31,CADE,USD,2018-03-19,2018-03-19 17:09:15,Q4,112757000,0.0,0.0,0.0,0.0,39462000,683000.0,2542000.0,82000000.0,0.0,20459000,0.0,0.0,0.0,51671000.0,0.4582509289888876,0.0,51671000.0,0.4582509289888876,36980000.0,14691000.0,0.13028902861906577,0.17567713004484306,0.17567713004484306,83625000,83625000,https://www.sec.gov/Archives/edgar/data/1614184/000156459018006217/0001564590-18-006217-index.htm,https://www.sec.gov/Archives/edgar/data/1614184/000156459018006217/cade-10k_20171231.htm,1620589859,15:50:59,20210509
13,2017-09-30,CADE,USD,2017-11-14,2017-11-14 15:38:40,Q3,107755000,0.0,0.0,0.0,0.0,38234000,521000.0,3315000.0,77000000.0,0.0,18340000,0.0,0.0,0.0,50034000.0,0.4643311215256833,0.0,50034000.0,0.4643311215256833,17457000.0,32577000.0,0.3023247181105285,0.3895605381165919,0.3880261354546747,83625000,83955685,https://www.sec.gov/Archives/edgar/data/1614184/000156459017023752/0001564590-17-023752-index.htm,https://www.sec.gov/Archives/edgar/data/1614184/000156459017023752/cade-10q_20170930.htm,1620589859,15:50:59,20210509
14,2017-06-30,CADE,USD,2017-08-14,2017-08-14 17:00:53,Q2,104616000,0.0,0.0,0.0,0.0,38013000,499000.0,322000.0,80000000.0,0.0,16991000,0.0,0.0,0.0,42538000.0,0.40661084346562665,0.0,42538000.0,0.40661084346562665,13570000.0,28968000.0,0.2768983711860519,0.3536177878048153,0.3534760892058557,81918956,81951795,https://www.sec.gov/Archives/edgar/data/1614184/000156459017017682/0001564590-17-017682-index.htm,https://www.sec.gov/Archives/edgar/data/1614184/000156459017017682/cade-10q_20170630.htm,1620589859,15:50:59,20210509
15,2017-03-31,CADE,USD,2017-03-31,2017-03-31,Q2,98583000,0.0,0.0,0.0,0.0,38111000,345000.0,476000.0,75000000.0,0.0,14861000,0.0,0.0,0.0,38756000.0,0.39313066147307346,0.0,38756000.0,0.39313066147307346,12639000.0,26117000.0,0.26492397269306067,0.31657,0.31657,82500000,82500000,,,1620589859,15:50:59,20210509
16,2016-12-31,CADE,USD,2016-12-31,2016-12-31,Q4,93996000,0.0,0.0,0.0,0.0,32164000,344000.0,295000.0,0.0,0.0,14570000,0.0,0.0,0.0,44686000.0,0.4754032086471765,0.0,44686000.0,0.4754032086471765,15701000.0,28985000.0,0.3083641857100302,0.35133333333333333,0.35133333333333333,82500000,82500000,,,1620589859,15:50:59,20210509
17,2016-09-30,CADE,USD,2016-09-30,2016-09-30,Q3,92146000,0.0,0.0,0.0,0.0,35063000,303000.0,-210000.0,99000000.0,0.0,14228000,0.0,0.0,0.0,8714000.0,0.09456731708375839,0.0,8714000.0,0.09456731708375839,2107000.0,6607000.0,0.07170143033881014,0.080085,0.080085,82500000,82500000,,,1620589859,15:50:59,20210509
18,2016-06-30,CADE,USD,2016-06-30,2016-06-30,Q2,91610000,0.0,0.0,0.0,0.0,37640000,338000.0,1308000.0,84000000.0,0.0,13672000,0.0,0.0,0.0,22015000.0,0.24031219299203144,0.0,22015000.0,0.24031219299203144,7175000.0,14840000.0,0.16199104901211658,0.179879,0.179879,82500000,82500000,,,1620589859,15:50:59,20210509
19,2016-03-31,CADE,USD,2016-03-31,2016-03-31,Q2,86975000,0.0,0.0,0.0,0.0,36363000,383000.0,-1140000.0,78000000.0,0.0,13341000,0.0,0.0,0.0,22898000.0,0.2632710549008336,0.0,22898000.0,0.2632710549008336,7557000.0,15341000.0,0.17638401839609083,0.185952,0.185952,82500000,82500000,,,1620589859,15:50:59,20210509
