,date,symbol,reportedCurrency,fillingDate,acceptedDate,period,revenue,costOfRevenue,grossProfit,grossProfitRatio,researchAndDevelopmentExpenses,generalAndAdministrativeExpenses,sellingAndMarketingExpenses,otherExpenses,operatingExpenses,costAndExpenses,interestExpense,depreciationAndAmortization,ebitda,ebitdaratio,operatingIncome,operatingIncomeRatio,totalOtherIncomeExpensesNet,incomeBeforeTax,incomeBeforeTaxRatio,incomeTaxExpense,netIncome,netIncomeRatio,eps,epsdiluted,weightedAverageShsOut,weightedAverageShsOutDil,link,finalLink,timestamp,est_time,est_date
0,2020-09-30,DTD2.DE,EUR,2020-09-30,2020-09-30,Q3,2462250.0,153000.0,2309250.0,0.9378617118489186,0.0,166750.0,15250.0,153250.0,259500.0,2667000.0,55500.0,401250.0,196500.0,0.07980505635089857,-204750.0,-0.08315565031982942,0.0,-103250.0,-0.04193319118692253,-34750.0,-74250.0,-0.030155345720377702,-0.011956650740032139,-0.011956650740032139,6209933.0,6209933.0,https://www.bundesanzeiger.de/pub/de/suche;wwwsid=627BFD7A56A5CB624C47FDDEAB2FC509.web07-pub?0,https://www.bundesanzeiger.de/pub/de/suche;wwwsid=627BFD7A56A5CB624C47FDDEAB2FC509.web07-pub?0,1620591304,16:15:04,20210509
1,2020-06-30,DTD2.DE,EUR,2020-06-30,2020-06-30,Q2,2462250.0,153000.0,2309250.0,0.9378617118489186,0.0,166750.0,15250.0,153250.0,259500.0,2667000.0,55500.0,401250.0,196500.0,0.07980505635089857,-204750.0,-0.08315565031982942,0.0,-103250.0,-0.04193319118692253,-34750.0,-74250.0,-0.030155345720377702,-0.011956650740032139,-0.011956650740032139,6209933.0,6209933.0,https://www.bundesanzeiger.de/pub/de/suche;wwwsid=627BFD7A56A5CB624C47FDDEAB2FC509.web07-pub?0,https://www.bundesanzeiger.de/pub/de/suche;wwwsid=627BFD7A56A5CB624C47FDDEAB2FC509.web07-pub?0,1620591304,16:15:04,20210509
2,2020-03-31,DTD2.DE,EUR,2020-03-31,2020-03-31,Q1,2462250.0,153000.0,2309250.0,0.9378617118489186,0.0,166750.0,15250.0,153250.0,259500.0,2667000.0,55500.0,401250.0,196500.0,0.07980505635089857,-204750.0,-0.08315565031982942,0.0,-103250.0,-0.04193319118692253,-34750.0,-74250.0,-0.030155345720377702,-0.011956650740032139,-0.011956650740032139,6209933.0,6209933.0,https://www.bundesanzeiger.de/pub/de/suche;wwwsid=627BFD7A56A5CB624C47FDDEAB2FC509.web07-pub?0,https://www.bundesanzeiger.de/pub/de/suche;wwwsid=627BFD7A56A5CB624C47FDDEAB2FC509.web07-pub?0,1620591304,16:15:04,20210509
3,2020-01-31,DTD2.DE,EUR,2020-01-31,2020-01-31,Q1,2462250.0,153000.0,2309250.0,0.9378617118489186,0.0,166750.0,15250.0,153250.0,259500.0,2667000.0,55500.0,401250.0,196500.0,0.07980505635089857,-204750.0,-0.08315565031982942,0.0,-103250.0,-0.04193319118692253,-34750.0,-74250.0,-0.030155345720377702,-0.011956650740032139,-0.011956650740032139,6209933.0,6209933.0,https://www.bundesanzeiger.de/pub/de/suche;wwwsid=627BFD7A56A5CB624C47FDDEAB2FC509.web07-pub?0,https://www.bundesanzeiger.de/pub/de/suche;wwwsid=627BFD7A56A5CB624C47FDDEAB2FC509.web07-pub?0,1620591304,16:15:04,20210509
4,2019-06-30,DTD2.DE,EUR,2019-06-30,2019-06-30,Q2,2262250.0,68500.0,2193750.0,0.9697204110951486,0.0,108750.0,27750.0,153250.0,290500.0,2466500.0,42250.0,235000.0,30750.0,0.013592662172615759,-204250.0,-0.09028621947176484,0.0,-90500.0,-0.040004420377942315,-7250.0,-83250.0,-0.03679964636976461,-0.0125,-0.0125,6209933.0,6209933.0,https://www.bundesanzeiger.de/pub/de/suche;wwwsid=627BFD7A56A5CB624C47FDDEAB2FC509.web07-pub?0,https://www.bundesanzeiger.de/pub/de/suche;wwwsid=627BFD7A56A5CB624C47FDDEAB2FC509.web07-pub?0,1620591304,16:15:04,20210509
5,2019-03-31,DTD2.DE,EUR,2019-03-31,2019-03-31,Q1,2262250.0,68500.0,2193750.0,0.9697204110951486,0.0,108750.0,27750.0,153250.0,290500.0,2466500.0,42250.0,235000.0,30750.0,0.013592662172615759,-204250.0,-0.09028621947176484,0.0,-90500.0,-0.040004420377942315,-7250.0,-83250.0,-0.03679964636976461,-0.0125,-0.0125,6209933.0,6209933.0,https://www.bundesanzeiger.de/pub/de/suche;wwwsid=627BFD7A56A5CB624C47FDDEAB2FC509.web07-pub?0,https://www.bundesanzeiger.de/pub/de/suche;wwwsid=627BFD7A56A5CB624C47FDDEAB2FC509.web07-pub?0,1620591304,16:15:04,20210509
6,2019-01-31,DTD2.DE,EUR,2019-01-31,2019-01-31,Q1,2262250.0,68500.0,2193750.0,0.9697204110951486,0.0,108750.0,27750.0,153250.0,290500.0,2466500.0,42250.0,235000.0,30750.0,0.013592662172615759,-204250.0,-0.09028621947176484,0.0,-90500.0,-0.040004420377942315,-7250.0,-83250.0,-0.03679964636976461,-0.0125,-0.0125,6209933.0,6209933.0,https://www.bundesanzeiger.de/pub/de/suche;wwwsid=627BFD7A56A5CB624C47FDDEAB2FC509.web07-pub?0,https://www.bundesanzeiger.de/pub/de/suche;wwwsid=627BFD7A56A5CB624C47FDDEAB2FC509.web07-pub?0,1620591304,16:15:04,20210509
7,2018-06-30,DTD2.DE,EUR,2018-06-30,2018-06-30,Q2,2458250.0,48750.0,2409500.0,0.9801688192820096,0.0,103250.0,29000.0,153250.0,297500.0,2225500.0,43750.0,213750.0,446500.0,0.18163327570426116,232750.0,0.09468117563307231,0.0,386000.0,0.15702227194142174,119000.0,267000.0,0.10861385131699379,0.0425,0.0425,6209933.0,6209933.0,https://www.bundesanzeiger.de/pub/de/suche;wwwsid=627BFD7A56A5CB624C47FDDEAB2FC509.web07-pub?0,https://www.bundesanzeiger.de/pub/de/suche;wwwsid=627BFD7A56A5CB624C47FDDEAB2FC509.web07-pub?0,1620591304,16:15:04,20210509
8,2018-03-31,DTD2.DE,EUR,2018-03-31,2018-03-31,Q1,2458250.0,48750.0,2409500.0,0.9801688192820096,0.0,103250.0,29000.0,153250.0,297500.0,2225500.0,43750.0,213750.0,446500.0,0.18163327570426116,232750.0,0.09468117563307231,0.0,386000.0,0.15702227194142174,119000.0,267000.0,0.10861385131699379,0.0425,0.0425,6209933.0,6209933.0,https://www.bundesanzeiger.de/pub/de/suche;wwwsid=627BFD7A56A5CB624C47FDDEAB2FC509.web07-pub?0,https://www.bundesanzeiger.de/pub/de/suche;wwwsid=627BFD7A56A5CB624C47FDDEAB2FC509.web07-pub?0,1620591304,16:15:04,20210509
9,2018-01-31,DTD2.DE,EUR,2018-01-31,2018-01-31,Q1,2458250.0,48750.0,2409500.0,0.9801688192820096,0.0,103250.0,29000.0,153250.0,297500.0,2225500.0,43750.0,213750.0,446500.0,0.18163327570426116,232750.0,0.09468117563307231,0.0,386000.0,0.15702227194142174,119000.0,267000.0,0.10861385131699379,0.0425,0.0425,6209933.0,6209933.0,https://www.bundesanzeiger.de/pub/de/suche;wwwsid=627BFD7A56A5CB624C47FDDEAB2FC509.web07-pub?0,https://www.bundesanzeiger.de/pub/de/suche;wwwsid=627BFD7A56A5CB624C47FDDEAB2FC509.web07-pub?0,1620591304,16:15:04,20210509
10,2017-06-30,DTD2.DE,EUR,2017-06-30,2017-06-30,Q2,2559250.0,58750.0,2500500.0,0.9770440558757448,0.0,113000.0,27250.0,0.0,367000.0,1896250.0,46500.0,165250.0,828250.0,0.3236299697176907,663000.0,0.25906027156393474,0.0,617250.0,0.24118394060759987,200000.0,417250.0,0.1630360457165185,0.0675,0.0675,6209933.0,6209933.0,https://www.bundesanzeiger.de/pub/de/suche;wwwsid=627BFD7A56A5CB624C47FDDEAB2FC509.web07-pub?0,https://www.bundesanzeiger.de/pub/de/suche;wwwsid=627BFD7A56A5CB624C47FDDEAB2FC509.web07-pub?0,1620591304,16:15:04,20210509
11,2017-03-31,DTD2.DE,EUR,2017-03-31,2017-03-31,Q1,2559250.0,58750.0,2500500.0,0.9770440558757448,0.0,113000.0,27250.0,0.0,367000.0,1896250.0,46500.0,165250.0,828250.0,0.3236299697176907,663000.0,0.25906027156393474,0.0,617250.0,0.24118394060759987,200000.0,417250.0,0.1630360457165185,0.0675,0.0675,6209933.0,6209933.0,https://www.bundesanzeiger.de/pub/de/suche;wwwsid=627BFD7A56A5CB624C47FDDEAB2FC509.web07-pub?0,https://www.bundesanzeiger.de/pub/de/suche;wwwsid=627BFD7A56A5CB624C47FDDEAB2FC509.web07-pub?0,1620591304,16:15:04,20210509
12,2017-01-31,DTD2.DE,EUR,2017-01-31,2017-01-31,Q1,2559250.0,58750.0,2500500.0,0.9770440558757448,0.0,113000.0,27250.0,0.0,367000.0,1896250.0,46500.0,165250.0,828250.0,0.3236299697176907,663000.0,0.25906027156393474,0.0,617250.0,0.24118394060759987,200000.0,417250.0,0.1630360457165185,0.0675,0.0675,6209933.0,6209933.0,https://www.bundesanzeiger.de/pub/de/suche;wwwsid=627BFD7A56A5CB624C47FDDEAB2FC509.web07-pub?0,https://www.bundesanzeiger.de/pub/de/suche;wwwsid=627BFD7A56A5CB624C47FDDEAB2FC509.web07-pub?0,1620591304,16:15:04,20210509
13,2016-06-30,DTD2.DE,EUR,2016-06-30,2016-06-30,Q2,2051500.0,42000.0,2009500.0,0.979527175237631,0.0,19500.0,27000.0,0.0,506000.0,1863500.0,57500.0,148500.0,336500.0,0.1640263222032659,188000.0,0.09164026322203266,0.0,132250.0,0.06446502559103096,-14750.0,147000.0,0.07165488666829149,0.0225,0.0225,6209933.0,6209933.0,https://www.bundesanzeiger.de/pub/de/suche;wwwsid=627BFD7A56A5CB624C47FDDEAB2FC509.web07-pub?0,https://www.bundesanzeiger.de/pub/de/suche;wwwsid=627BFD7A56A5CB624C47FDDEAB2FC509.web07-pub?0,1620591304,16:15:04,20210509
14,2016-03-31,DTD2.DE,EUR,2016-03-31,2016-03-31,Q1,2051500.0,42000.0,2009500.0,0.979527175237631,0.0,19500.0,27000.0,0.0,506000.0,1863500.0,57500.0,148500.0,336500.0,0.1640263222032659,188000.0,0.09164026322203266,0.0,132250.0,0.06446502559103096,-14750.0,147000.0,0.07165488666829149,0.0225,0.0225,6209933.0,6209933.0,https://www.bundesanzeiger.de/pub/de/suche;wwwsid=627BFD7A56A5CB624C47FDDEAB2FC509.web07-pub?0,https://www.bundesanzeiger.de/pub/de/suche;wwwsid=627BFD7A56A5CB624C47FDDEAB2FC509.web07-pub?0,1620591304,16:15:04,20210509
15,2016-01-31,DTD2.DE,EUR,2016-01-31,2016-01-31,Q1,2051500.0,42000.0,2009500.0,0.979527175237631,0.0,19500.0,27000.0,0.0,506000.0,1863500.0,57500.0,148500.0,336500.0,0.1640263222032659,188000.0,0.09164026322203266,0.0,132250.0,0.06446502559103096,-14750.0,147000.0,0.07165488666829149,0.0225,0.0225,6209933.0,6209933.0,https://www.bundesanzeiger.de/pub/de/suche;wwwsid=627BFD7A56A5CB624C47FDDEAB2FC509.web07-pub?0,https://www.bundesanzeiger.de/pub/de/suche;wwwsid=627BFD7A56A5CB624C47FDDEAB2FC509.web07-pub?0,1620591304,16:15:04,20210509
16,2015-09-30,DTD2.DE,EUR,2015-09-30,2015-09-30,Q3,1953250.0,15000.0,1938250.0,0.9923204914885447,0.0,0.0,0.0,0.0,453000.0,1677500.0,101250.0,138000.0,413750.0,0.21182644310764112,275750.0,0.14117496480225267,0.0,231250.0,0.11839242288493536,19750.0,211500.0,0.10828107001151926,0.035,0.035,6209933.0,6209933.0,https://www.bundesanzeiger.de/pub/de/suche;wwwsid=627BFD7A56A5CB624C47FDDEAB2FC509.web07-pub?0,https://www.bundesanzeiger.de/pub/de/suche;wwwsid=627BFD7A56A5CB624C47FDDEAB2FC509.web07-pub?0,1620591304,16:15:04,20210509
17,2015-06-30,DTD2.DE,EUR,2015-06-30,2015-06-30,Q2,1953250.0,15000.0,1938250.0,0.9923204914885447,0.0,0.0,0.0,0.0,453000.0,1677500.0,101250.0,138000.0,413750.0,0.21182644310764112,275750.0,0.14117496480225267,0.0,231250.0,0.11839242288493536,19750.0,211500.0,0.10828107001151926,0.035,0.035,6209933.0,6209933.0,https://www.bundesanzeiger.de/pub/de/suche;wwwsid=627BFD7A56A5CB624C47FDDEAB2FC509.web07-pub?0,https://www.bundesanzeiger.de/pub/de/suche;wwwsid=627BFD7A56A5CB624C47FDDEAB2FC509.web07-pub?0,1620591304,16:15:04,20210509
18,2015-03-31,DTD2.DE,EUR,2015-03-31,2015-03-31,Q1,1953250.0,15000.0,1938250.0,0.9923204914885447,0.0,0.0,0.0,0.0,453000.0,1677500.0,101250.0,138000.0,413750.0,0.21182644310764112,275750.0,0.14117496480225267,0.0,231250.0,0.11839242288493536,19750.0,211500.0,0.10828107001151926,0.035,0.035,6209933.0,6209933.0,https://www.bundesanzeiger.de/pub/de/suche;wwwsid=627BFD7A56A5CB624C47FDDEAB2FC509.web07-pub?0,https://www.bundesanzeiger.de/pub/de/suche;wwwsid=627BFD7A56A5CB624C47FDDEAB2FC509.web07-pub?0,1620591304,16:15:04,20210509
19,2015-01-31,DTD2.DE,EUR,2015-01-31,2015-01-31,Q1,1953250.0,15000.0,1938250.0,0.9923204914885447,0.0,0.0,0.0,0.0,453000.0,1677500.0,101250.0,138000.0,413750.0,0.21182644310764112,275750.0,0.14117496480225267,0.0,231250.0,0.11839242288493536,19750.0,211500.0,0.10828107001151926,0.035,0.035,6209933.0,6209933.0,https://www.bundesanzeiger.de/pub/de/suche;wwwsid=627BFD7A56A5CB624C47FDDEAB2FC509.web07-pub?0,https://www.bundesanzeiger.de/pub/de/suche;wwwsid=627BFD7A56A5CB624C47FDDEAB2FC509.web07-pub?0,1620591304,16:15:04,20210509
20,2014-09-30,DTD2.DE,EUR,2014-09-30,2014-09-30,Q3,1796500.0,23250.0,1773250.0,0.9870581686612858,0.0,0.0,0.0,0.0,434250.0,1688750.0,100250.0,148500.0,256250.0,0.14263846367937658,107750.0,0.05997773448371834,0.0,51250.0,0.028527692735875312,-37250.0,88500.0,0.04926245477317005,0.015,0.015,6209933.0,6209933.0,https://www.bundesanzeiger.de/pub/de/suche;wwwsid=627BFD7A56A5CB624C47FDDEAB2FC509.web07-pub?0,https://www.bundesanzeiger.de/pub/de/suche;wwwsid=627BFD7A56A5CB624C47FDDEAB2FC509.web07-pub?0,1620591304,16:15:04,20210509
21,2014-06-30,DTD2.DE,EUR,2014-06-30,2014-06-30,Q2,1796500.0,23250.0,1773250.0,0.9870581686612858,0.0,0.0,0.0,0.0,434250.0,1688750.0,100250.0,148500.0,256250.0,0.14263846367937658,107750.0,0.05997773448371834,0.0,51250.0,0.028527692735875312,-37250.0,88500.0,0.04926245477317005,0.015,0.015,6209933.0,6209933.0,https://www.bundesanzeiger.de/pub/de/suche;wwwsid=627BFD7A56A5CB624C47FDDEAB2FC509.web07-pub?0,https://www.bundesanzeiger.de/pub/de/suche;wwwsid=627BFD7A56A5CB624C47FDDEAB2FC509.web07-pub?0,1620591304,16:15:04,20210509
22,2014-03-31,DTD2.DE,EUR,2014-03-31,2014-03-31,Q1,1796500.0,23250.0,1773250.0,0.9870581686612858,0.0,0.0,0.0,0.0,434250.0,1688750.0,100250.0,148500.0,256250.0,0.14263846367937658,107750.0,0.05997773448371834,0.0,51250.0,0.028527692735875312,-37250.0,88500.0,0.04926245477317005,0.015,0.015,6209933.0,6209933.0,https://www.bundesanzeiger.de/pub/de/suche;wwwsid=627BFD7A56A5CB624C47FDDEAB2FC509.web07-pub?0,https://www.bundesanzeiger.de/pub/de/suche;wwwsid=627BFD7A56A5CB624C47FDDEAB2FC509.web07-pub?0,1620591304,16:15:04,20210509
23,2014-01-31,DTD2.DE,EUR,2014-01-31,2014-01-31,Q1,1796500.0,23250.0,1773250.0,0.9870581686612858,0.0,0.0,0.0,0.0,434250.0,1688750.0,100250.0,148500.0,256250.0,0.14263846367937658,107750.0,0.05997773448371834,0.0,51250.0,0.028527692735875312,-37250.0,88500.0,0.04926245477317005,0.015,0.015,6209933.0,6209933.0,https://www.bundesanzeiger.de/pub/de/suche;wwwsid=627BFD7A56A5CB624C47FDDEAB2FC509.web07-pub?0,https://www.bundesanzeiger.de/pub/de/suche;wwwsid=627BFD7A56A5CB624C47FDDEAB2FC509.web07-pub?0,1620591304,16:15:04,20210509
24,2013-09-30,DTD2.DE,EUR,2013-09-30,2013-09-30,Q3,1997500.0,14250.0,1983250.0,0.992866082603254,0.0,0.0,0.0,0.0,509750.0,1772750.0,0.0,135750.0,360500.0,0.1804755944931164,224750.0,0.11251564455569461,0.0,97250.0,0.048685857321652065,-26250.0,123500.0,0.061827284105131414,0.02,0.02,6129933.0,6129933.0,https://www.bundesanzeiger.de/pub/de/suche;wwwsid=627BFD7A56A5CB624C47FDDEAB2FC509.web07-pub?0,https://www.bundesanzeiger.de/pub/de/suche;wwwsid=627BFD7A56A5CB624C47FDDEAB2FC509.web07-pub?0,1620591304,16:15:04,20210509
25,2013-06-30,DTD2.DE,EUR,2013-06-30,2013-06-30,Q2,1997500.0,14250.0,1983250.0,0.992866082603254,0.0,0.0,0.0,0.0,509750.0,1772750.0,0.0,135750.0,360500.0,0.1804755944931164,224750.0,0.11251564455569461,0.0,97250.0,0.048685857321652065,-26250.0,123500.0,0.061827284105131414,0.02,0.02,6129933.0,6129933.0,https://www.bundesanzeiger.de/pub/de/suche;wwwsid=627BFD7A56A5CB624C47FDDEAB2FC509.web07-pub?0,https://www.bundesanzeiger.de/pub/de/suche;wwwsid=627BFD7A56A5CB624C47FDDEAB2FC509.web07-pub?0,1620591304,16:15:04,20210509
26,2013-03-31,DTD2.DE,EUR,2013-03-31,2013-03-31,Q1,1997500.0,14250.0,1983250.0,0.992866082603254,0.0,0.0,0.0,0.0,509750.0,1772750.0,0.0,135750.0,360500.0,0.1804755944931164,224750.0,0.11251564455569461,0.0,97250.0,0.048685857321652065,-26250.0,123500.0,0.061827284105131414,0.02,0.02,6129933.0,6129933.0,https://www.bundesanzeiger.de/pub/de/suche;wwwsid=627BFD7A56A5CB624C47FDDEAB2FC509.web07-pub?0,https://www.bundesanzeiger.de/pub/de/suche;wwwsid=627BFD7A56A5CB624C47FDDEAB2FC509.web07-pub?0,1620591304,16:15:04,20210509
27,2013-01-31,DTD2.DE,EUR,2013-01-31,2013-01-31,Q1,1997500.0,14250.0,1983250.0,0.992866082603254,0.0,0.0,0.0,0.0,509750.0,1772750.0,0.0,135750.0,360500.0,0.1804755944931164,224750.0,0.11251564455569461,0.0,97250.0,0.048685857321652065,-26250.0,123500.0,0.061827284105131414,0.02,0.02,6129933.0,6129933.0,https://www.bundesanzeiger.de/pub/de/suche;wwwsid=627BFD7A56A5CB624C47FDDEAB2FC509.web07-pub?0,https://www.bundesanzeiger.de/pub/de/suche;wwwsid=627BFD7A56A5CB624C47FDDEAB2FC509.web07-pub?0,1620591304,16:15:04,20210509
28,2012-09-30,DTD2.DE,EUR,2012-09-30,2012-09-30,Q3,1998500.0,0.0,1998500.0,1.0,0.0,0.0,0.0,0.0,557250.0,1795750.0,0.0,137750.0,340500.0,0.1703777833375031,202750.0,0.10145108831623718,0.0,33500.0,0.01676257192894671,8000.0,25500.0,0.012759569677257944,0.005,0.005,6209933.0,6209933.0,https://www.bundesanzeiger.de/pub/de/suche;wwwsid=627BFD7A56A5CB624C47FDDEAB2FC509.web07-pub?0,https://www.bundesanzeiger.de/pub/de/suche;wwwsid=627BFD7A56A5CB624C47FDDEAB2FC509.web07-pub?0,1620591304,16:15:04,20210509
29,2012-06-30,DTD2.DE,EUR,2012-06-30,2012-06-30,Q2,1998500.0,0.0,1998500.0,1.0,0.0,0.0,0.0,0.0,557250.0,1795750.0,0.0,137750.0,340500.0,0.1703777833375031,202750.0,0.10145108831623718,0.0,33500.0,0.01676257192894671,8000.0,25500.0,0.012759569677257944,0.005,0.005,6209933.0,6209933.0,https://www.bundesanzeiger.de/pub/de/suche;wwwsid=627BFD7A56A5CB624C47FDDEAB2FC509.web07-pub?0,https://www.bundesanzeiger.de/pub/de/suche;wwwsid=627BFD7A56A5CB624C47FDDEAB2FC509.web07-pub?0,1620591304,16:15:04,20210509
30,2012-03-31,DTD2.DE,EUR,2012-03-31,2012-03-31,Q1,1998500.0,0.0,1998500.0,1.0,0.0,0.0,0.0,0.0,557250.0,1795750.0,0.0,137750.0,340500.0,0.1703777833375031,202750.0,0.10145108831623718,0.0,33500.0,0.01676257192894671,8000.0,25500.0,0.012759569677257944,0.005,0.005,6209933.0,6209933.0,https://www.bundesanzeiger.de/pub/de/suche;wwwsid=627BFD7A56A5CB624C47FDDEAB2FC509.web07-pub?0,https://www.bundesanzeiger.de/pub/de/suche;wwwsid=627BFD7A56A5CB624C47FDDEAB2FC509.web07-pub?0,1620591304,16:15:04,20210509
31,2012-01-31,DTD2.DE,EUR,2012-01-31,2012-01-31,Q1,1998500.0,0.0,1998500.0,1.0,0.0,0.0,0.0,0.0,557250.0,1795750.0,0.0,137750.0,340500.0,0.1703777833375031,202750.0,0.10145108831623718,0.0,33500.0,0.01676257192894671,8000.0,25500.0,0.012759569677257944,0.005,0.005,6209933.0,6209933.0,https://www.bundesanzeiger.de/pub/de/suche;wwwsid=627BFD7A56A5CB624C47FDDEAB2FC509.web07-pub?0,https://www.bundesanzeiger.de/pub/de/suche;wwwsid=627BFD7A56A5CB624C47FDDEAB2FC509.web07-pub?0,1620591304,16:15:04,20210509
32,2011-09-30,DTD2.DE,EUR,2011-09-30,2011-09-30,Q3,1894250.0,51500.0,1842750.0,0.9728124587567639,0.0,0.0,0.0,0.0,572500.0,3386750.0,163000.0,1600500.0,108000.0,0.057014649597466015,-1492500.0,-0.7879107826316484,0.0,-1654250.0,-0.8733007786722977,-49250.0,-1605000.0,-0.8473010426290088,-0.2575,-0.2575,6209933.0,6209933.0,https://www.bundesanzeiger.de/pub/de/suche;wwwsid=627BFD7A56A5CB624C47FDDEAB2FC509.web07-pub?0,https://www.bundesanzeiger.de/pub/de/suche;wwwsid=627BFD7A56A5CB624C47FDDEAB2FC509.web07-pub?0,1620591304,16:15:04,20210509
33,2011-06-30,DTD2.DE,EUR,2011-06-30,2011-06-30,Q2,1894250.0,51500.0,1842750.0,0.9728124587567639,0.0,0.0,0.0,0.0,572500.0,3386750.0,163000.0,1600500.0,108000.0,0.057014649597466015,-1492500.0,-0.7879107826316484,0.0,-1654250.0,-0.8733007786722977,-49250.0,-1605000.0,-0.8473010426290088,-0.2575,-0.2575,6209933.0,6209933.0,https://www.bundesanzeiger.de/pub/de/suche;wwwsid=627BFD7A56A5CB624C47FDDEAB2FC509.web07-pub?0,https://www.bundesanzeiger.de/pub/de/suche;wwwsid=627BFD7A56A5CB624C47FDDEAB2FC509.web07-pub?0,1620591304,16:15:04,20210509
34,2011-03-31,DTD2.DE,EUR,2011-03-31,2011-03-31,Q1,1894250.0,51500.0,1842750.0,0.9728124587567639,0.0,0.0,0.0,0.0,572500.0,3386750.0,163000.0,1600500.0,108000.0,0.057014649597466015,-1492500.0,-0.7879107826316484,0.0,-1654250.0,-0.8733007786722977,-49250.0,-1605000.0,-0.8473010426290088,-0.2575,-0.2575,6209933.0,6209933.0,https://www.bundesanzeiger.de/pub/de/suche;wwwsid=627BFD7A56A5CB624C47FDDEAB2FC509.web07-pub?0,https://www.bundesanzeiger.de/pub/de/suche;wwwsid=627BFD7A56A5CB624C47FDDEAB2FC509.web07-pub?0,1620591304,16:15:04,20210509
35,2011-01-31,DTD2.DE,EUR,2011-01-31,2011-01-31,Q1,1894250.0,51500.0,1842750.0,0.9728124587567639,0.0,0.0,0.0,0.0,572500.0,3386750.0,163000.0,1600500.0,108000.0,0.057014649597466015,-1492500.0,-0.7879107826316484,0.0,-1654250.0,-0.8733007786722977,-49250.0,-1605000.0,-0.8473010426290088,-0.2575,-0.2575,6209933.0,6209933.0,https://www.bundesanzeiger.de/pub/de/suche;wwwsid=627BFD7A56A5CB624C47FDDEAB2FC509.web07-pub?0,https://www.bundesanzeiger.de/pub/de/suche;wwwsid=627BFD7A56A5CB624C47FDDEAB2FC509.web07-pub?0,1620591304,16:15:04,20210509
36,2010-09-30,DTD2.DE,EUR,2010-09-30,2010-09-30,Q3,2267000.0,31500.0,2235500.0,0.986104984561094,0.0,0.0,0.0,0.0,581500.0,1895750.0,167750.0,207250.0,578500.0,0.25518306131451257,371250.0,0.16376268195853552,0.0,204750.0,0.09031760035288929,73250.0,131500.0,0.05800617556241729,0.0225,0.0225,6209933.0,6209933.0,https://www.bundesanzeiger.de/pub/de/suche;wwwsid=627BFD7A56A5CB624C47FDDEAB2FC509.web07-pub?0,https://www.bundesanzeiger.de/pub/de/suche;wwwsid=627BFD7A56A5CB624C47FDDEAB2FC509.web07-pub?0,1620591304,16:15:04,20210509
37,2010-06-30,DTD2.DE,EUR,2010-06-30,2010-06-30,Q2,2267000.0,31500.0,2235500.0,0.986104984561094,0.0,0.0,0.0,0.0,581500.0,1895750.0,167750.0,207250.0,578500.0,0.25518306131451257,371250.0,0.16376268195853552,0.0,204750.0,0.09031760035288929,73250.0,131500.0,0.05800617556241729,0.0225,0.0225,6209933.0,6209933.0,https://www.bundesanzeiger.de/pub/de/suche;wwwsid=627BFD7A56A5CB624C47FDDEAB2FC509.web07-pub?0,https://www.bundesanzeiger.de/pub/de/suche;wwwsid=627BFD7A56A5CB624C47FDDEAB2FC509.web07-pub?0,1620591304,16:15:04,20210509
38,2010-03-31,DTD2.DE,EUR,2010-03-31,2010-03-31,Q1,2267000.0,31500.0,2235500.0,0.986104984561094,0.0,0.0,0.0,0.0,581500.0,1895750.0,167750.0,207250.0,578500.0,0.25518306131451257,371250.0,0.16376268195853552,0.0,204750.0,0.09031760035288929,73250.0,131500.0,0.05800617556241729,0.0225,0.0225,6209933.0,6209933.0,https://www.bundesanzeiger.de/pub/de/suche;wwwsid=627BFD7A56A5CB624C47FDDEAB2FC509.web07-pub?0,https://www.bundesanzeiger.de/pub/de/suche;wwwsid=627BFD7A56A5CB624C47FDDEAB2FC509.web07-pub?0,1620591304,16:15:04,20210509
39,2010-01-31,DTD2.DE,EUR,2010-01-31,2010-01-31,Q1,2267000.0,31500.0,2235500.0,0.986104984561094,0.0,0.0,0.0,0.0,581500.0,1895750.0,167750.0,207250.0,578500.0,0.25518306131451257,371250.0,0.16376268195853552,0.0,204750.0,0.09031760035288929,73250.0,131500.0,0.05800617556241729,0.0225,0.0225,6209933.0,6209933.0,https://www.bundesanzeiger.de/pub/de/suche;wwwsid=627BFD7A56A5CB624C47FDDEAB2FC509.web07-pub?0,https://www.bundesanzeiger.de/pub/de/suche;wwwsid=627BFD7A56A5CB624C47FDDEAB2FC509.web07-pub?0,1620591304,16:15:04,20210509
40,2009-09-30,DTD2.DE,EUR,2009-09-30,2009-09-30,Q3,960750.0,6500.0,954250.0,0.9932344522508457,0.0,0.0,0.0,0.0,233500.0,853750.0,89000.0,117250.0,224250.0,0.23341139734582358,107000.0,0.11137132448607859,0.0,18750.0,0.0195160031225605,-15250.0,34000.0,0.03538901899557637,0.005,0.005,6209933.0,6209933.0,https://www.bundesanzeiger.de/pub/de/suche;wwwsid=627BFD7A56A5CB624C47FDDEAB2FC509.web07-pub?0,https://www.bundesanzeiger.de/pub/de/suche;wwwsid=627BFD7A56A5CB624C47FDDEAB2FC509.web07-pub?0,1620591304,16:15:04,20210509
41,2009-06-30,DTD2.DE,EUR,2009-06-30,2009-06-30,Q2,960750.0,6500.0,954250.0,0.9932344522508457,0.0,0.0,0.0,0.0,233500.0,853750.0,89000.0,117250.0,224250.0,0.23341139734582358,107000.0,0.11137132448607859,0.0,18750.0,0.0195160031225605,-15250.0,34000.0,0.03538901899557637,0.005,0.005,6209933.0,6209933.0,https://www.bundesanzeiger.de/pub/de/suche;wwwsid=627BFD7A56A5CB624C47FDDEAB2FC509.web07-pub?0,https://www.bundesanzeiger.de/pub/de/suche;wwwsid=627BFD7A56A5CB624C47FDDEAB2FC509.web07-pub?0,1620591304,16:15:04,20210509
42,2009-03-31,DTD2.DE,EUR,2009-03-31,2009-03-31,Q1,960750.0,6500.0,954250.0,0.9932344522508457,0.0,0.0,0.0,0.0,233500.0,853750.0,89000.0,117250.0,224250.0,0.23341139734582358,107000.0,0.11137132448607859,0.0,18750.0,0.0195160031225605,-15250.0,34000.0,0.03538901899557637,0.005,0.005,6209933.0,6209933.0,https://www.bundesanzeiger.de/pub/de/suche;wwwsid=627BFD7A56A5CB624C47FDDEAB2FC509.web07-pub?0,https://www.bundesanzeiger.de/pub/de/suche;wwwsid=627BFD7A56A5CB624C47FDDEAB2FC509.web07-pub?0,1620591304,16:15:04,20210509
43,2009-01-31,DTD2.DE,EUR,2009-01-31,2009-01-31,Q1,960750.0,6500.0,954250.0,0.9932344522508457,0.0,0.0,0.0,0.0,233500.0,853750.0,89000.0,117250.0,224250.0,0.23341139734582358,107000.0,0.11137132448607859,0.0,18750.0,0.0195160031225605,-15250.0,34000.0,0.03538901899557637,0.005,0.005,6209933.0,6209933.0,https://www.bundesanzeiger.de/pub/de/suche;wwwsid=627BFD7A56A5CB624C47FDDEAB2FC509.web07-pub?0,https://www.bundesanzeiger.de/pub/de/suche;wwwsid=627BFD7A56A5CB624C47FDDEAB2FC509.web07-pub?0,1620591304,16:15:04,20210509
