,date,symbol,reportedCurrency,fillingDate,acceptedDate,period,revenue,costOfRevenue,grossProfit,grossProfitRatio,researchAndDevelopmentExpenses,generalAndAdministrativeExpenses,sellingAndMarketingExpenses,otherExpenses,operatingExpenses,costAndExpenses,interestExpense,depreciationAndAmortization,ebitda,ebitdaratio,operatingIncome,operatingIncomeRatio,totalOtherIncomeExpensesNet,incomeBeforeTax,incomeBeforeTaxRatio,incomeTaxExpense,netIncome,netIncomeRatio,eps,epsdiluted,weightedAverageShsOut,weightedAverageShsOutDil,link,finalLink,timestamp,est_time,est_date
0,2019-06-30,ADP.PA,EUR,2019-06-30,2019-06-30,Q2,1175000000,658000000,517000000,0.44,17250000.0,167250000.0,8500000.0,0.0,99500000,923250000,62250000,2250000.0,254000000,0.21617021276595744,251750000,0.21425531914893617,0.0,218750000,0.18617021276595744,73250000,147000000,0.1251063829787234,1.4875,1.4875,98954765,98954765,https://www.infogreffe.com/recherche-entreprise-dirigeants/resultats-entreprise-dirigeants.html?ga_cat=globale&ga_q=A.D.P#phrase=A.D.P,https://www.infogreffe.com/recherche-entreprise-dirigeants/resultats-entreprise-dirigeants.html?ga_cat=globale&ga_q=A.D.P#phrase=A.D.P,1620586190,14:49:50,20210509
1,2019-03-31,ADP.PA,EUR,2019-03-31,2019-03-31,Q1,1175000000,658000000,517000000,0.44,17250000.0,167250000.0,8500000.0,0.0,99500000,923250000,62250000,2250000.0,254000000,0.21617021276595744,251750000,0.21425531914893617,0.0,218750000,0.18617021276595744,73250000,147000000,0.1251063829787234,1.4875,1.4875,98954765,98954765,https://www.infogreffe.com/recherche-entreprise-dirigeants/resultats-entreprise-dirigeants.html?ga_cat=globale&ga_q=A.D.P#phrase=A.D.P,https://www.infogreffe.com/recherche-entreprise-dirigeants/resultats-entreprise-dirigeants.html?ga_cat=globale&ga_q=A.D.P#phrase=A.D.P,1620586190,14:49:50,20210509
2,2019-01-31,ADP.PA,EUR,2019-01-31,2019-01-31,Q1,1175000000,658000000,517000000,0.44,17250000.0,167250000.0,8500000.0,0.0,99500000,923250000,62250000,2250000.0,254000000,0.21617021276595744,251750000,0.21425531914893617,0.0,218750000,0.18617021276595744,73250000,147000000,0.1251063829787234,1.4875,1.4875,98954765,98954765,https://www.infogreffe.com/recherche-entreprise-dirigeants/resultats-entreprise-dirigeants.html?ga_cat=globale&ga_q=A.D.P#phrase=A.D.P,https://www.infogreffe.com/recherche-entreprise-dirigeants/resultats-entreprise-dirigeants.html?ga_cat=globale&ga_q=A.D.P#phrase=A.D.P,1620586190,14:49:50,20210509
3,2018-06-30,ADP.PA,EUR,2018-06-30,2018-06-30,Q2,1119500000,593750000,525750000,0.46962929879410453,17000000.0,154750000.0,7000000.0,0.0,90500000,844750000,57250000,185500000.0,460250000,0.4111210361768647,274750000,0.24542206342117018,0.0,257500000,0.2300133988387673,83750000,152500000,0.13622152746761948,1.54,1.54,98958460,98958460,https://www.infogreffe.com/recherche-entreprise-dirigeants/resultats-entreprise-dirigeants.html?ga_cat=globale&ga_q=A.D.P#phrase=A.D.P,https://www.infogreffe.com/recherche-entreprise-dirigeants/resultats-entreprise-dirigeants.html?ga_cat=globale&ga_q=A.D.P#phrase=A.D.P,1620586190,14:49:50,20210509
4,2018-03-31,ADP.PA,EUR,2018-03-31,2018-03-31,Q1,1119500000,593750000,525750000,0.46962929879410453,17000000.0,154750000.0,7000000.0,0.0,90500000,844750000,57250000,185500000.0,460250000,0.4111210361768647,274750000,0.24542206342117018,0.0,257500000,0.2300133988387673,83750000,152500000,0.13622152746761948,1.54,1.54,98958460,98958460,https://www.infogreffe.com/recherche-entreprise-dirigeants/resultats-entreprise-dirigeants.html?ga_cat=globale&ga_q=A.D.P#phrase=A.D.P,https://www.infogreffe.com/recherche-entreprise-dirigeants/resultats-entreprise-dirigeants.html?ga_cat=globale&ga_q=A.D.P#phrase=A.D.P,1620586190,14:49:50,20210509
5,2018-01-31,ADP.PA,EUR,2018-01-31,2018-01-31,Q1,1119500000,593750000,525750000,0.46962929879410453,17000000.0,154750000.0,7000000.0,0.0,90500000,844750000,57250000,185500000.0,460250000,0.4111210361768647,274750000,0.24542206342117018,0.0,257500000,0.2300133988387673,83750000,152500000,0.13622152746761948,1.54,1.54,98958460,98958460,https://www.infogreffe.com/recherche-entreprise-dirigeants/resultats-entreprise-dirigeants.html?ga_cat=globale&ga_q=A.D.P#phrase=A.D.P,https://www.infogreffe.com/recherche-entreprise-dirigeants/resultats-entreprise-dirigeants.html?ga_cat=globale&ga_q=A.D.P#phrase=A.D.P,1620586190,14:49:50,20210509
6,2017-06-30,ADP.PA,EUR,2017-06-30,2017-06-30,Q2,904250000,455250000,449000000,0.4965440973182195,12500000.0,129500000.0,7250000.0,0.0,69250000,677000000,38500000,154000000.0,381250000,0.4216201271772187,227250000,0.2513132430190766,0.0,218500000,0.24163671551009125,65000000,142750000,0.15786563450373237,1.4425,1.4425,98955790,98955790,https://www.infogreffe.com/recherche-entreprise-dirigeants/resultats-entreprise-dirigeants.html?ga_cat=globale&ga_q=A.D.P#phrase=A.D.P,https://www.infogreffe.com/recherche-entreprise-dirigeants/resultats-entreprise-dirigeants.html?ga_cat=globale&ga_q=A.D.P#phrase=A.D.P,1620586190,14:49:50,20210509
7,2017-03-31,ADP.PA,EUR,2017-03-31,2017-03-31,Q1,904250000,455250000,449000000,0.4965440973182195,12500000.0,129500000.0,7250000.0,0.0,69250000,677000000,38500000,154000000.0,381250000,0.4216201271772187,227250000,0.2513132430190766,0.0,218500000,0.24163671551009125,65000000,142750000,0.15786563450373237,1.4425,1.4425,98955790,98955790,https://www.infogreffe.com/recherche-entreprise-dirigeants/resultats-entreprise-dirigeants.html?ga_cat=globale&ga_q=A.D.P#phrase=A.D.P,https://www.infogreffe.com/recherche-entreprise-dirigeants/resultats-entreprise-dirigeants.html?ga_cat=globale&ga_q=A.D.P#phrase=A.D.P,1620586190,14:49:50,20210509
8,2017-01-31,ADP.PA,EUR,2017-01-31,2017-01-31,Q1,904250000,455250000,449000000,0.4965440973182195,12500000.0,129500000.0,7250000.0,0.0,69250000,677000000,38500000,154000000.0,381250000,0.4216201271772187,227250000,0.2513132430190766,0.0,218500000,0.24163671551009125,65000000,142750000,0.15786563450373237,1.4425,1.4425,98955790,98955790,https://www.infogreffe.com/recherche-entreprise-dirigeants/resultats-entreprise-dirigeants.html?ga_cat=globale&ga_q=A.D.P#phrase=A.D.P,https://www.infogreffe.com/recherche-entreprise-dirigeants/resultats-entreprise-dirigeants.html?ga_cat=globale&ga_q=A.D.P#phrase=A.D.P,1620586190,14:49:50,20210509
9,2016-06-30,ADP.PA,EUR,2016-06-30,2016-06-30,Q2,736750000,351500000,385250000,0.5229046487953851,12250000.0,116750000.0,7750000.0,0.0,64250000,556250000,28750000,119750000.0,300250000,0.4075330844927044,180500000,0.24499491007804547,0.0,160000000,0.2171700033932813,50500000,108750000,0.1476077366813709,1.1,1.1,98932700,98932700,https://www.infogreffe.com/recherche-entreprise-dirigeants/resultats-entreprise-dirigeants.html?ga_cat=globale&ga_q=A.D.P#phrase=A.D.P,https://www.infogreffe.com/recherche-entreprise-dirigeants/resultats-entreprise-dirigeants.html?ga_cat=globale&ga_q=A.D.P#phrase=A.D.P,1620586190,14:49:50,20210509
10,2016-03-31,ADP.PA,EUR,2016-03-31,2016-03-31,Q1,736750000,351500000,385250000,0.5229046487953851,12250000.0,116750000.0,7750000.0,0.0,64250000,556250000,28750000,119750000.0,300250000,0.4075330844927044,180500000,0.24499491007804547,0.0,160000000,0.2171700033932813,50500000,108750000,0.1476077366813709,1.1,1.1,98932700,98932700,https://www.infogreffe.com/recherche-entreprise-dirigeants/resultats-entreprise-dirigeants.html?ga_cat=globale&ga_q=A.D.P#phrase=A.D.P,https://www.infogreffe.com/recherche-entreprise-dirigeants/resultats-entreprise-dirigeants.html?ga_cat=globale&ga_q=A.D.P#phrase=A.D.P,1620586190,14:49:50,20210509
11,2016-01-31,ADP.PA,EUR,2016-01-31,2016-01-31,Q1,736750000,351500000,385250000,0.5229046487953851,12250000.0,116750000.0,7750000.0,0.0,64250000,556250000,28750000,119750000.0,300250000,0.4075330844927044,180500000,0.24499491007804547,0.0,160000000,0.2171700033932813,50500000,108750000,0.1476077366813709,1.1,1.1,98932700,98932700,https://www.infogreffe.com/recherche-entreprise-dirigeants/resultats-entreprise-dirigeants.html?ga_cat=globale&ga_q=A.D.P#phrase=A.D.P,https://www.infogreffe.com/recherche-entreprise-dirigeants/resultats-entreprise-dirigeants.html?ga_cat=globale&ga_q=A.D.P#phrase=A.D.P,1620586190,14:49:50,20210509
12,2015-09-30,ADP.PA,EUR,2015-09-30,2015-09-30,Q3,729000000,345250000,383750000,0.5264060356652949,10250000.0,117000000.0,4500000.0,0.0,63000000,547500000,29250000,114250000.0,295750000,0.4056927297668038,181500000,0.24897119341563786,0.0,171750000,0.23559670781893005,64000000,107500000,0.14746227709190673,1.0875,1.0875,98959402,98959402,https://www.infogreffe.com/recherche-entreprise-dirigeants/resultats-entreprise-dirigeants.html?ga_cat=globale&ga_q=A.D.P#phrase=A.D.P,https://www.infogreffe.com/recherche-entreprise-dirigeants/resultats-entreprise-dirigeants.html?ga_cat=globale&ga_q=A.D.P#phrase=A.D.P,1620586190,14:49:50,20210509
13,2015-06-30,ADP.PA,EUR,2015-06-30,2015-06-30,Q2,729000000,345250000,383750000,0.5264060356652949,10250000.0,117000000.0,4500000.0,0.0,63000000,547500000,29250000,114250000.0,295750000,0.4056927297668038,181500000,0.24897119341563786,0.0,171750000,0.23559670781893005,64000000,107500000,0.14746227709190673,1.0875,1.0875,98959402,98959402,https://www.infogreffe.com/recherche-entreprise-dirigeants/resultats-entreprise-dirigeants.html?ga_cat=globale&ga_q=A.D.P#phrase=A.D.P,https://www.infogreffe.com/recherche-entreprise-dirigeants/resultats-entreprise-dirigeants.html?ga_cat=globale&ga_q=A.D.P#phrase=A.D.P,1620586190,14:49:50,20210509
14,2015-03-31,ADP.PA,EUR,2015-03-31,2015-03-31,Q1,729000000,345250000,383750000,0.5264060356652949,10250000.0,117000000.0,4500000.0,0.0,63000000,547500000,29250000,114250000.0,295750000,0.4056927297668038,181500000,0.24897119341563786,0.0,171750000,0.23559670781893005,64000000,107500000,0.14746227709190673,1.0875,1.0875,98959402,98959402,https://www.infogreffe.com/recherche-entreprise-dirigeants/resultats-entreprise-dirigeants.html?ga_cat=globale&ga_q=A.D.P#phrase=A.D.P,https://www.infogreffe.com/recherche-entreprise-dirigeants/resultats-entreprise-dirigeants.html?ga_cat=globale&ga_q=A.D.P#phrase=A.D.P,1620586190,14:49:50,20210509
15,2015-01-31,ADP.PA,EUR,2015-01-31,2015-01-31,Q1,729000000,345250000,383750000,0.5264060356652949,10250000.0,117000000.0,4500000.0,0.0,63000000,547500000,29250000,114250000.0,295750000,0.4056927297668038,181500000,0.24897119341563786,0.0,171750000,0.23559670781893005,64000000,107500000,0.14746227709190673,1.0875,1.0875,98959402,98959402,https://www.infogreffe.com/recherche-entreprise-dirigeants/resultats-entreprise-dirigeants.html?ga_cat=globale&ga_q=A.D.P#phrase=A.D.P,https://www.infogreffe.com/recherche-entreprise-dirigeants/resultats-entreprise-dirigeants.html?ga_cat=globale&ga_q=A.D.P#phrase=A.D.P,1620586190,14:49:50,20210509
16,2014-09-30,ADP.PA,EUR,2014-09-30,2014-09-30,Q3,697750000,327750000,370000000,0.5302758867789323,9500000.0,119250000.0,2750000.0,0.0,65250000,531750000,28500000,111250000.0,277250000,0.3973486205661053,166000000,0.23790756001433178,0.0,153250000,0.21963453959154425,52500000,100500000,0.14403439627373701,1.0175,1.0175,98957173,98957173,https://www.infogreffe.com/recherche-entreprise-dirigeants/resultats-entreprise-dirigeants.html?ga_cat=globale&ga_q=A.D.P#phrase=A.D.P,https://www.infogreffe.com/recherche-entreprise-dirigeants/resultats-entreprise-dirigeants.html?ga_cat=globale&ga_q=A.D.P#phrase=A.D.P,1620586190,14:49:50,20210509
17,2014-06-30,ADP.PA,EUR,2014-06-30,2014-06-30,Q2,697750000,327750000,370000000,0.5302758867789323,9500000.0,119250000.0,2750000.0,0.0,65250000,531750000,28500000,111250000.0,277250000,0.3973486205661053,166000000,0.23790756001433178,0.0,153250000,0.21963453959154425,52500000,100500000,0.14403439627373701,1.0175,1.0175,98957173,98957173,https://www.infogreffe.com/recherche-entreprise-dirigeants/resultats-entreprise-dirigeants.html?ga_cat=globale&ga_q=A.D.P#phrase=A.D.P,https://www.infogreffe.com/recherche-entreprise-dirigeants/resultats-entreprise-dirigeants.html?ga_cat=globale&ga_q=A.D.P#phrase=A.D.P,1620586190,14:49:50,20210509
18,2014-03-31,ADP.PA,EUR,2014-03-31,2014-03-31,Q1,697750000,327750000,370000000,0.5302758867789323,9500000.0,119250000.0,2750000.0,0.0,65250000,531750000,28500000,111250000.0,277250000,0.3973486205661053,166000000,0.23790756001433178,0.0,153250000,0.21963453959154425,52500000,100500000,0.14403439627373701,1.0175,1.0175,98957173,98957173,https://www.infogreffe.com/recherche-entreprise-dirigeants/resultats-entreprise-dirigeants.html?ga_cat=globale&ga_q=A.D.P#phrase=A.D.P,https://www.infogreffe.com/recherche-entreprise-dirigeants/resultats-entreprise-dirigeants.html?ga_cat=globale&ga_q=A.D.P#phrase=A.D.P,1620586190,14:49:50,20210509
19,2014-01-31,ADP.PA,EUR,2014-01-31,2014-01-31,Q1,697750000,327750000,370000000,0.5302758867789323,9500000.0,119250000.0,2750000.0,0.0,65250000,531750000,28500000,111250000.0,277250000,0.3973486205661053,166000000,0.23790756001433178,0.0,153250000,0.21963453959154425,52500000,100500000,0.14403439627373701,1.0175,1.0175,98957173,98957173,https://www.infogreffe.com/recherche-entreprise-dirigeants/resultats-entreprise-dirigeants.html?ga_cat=globale&ga_q=A.D.P#phrase=A.D.P,https://www.infogreffe.com/recherche-entreprise-dirigeants/resultats-entreprise-dirigeants.html?ga_cat=globale&ga_q=A.D.P#phrase=A.D.P,1620586190,14:49:50,20210509
20,2013-09-30,ADP.PA,EUR,2013-09-30,2013-09-30,Q3,688614250,275177250,413437000,0.6003898409014916,8648500.0,126695500.0,1723500.0,0.0,112644500,529180750,33506250,109407500.0,268841000,0.3904087085040718,159433500,0.23152802893637475,0.0,128507500,0.18661754385710141,52348000,76185000,0.11063523591038088,0.77,0.77,98958307,98958307,https://www.infogreffe.com/recherche-entreprise-dirigeants/resultats-entreprise-dirigeants.html?ga_cat=globale&ga_q=A.D.P#phrase=A.D.P,https://www.infogreffe.com/recherche-entreprise-dirigeants/resultats-entreprise-dirigeants.html?ga_cat=globale&ga_q=A.D.P#phrase=A.D.P,1620586190,14:49:50,20210509
21,2013-06-30,ADP.PA,EUR,2013-06-30,2013-06-30,Q2,688614250,275177250,413437000,0.6003898409014916,8648500.0,126695500.0,1723500.0,0.0,112644500,529180750,33506250,109407500.0,268841000,0.3904087085040718,159433500,0.23152802893637475,0.0,128507500,0.18661754385710141,52348000,76185000,0.11063523591038088,0.77,0.77,98958307,98958307,https://www.infogreffe.com/recherche-entreprise-dirigeants/resultats-entreprise-dirigeants.html?ga_cat=globale&ga_q=A.D.P#phrase=A.D.P,https://www.infogreffe.com/recherche-entreprise-dirigeants/resultats-entreprise-dirigeants.html?ga_cat=globale&ga_q=A.D.P#phrase=A.D.P,1620586190,14:49:50,20210509
22,2013-03-31,ADP.PA,EUR,2013-03-31,2013-03-31,Q1,688614250,275177250,413437000,0.6003898409014916,8648500.0,126695500.0,1723500.0,0.0,112644500,529180750,33506250,109407500.0,268841000,0.3904087085040718,159433500,0.23152802893637475,0.0,128507500,0.18661754385710141,52348000,76185000,0.11063523591038088,0.77,0.77,98958307,98958307,https://www.infogreffe.com/recherche-entreprise-dirigeants/resultats-entreprise-dirigeants.html?ga_cat=globale&ga_q=A.D.P#phrase=A.D.P,https://www.infogreffe.com/recherche-entreprise-dirigeants/resultats-entreprise-dirigeants.html?ga_cat=globale&ga_q=A.D.P#phrase=A.D.P,1620586190,14:49:50,20210509
23,2013-01-31,ADP.PA,EUR,2013-01-31,2013-01-31,Q1,688614250,275177250,413437000,0.6003898409014916,8648500.0,126695500.0,1723500.0,0.0,112644500,529180750,33506250,109407500.0,268841000,0.3904087085040718,159433500,0.23152802893637475,0.0,128507500,0.18661754385710141,52348000,76185000,0.11063523591038088,0.77,0.77,98958307,98958307,https://www.infogreffe.com/recherche-entreprise-dirigeants/resultats-entreprise-dirigeants.html?ga_cat=globale&ga_q=A.D.P#phrase=A.D.P,https://www.infogreffe.com/recherche-entreprise-dirigeants/resultats-entreprise-dirigeants.html?ga_cat=globale&ga_q=A.D.P#phrase=A.D.P,1620586190,14:49:50,20210509
24,2012-09-30,ADP.PA,EUR,2012-09-30,2012-09-30,Q3,660112500,263193250,396919250,0.6012903103637638,6803250.0,127387250.0,1833500.0,0.0,109916000,508353000,33596750,102450500.0,254210000,0.38510102444659056,151759500,0.22989944895756406,0.0,130941000,0.1983616429017781,44432750,85310750,0.12923668314113124,0.8625,0.8625,98956206,98956206,https://www.infogreffe.com/recherche-entreprise-dirigeants/resultats-entreprise-dirigeants.html?ga_cat=globale&ga_q=A.D.P#phrase=A.D.P,https://www.infogreffe.com/recherche-entreprise-dirigeants/resultats-entreprise-dirigeants.html?ga_cat=globale&ga_q=A.D.P#phrase=A.D.P,1620586190,14:49:50,20210509
25,2012-06-30,ADP.PA,EUR,2012-06-30,2012-06-30,Q2,660112500,263193250,396919250,0.6012903103637638,6803250.0,127387250.0,1833500.0,0.0,109916000,508353000,33596750,102450500.0,254210000,0.38510102444659056,151759500,0.22989944895756406,0.0,130941000,0.1983616429017781,44432750,85310750,0.12923668314113124,0.8625,0.8625,98956206,98956206,https://www.infogreffe.com/recherche-entreprise-dirigeants/resultats-entreprise-dirigeants.html?ga_cat=globale&ga_q=A.D.P#phrase=A.D.P,https://www.infogreffe.com/recherche-entreprise-dirigeants/resultats-entreprise-dirigeants.html?ga_cat=globale&ga_q=A.D.P#phrase=A.D.P,1620586190,14:49:50,20210509
26,2012-03-31,ADP.PA,EUR,2012-03-31,2012-03-31,Q1,660112500,263193250,396919250,0.6012903103637638,6803250.0,127387250.0,1833500.0,0.0,109916000,508353000,33596750,102450500.0,254210000,0.38510102444659056,151759500,0.22989944895756406,0.0,130941000,0.1983616429017781,44432750,85310750,0.12923668314113124,0.8625,0.8625,98956206,98956206,https://www.infogreffe.com/recherche-entreprise-dirigeants/resultats-entreprise-dirigeants.html?ga_cat=globale&ga_q=A.D.P#phrase=A.D.P,https://www.infogreffe.com/recherche-entreprise-dirigeants/resultats-entreprise-dirigeants.html?ga_cat=globale&ga_q=A.D.P#phrase=A.D.P,1620586190,14:49:50,20210509
27,2012-01-31,ADP.PA,EUR,2012-01-31,2012-01-31,Q1,660112500,263193250,396919250,0.6012903103637638,6803250.0,127387250.0,1833500.0,0.0,109916000,508353000,33596750,102450500.0,254210000,0.38510102444659056,151759500,0.22989944895756406,0.0,130941000,0.1983616429017781,44432750,85310750,0.12923668314113124,0.8625,0.8625,98956206,98956206,https://www.infogreffe.com/recherche-entreprise-dirigeants/resultats-entreprise-dirigeants.html?ga_cat=globale&ga_q=A.D.P#phrase=A.D.P,https://www.infogreffe.com/recherche-entreprise-dirigeants/resultats-entreprise-dirigeants.html?ga_cat=globale&ga_q=A.D.P#phrase=A.D.P,1620586190,14:49:50,20210509
28,2011-09-30,ADP.PA,EUR,2011-09-30,2011-09-30,Q3,625378500,10161250,615217250,0.9837518398857652,0.0,0.0,0.0,0.0,187347750,462541000,46757500,95778500.0,258616000,0.4135351631052235,162837500,0.26038231247156723,0.0,138197750,0.22098257295381918,48084000,86759250,0.13873078463682395,0.8775,0.8775,98953362,98953362,https://www.infogreffe.com/recherche-entreprise-dirigeants/resultats-entreprise-dirigeants.html?ga_cat=globale&ga_q=A.D.P#phrase=A.D.P,https://www.infogreffe.com/recherche-entreprise-dirigeants/resultats-entreprise-dirigeants.html?ga_cat=globale&ga_q=A.D.P#phrase=A.D.P,1620586190,14:49:50,20210509
29,2011-06-30,ADP.PA,EUR,2011-06-30,2011-06-30,Q2,625378500,10161250,615217250,0.9837518398857652,0.0,0.0,0.0,0.0,187347750,462541000,46757500,95778500.0,258616000,0.4135351631052235,162837500,0.26038231247156723,0.0,138197750,0.22098257295381918,48084000,86759250,0.13873078463682395,0.8775,0.8775,98953362,98953362,https://www.infogreffe.com/recherche-entreprise-dirigeants/resultats-entreprise-dirigeants.html?ga_cat=globale&ga_q=A.D.P#phrase=A.D.P,https://www.infogreffe.com/recherche-entreprise-dirigeants/resultats-entreprise-dirigeants.html?ga_cat=globale&ga_q=A.D.P#phrase=A.D.P,1620586190,14:49:50,20210509
30,2011-03-31,ADP.PA,EUR,2011-03-31,2011-03-31,Q1,625378500,10161250,615217250,0.9837518398857652,0.0,0.0,0.0,0.0,187347750,462541000,46757500,95778500.0,258616000,0.4135351631052235,162837500,0.26038231247156723,0.0,138197750,0.22098257295381918,48084000,86759250,0.13873078463682395,0.8775,0.8775,98953362,98953362,https://www.infogreffe.com/recherche-entreprise-dirigeants/resultats-entreprise-dirigeants.html?ga_cat=globale&ga_q=A.D.P#phrase=A.D.P,https://www.infogreffe.com/recherche-entreprise-dirigeants/resultats-entreprise-dirigeants.html?ga_cat=globale&ga_q=A.D.P#phrase=A.D.P,1620586190,14:49:50,20210509
31,2011-01-31,ADP.PA,EUR,2011-01-31,2011-01-31,Q1,625378500,10161250,615217250,0.9837518398857652,0.0,0.0,0.0,0.0,187347750,462541000,46757500,95778500.0,258616000,0.4135351631052235,162837500,0.26038231247156723,0.0,138197750,0.22098257295381918,48084000,86759250,0.13873078463682395,0.8775,0.8775,98953362,98953362,https://www.infogreffe.com/recherche-entreprise-dirigeants/resultats-entreprise-dirigeants.html?ga_cat=globale&ga_q=A.D.P#phrase=A.D.P,https://www.infogreffe.com/recherche-entreprise-dirigeants/resultats-entreprise-dirigeants.html?ga_cat=globale&ga_q=A.D.P#phrase=A.D.P,1620586190,14:49:50,20210509
32,2010-09-30,ADP.PA,EUR,2010-09-30,2010-09-30,Q3,684751250,42687750,642063500,0.937659478533263,0.0,0.0,0.0,0.0,209105750,545837250,45489250,95865500.0,234779500,0.3428683043660015,138914000,0.2028678297410921,0.0,113450000,0.1656806029926926,38356000,75094000,0.10966610137622969,0.7575,0.7575,98954115,98954115,https://www.infogreffe.com/recherche-entreprise-dirigeants/resultats-entreprise-dirigeants.html?ga_cat=globale&ga_q=A.D.P#phrase=A.D.P,https://www.infogreffe.com/recherche-entreprise-dirigeants/resultats-entreprise-dirigeants.html?ga_cat=globale&ga_q=A.D.P#phrase=A.D.P,1620586190,14:49:50,20210509
33,2010-06-30,ADP.PA,EUR,2010-06-30,2010-06-30,Q2,684751250,42687750,642063500,0.937659478533263,0.0,0.0,0.0,0.0,209105750,545837250,45489250,95865500.0,234779500,0.3428683043660015,138914000,0.2028678297410921,0.0,113450000,0.1656806029926926,38356000,75094000,0.10966610137622969,0.7575,0.7575,98954115,98954115,https://www.infogreffe.com/recherche-entreprise-dirigeants/resultats-entreprise-dirigeants.html?ga_cat=globale&ga_q=A.D.P#phrase=A.D.P,https://www.infogreffe.com/recherche-entreprise-dirigeants/resultats-entreprise-dirigeants.html?ga_cat=globale&ga_q=A.D.P#phrase=A.D.P,1620586190,14:49:50,20210509
34,2010-03-31,ADP.PA,EUR,2010-03-31,2010-03-31,Q1,684751250,42687750,642063500,0.937659478533263,0.0,0.0,0.0,0.0,209105750,545837250,45489250,95865500.0,234779500,0.3428683043660015,138914000,0.2028678297410921,0.0,113450000,0.1656806029926926,38356000,75094000,0.10966610137622969,0.7575,0.7575,98954115,98954115,https://www.infogreffe.com/recherche-entreprise-dirigeants/resultats-entreprise-dirigeants.html?ga_cat=globale&ga_q=A.D.P#phrase=A.D.P,https://www.infogreffe.com/recherche-entreprise-dirigeants/resultats-entreprise-dirigeants.html?ga_cat=globale&ga_q=A.D.P#phrase=A.D.P,1620586190,14:49:50,20210509
35,2010-01-31,ADP.PA,EUR,2010-01-31,2010-01-31,Q1,684751250,42687750,642063500,0.937659478533263,0.0,0.0,0.0,0.0,209105750,545837250,45489250,95865500.0,234779500,0.3428683043660015,138914000,0.2028678297410921,0.0,113450000,0.1656806029926926,38356000,75094000,0.10966610137622969,0.7575,0.7575,98954115,98954115,https://www.infogreffe.com/recherche-entreprise-dirigeants/resultats-entreprise-dirigeants.html?ga_cat=globale&ga_q=A.D.P#phrase=A.D.P,https://www.infogreffe.com/recherche-entreprise-dirigeants/resultats-entreprise-dirigeants.html?ga_cat=globale&ga_q=A.D.P#phrase=A.D.P,1620586190,14:49:50,20210509
36,2009-09-30,ADP.PA,EUR,2009-09-30,2009-09-30,Q3,658358500,46558750,611799750,0.9292805515535988,0.0,0.0,0.0,250.0,214949000,529034750,50724000,91134750.0,220458500,0.3348608698756073,129323750,0.19643363000553649,0.0,102572500,0.15580037320092321,35105500,67467000,0.10247760148915826,0.6825,0.6825,98887605,98887605,https://www.infogreffe.com/recherche-entreprise-dirigeants/resultats-entreprise-dirigeants.html?ga_cat=globale&ga_q=A.D.P#phrase=A.D.P,https://www.infogreffe.com/recherche-entreprise-dirigeants/resultats-entreprise-dirigeants.html?ga_cat=globale&ga_q=A.D.P#phrase=A.D.P,1620586190,14:49:50,20210509
37,2009-06-30,ADP.PA,EUR,2009-06-30,2009-06-30,Q2,658358500,46558750,611799750,0.9292805515535988,0.0,0.0,0.0,250.0,214949000,529034750,50724000,91134750.0,220458500,0.3348608698756073,129323750,0.19643363000553649,0.0,102572500,0.15580037320092321,35105500,67467000,0.10247760148915826,0.6825,0.6825,98887605,98887605,https://www.infogreffe.com/recherche-entreprise-dirigeants/resultats-entreprise-dirigeants.html?ga_cat=globale&ga_q=A.D.P#phrase=A.D.P,https://www.infogreffe.com/recherche-entreprise-dirigeants/resultats-entreprise-dirigeants.html?ga_cat=globale&ga_q=A.D.P#phrase=A.D.P,1620586190,14:49:50,20210509
38,2009-03-31,ADP.PA,EUR,2009-03-31,2009-03-31,Q1,658358500,46558750,611799750,0.9292805515535988,0.0,0.0,0.0,250.0,214949000,529034750,50724000,91134750.0,220458500,0.3348608698756073,129323750,0.19643363000553649,0.0,102572500,0.15580037320092321,35105500,67467000,0.10247760148915826,0.6825,0.6825,98887605,98887605,https://www.infogreffe.com/recherche-entreprise-dirigeants/resultats-entreprise-dirigeants.html?ga_cat=globale&ga_q=A.D.P#phrase=A.D.P,https://www.infogreffe.com/recherche-entreprise-dirigeants/resultats-entreprise-dirigeants.html?ga_cat=globale&ga_q=A.D.P#phrase=A.D.P,1620586190,14:49:50,20210509
39,2009-01-31,ADP.PA,EUR,2009-01-31,2009-01-31,Q1,658358500,46558750,611799750,0.9292805515535988,0.0,0.0,0.0,250.0,214949000,529034750,50724000,91134750.0,220458500,0.3348608698756073,129323750,0.19643363000553649,0.0,102572500,0.15580037320092321,35105500,67467000,0.10247760148915826,0.6825,0.6825,98887605,98887605,https://www.infogreffe.com/recherche-entreprise-dirigeants/resultats-entreprise-dirigeants.html?ga_cat=globale&ga_q=A.D.P#phrase=A.D.P,https://www.infogreffe.com/recherche-entreprise-dirigeants/resultats-entreprise-dirigeants.html?ga_cat=globale&ga_q=A.D.P#phrase=A.D.P,1620586190,14:49:50,20210509
40,2008-09-30,ADP.PA,EUR,2008-09-30,2008-09-30,Q3,631757750,52050250,579707500,0.9176104289975073,0.0,0.0,0.0,-250.0,367115750,505952500,44245000,86786500.0,212591750,0.3365083372542719,125805250,0.1991352698087202,0.0,103647500,0.16406209500397897,35460250,68187250,0.10793258966747935,0.69,0.69,98896912,98896912,https://www.infogreffe.com/recherche-entreprise-dirigeants/resultats-entreprise-dirigeants.html?ga_cat=globale&ga_q=A.D.P#phrase=A.D.P,https://www.infogreffe.com/recherche-entreprise-dirigeants/resultats-entreprise-dirigeants.html?ga_cat=globale&ga_q=A.D.P#phrase=A.D.P,1620586190,14:49:50,20210509
41,2008-06-30,ADP.PA,EUR,2008-06-30,2008-06-30,Q2,631757750,52050250,579707500,0.9176104289975073,0.0,0.0,0.0,-250.0,367115750,505952500,44245000,86786500.0,212591750,0.3365083372542719,125805250,0.1991352698087202,0.0,103647500,0.16406209500397897,35460250,68187250,0.10793258966747935,0.69,0.69,98896912,98896912,https://www.infogreffe.com/recherche-entreprise-dirigeants/resultats-entreprise-dirigeants.html?ga_cat=globale&ga_q=A.D.P#phrase=A.D.P,https://www.infogreffe.com/recherche-entreprise-dirigeants/resultats-entreprise-dirigeants.html?ga_cat=globale&ga_q=A.D.P#phrase=A.D.P,1620586190,14:49:50,20210509
42,2008-03-31,ADP.PA,EUR,2008-03-31,2008-03-31,Q1,631757750,52050250,579707500,0.9176104289975073,0.0,0.0,0.0,-250.0,367115750,505952500,44245000,86786500.0,212591750,0.3365083372542719,125805250,0.1991352698087202,0.0,103647500,0.16406209500397897,35460250,68187250,0.10793258966747935,0.69,0.69,98896912,98896912,https://www.infogreffe.com/recherche-entreprise-dirigeants/resultats-entreprise-dirigeants.html?ga_cat=globale&ga_q=A.D.P#phrase=A.D.P,https://www.infogreffe.com/recherche-entreprise-dirigeants/resultats-entreprise-dirigeants.html?ga_cat=globale&ga_q=A.D.P#phrase=A.D.P,1620586190,14:49:50,20210509
43,2008-01-31,ADP.PA,EUR,2008-01-31,2008-01-31,Q1,631757750,52050250,579707500,0.9176104289975073,0.0,0.0,0.0,-250.0,367115750,505952500,44245000,86786500.0,212591750,0.3365083372542719,125805250,0.1991352698087202,0.0,103647500,0.16406209500397897,35460250,68187250,0.10793258966747935,0.69,0.69,98896912,98896912,https://www.infogreffe.com/recherche-entreprise-dirigeants/resultats-entreprise-dirigeants.html?ga_cat=globale&ga_q=A.D.P#phrase=A.D.P,https://www.infogreffe.com/recherche-entreprise-dirigeants/resultats-entreprise-dirigeants.html?ga_cat=globale&ga_q=A.D.P#phrase=A.D.P,1620586190,14:49:50,20210509
44,2007-09-30,ADP.PA,EUR,2007-09-30,2007-09-30,Q3,573103750,47111500,525992250,0.9177958615695675,0.0,0.0,0.0,-6050000.0,-236746250,51513000,62595500,78103500.0,599694250,1.0463973582444714,521590750,0.9101157512928506,0.0,107361500,0.18733344529677218,26902500,80459000,0.14039168300678542,0.8125,0.8125,98938397,98938397,https://www.infogreffe.com/recherche-entreprise-dirigeants/resultats-entreprise-dirigeants.html?ga_cat=globale&ga_q=A.D.P#phrase=A.D.P,https://www.infogreffe.com/recherche-entreprise-dirigeants/resultats-entreprise-dirigeants.html?ga_cat=globale&ga_q=A.D.P#phrase=A.D.P,1620586190,14:49:50,20210509
45,2007-06-30,ADP.PA,EUR,2007-06-30,2007-06-30,Q2,573103750,47111500,525992250,0.9177958615695675,0.0,0.0,0.0,-6050000.0,-236746250,51513000,62595500,78103500.0,599694250,1.0463973582444714,521590750,0.9101157512928506,0.0,107361500,0.18733344529677218,26902500,80459000,0.14039168300678542,0.8125,0.8125,98938397,98938397,https://www.infogreffe.com/recherche-entreprise-dirigeants/resultats-entreprise-dirigeants.html?ga_cat=globale&ga_q=A.D.P#phrase=A.D.P,https://www.infogreffe.com/recherche-entreprise-dirigeants/resultats-entreprise-dirigeants.html?ga_cat=globale&ga_q=A.D.P#phrase=A.D.P,1620586190,14:49:50,20210509
46,2007-03-31,ADP.PA,EUR,2007-03-31,2007-03-31,Q1,573103750,47111500,525992250,0.9177958615695675,0.0,0.0,0.0,-6050000.0,-236746250,51513000,62595500,78103500.0,599694250,1.0463973582444714,521590750,0.9101157512928506,0.0,107361500,0.18733344529677218,26902500,80459000,0.14039168300678542,0.8125,0.8125,98938397,98938397,https://www.infogreffe.com/recherche-entreprise-dirigeants/resultats-entreprise-dirigeants.html?ga_cat=globale&ga_q=A.D.P#phrase=A.D.P,https://www.infogreffe.com/recherche-entreprise-dirigeants/resultats-entreprise-dirigeants.html?ga_cat=globale&ga_q=A.D.P#phrase=A.D.P,1620586190,14:49:50,20210509
47,2007-01-31,ADP.PA,EUR,2007-01-31,2007-01-31,Q1,573103750,47111500,525992250,0.9177958615695675,0.0,0.0,0.0,-6050000.0,-236746250,51513000,62595500,78103500.0,599694250,1.0463973582444714,521590750,0.9101157512928506,0.0,107361500,0.18733344529677218,26902500,80459000,0.14039168300678542,0.8125,0.8125,98938397,98938397,https://www.infogreffe.com/recherche-entreprise-dirigeants/resultats-entreprise-dirigeants.html?ga_cat=globale&ga_q=A.D.P#phrase=A.D.P,https://www.infogreffe.com/recherche-entreprise-dirigeants/resultats-entreprise-dirigeants.html?ga_cat=globale&ga_q=A.D.P#phrase=A.D.P,1620586190,14:49:50,20210509
48,2006-09-30,ADP.PA,EUR,2006-09-30,2006-09-30,Q3,519208750,41254500,477954250,0.9205435193455426,0.0,0.0,0.0,0.0,-67699500,42018250,38964750,68463250.0,545653750,1.0509332710590875,477190500,0.9190725310388163,0.0,63244250,0.12180890634065777,25210250,38034000,0.07325377316926959,0.41,0.41,92738547,92738547,https://www.infogreffe.com/recherche-entreprise-dirigeants/resultats-entreprise-dirigeants.html?ga_cat=globale&ga_q=A.D.P#phrase=A.D.P,https://www.infogreffe.com/recherche-entreprise-dirigeants/resultats-entreprise-dirigeants.html?ga_cat=globale&ga_q=A.D.P#phrase=A.D.P,1620586190,14:49:50,20210509
49,2006-06-30,ADP.PA,EUR,2006-06-30,2006-06-30,Q2,519208750,41254500,477954250,0.9205435193455426,0.0,0.0,0.0,0.0,-67699500,42018250,38964750,68463250.0,545653750,1.0509332710590875,477190500,0.9190725310388163,0.0,63244250,0.12180890634065777,25210250,38034000,0.07325377316926959,0.41,0.41,92738547,92738547,https://www.infogreffe.com/recherche-entreprise-dirigeants/resultats-entreprise-dirigeants.html?ga_cat=globale&ga_q=A.D.P#phrase=A.D.P,https://www.infogreffe.com/recherche-entreprise-dirigeants/resultats-entreprise-dirigeants.html?ga_cat=globale&ga_q=A.D.P#phrase=A.D.P,1620586190,14:49:50,20210509
50,2006-03-31,ADP.PA,EUR,2006-03-31,2006-03-31,Q1,519208750,41254500,477954250,0.9205435193455426,0.0,0.0,0.0,0.0,-67699500,42018250,38964750,68463250.0,545653750,1.0509332710590875,477190500,0.9190725310388163,0.0,63244250,0.12180890634065777,25210250,38034000,0.07325377316926959,0.41,0.41,92738547,92738547,https://www.infogreffe.com/recherche-entreprise-dirigeants/resultats-entreprise-dirigeants.html?ga_cat=globale&ga_q=A.D.P#phrase=A.D.P,https://www.infogreffe.com/recherche-entreprise-dirigeants/resultats-entreprise-dirigeants.html?ga_cat=globale&ga_q=A.D.P#phrase=A.D.P,1620586190,14:49:50,20210509
51,2006-01-31,ADP.PA,EUR,2006-01-31,2006-01-31,Q1,519208750,41254500,477954250,0.9205435193455426,0.0,0.0,0.0,0.0,-67699500,42018250,38964750,68463250.0,545653750,1.0509332710590875,477190500,0.9190725310388163,0.0,63244250,0.12180890634065777,25210250,38034000,0.07325377316926959,0.41,0.41,92738547,92738547,https://www.infogreffe.com/recherche-entreprise-dirigeants/resultats-entreprise-dirigeants.html?ga_cat=globale&ga_q=A.D.P#phrase=A.D.P,https://www.infogreffe.com/recherche-entreprise-dirigeants/resultats-entreprise-dirigeants.html?ga_cat=globale&ga_q=A.D.P#phrase=A.D.P,1620586190,14:49:50,20210509
52,2005-09-30,ADP.PA,EUR,2005-09-30,2005-09-30,Q3,478645000,38330500,440314500,0.919918728911824,0.0,0.0,0.0,177349750.0,-67189750,36683500,35939000,65542750.0,507504250,1.0602936414252735,441961500,0.9233596924651882,0.0,68757250,0.14364978219766214,23773000,44984250,0.09398249224372969,0.5275,0.5275,85361500,85361500,https://www.infogreffe.com/recherche-entreprise-dirigeants/resultats-entreprise-dirigeants.html?ga_cat=globale&ga_q=A.D.P#phrase=A.D.P,https://www.infogreffe.com/recherche-entreprise-dirigeants/resultats-entreprise-dirigeants.html?ga_cat=globale&ga_q=A.D.P#phrase=A.D.P,1620586190,14:49:50,20210509
53,2005-06-30,ADP.PA,EUR,2005-06-30,2005-06-30,Q2,478645000,38330500,440314500,0.919918728911824,0.0,0.0,0.0,177349750.0,-67189750,36683500,35939000,65542750.0,507504250,1.0602936414252735,441961500,0.9233596924651882,0.0,68757250,0.14364978219766214,23773000,44984250,0.09398249224372969,0.5275,0.5275,85361500,85361500,https://www.infogreffe.com/recherche-entreprise-dirigeants/resultats-entreprise-dirigeants.html?ga_cat=globale&ga_q=A.D.P#phrase=A.D.P,https://www.infogreffe.com/recherche-entreprise-dirigeants/resultats-entreprise-dirigeants.html?ga_cat=globale&ga_q=A.D.P#phrase=A.D.P,1620586190,14:49:50,20210509
54,2005-03-31,ADP.PA,EUR,2005-03-31,2005-03-31,Q1,478645000,38330500,440314500,0.919918728911824,0.0,0.0,0.0,177349750.0,-67189750,36683500,35939000,65542750.0,507504250,1.0602936414252735,441961500,0.9233596924651882,0.0,68757250,0.14364978219766214,23773000,44984250,0.09398249224372969,0.5275,0.5275,85361500,85361500,https://www.infogreffe.com/recherche-entreprise-dirigeants/resultats-entreprise-dirigeants.html?ga_cat=globale&ga_q=A.D.P#phrase=A.D.P,https://www.infogreffe.com/recherche-entreprise-dirigeants/resultats-entreprise-dirigeants.html?ga_cat=globale&ga_q=A.D.P#phrase=A.D.P,1620586190,14:49:50,20210509
55,2005-01-31,ADP.PA,EUR,2005-01-31,2005-01-31,Q1,478645000,38330500,440314500,0.919918728911824,0.0,0.0,0.0,177349750.0,-67189750,36683500,35939000,65542750.0,507504250,1.0602936414252735,441961500,0.9233596924651882,0.0,68757250,0.14364978219766214,23773000,44984250,0.09398249224372969,0.5275,0.5275,85361500,85361500,https://www.infogreffe.com/recherche-entreprise-dirigeants/resultats-entreprise-dirigeants.html?ga_cat=globale&ga_q=A.D.P#phrase=A.D.P,https://www.infogreffe.com/recherche-entreprise-dirigeants/resultats-entreprise-dirigeants.html?ga_cat=globale&ga_q=A.D.P#phrase=A.D.P,1620586190,14:49:50,20210509
56,2004-09-30,ADP.PA,EUR,2004-09-30,2004-09-30,Q3,452931500,13583500,439348000,0.970009813846023,0.0,0.0,0.0,-5924500.0,147692000,361833000,28702250,63111500.0,154210000,0.3404709100603513,91098500,0.20113085532801317,0.0,53663250,0.11847983635494551,16131750,36014500,0.07951423118065315,0.42190575,0.42190575,85361500,85361500,https://www.infogreffe.com/recherche-entreprise-dirigeants/resultats-entreprise-dirigeants.html?ga_cat=globale&ga_q=A.D.P#phrase=A.D.P,https://www.infogreffe.com/recherche-entreprise-dirigeants/resultats-entreprise-dirigeants.html?ga_cat=globale&ga_q=A.D.P#phrase=A.D.P,1620586190,14:49:50,20210509
57,2004-06-30,ADP.PA,EUR,2004-06-30,2004-06-30,Q2,452931500,13583500,439348000,0.970009813846023,0.0,0.0,0.0,-5924500.0,147692000,361833000,28702250,63111500.0,154210000,0.3404709100603513,91098500,0.20113085532801317,0.0,53663250,0.11847983635494551,16131750,36014500,0.07951423118065315,0.42190575,0.42190575,85361500,85361500,https://www.infogreffe.com/recherche-entreprise-dirigeants/resultats-entreprise-dirigeants.html?ga_cat=globale&ga_q=A.D.P#phrase=A.D.P,https://www.infogreffe.com/recherche-entreprise-dirigeants/resultats-entreprise-dirigeants.html?ga_cat=globale&ga_q=A.D.P#phrase=A.D.P,1620586190,14:49:50,20210509
58,2004-03-31,ADP.PA,EUR,2004-03-31,2004-03-31,Q1,452931500,13583500,439348000,0.970009813846023,0.0,0.0,0.0,-5924500.0,147692000,361833000,28702250,63111500.0,154210000,0.3404709100603513,91098500,0.20113085532801317,0.0,53663250,0.11847983635494551,16131750,36014500,0.07951423118065315,0.42190575,0.42190575,85361500,85361500,https://www.infogreffe.com/recherche-entreprise-dirigeants/resultats-entreprise-dirigeants.html?ga_cat=globale&ga_q=A.D.P#phrase=A.D.P,https://www.infogreffe.com/recherche-entreprise-dirigeants/resultats-entreprise-dirigeants.html?ga_cat=globale&ga_q=A.D.P#phrase=A.D.P,1620586190,14:49:50,20210509
59,2004-01-31,ADP.PA,EUR,2004-01-31,2004-01-31,Q1,452931500,13583500,439348000,0.970009813846023,0.0,0.0,0.0,-5924500.0,147692000,361833000,28702250,63111500.0,154210000,0.3404709100603513,91098500,0.20113085532801317,0.0,53663250,0.11847983635494551,16131750,36014500,0.07951423118065315,0.42190575,0.42190575,85361500,85361500,https://www.infogreffe.com/recherche-entreprise-dirigeants/resultats-entreprise-dirigeants.html?ga_cat=globale&ga_q=A.D.P#phrase=A.D.P,https://www.infogreffe.com/recherche-entreprise-dirigeants/resultats-entreprise-dirigeants.html?ga_cat=globale&ga_q=A.D.P#phrase=A.D.P,1620586190,14:49:50,20210509
