,date,symbol,reportedCurrency,fillingDate,acceptedDate,period,revenue,costOfRevenue,grossProfit,grossProfitRatio,researchAndDevelopmentExpenses,generalAndAdministrativeExpenses,sellingAndMarketingExpenses,otherExpenses,operatingExpenses,costAndExpenses,interestExpense,depreciationAndAmortization,ebitda,ebitdaratio,operatingIncome,operatingIncomeRatio,totalOtherIncomeExpensesNet,incomeBeforeTax,incomeBeforeTaxRatio,incomeTaxExpense,netIncome,netIncomeRatio,eps,epsdiluted,weightedAverageShsOut,weightedAverageShsOutDil,link,finalLink,timestamp,est_time,est_date
0,2020-09-30,PRT.AX,AUD,2020-09-30,2020-09-30,Q3,39962500.0,23398500.0,16564000.0,0.4144885830466062,0.0,0.0,2409000.0,938750.0,10074250.0,0.0,131750.0,2519000.0,4080750.0,0.10211448232718173,1561750.0,0.03908038786362215,854250.0,2303000.0,0.0576290272130122,650250.0,1652750.0,0.04135752267751017,0.0045,0.0045,366330303,366330303,,,1620596819,17:46:59,20210509
1,2020-06-30,PRT.AX,AUD,2020-06-30,2020-06-30,Q2,39962500.0,23398500.0,16564000.0,0.4144885830466062,0.0,0.0,2409000.0,938750.0,10074250.0,0.0,131750.0,2519000.0,4080750.0,0.10211448232718173,1561750.0,0.03908038786362215,854250.0,2303000.0,0.0576290272130122,650250.0,1652750.0,0.04135752267751017,0.0045,0.0045,366330303,366330303,,,1620596819,17:46:59,20210509
2,2020-03-31,PRT.AX,AUD,2020-03-31,2020-03-31,Q1,39962500.0,23398500.0,16564000.0,0.4144885830466062,0.0,0.0,2409000.0,938750.0,10074250.0,0.0,131750.0,2519000.0,4080750.0,0.10211448232718173,1561750.0,0.03908038786362215,854250.0,2303000.0,0.0576290272130122,650250.0,1652750.0,0.04135752267751017,0.0045,0.0045,366330303,366330303,,,1620596819,17:46:59,20210509
3,2020-01-31,PRT.AX,AUD,2020-01-31,2020-01-31,Q1,39962500.0,23398500.0,16564000.0,0.4144885830466062,0.0,0.0,2409000.0,938750.0,10074250.0,0.0,131750.0,2519000.0,4080750.0,0.10211448232718173,1561750.0,0.03908038786362215,854250.0,2303000.0,0.0576290272130122,650250.0,1652750.0,0.04135752267751017,0.0045,0.0045,366330303,366330303,,,1620596819,17:46:59,20210509
4,2019-06-30,PRT.AX,AUD,2019-06-30,2019-06-30,Q2,47668500.0,25366250.0,22302250.0,0.4678613759610644,0.0,0.0,2599500.0,261750.0,10386500.0,0.0,327500.0,2969750.0,9316250.0,0.19543828733859886,6346500.0,0.13313823594197427,-3203750.0,2850500.0,0.05979839936226229,1013500.0,1837000.0,0.03853697934694819,0.005,0.005,366330303,366330303,,,1620596819,17:46:59,20210509
5,2019-03-31,PRT.AX,AUD,2019-03-31,2019-03-31,Q1,47668500.0,25366250.0,22302250.0,0.4678613759610644,0.0,0.0,2599500.0,261750.0,10386500.0,0.0,327500.0,2969750.0,9316250.0,0.19543828733859886,6346500.0,0.13313823594197427,-3203750.0,2850500.0,0.05979839936226229,1013500.0,1837000.0,0.03853697934694819,0.005,0.005,366330303,366330303,,,1620596819,17:46:59,20210509
6,2019-01-31,PRT.AX,AUD,2019-01-31,2019-01-31,Q1,47668500.0,25366250.0,22302250.0,0.4678613759610644,0.0,0.0,2599500.0,261750.0,10386500.0,0.0,327500.0,2969750.0,9316250.0,0.19543828733859886,6346500.0,0.13313823594197427,-3203750.0,2850500.0,0.05979839936226229,1013500.0,1837000.0,0.03853697934694819,0.005,0.005,366330303,366330303,,,1620596819,17:46:59,20210509
7,2018-06-30,PRT.AX,AUD,2018-06-30,2018-06-30,Q2,54495000.0,29711500.0,24783500.0,0.4547848426461143,0.0,0.0,3185000.0,261000.0,10559500.0,0.0,396000.0,2404500.0,11039000.0,0.20256904303147077,8634500.0,0.15844572896596018,-12672250.0,-4400250.0,-0.0807459399944949,-1331500.0,-3068750.0,-0.05631250573447105,-0.0085,-0.0085,366330303,366330303,,,1620596819,17:46:59,20210509
8,2018-03-31,PRT.AX,AUD,2018-03-31,2018-03-31,Q1,54495000.0,29711500.0,24783500.0,0.4547848426461143,0.0,0.0,3185000.0,261000.0,10559500.0,0.0,396000.0,2404500.0,11039000.0,0.20256904303147077,8634500.0,0.15844572896596018,-12672250.0,-4400250.0,-0.0807459399944949,-1331500.0,-3068750.0,-0.05631250573447105,-0.0085,-0.0085,366330303,366330303,,,1620596819,17:46:59,20210509
9,2018-01-31,PRT.AX,AUD,2018-01-31,2018-01-31,Q1,54495000.0,29711500.0,24783500.0,0.4547848426461143,0.0,0.0,3185000.0,261000.0,10559500.0,0.0,396000.0,2404500.0,11039000.0,0.20256904303147077,8634500.0,0.15844572896596018,-12672250.0,-4400250.0,-0.0807459399944949,-1331500.0,-3068750.0,-0.05631250573447105,-0.0085,-0.0085,366330303,366330303,,,1620596819,17:46:59,20210509
10,2017-06-30,PRT.AX,AUD,2017-06-30,2017-06-30,Q2,59356500.0,31478000.0,27878500.0,0.46967897365916117,0.0,0.0,3308250.0,623000.0,9203500.0,0.0,631000.0,2492750.0,15366750.0,0.2588890854413586,12874000.0,0.21689284240142193,648250.0,12922000.0,0.21770151541954125,3861000.0,9061000.0,0.15265387952456766,0.02475,0.02475,366330303,366330303,,,1620596819,17:46:59,20210509
11,2017-03-31,PRT.AX,AUD,2017-03-31,2017-03-31,Q1,59356500.0,31478000.0,27878500.0,0.46967897365916117,0.0,0.0,3308250.0,623000.0,9203500.0,0.0,631000.0,2492750.0,15366750.0,0.2588890854413586,12874000.0,0.21689284240142193,648250.0,12922000.0,0.21770151541954125,3861000.0,9061000.0,0.15265387952456766,0.02475,0.02475,366330303,366330303,,,1620596819,17:46:59,20210509
12,2017-01-31,PRT.AX,AUD,2017-01-31,2017-01-31,Q1,59356500.0,31478000.0,27878500.0,0.46967897365916117,0.0,0.0,3308250.0,623000.0,9203500.0,0.0,631000.0,2492750.0,15366750.0,0.2588890854413586,12874000.0,0.21689284240142193,648250.0,12922000.0,0.21770151541954125,3861000.0,9061000.0,0.15265387952456766,0.02475,0.02475,366330303,366330303,,,1620596819,17:46:59,20210509
13,2016-06-30,PRT.AX,AUD,2016-06-30,2016-06-30,Q2,58775750.0,32801500.0,25974250.0,0.44192120049510214,0.0,0.0,3375750.0,885750.0,9366000.0,0.0,904000.0,2573750.0,13232500.0,0.22513536620119692,10658750.0,0.18134604832775422,-30112750.0,-20326250.0,-0.3458271481010451,3068250.0,-23394500.0,-0.3980297997048102,-0.06375,-0.06375,366330303,366330303,,,1620596819,17:46:59,20210509
14,2016-03-31,PRT.AX,AUD,2016-03-31,2016-03-31,Q1,58775750.0,32801500.0,25974250.0,0.44192120049510214,0.0,0.0,3375750.0,885750.0,9366000.0,0.0,904000.0,2573750.0,13232500.0,0.22513536620119692,10658750.0,0.18134604832775422,-30112750.0,-20326250.0,-0.3458271481010451,3068250.0,-23394500.0,-0.3980297997048102,-0.06375,-0.06375,366330303,366330303,,,1620596819,17:46:59,20210509
15,2016-01-31,PRT.AX,AUD,2016-01-31,2016-01-31,Q1,58775750.0,32801500.0,25974250.0,0.44192120049510214,0.0,0.0,3375750.0,885750.0,9366000.0,0.0,904000.0,2573750.0,13232500.0,0.22513536620119692,10658750.0,0.18134604832775422,-30112750.0,-20326250.0,-0.3458271481010451,3068250.0,-23394500.0,-0.3980297997048102,-0.06375,-0.06375,366330303,366330303,,,1620596819,17:46:59,20210509
16,2015-09-30,PRT.AX,AUD,2015-09-30,2015-09-30,Q3,63308250.0,34666250.0,28642000.0,0.45242128790481495,0.0,0.0,3649750.0,1333750.0,9391000.0,0.0,1246750.0,2837750.0,15601250.0,0.24643312680416848,12763500.0,0.20160879506225493,1115000.0,12693000.0,0.20049519612372796,3787750.0,8905250.0,0.14066492123854316,0.02425,0.02425,366330303,366330303,,,1620596819,17:46:59,20210509
17,2015-06-30,PRT.AX,AUD,2015-06-30,2015-06-30,Q2,63308250.0,34666250.0,28642000.0,0.45242128790481495,0.0,0.0,3649750.0,1333750.0,9391000.0,0.0,1246750.0,2837750.0,15601250.0,0.24643312680416848,12763500.0,0.20160879506225493,1115000.0,12693000.0,0.20049519612372796,3787750.0,8905250.0,0.14066492123854316,0.02425,0.02425,366330303,366330303,,,1620596819,17:46:59,20210509
18,2015-03-31,PRT.AX,AUD,2015-03-31,2015-03-31,Q1,63308250.0,34666250.0,28642000.0,0.45242128790481495,0.0,0.0,3649750.0,1333750.0,9391000.0,0.0,1246750.0,2837750.0,15601250.0,0.24643312680416848,12763500.0,0.20160879506225493,1115000.0,12693000.0,0.20049519612372796,3787750.0,8905250.0,0.14066492123854316,0.02425,0.02425,366330303,366330303,,,1620596819,17:46:59,20210509
19,2015-01-31,PRT.AX,AUD,2015-01-31,2015-01-31,Q1,63308250.0,34666250.0,28642000.0,0.45242128790481495,0.0,0.0,3649750.0,1333750.0,9391000.0,0.0,1246750.0,2837750.0,15601250.0,0.24643312680416848,12763500.0,0.20160879506225493,1115000.0,12693000.0,0.20049519612372796,3787750.0,8905250.0,0.14066492123854316,0.02425,0.02425,366330303,366330303,,,1620596819,17:46:59,20210509
20,2014-09-30,PRT.AX,AUD,2014-09-30,2014-09-30,Q3,64085500.0,34479500.0,29606000.0,0.46197657816510757,0.0,0.0,3702750.0,911250.0,10412750.0,0.0,1624750.0,2994750.0,15490500.0,0.2417161448377558,12495750.0,0.19498560516809574,703000.0,11646500.0,0.1817337775315789,3849500.0,8463000.0,0.13205795382730884,0.023,0.023,366330303,366330303,,,1620596819,17:46:59,20210509
21,2014-06-30,PRT.AX,AUD,2014-06-30,2014-06-30,Q2,64085500.0,34479500.0,29606000.0,0.46197657816510757,0.0,0.0,3702750.0,911250.0,10412750.0,0.0,1624750.0,2994750.0,15490500.0,0.2417161448377558,12495750.0,0.19498560516809574,703000.0,11646500.0,0.1817337775315789,3849500.0,8463000.0,0.13205795382730884,0.023,0.023,366330303,366330303,,,1620596819,17:46:59,20210509
22,2014-03-31,PRT.AX,AUD,2014-03-31,2014-03-31,Q1,64085500.0,34479500.0,29606000.0,0.46197657816510757,0.0,0.0,3702750.0,911250.0,10412750.0,0.0,1624750.0,2994750.0,15490500.0,0.2417161448377558,12495750.0,0.19498560516809574,703000.0,11646500.0,0.1817337775315789,3849500.0,8463000.0,0.13205795382730884,0.023,0.023,366330303,366330303,,,1620596819,17:46:59,20210509
23,2014-01-31,PRT.AX,AUD,2014-01-31,2014-01-31,Q1,64085500.0,34479500.0,29606000.0,0.46197657816510757,0.0,0.0,3702750.0,911250.0,10412750.0,0.0,1624750.0,2994750.0,15490500.0,0.2417161448377558,12495750.0,0.19498560516809574,703000.0,11646500.0,0.1817337775315789,3849500.0,8463000.0,0.13205795382730884,0.023,0.023,366330303,366330303,,,1620596819,17:46:59,20210509
24,2013-09-30,PRT.AX,AUD,2013-09-30,2013-09-30,Q3,63708000.0,33494750.0,30213250.0,0.4742457776103472,0.0,0.0,4068500.0,524250.0,10613750.0,0.0,1991250.0,2291250.0,15531000.0,0.24378414013938596,13239750.0,0.2078192691655679,137250.0,11468750.0,0.18002056256671062,3066750.0,5052750.0,0.07931107553211528,0.01375,0.01375,366330303,366330303,,,1620596819,17:46:59,20210509
25,2013-06-30,PRT.AX,AUD,2013-06-30,2013-06-30,Q2,63708000.0,33494750.0,30213250.0,0.4742457776103472,0.0,0.0,4068500.0,524250.0,10613750.0,0.0,1991250.0,2291250.0,15531000.0,0.24378414013938596,13239750.0,0.2078192691655679,137250.0,11468750.0,0.18002056256671062,3066750.0,5052750.0,0.07931107553211528,0.01375,0.01375,366330303,366330303,,,1620596819,17:46:59,20210509
26,2013-03-31,PRT.AX,AUD,2013-03-31,2013-03-31,Q1,63708000.0,33494750.0,30213250.0,0.4742457776103472,0.0,0.0,4068500.0,524250.0,10613750.0,0.0,1991250.0,2291250.0,15531000.0,0.24378414013938596,13239750.0,0.2078192691655679,137250.0,11468750.0,0.18002056256671062,3066750.0,5052750.0,0.07931107553211528,0.01375,0.01375,366330303,366330303,,,1620596819,17:46:59,20210509
27,2013-01-31,PRT.AX,AUD,2013-01-31,2013-01-31,Q1,63708000.0,33494750.0,30213250.0,0.4742457776103472,0.0,0.0,4068500.0,524250.0,10613750.0,0.0,1991250.0,2291250.0,15531000.0,0.24378414013938596,13239750.0,0.2078192691655679,137250.0,11468750.0,0.18002056256671062,3066750.0,5052750.0,0.07931107553211528,0.01375,0.01375,366330303,366330303,,,1620596819,17:46:59,20210509
28,2012-09-30,PRT.AX,AUD,2012-09-30,2012-09-30,Q3,67861000.0,33597000.0,34264000.0,0.5049144574939951,0.0,0.0,5559750.0,332250.0,11890000.0,0.0,2621500.0,2847250.0,16814250.0,0.24777486332355844,13967000.0,0.20581777456860348,-1296250.0,10230500.0,0.15075669383003493,3310000.0,6920500.0,0.10198051900207777,0.019,0.019,366330303,366330303,,,1620596819,17:46:59,20210509
29,2012-06-30,PRT.AX,AUD,2012-06-30,2012-06-30,Q2,67861000.0,33597000.0,34264000.0,0.5049144574939951,0.0,0.0,5559750.0,332250.0,11890000.0,0.0,2621500.0,2847250.0,16814250.0,0.24777486332355844,13967000.0,0.20581777456860348,-1296250.0,10230500.0,0.15075669383003493,3310000.0,6920500.0,0.10198051900207777,0.019,0.019,366330303,366330303,,,1620596819,17:46:59,20210509
30,2012-03-31,PRT.AX,AUD,2012-03-31,2012-03-31,Q1,67861000.0,33597000.0,34264000.0,0.5049144574939951,0.0,0.0,5559750.0,332250.0,11890000.0,0.0,2621500.0,2847250.0,16814250.0,0.24777486332355844,13967000.0,0.20581777456860348,-1296250.0,10230500.0,0.15075669383003493,3310000.0,6920500.0,0.10198051900207777,0.019,0.019,366330303,366330303,,,1620596819,17:46:59,20210509
31,2012-01-31,PRT.AX,AUD,2012-01-31,2012-01-31,Q1,67861000.0,33597000.0,34264000.0,0.5049144574939951,0.0,0.0,5559750.0,332250.0,11890000.0,0.0,2621500.0,2847250.0,16814250.0,0.24777486332355844,13967000.0,0.20581777456860348,-1296250.0,10230500.0,0.15075669383003493,3310000.0,6920500.0,0.10198051900207777,0.019,0.019,366330303,366330303,,,1620596819,17:46:59,20210509
32,2011-09-30,PRT.AX,AUD,2011-09-30,2011-09-30,Q3,63232500.0,31903250.0,31329250.0,0.4954611947969794,0.0,4393250.0,632250.0,1242250.0,12260000.0,0.0,2887000.0,2543750.0,14043750.0,0.22209702289170916,11500000.0,0.1818685011663306,1095750.0,9813750.0,0.15520104376705018,2766750.0,6791500.0,0.10740521092792472,0.0185,0.0185,366330303,366330303,,,1620596819,17:46:59,20210509
33,2011-06-30,PRT.AX,AUD,2011-06-30,2011-06-30,Q2,63232500.0,31903250.0,31329250.0,0.4954611947969794,0.0,4393250.0,632250.0,1242250.0,12260000.0,0.0,2887000.0,2543750.0,14043750.0,0.22209702289170916,11500000.0,0.1818685011663306,1095750.0,9813750.0,0.15520104376705018,2766750.0,6791500.0,0.10740521092792472,0.0185,0.0185,366330303,366330303,,,1620596819,17:46:59,20210509
34,2011-03-31,PRT.AX,AUD,2011-03-31,2011-03-31,Q1,63232500.0,31903250.0,31329250.0,0.4954611947969794,0.0,4393250.0,632250.0,1242250.0,12260000.0,0.0,2887000.0,2543750.0,14043750.0,0.22209702289170916,11500000.0,0.1818685011663306,1095750.0,9813750.0,0.15520104376705018,2766750.0,6791500.0,0.10740521092792472,0.0185,0.0185,366330303,366330303,,,1620596819,17:46:59,20210509
35,2011-01-31,PRT.AX,AUD,2011-01-31,2011-01-31,Q1,63232500.0,31903250.0,31329250.0,0.4954611947969794,0.0,4393250.0,632250.0,1242250.0,12260000.0,0.0,2887000.0,2543750.0,14043750.0,0.22209702289170916,11500000.0,0.1818685011663306,1095750.0,9813750.0,0.15520104376705018,2766750.0,6791500.0,0.10740521092792472,0.0185,0.0185,366330303,366330303,,,1620596819,17:46:59,20210509
36,2010-09-30,PRT.AX,AUD,2010-09-30,2010-09-30,Q3,59521500.0,0.0,59521500.0,1.0,0.0,941250.0,17749000.0,1458750.0,30112500.0,0.0,2810750.0,2674500.0,10718750.0,0.18008198718110263,8044250.0,0.13514864376737817,-8983750.0,-3666750.0,-0.06160379022706081,1960250.0,-13614750.0,-0.22873667498298933,-0.0375,-0.0375,363522662,363522662,,,1620596819,17:46:59,20210509
37,2010-06-30,PRT.AX,AUD,2010-06-30,2010-06-30,Q2,59521500.0,0.0,59521500.0,1.0,0.0,941250.0,17749000.0,1458750.0,30112500.0,0.0,2810750.0,2674500.0,10718750.0,0.18008198718110263,8044250.0,0.13514864376737817,-8983750.0,-3666750.0,-0.06160379022706081,1960250.0,-13614750.0,-0.22873667498298933,-0.0375,-0.0375,363522662,363522662,,,1620596819,17:46:59,20210509
38,2010-03-31,PRT.AX,AUD,2010-03-31,2010-03-31,Q1,59521500.0,0.0,59521500.0,1.0,0.0,941250.0,17749000.0,1458750.0,30112500.0,0.0,2810750.0,2674500.0,10718750.0,0.18008198718110263,8044250.0,0.13514864376737817,-8983750.0,-3666750.0,-0.06160379022706081,1960250.0,-13614750.0,-0.22873667498298933,-0.0375,-0.0375,363522662,363522662,,,1620596819,17:46:59,20210509
39,2010-01-31,PRT.AX,AUD,2010-01-31,2010-01-31,Q1,59521500.0,0.0,59521500.0,1.0,0.0,941250.0,17749000.0,1458750.0,30112500.0,0.0,2810750.0,2674500.0,10718750.0,0.18008198718110263,8044250.0,0.13514864376737817,-8983750.0,-3666750.0,-0.06160379022706081,1960250.0,-13614750.0,-0.22873667498298933,-0.0375,-0.0375,363522662,363522662,,,1620596819,17:46:59,20210509
40,2009-09-30,PRT.AX,AUD,2009-09-30,2009-09-30,Q3,68051500.0,37749500.0,30302000.0,0.4452804126286709,0.0,0.0,28671750.0,1630750.0,37217250.0,0.0,10600000.0,3824500.0,1630250.0,0.02395612146683027,-2194250.0,-0.03224396229326319,893750.0,-11700250.0,-0.17193228657707765,-314250.0,-11108750.0,-0.16324034003658994,-0.06125,-0.06125,181129271,181129271,,,1620596819,17:46:59,20210509
41,2009-06-30,PRT.AX,AUD,2009-06-30,2009-06-30,Q2,68051500.0,37749500.0,30302000.0,0.4452804126286709,0.0,0.0,28671750.0,1630750.0,37217250.0,0.0,10600000.0,3824500.0,1630250.0,0.02395612146683027,-2194250.0,-0.03224396229326319,893750.0,-11700250.0,-0.17193228657707765,-314250.0,-11108750.0,-0.16324034003658994,-0.06125,-0.06125,181129271,181129271,,,1620596819,17:46:59,20210509
42,2009-03-31,PRT.AX,AUD,2009-03-31,2009-03-31,Q1,68051500.0,37749500.0,30302000.0,0.4452804126286709,0.0,0.0,28671750.0,1630750.0,37217250.0,0.0,10600000.0,3824500.0,1630250.0,0.02395612146683027,-2194250.0,-0.03224396229326319,893750.0,-11700250.0,-0.17193228657707765,-314250.0,-11108750.0,-0.16324034003658994,-0.06125,-0.06125,181129271,181129271,,,1620596819,17:46:59,20210509
43,2009-01-31,PRT.AX,AUD,2009-01-31,2009-01-31,Q1,68051500.0,37749500.0,30302000.0,0.4452804126286709,0.0,0.0,28671750.0,1630750.0,37217250.0,0.0,10600000.0,3824500.0,1630250.0,0.02395612146683027,-2194250.0,-0.03224396229326319,893750.0,-11700250.0,-0.17193228657707765,-314250.0,-11108750.0,-0.16324034003658994,-0.06125,-0.06125,181129271,181129271,,,1620596819,17:46:59,20210509
44,2008-09-30,PRT.AX,AUD,2008-09-30,2008-09-30,Q3,64214750.0,0.0,64214750.0,1.0,0.0,0.0,22022750.0,3058500.0,31803000.0,0.0,4328000.0,3190750.0,10389000.0,0.16178525961714404,7198250.0,0.11209651988055704,2161750.0,5327000.0,0.08295601867172261,1792750.0,3510250.0,0.05466423212735392,0.0242655,0.02404475,144566614,145987755,,,1620596819,17:46:59,20210509
45,2008-06-30,PRT.AX,AUD,2008-06-30,2008-06-30,Q2,64214750.0,0.0,64214750.0,1.0,0.0,0.0,22022750.0,3058500.0,31803000.0,0.0,4328000.0,3190750.0,10389000.0,0.16178525961714404,7198250.0,0.11209651988055704,2161750.0,5327000.0,0.08295601867172261,1792750.0,3510250.0,0.05466423212735392,0.0242655,0.02404475,144566614,145987755,,,1620596819,17:46:59,20210509
46,2008-03-31,PRT.AX,AUD,2008-03-31,2008-03-31,Q1,64214750.0,0.0,64214750.0,1.0,0.0,0.0,22022750.0,3058500.0,31803000.0,0.0,4328000.0,3190750.0,10389000.0,0.16178525961714404,7198250.0,0.11209651988055704,2161750.0,5327000.0,0.08295601867172261,1792750.0,3510250.0,0.05466423212735392,0.0242655,0.02404475,144566614,145987755,,,1620596819,17:46:59,20210509
47,2008-01-31,PRT.AX,AUD,2008-01-31,2008-01-31,Q1,64214750.0,0.0,64214750.0,1.0,0.0,0.0,22022750.0,3058500.0,31803000.0,0.0,4328000.0,3190750.0,10389000.0,0.16178525961714404,7198250.0,0.11209651988055704,2161750.0,5327000.0,0.08295601867172261,1792750.0,3510250.0,0.05466423212735392,0.0242655,0.02404475,144566614,145987755,,,1620596819,17:46:59,20210509
48,2007-09-30,PRT.AX,AUD,2007-09-30,2007-09-30,Q3,50625000.0,0.0,50625000.0,1.0,0.0,0.0,12558000.0,2233500.0,24516500.0,0.0,3005500.0,2378750.0,13550500.0,0.2676641975308642,11171750.0,0.22067654320987654,2410750.0,10771000.0,0.2127604938271605,2753750.0,8118000.0,0.16035555555555556,0.05735475,0.057134,141647370,142086941,,,1620596819,17:46:59,20210509
49,2007-06-30,PRT.AX,AUD,2007-06-30,2007-06-30,Q2,50625000.0,0.0,50625000.0,1.0,0.0,0.0,12558000.0,2233500.0,24516500.0,0.0,3005500.0,2378750.0,13550500.0,0.2676641975308642,11171750.0,0.22067654320987654,2410750.0,10771000.0,0.2127604938271605,2753750.0,8118000.0,0.16035555555555556,0.05735475,0.057134,141647370,142086941,,,1620596819,17:46:59,20210509
50,2007-03-31,PRT.AX,AUD,2007-03-31,2007-03-31,Q1,50625000.0,0.0,50625000.0,1.0,0.0,0.0,12558000.0,2233500.0,24516500.0,0.0,3005500.0,2378750.0,13550500.0,0.2676641975308642,11171750.0,0.22067654320987654,2410750.0,10771000.0,0.2127604938271605,2753750.0,8118000.0,0.16035555555555556,0.05735475,0.057134,141647370,142086941,,,1620596819,17:46:59,20210509
51,2007-01-31,PRT.AX,AUD,2007-01-31,2007-01-31,Q1,50625000.0,0.0,50625000.0,1.0,0.0,0.0,12558000.0,2233500.0,24516500.0,0.0,3005500.0,2378750.0,13550500.0,0.2676641975308642,11171750.0,0.22067654320987654,2410750.0,10771000.0,0.2127604938271605,2753750.0,8118000.0,0.16035555555555556,0.05735475,0.057134,141647370,142086941,,,1620596819,17:46:59,20210509
52,2006-09-30,PRT.AX,AUD,2006-09-30,2006-09-30,Q3,44946000.0,0.0,44946000.0,1.0,0.0,0.0,11119750.0,2928250.0,21824500.0,0.0,2719750.0,2475000.0,12001750.0,0.2670259867396431,9526750.0,0.21195990744448895,3272250.0,10305000.0,0.22927513015618742,3085500.0,7623500.0,0.16961464868953854,0.05404575,0.05404575,141146225,141146225,,,1620596819,17:46:59,20210509
53,2006-06-30,PRT.AX,AUD,2006-06-30,2006-06-30,Q2,44946000.0,0.0,44946000.0,1.0,0.0,0.0,11119750.0,2928250.0,21824500.0,0.0,2719750.0,2475000.0,12001750.0,0.2670259867396431,9526750.0,0.21195990744448895,3272250.0,10305000.0,0.22927513015618742,3085500.0,7623500.0,0.16961464868953854,0.05404575,0.05404575,141146225,141146225,,,1620596819,17:46:59,20210509
54,2006-03-31,PRT.AX,AUD,2006-03-31,2006-03-31,Q1,44946000.0,0.0,44946000.0,1.0,0.0,0.0,11119750.0,2928250.0,21824500.0,0.0,2719750.0,2475000.0,12001750.0,0.2670259867396431,9526750.0,0.21195990744448895,3272250.0,10305000.0,0.22927513015618742,3085500.0,7623500.0,0.16961464868953854,0.05404575,0.05404575,141146225,141146225,,,1620596819,17:46:59,20210509
55,2006-01-31,PRT.AX,AUD,2006-01-31,2006-01-31,Q1,44946000.0,0.0,44946000.0,1.0,0.0,0.0,11119750.0,2928250.0,21824500.0,0.0,2719750.0,2475000.0,12001750.0,0.2670259867396431,9526750.0,0.21195990744448895,3272250.0,10305000.0,0.22927513015618742,3085500.0,7623500.0,0.16961464868953854,0.05404575,0.05404575,141146225,141146225,,,1620596819,17:46:59,20210509
56,2005-09-30,PRT.AX,AUD,2005-09-30,2005-09-30,Q3,46770500.0,24812750.0,46770500.0,1.0,0.0,0.0,12009500.0,29750.0,24812750.0,0.0,2346000.0,2636500.0,12584750.0,0.2690745234709913,9948250.0,0.21270352038143703,29750.0,7807500.0,0.16693214740060508,7807500.0,5153750.0,0.11019232208336452,0.03661875,0.03661875,140683811,140683811,,,1620596819,17:46:59,20210509
57,2005-06-30,PRT.AX,AUD,2005-06-30,2005-06-30,Q2,46770500.0,24812750.0,46770500.0,1.0,0.0,0.0,12009500.0,29750.0,24812750.0,0.0,2346000.0,2636500.0,12584750.0,0.2690745234709913,9948250.0,0.21270352038143703,29750.0,7807500.0,0.16693214740060508,7807500.0,5153750.0,0.11019232208336452,0.03661875,0.03661875,140683811,140683811,,,1620596819,17:46:59,20210509
58,2005-03-31,PRT.AX,AUD,2005-03-31,2005-03-31,Q1,46770500.0,24812750.0,46770500.0,1.0,0.0,0.0,12009500.0,29750.0,24812750.0,0.0,2346000.0,2636500.0,12584750.0,0.2690745234709913,9948250.0,0.21270352038143703,29750.0,7807500.0,0.16693214740060508,7807500.0,5153750.0,0.11019232208336452,0.03661875,0.03661875,140683811,140683811,,,1620596819,17:46:59,20210509
59,2005-01-31,PRT.AX,AUD,2005-01-31,2005-01-31,Q1,46770500.0,24812750.0,46770500.0,1.0,0.0,0.0,12009500.0,29750.0,24812750.0,0.0,2346000.0,2636500.0,12584750.0,0.2690745234709913,9948250.0,0.21270352038143703,29750.0,7807500.0,0.16693214740060508,7807500.0,5153750.0,0.11019232208336452,0.03661875,0.03661875,140683811,140683811,,,1620596819,17:46:59,20210509
60,2004-09-30,PRT.AX,AUD,2004-09-30,2004-09-30,Q3,41704500.0,21770250.0,19934250.0,0.47798798690788763,0.0,0.0,11544000.0,367000.0,0.0,0.0,2491000.0,2228000.0,10618250.0,0.2546068170101548,8390250.0,0.2011833255404093,367000.0,6506000.0,0.1560023498663214,6506000.0,4055500.0,0.09724370271793212,0.0291185,0.0291185,139123786,139123786,,,1620596819,17:46:59,20210509
61,2004-06-30,PRT.AX,AUD,2004-06-30,2004-06-30,Q2,41704500.0,21770250.0,19934250.0,0.47798798690788763,0.0,0.0,11544000.0,367000.0,0.0,0.0,2491000.0,2228000.0,10618250.0,0.2546068170101548,8390250.0,0.2011833255404093,367000.0,6506000.0,0.1560023498663214,6506000.0,4055500.0,0.09724370271793212,0.0291185,0.0291185,139123786,139123786,,,1620596819,17:46:59,20210509
62,2004-03-31,PRT.AX,AUD,2004-03-31,2004-03-31,Q1,41704500.0,21770250.0,19934250.0,0.47798798690788763,0.0,0.0,11544000.0,367000.0,0.0,0.0,2491000.0,2228000.0,10618250.0,0.2546068170101548,8390250.0,0.2011833255404093,367000.0,6506000.0,0.1560023498663214,6506000.0,4055500.0,0.09724370271793212,0.0291185,0.0291185,139123786,139123786,,,1620596819,17:46:59,20210509
63,2004-01-31,PRT.AX,AUD,2004-01-31,2004-01-31,Q1,41704500.0,21770250.0,19934250.0,0.47798798690788763,0.0,0.0,11544000.0,367000.0,0.0,0.0,2491000.0,2228000.0,10618250.0,0.2546068170101548,8390250.0,0.2011833255404093,367000.0,6506000.0,0.1560023498663214,6506000.0,4055500.0,0.09724370271793212,0.0291185,0.0291185,139123786,139123786,,,1620596819,17:46:59,20210509
64,2003-09-30,PRT.AX,AUD,2003-09-30,2003-09-30,Q3,36882500.0,20706500.0,16176000.0,0.43858198332542536,0.0,0.0,11842250.0,167750.0,0.0,0.0,2034750.0,0.0,4605250.0,8.008794310840889,4333750.0,0.11750152511353623,167750.0,2570500.0,0.06969429946451569,2570500.0,0.0,0.0,0.019633,0.019633,132227379,132227379,,,1620596819,17:46:59,20210509
65,2003-06-30,PRT.AX,AUD,2003-06-30,2003-06-30,Q2,36882500.0,20706500.0,16176000.0,0.43858198332542536,0.0,0.0,11842250.0,167750.0,0.0,0.0,2034750.0,0.0,4605250.0,8.008794310840889,4333750.0,0.11750152511353623,167750.0,2570500.0,0.06969429946451569,2570500.0,0.0,0.0,0.019633,0.019633,132227379,132227379,,,1620596819,17:46:59,20210509
66,2003-03-31,PRT.AX,AUD,2003-03-31,2003-03-31,Q1,36882500.0,20706500.0,16176000.0,0.43858198332542536,0.0,0.0,11842250.0,167750.0,0.0,0.0,2034750.0,0.0,4605250.0,8.008794310840889,4333750.0,0.11750152511353623,167750.0,2570500.0,0.06969429946451569,2570500.0,0.0,0.0,0.019633,0.019633,132227379,132227379,,,1620596819,17:46:59,20210509
67,2003-01-31,PRT.AX,AUD,2003-01-31,2003-01-31,Q1,36882500.0,20706500.0,16176000.0,0.43858198332542536,0.0,0.0,11842250.0,167750.0,0.0,0.0,2034750.0,0.0,4605250.0,8.008794310840889,4333750.0,0.11750152511353623,167750.0,2570500.0,0.06969429946451569,2570500.0,0.0,0.0,0.019633,0.019633,132227379,132227379,,,1620596819,17:46:59,20210509
68,2002-09-30,PRT.AX,AUD,2002-09-30,2002-09-30,Q3,35234000.0,18732000.0,16502000.0,0.46835443037974683,0.0,0.0,10713000.0,67000.0,17890250.0,0.0,1927250.0,1969500.0,7758500.0,0.22019923937106203,5789000.0,0.16430152693421127,67000.0,4400000.0,0.12487937787364478,4400000.0,0.0,0.0,0.012574,0.012574,124817617,124817617,,,1620596819,17:46:59,20210509
69,2002-06-30,PRT.AX,AUD,2002-06-30,2002-06-30,Q2,35234000.0,18732000.0,16502000.0,0.46835443037974683,0.0,0.0,10713000.0,67000.0,17890250.0,0.0,1927250.0,1969500.0,7758500.0,0.22019923937106203,5789000.0,0.16430152693421127,67000.0,4400000.0,0.12487937787364478,4400000.0,0.0,0.0,0.012574,0.012574,124817617,124817617,,,1620596819,17:46:59,20210509
70,2002-03-31,PRT.AX,AUD,2002-03-31,2002-03-31,Q1,35234000.0,18732000.0,16502000.0,0.46835443037974683,0.0,0.0,10713000.0,67000.0,17890250.0,0.0,1927250.0,1969500.0,7758500.0,0.22019923937106203,5789000.0,0.16430152693421127,67000.0,4400000.0,0.12487937787364478,4400000.0,0.0,0.0,0.012574,0.012574,124817617,124817617,,,1620596819,17:46:59,20210509
71,2002-01-31,PRT.AX,AUD,2002-01-31,2002-01-31,Q1,35234000.0,18732000.0,16502000.0,0.46835443037974683,0.0,0.0,10713000.0,67000.0,17890250.0,0.0,1927250.0,1969500.0,7758500.0,0.22019923937106203,5789000.0,0.16430152693421127,67000.0,4400000.0,0.12487937787364478,4400000.0,0.0,0.0,0.012574,0.012574,124817617,124817617,,,1620596819,17:46:59,20210509
72,2001-09-30,PRT.AX,AUD,2001-09-30,2001-09-30,Q3,41200250.0,0.0,41200250.0,1.0,0.0,0.0,10481750.0,43750.0,29383250.0,0.0,4116000.0,1739500.0,3074750.0,0.07462940152062184,1335250.0,0.032408783927282,43750.0,-1090250.0,-0.026462218069065114,-1090250.0,0.0,0.0,-0.00750025,-0.00750025,123204802,161146542,,,1620596819,17:46:59,20210509
73,2001-06-30,PRT.AX,AUD,2001-06-30,2001-06-30,Q2,41200250.0,0.0,41200250.0,1.0,0.0,0.0,10481750.0,43750.0,29383250.0,0.0,4116000.0,1739500.0,3074750.0,0.07462940152062184,1335250.0,0.032408783927282,43750.0,-1090250.0,-0.026462218069065114,-1090250.0,0.0,0.0,-0.00750025,-0.00750025,123204802,161146542,,,1620596819,17:46:59,20210509
74,2001-03-31,PRT.AX,AUD,2001-03-31,2001-03-31,Q1,41200250.0,0.0,41200250.0,1.0,0.0,0.0,10481750.0,43750.0,29383250.0,0.0,4116000.0,1739500.0,3074750.0,0.07462940152062184,1335250.0,0.032408783927282,43750.0,-1090250.0,-0.026462218069065114,-1090250.0,0.0,0.0,-0.00750025,-0.00750025,123204802,161146542,,,1620596819,17:46:59,20210509
75,2001-01-31,PRT.AX,AUD,2001-01-31,2001-01-31,Q1,41200250.0,0.0,41200250.0,1.0,0.0,0.0,10481750.0,43750.0,29383250.0,0.0,4116000.0,1739500.0,3074750.0,0.07462940152062184,1335250.0,0.032408783927282,43750.0,-1090250.0,-0.026462218069065114,-1090250.0,0.0,0.0,-0.00750025,-0.00750025,123204802,161146542,,,1620596819,17:46:59,20210509
76,2000-09-30,PRT.AX,AUD,2000-09-30,2000-09-30,Q3,0.0,0.0,0.0,0.0,0.0,0.0,0.0,0.0,0.0,0.0,4350750.0,0.0,5585750.0,0.0,0.0,0.0,0.0,1235000.0,0.0,1235000.0,1633500.0,0.0,0.00161025,0.00161025,118824927,118824927,,,1620596819,17:46:59,20210509
77,2000-06-30,PRT.AX,AUD,2000-06-30,2000-06-30,Q2,0.0,0.0,0.0,0.0,0.0,0.0,0.0,0.0,0.0,0.0,4350750.0,0.0,5585750.0,0.0,0.0,0.0,0.0,1235000.0,0.0,1235000.0,1633500.0,0.0,0.00161025,0.00161025,118824927,118824927,,,1620596819,17:46:59,20210509
78,2000-03-31,PRT.AX,AUD,2000-03-31,2000-03-31,Q1,0.0,0.0,0.0,0.0,0.0,0.0,0.0,0.0,0.0,0.0,4350750.0,0.0,5585750.0,0.0,0.0,0.0,0.0,1235000.0,0.0,1235000.0,1633500.0,0.0,0.00161025,0.00161025,118824927,118824927,,,1620596819,17:46:59,20210509
79,2000-01-31,PRT.AX,AUD,2000-01-31,2000-01-31,Q1,0.0,0.0,0.0,0.0,0.0,0.0,0.0,0.0,0.0,0.0,4350750.0,0.0,5585750.0,0.0,0.0,0.0,0.0,1235000.0,0.0,1235000.0,1633500.0,0.0,0.00161025,0.00161025,118824927,118824927,,,1620596819,17:46:59,20210509
80,1999-09-30,PRT.AX,AUD,1999-09-30,1999-09-30,Q3,0.0,0.0,0.0,0.0,0.0,0.0,0.0,0.0,0.0,0.0,4243000.0,0.0,1213250.0,0.0,0.0,0.0,0.0,-3029750.0,0.0,-3029750.0,4634500.0,0.0,0.000397,0.000397,114203583,114203583,,,1620596819,17:46:59,20210509
81,1999-06-30,PRT.AX,AUD,1999-06-30,1999-06-30,Q2,0.0,0.0,0.0,0.0,0.0,0.0,0.0,0.0,0.0,0.0,4243000.0,0.0,1213250.0,0.0,0.0,0.0,0.0,-3029750.0,0.0,-3029750.0,4634500.0,0.0,0.000397,0.000397,114203583,114203583,,,1620596819,17:46:59,20210509
82,1999-03-31,PRT.AX,AUD,1999-03-31,1999-03-31,Q1,0.0,0.0,0.0,0.0,0.0,0.0,0.0,0.0,0.0,0.0,4243000.0,0.0,1213250.0,0.0,0.0,0.0,0.0,-3029750.0,0.0,-3029750.0,4634500.0,0.0,0.000397,0.000397,114203583,114203583,,,1620596819,17:46:59,20210509
83,1999-01-31,PRT.AX,AUD,1999-01-31,1999-01-31,Q1,0.0,0.0,0.0,0.0,0.0,0.0,0.0,0.0,0.0,0.0,4243000.0,0.0,1213250.0,0.0,0.0,0.0,0.0,-3029750.0,0.0,-3029750.0,4634500.0,0.0,0.000397,0.000397,114203583,114203583,,,1620596819,17:46:59,20210509
84,1998-09-30,PRT.AX,AUD,1998-09-30,1998-09-30,Q3,0.0,0.0,0.0,0.0,0.0,0.0,0.0,0.0,0.0,0.0,3013750.0,0.0,7619750.0,0.0,0.0,0.0,0.0,4606000.0,0.0,4606000.0,1298500.0,0.0,0.037501,0.037501,113095524,113095524,,,1620596819,17:46:59,20210509
85,1998-06-30,PRT.AX,AUD,1998-06-30,1998-06-30,Q2,0.0,0.0,0.0,0.0,0.0,0.0,0.0,0.0,0.0,0.0,3013750.0,0.0,7619750.0,0.0,0.0,0.0,0.0,4606000.0,0.0,4606000.0,1298500.0,0.0,0.037501,0.037501,113095524,113095524,,,1620596819,17:46:59,20210509
86,1998-03-31,PRT.AX,AUD,1998-03-31,1998-03-31,Q1,0.0,0.0,0.0,0.0,0.0,0.0,0.0,0.0,0.0,0.0,3013750.0,0.0,7619750.0,0.0,0.0,0.0,0.0,4606000.0,0.0,4606000.0,1298500.0,0.0,0.037501,0.037501,113095524,113095524,,,1620596819,17:46:59,20210509
87,1998-01-31,PRT.AX,AUD,1998-01-31,1998-01-31,Q1,0.0,0.0,0.0,0.0,0.0,0.0,0.0,0.0,0.0,0.0,3013750.0,0.0,7619750.0,0.0,0.0,0.0,0.0,4606000.0,0.0,4606000.0,1298500.0,0.0,0.037501,0.037501,113095524,113095524,,,1620596819,17:46:59,20210509
88,1997-09-30,PRT.AX,AUD,1997-09-30,1997-09-30,Q3,0.0,0.0,31519750.0,0.0,0.0,0.0,0.0,-31519750.0,465500.0,0.0,2222750.0,1588250.0,33108000.0,0.0,31519750.0,0.0,0.0,6338250.0,0.0,6338250.0,0.0,0.0,0.039707,0.039707,101291836,101291836,,,1620596819,17:46:59,20210509
89,1997-06-30,PRT.AX,AUD,1997-06-30,1997-06-30,Q2,0.0,0.0,31519750.0,0.0,0.0,0.0,0.0,-31519750.0,465500.0,0.0,2222750.0,1588250.0,33108000.0,0.0,31519750.0,0.0,0.0,6338250.0,0.0,6338250.0,0.0,0.0,0.039707,0.039707,101291836,101291836,,,1620596819,17:46:59,20210509
90,1997-03-31,PRT.AX,AUD,1997-03-31,1997-03-31,Q1,0.0,0.0,31519750.0,0.0,0.0,0.0,0.0,-31519750.0,465500.0,0.0,2222750.0,1588250.0,33108000.0,0.0,31519750.0,0.0,0.0,6338250.0,0.0,6338250.0,0.0,0.0,0.039707,0.039707,101291836,101291836,,,1620596819,17:46:59,20210509
91,1997-01-31,PRT.AX,AUD,1997-01-31,1997-01-31,Q1,0.0,0.0,31519750.0,0.0,0.0,0.0,0.0,-31519750.0,465500.0,0.0,2222750.0,1588250.0,33108000.0,0.0,31519750.0,0.0,0.0,6338250.0,0.0,6338250.0,0.0,0.0,0.039707,0.039707,101291836,101291836,,,1620596819,17:46:59,20210509
92,1996-09-30,PRT.AX,AUD,1996-09-30,1996-09-30,Q3,0.0,0.0,24390250.0,0.0,0.0,0.0,0.0,-23025000.0,0.0,0.0,2202750.0,1365250.0,24390250.0,0.0,23025000.0,0.0,0.0,5194250.0,0.0,5194250.0,0.0,0.0,0.034854,0.03441275,98291980,98291980,,,1620596819,17:46:59,20210509
93,1996-06-30,PRT.AX,AUD,1996-06-30,1996-06-30,Q2,0.0,0.0,24390250.0,0.0,0.0,0.0,0.0,-23025000.0,0.0,0.0,2202750.0,1365250.0,24390250.0,0.0,23025000.0,0.0,0.0,5194250.0,0.0,5194250.0,0.0,0.0,0.034854,0.03441275,98291980,98291980,,,1620596819,17:46:59,20210509
94,1996-03-31,PRT.AX,AUD,1996-03-31,1996-03-31,Q1,0.0,0.0,24390250.0,0.0,0.0,0.0,0.0,-23025000.0,0.0,0.0,2202750.0,1365250.0,24390250.0,0.0,23025000.0,0.0,0.0,5194250.0,0.0,5194250.0,0.0,0.0,0.034854,0.03441275,98291980,98291980,,,1620596819,17:46:59,20210509
95,1996-01-31,PRT.AX,AUD,1996-01-31,1996-01-31,Q1,0.0,0.0,24390250.0,0.0,0.0,0.0,0.0,-23025000.0,0.0,0.0,2202750.0,1365250.0,24390250.0,0.0,23025000.0,0.0,0.0,5194250.0,0.0,5194250.0,0.0,0.0,0.034854,0.03441275,98291980,98291980,,,1620596819,17:46:59,20210509
96,1995-09-30,PRT.AX,AUD,1995-09-30,1995-09-30,Q3,0.0,0.0,23144500.0,0.0,0.0,0.0,0.0,-21826250.0,0.0,0.0,2915000.0,1318250.0,23144500.0,0.0,21826250.0,0.0,0.0,3827250.0,0.0,3827250.0,0.0,0.0,0.034854,0.03441275,86871803,86871803,,,1620596819,17:46:59,20210509
97,1995-06-30,PRT.AX,AUD,1995-06-30,1995-06-30,Q2,0.0,0.0,23144500.0,0.0,0.0,0.0,0.0,-21826250.0,0.0,0.0,2915000.0,1318250.0,23144500.0,0.0,21826250.0,0.0,0.0,3827250.0,0.0,3827250.0,0.0,0.0,0.034854,0.03441275,86871803,86871803,,,1620596819,17:46:59,20210509
98,1995-03-31,PRT.AX,AUD,1995-03-31,1995-03-31,Q1,0.0,0.0,23144500.0,0.0,0.0,0.0,0.0,-21826250.0,0.0,0.0,2915000.0,1318250.0,23144500.0,0.0,21826250.0,0.0,0.0,3827250.0,0.0,3827250.0,0.0,0.0,0.034854,0.03441275,86871803,86871803,,,1620596819,17:46:59,20210509
99,1995-01-31,PRT.AX,AUD,1995-01-31,1995-01-31,Q1,0.0,0.0,23144500.0,0.0,0.0,0.0,0.0,-21826250.0,0.0,0.0,2915000.0,1318250.0,23144500.0,0.0,21826250.0,0.0,0.0,3827250.0,0.0,3827250.0,0.0,0.0,0.034854,0.03441275,86871803,86871803,,,1620596819,17:46:59,20210509
100,1994-09-30,PRT.AX,AUD,1994-09-30,1994-09-30,Q3,0.0,0.0,21299750.0,0.0,0.0,0.0,0.0,-20113750.0,0.0,0.0,2916250.0,1186000.0,21299750.0,0.0,20113750.0,0.0,0.0,2778750.0,0.0,2778750.0,0.0,0.0,0.033751,0.0335305,82872562,82872562,,,1620596819,17:46:59,20210509
101,1994-06-30,PRT.AX,AUD,1994-06-30,1994-06-30,Q2,0.0,0.0,21299750.0,0.0,0.0,0.0,0.0,-20113750.0,0.0,0.0,2916250.0,1186000.0,21299750.0,0.0,20113750.0,0.0,0.0,2778750.0,0.0,2778750.0,0.0,0.0,0.033751,0.0335305,82872562,82872562,,,1620596819,17:46:59,20210509
102,1994-03-31,PRT.AX,AUD,1994-03-31,1994-03-31,Q1,0.0,0.0,21299750.0,0.0,0.0,0.0,0.0,-20113750.0,0.0,0.0,2916250.0,1186000.0,21299750.0,0.0,20113750.0,0.0,0.0,2778750.0,0.0,2778750.0,0.0,0.0,0.033751,0.0335305,82872562,82872562,,,1620596819,17:46:59,20210509
103,1994-01-31,PRT.AX,AUD,1994-01-31,1994-01-31,Q1,0.0,0.0,21299750.0,0.0,0.0,0.0,0.0,-20113750.0,0.0,0.0,2916250.0,1186000.0,21299750.0,0.0,20113750.0,0.0,0.0,2778750.0,0.0,2778750.0,0.0,0.0,0.033751,0.0335305,82872562,82872562,,,1620596819,17:46:59,20210509
104,1993-09-30,PRT.AX,AUD,1993-09-30,1993-09-30,Q3,0.0,0.0,21497000.0,0.0,0.0,0.0,0.0,-20465750.0,0.0,0.0,3702000.0,1031250.0,21497000.0,0.0,20465750.0,0.0,0.0,1856000.0,0.0,1856000.0,0.0,0.0,0.0335305,0.03308925,53310432,53310432,,,1620596819,17:46:59,20210509
105,1993-06-30,PRT.AX,AUD,1993-06-30,1993-06-30,Q2,0.0,0.0,21497000.0,0.0,0.0,0.0,0.0,-20465750.0,0.0,0.0,3702000.0,1031250.0,21497000.0,0.0,20465750.0,0.0,0.0,1856000.0,0.0,1856000.0,0.0,0.0,0.0335305,0.03308925,53310432,53310432,,,1620596819,17:46:59,20210509
106,1993-03-31,PRT.AX,AUD,1993-03-31,1993-03-31,Q1,0.0,0.0,21497000.0,0.0,0.0,0.0,0.0,-20465750.0,0.0,0.0,3702000.0,1031250.0,21497000.0,0.0,20465750.0,0.0,0.0,1856000.0,0.0,1856000.0,0.0,0.0,0.0335305,0.03308925,53310432,53310432,,,1620596819,17:46:59,20210509
107,1993-01-31,PRT.AX,AUD,1993-01-31,1993-01-31,Q1,0.0,0.0,21497000.0,0.0,0.0,0.0,0.0,-20465750.0,0.0,0.0,3702000.0,1031250.0,21497000.0,0.0,20465750.0,0.0,0.0,1856000.0,0.0,1856000.0,0.0,0.0,0.0335305,0.03308925,53310432,53310432,,,1620596819,17:46:59,20210509
108,1992-09-30,PRT.AX,AUD,1992-09-30,1992-09-30,Q3,0.0,0.0,15052750.0,0.0,0.0,0.0,0.0,-14336750.0,0.0,0.0,3855750.0,716000.0,15052750.0,0.0,14336750.0,0.0,0.0,134000.0,0.0,134000.0,0.0,0.0,0.00308825,0.00308825,44993143,44993143,,,1620596819,17:46:59,20210509
109,1992-06-30,PRT.AX,AUD,1992-06-30,1992-06-30,Q2,0.0,0.0,15052750.0,0.0,0.0,0.0,0.0,-14336750.0,0.0,0.0,3855750.0,716000.0,15052750.0,0.0,14336750.0,0.0,0.0,134000.0,0.0,134000.0,0.0,0.0,0.00308825,0.00308825,44993143,44993143,,,1620596819,17:46:59,20210509
110,1992-03-31,PRT.AX,AUD,1992-03-31,1992-03-31,Q1,0.0,0.0,15052750.0,0.0,0.0,0.0,0.0,-14336750.0,0.0,0.0,3855750.0,716000.0,15052750.0,0.0,14336750.0,0.0,0.0,134000.0,0.0,134000.0,0.0,0.0,0.00308825,0.00308825,44993143,44993143,,,1620596819,17:46:59,20210509
111,1992-01-31,PRT.AX,AUD,1992-01-31,1992-01-31,Q1,0.0,0.0,15052750.0,0.0,0.0,0.0,0.0,-14336750.0,0.0,0.0,3855750.0,716000.0,15052750.0,0.0,14336750.0,0.0,0.0,134000.0,0.0,134000.0,0.0,0.0,0.00308825,0.00308825,44993143,44993143,,,1620596819,17:46:59,20210509
112,1991-09-30,PRT.AX,AUD,1991-09-30,1991-09-30,Q3,0.0,0.0,9288500.0,0.0,0.0,0.0,0.0,-8749000.0,0.0,0.0,3568250.0,539500.0,9288500.0,0.0,8749000.0,0.0,0.0,-128500.0,0.0,-128500.0,3193750.0,0.0,0.008718224983970272,0.008718224983970272,366330303,366330303,,,1620596819,17:46:59,20210509
113,1991-06-30,PRT.AX,AUD,1991-06-30,1991-06-30,Q2,0.0,0.0,9288500.0,0.0,0.0,0.0,0.0,-8749000.0,0.0,0.0,3568250.0,539500.0,9288500.0,0.0,8749000.0,0.0,0.0,-128500.0,0.0,-128500.0,3193750.0,0.0,0.008718224983970272,0.008718224983970272,366330303,366330303,,,1620596819,17:46:59,20210509
114,1991-03-31,PRT.AX,AUD,1991-03-31,1991-03-31,Q1,0.0,0.0,9288500.0,0.0,0.0,0.0,0.0,-8749000.0,0.0,0.0,3568250.0,539500.0,9288500.0,0.0,8749000.0,0.0,0.0,-128500.0,0.0,-128500.0,3193750.0,0.0,0.008718224983970272,0.008718224983970272,366330303,366330303,,,1620596819,17:46:59,20210509
115,1991-01-31,PRT.AX,AUD,1991-01-31,1991-01-31,Q1,0.0,0.0,9288500.0,0.0,0.0,0.0,0.0,-8749000.0,0.0,0.0,3568250.0,539500.0,9288500.0,0.0,8749000.0,0.0,0.0,-128500.0,0.0,-128500.0,3193750.0,0.0,0.008718224983970272,0.008718224983970272,366330303,366330303,,,1620596819,17:46:59,20210509
116,1990-09-30,PRT.AX,AUD,1990-09-30,1990-09-30,Q3,0.0,0.0,9600000.0,0.0,0.0,0.0,0.0,-9237250.0,0.0,0.0,4049750.0,362750.0,9600000.0,0.0,9237250.0,0.0,0.0,-2801250.0,0.0,-2801250.0,-8340250.0,0.0,-0.022767021815282368,-0.022767021815282368,366330303,366330303,,,1620596819,17:46:59,20210509
117,1990-06-30,PRT.AX,AUD,1990-06-30,1990-06-30,Q2,0.0,0.0,9600000.0,0.0,0.0,0.0,0.0,-9237250.0,0.0,0.0,4049750.0,362750.0,9600000.0,0.0,9237250.0,0.0,0.0,-2801250.0,0.0,-2801250.0,-8340250.0,0.0,-0.022767021815282368,-0.022767021815282368,366330303,366330303,,,1620596819,17:46:59,20210509
118,1990-03-31,PRT.AX,AUD,1990-03-31,1990-03-31,Q1,0.0,0.0,9600000.0,0.0,0.0,0.0,0.0,-9237250.0,0.0,0.0,4049750.0,362750.0,9600000.0,0.0,9237250.0,0.0,0.0,-2801250.0,0.0,-2801250.0,-8340250.0,0.0,-0.022767021815282368,-0.022767021815282368,366330303,366330303,,,1620596819,17:46:59,20210509
119,1990-01-31,PRT.AX,AUD,1990-01-31,1990-01-31,Q1,0.0,0.0,9600000.0,0.0,0.0,0.0,0.0,-9237250.0,0.0,0.0,4049750.0,362750.0,9600000.0,0.0,9237250.0,0.0,0.0,-2801250.0,0.0,-2801250.0,-8340250.0,0.0,-0.022767021815282368,-0.022767021815282368,366330303,366330303,,,1620596819,17:46:59,20210509
120,1989-09-30,PRT.AX,AUD,1989-09-30,1989-09-30,Q3,0.0,0.0,7325000.0,0.0,0.0,0.0,0.0,-6857750.0,0.0,0.0,2564000.0,467250.0,7325000.0,0.0,6857750.0,0.0,0.0,-138500.0,0.0,-138500.0,-581250.0,0.0,-0.001586682824871302,-0.001586682824871302,366330303,366330303,,,1620596819,17:46:59,20210509
121,1989-06-30,PRT.AX,AUD,1989-06-30,1989-06-30,Q2,0.0,0.0,7325000.0,0.0,0.0,0.0,0.0,-6857750.0,0.0,0.0,2564000.0,467250.0,7325000.0,0.0,6857750.0,0.0,0.0,-138500.0,0.0,-138500.0,-581250.0,0.0,-0.001586682824871302,-0.001586682824871302,366330303,366330303,,,1620596819,17:46:59,20210509
122,1989-03-31,PRT.AX,AUD,1989-03-31,1989-03-31,Q1,0.0,0.0,7325000.0,0.0,0.0,0.0,0.0,-6857750.0,0.0,0.0,2564000.0,467250.0,7325000.0,0.0,6857750.0,0.0,0.0,-138500.0,0.0,-138500.0,-581250.0,0.0,-0.001586682824871302,-0.001586682824871302,366330303,366330303,,,1620596819,17:46:59,20210509
123,1989-01-31,PRT.AX,AUD,1989-01-31,1989-01-31,Q1,0.0,0.0,7325000.0,0.0,0.0,0.0,0.0,-6857750.0,0.0,0.0,2564000.0,467250.0,7325000.0,0.0,6857750.0,0.0,0.0,-138500.0,0.0,-138500.0,-581250.0,0.0,-0.001586682824871302,-0.001586682824871302,366330303,366330303,,,1620596819,17:46:59,20210509
