,date,symbol,reportedCurrency,fillingDate,acceptedDate,period,revenue,costOfRevenue,grossProfit,grossProfitRatio,researchAndDevelopmentExpenses,generalAndAdministrativeExpenses,sellingAndMarketingExpenses,otherExpenses,operatingExpenses,costAndExpenses,interestExpense,depreciationAndAmortization,ebitda,ebitdaratio,operatingIncome,operatingIncomeRatio,totalOtherIncomeExpensesNet,incomeBeforeTax,incomeBeforeTaxRatio,incomeTaxExpense,netIncome,netIncomeRatio,eps,epsdiluted,weightedAverageShsOut,weightedAverageShsOutDil,link,finalLink,timestamp,est_time,est_date
0,2021-03-31,PEBO,USD,2021-04-29,2021-04-29 16:01:00,Q1,50587000.0,0.0,0.0,0.0,0.0,23958000.0,911000.0,0.0,0.0,0.0,3384000.0,0.0,0.0,0.0,0.0,0.3748196176883389,0.0,18961000.0,0.3748196176883389,3780000.0,15181000.0,0.30009686283037146,0.8,0.79,19282665.0,19436311.0,https://www.sec.gov/Archives/edgar/data/318300/000031830021000190/0000318300-21-000190-index.htm,https://www.sec.gov/Archives/edgar/data/318300/000031830021000109/pebo-20201231.htm,1620596429,17:40:29,20210509
1,2020-12-31,PEBO,USD,2021-03-01,2021-03-01 17:01:58,Q4,48871000.0,0.0,48871000.0,1.0,0.0,22007000.0,540000.0,1584.0,-103899000.0,2101.0,3615000.0,0.000161,155003.000161,0.0031716764576333613,155003.0,0.5081950440956805,342.0,24836000.0,0.5081950440956805,4263000.0,20573000.0,0.4209653987027071,1.06,1.05,19302919.0,19442284.0,https://www.sec.gov/Archives/edgar/data/318300/000031830021000109/0000318300-21-000109-index.htm,https://www.sec.gov/Archives/edgar/data/318300/000031830021000109/pebo-20201231.htm,1620596429,17:40:29,20210509
2,2020-09-30,PEBO,USD,2020-10-28,2020-10-28 17:27:45,Q3,49794000.0,0.0,49794000.0,1.0,0.0,22101000.0,456000.0,342.0,456.0,456.0,3894000.0,0.0,12846000.0,0.32927485709891574,12846.0,0.0002579828895047596,33.0,12846000.0,0.2579828895047596,2636000.0,10210000.0,0.20504478451219021,0.52,0.51,19504503.0,19637689.0,https://www.sec.gov/Archives/edgar/data/318300/000031830020000344/0000318300-20-000344-index.htm,https://www.sec.gov/Archives/edgar/data/318300/000031830020000344/pebo-20200930.htm,1620596429,17:40:29,20210509
3,2020-06-30,PEBO,USD,2020-07-30,2020-07-30 06:20:32,Q2,47645000.0,0.0,0.0,0.0,0.0,20185000.0,632000.0,0.0,48000000.0,0.0,4446000.0,0.0,0.0,0.0,0.0,0.12351768286283975,0.0,5885000.0,0.12351768286283975,1136000.0,4749000.0,0.09967467730087103,0.24,0.23,19720315.0,19858880.0,https://www.sec.gov/Archives/edgar/data/318300/000031830020000262/0000318300-20-000262-index.htm,https://www.sec.gov/Archives/edgar/data/318300/000031830020000262/pebo-20200630.htm,1620596429,17:40:29,20210509
4,2020-03-31,PEBO,USD,2020-05-06 00:00:00,2020-05-06 15:52:09,Q1,48508000.0,0.0,0.0,0.0,0.0,21945000.0,473000.0,0.0,58000000.0,0.0,6226000.0,0.0,0.0,0.0,0.0,-0.0189865589181166,0.0,-921000.0,-0.0189865589181166,-156000.0,-765000.0,-0.01577059454110662,-0.03755971995472802,-0.037247639935974956,20367564.0,20538214.0,https://www.sec.gov/Archives/edgar/data/318300/000031830020000188/0000318300-20-000188-index.html,https://www.sec.gov/Archives/edgar/data/318300/000031830020000188/pebo-20200331.htm,1620596429,17:40:29,20210509
5,2019-12-31,PEBO,USD,2020-03-03 00:00:00,2020-03-02 17:53:11,Q4,50438000.0,0.0,0.0,0.0,0.0,20719000.0,573000.0,0.0,42000000.0,0.0,7168000.0,0.0,0.0,0.0,0.0,0.3494785677465403,0.0,17627000.0,0.3494785677465403,2767000.0,14860000.0,0.29461913636543874,0.7281634869132704,0.7213897948199455,20407505.0,20599127.0,https://www.sec.gov/Archives/edgar/data/318300/000031830020000106/0000318300-20-000106-index.html,https://www.sec.gov/Archives/edgar/data/318300/000031830020000106/pebo-20191231.htm,1620596429,17:40:29,20210509
6,2019-09-30,PEBO,USD,2019-10-30 00:00:00,2019-10-30 16:44:02,Q3,50077000.0,0.0,0.0,0.0,0.0,20771000.0,634000.0,0.0,42000000.0,0.0,7855000.0,0.0,0.0,0.0,0.0,0.36242187031970763,0.0,18149000.0,0.36242187031970763,3281000.0,14868000.0,0.2969027697346087,0.7282792834472473,0.721895841811005,20415245.0,20595769.0,https://www.sec.gov/Archives/edgar/data/318300/000031830019000245/0000318300-19-000245-index.html,https://www.sec.gov/Archives/edgar/data/318300/000031830019000245/pebo0930201910-q.htm,1620596429,17:40:29,20210509
7,2019-06-30,PEBO,USD,2019-08-01,2019-08-01 15:56:16,Q2,49645000.0,0.0,0.0,0.0,0.0,23089000.0,490000.0,0.0,47000000.0,0.0,7572000.0,0.0,0.0,0.0,0.0,0.23841273038573874,0.0,11836000.0,0.23841273038573874,2238000.0,9598000.0,0.19333266189948636,0.47,0.46,20277028.0,20442366.0,https://www.sec.gov/Archives/edgar/data/318300/000031830019000192/pebo0630201910q.htm,https://www.sec.gov/Archives/edgar/data/318300/000031830019000192/pebo0630201910q.htm,1620596429,17:40:29,20210509
8,2019-03-31,PEBO,USD,2019-05-01 00:00:00,2019-05-01 15:46:16,Q1,47766000.0,0.0,0.0,0.0,0.0,21329000.0,594000.0,0.0,38000000.0,0.0,6662000.0,0.0,0.0,0.0,0.0,0.3715194908512331,0.0,17746000.0,0.3715194908512331,3377000.0,14369000.0,0.3008206674203408,0.74,0.73,19366008.0,19508868.0,https://www.sec.gov/Archives/edgar/data/318300/000031830019000139/0000318300-19-000139-index.html,https://www.sec.gov/Archives/edgar/data/318300/000031830019000139/pebo0331201910q.htm,1620596429,17:40:29,20210509
9,2018-12-31,PEBO,USD,2019-03-01 00:00:00,2019-03-01 16:40:39,Q4,46650000.0,0.0,0.0,0.0,0.0,19404000.0,525000.0,0.0,38000000.0,0.0,6517000.0,0.0,0.0,0.0,0.0,0.35084673097534835,0.0,16367000.0,0.35084673097534835,2470000.0,13897000.0,0.2978992497320472,0.7186590670939629,0.7132719602255289,19337403.0,19483452.0,https://www.sec.gov/Archives/edgar/data/318300/000031830019000095/0000318300-19-000095-index.html,https://www.sec.gov/Archives/edgar/data/318300/000031830019000095/pebo1231201810k.htm,1620596429,17:40:29,20210509
10,2018-09-30,PEBO,USD,2018-11-07 00:00:00,2018-11-07 17:05:10,Q3,46125000.0,0.0,0.0,0.0,0.0,20012000.0,456000.0,0.0,38000000.0,0.0,6307000.0,0.0,0.0,0.0,0.0,0.33704065040650405,0.0,15546000.0,0.33704065040650405,2821000.0,12725000.0,0.27588075880758806,0.6584579086538549,0.6536748469771584,19325457.0,19466865.0,https://www.sec.gov/Archives/edgar/data/318300/000031830018000251/0000318300-18-000251-index.html,https://www.sec.gov/Archives/edgar/data/318300/000031830018000251/pebo09301810q.htm,1620596429,17:40:29,20210509
11,2018-06-30,PEBO,USD,2018-07-26 00:00:00,2018-07-26 17:06:50,Q2,44615000.0,0.0,0.0,0.0,0.0,20100000.0,656000.0,0.0,42000000.0,0.0,4961000.0,0.0,0.0,0.0,0.0,0.1995741342597781,0.0,8904000.0,0.1995741342597781,1012000.0,7892000.0,0.17689118009638014,0.4118841413541281,0.40905220292907707,19160728.0,19293381.0,https://www.sec.gov/Archives/edgar/data/318300/000031830018000192/0000318300-18-000192-index.html,https://www.sec.gov/Archives/edgar/data/318300/000031830018000192/pebo06301810q.htm,1620596429,17:40:29,20210509
12,2018-03-31,PEBO,USD,2018-04-27 00:00:00,2018-04-27 11:43:44,Q1,42800000.0,0.0,0.0,0.0,0.0,18022000.0,325000.0,0.0,34000000.0,0.0,3867000.0,0.0,0.0,0.0,0.0,0.33,0.0,14124000.0,0.33,2383000.0,11741000.0,0.27432242990654204,0.6477403923151872,0.6431297924220676,18126089.0,18256035.0,https://www.sec.gov/Archives/edgar/data/318300/000031830018000140/0000318300-18-000140-index.html,https://www.sec.gov/Archives/edgar/data/318300/000031830018000140/pebo03311810q.htm,1620596429,17:40:29,20210509
13,2017-12-31,PEBO,USD,2018-02-27 00:00:00,2018-02-27 15:40:01,Q4,41474000.0,0.0,0.0,0.0,0.0,16519000.0,592000.0,0.0,32000000.0,0.0,3650000.0,0.0,0.0,0.0,0.0,0.3457587886386652,0.0,14340000.0,0.3457587886386652,5339000.0,9001000.0,0.2170275353233351,0.5,0.49,18069467.0,18240092.0,https://www.sec.gov/Archives/edgar/data/318300/000031830018000089/0000318300-18-000089-index.html,https://www.sec.gov/Archives/edgar/data/318300/000031830018000089/pebo1231201710k.htm,1620596429,17:40:29,20210509
14,2017-09-30,PEBO,USD,2017-10-26 00:00:00,2017-10-26 16:31:17,Q3,42218000.0,0.0,0.0,0.0,0.0,17016000.0,488000.0,0.0,31000000.0,0.0,3508000.0,0.0,0.0,0.0,0.0,0.37950637168980056,0.0,16022000.0,0.37950637168980056,5127000.0,10895000.0,0.25806528021223174,0.6033937812614192,0.5981815828922373,18056202.0,18213533.0,https://www.sec.gov/Archives/edgar/data/318300/000031830017000254/0000318300-17-000254-index.html,https://www.sec.gov/Archives/edgar/data/318300/000031830017000254/pebo0930201710q.htm,1620596429,17:40:29,20210509
15,2017-06-30,PEBO,USD,2017-07-27 00:00:00,2017-07-27 16:13:04,Q2,40282000.0,0.0,0.0,0.0,0.0,16992000.0,354000.0,0.0,31000000.0,0.0,3118000.0,0.0,0.0,0.0,0.0,0.35201827118812373,0.0,14180000.0,0.35201827118812373,4414000.0,9766000.0,0.24244079241348493,0.54,0.53,18044574.0,18203752.0,https://www.sec.gov/Archives/edgar/data/318300/000031830017000194/0000318300-17-000194-index.html,https://www.sec.gov/Archives/edgar/data/318300/000031830017000194/pebo0630201710q.htm,1620596429,17:40:29,20210509
16,2017-03-31,PEBO,USD,2017-04-27 00:00:00,2017-04-27 17:10:55,Q1,39102000.0,0.0,0.0,0.0,0.0,17481000.0,280000.0,0.0,31000000.0,0.0,2872000.0,0.0,0.0,0.0,0.0,0.3237941793258657,0.0,12661000.0,0.3237941793258657,3852000.0,8809000.0,0.2252825942407038,0.49,0.48,18029991.0,18192957.0,https://www.sec.gov/Archives/edgar/data/318300/000031830017000150/0000318300-17-000150-index.html,https://www.sec.gov/Archives/edgar/data/318300/000031830017000150/pebo0331201710q.htm,1620596429,17:40:29,20210509
17,2016-12-31,PEBO,USD,2017-02-27 00:00:00,2017-02-27 17:28:31,Q4,37313000.0,0.0,0.0,0.0,0.0,16536000.0,402000.0,0.0,31000000.0,0.0,2683000.0,0.0,0.0,0.0,0.0,0.28794254013346554,0.0,10744000.0,0.28794254013346554,3336000.0,7408000.0,0.1985367030257551,0.4113486015035991,0.40765946347216026,18009056.0,18172030.0,https://www.sec.gov/Archives/edgar/data/318300/000031830017000104/0000318300-17-000104-index.html,https://www.sec.gov/Archives/edgar/data/318300/000031830017000104/current-pebo1231201610k.htm,1620596429,17:40:29,20210509
18,2016-09-30,PEBO,USD,2016-10-27 00:00:00,2016-10-27 16:14:24,Q3,37786000.0,0.0,0.0,0.0,0.0,16392000.0,380000.0,0.0,31000000.0,0.0,2607000.0,0.0,0.0,0.0,0.0,0.3029693537288943,0.0,11448000.0,0.3029693537288943,3656000.0,7792000.0,0.20621394167151855,0.43304663815591043,0.4302426575214334,17993443.0,18110710.0,https://www.sec.gov/Archives/edgar/data/318300/000031830016000705/0000318300-16-000705-index.html,https://www.sec.gov/Archives/edgar/data/318300/000031830016000705/pebo0930201610q.htm,1620596429,17:40:29,20210509
19,2016-06-30,PEBO,USD,2016-07-28,2016-07-28 16:42:10,Q2,37188000.0,0.0,0.0,0.0,0.0,16109000.0,414000.0,0.0,30000000.0,0.0,2613000.0,0.0,0.0,0.0,0.0,0.3076530063461332,0.0,11441000.0,0.3076530063461332,3479000.0,7962000.0,0.21410132300742174,0.4428057332497553,0.4395540817139981,17980797.0,18113812.0,https://www.sec.gov/Archives/edgar/data/318300/000031830016000610/pebo0630201610q.htm,https://www.sec.gov/Archives/edgar/data/318300/000031830016000610/pebo0630201610q.htm,1620596429,17:40:29,20210509
20,2016-03-31,PEBO,USD,2016-04-28 00:00:00,2016-04-28 16:47:43,Q1,37453000.0,0.0,0.0,0.0,0.0,16241000.0,398000.0,0.0,30000000.0,0.0,2676000.0,0.0,0.0,0.0,0.0,0.3110298240461378,0.0,11649000.0,0.3110298240461378,3654000.0,7995000.0,0.21346754599097537,0.44240329628360203,0.439406671836588,18071746.0,18194990.0,https://www.sec.gov/Archives/edgar/data/318300/000031830016000518/0000318300-16-000518-index.html,https://www.sec.gov/Archives/edgar/data/318300/000031830016000518/pebo0331201610q.htm,1620596429,17:40:29,20210509
21,2015-12-31,PEBO,USD,2016-02-26 00:00:00,2016-02-25 18:02:45,Q4,36075000.0,0.0,0.0,0.0,0.0,15856000.0,663000.0,0.0,37000000.0,0.0,2566000.0,0.0,0.0,0.0,0.0,0.08338184338184339,0.0,3008000.0,0.08338184338184339,425000.0,2583000.0,0.0716008316008316,0.14236898126588457,0.14131532783843023,18142997.0,18278272.0,https://www.sec.gov/Archives/edgar/data/318300/000031830016000477/0000318300-16-000477-index.html,https://www.sec.gov/Archives/edgar/data/318300/000031830016000477/pebo1231201510k.htm,1620596429,17:40:29,20210509
22,2015-09-30,PEBO,USD,2015-10-29 00:00:00,2015-10-29 16:27:42,Q3,36045000.0,0.0,0.0,0.0,0.0,15672000.0,459000.0,0.0,35000000.0,0.0,2642000.0,0.0,0.0,0.0,0.0,0.15269801636842836,0.0,5504000.0,0.15269801636842836,1370000.0,4134000.0,0.11468997086974615,0.23,0.22,18127131.0,18271979.0,https://www.sec.gov/Archives/edgar/data/318300/000031830015000311/0000318300-15-000311-index.html,https://www.sec.gov/Archives/edgar/data/318300/000031830015000311/pebo0930201510q.htm,1620596429,17:40:29,20210509
23,2015-06-30,PEBO,USD,2015-07-29 00:00:00,2015-07-29 17:01:28,Q2,35274000.0,0.0,0.0,0.0,0.0,16707000.0,1071000.0,0.0,32000000.0,0.0,2773000.0,0.0,0.0,0.0,0.0,0.20252877473493225,0.0,7144000.0,0.20252877473493225,2231000.0,4913000.0,0.13928105686908204,0.27119538487609635,0.2691476974970524,18116090.0,18253918.0,https://www.sec.gov/Archives/edgar/data/318300/000031830015000206/0000318300-15-000206-index.html,https://www.sec.gov/Archives/edgar/data/318300/000031830015000206/pebo0630201510q.htm,1620596429,17:40:29,20210509
24,2015-03-31,PEBO,USD,2015-05-01 00:00:00,2015-05-01 14:19:11,Q1,31300000.0,0.0,0.0,0.0,0.0,19022000.0,645000.0,0.0,36000000.0,0.0,2740000.0,0.0,0.0,0.0,0.0,-0.0268370607028754,0.0,-840000.0,-0.0268370607028754,-151000.0,-689000.0,-0.022012779552715654,-0.04360115410799443,-0.04325108826078209,15802334.0,15930235.0,https://www.sec.gov/Archives/edgar/data/318300/000031830015000136/0000318300-15-000136-index.html,https://www.sec.gov/Archives/edgar/data/318300/000031830015000136/pebo0331201510q.htm,1620596429,17:40:29,20210509
25,2014-12-31,PEBO,USD,2015-02-26,2015-02-26 17:25:52,Q4,29103000.0,0.0,0.0,0.0,0.0,14373000.0,759000.0,0.0,27000000.0,0.0,2744000.0,0.0,0.0,0.0,0.0,0.21324262103563207,0.0,6206000.0,0.21324262103563207,2012000.0,4194000.0,0.14410885475724153,0.29,0.28,14660314.0,14809289.0,https://www.sec.gov/Archives/edgar/data/318300/000031830015000078/pebo1231201410k.htm,https://www.sec.gov/Archives/edgar/data/318300/000031830015000078/pebo1231201410k.htm,1620596429,17:40:29,20210509
26,2014-09-30,PEBO,USD,2014-10-23 00:00:00,2014-10-23 14:22:23,Q3,26528000.0,0.0,0.0,0.0,0.0,13092000.0,668000.0,0.0,25000000.0,0.0,2707000.0,0.0,0.0,0.0,0.0,0.2255729794933655,0.0,5984000.0,0.2255729794933655,1755000.0,4229000.0,0.1594164656212304,0.33477563659815707,0.3312736763936368,12632341.0,12765880.0,https://www.sec.gov/Archives/edgar/data/318300/000031830014000247/0000318300-14-000247-index.html,https://www.sec.gov/Archives/edgar/data/318300/000031830014000247/pebo0930201410q.htm,1620596429,17:40:29,20210509
27,2014-06-30,PEBO,USD,2014-07-24 00:00:00,2014-07-24 15:16:15,Q2,24692000.0,0.0,0.0,0.0,0.0,12473000.0,413000.0,0.0,23000000.0,0.0,2571000.0,0.0,0.0,0.0,0.0,0.20480317511744695,0.0,5057000.0,0.20480317511744695,1579000.0,3478000.0,0.1408553377612182,0.323369168302495,0.3196664733471874,10755509.0,10880090.0,https://www.sec.gov/Archives/edgar/data/318300/000031830014000183/0000318300-14-000183-index.html,https://www.sec.gov/Archives/edgar/data/318300/000031830014000183/pebo0630201410q.htm,1620596429,17:40:29,20210509
28,2014-03-31,PEBO,USD,2014-04-23 00:00:00,2014-04-23 17:02:00,Q1,24674000.0,0.0,0.0,0.0,0.0,11981000.0,459000.0,0.0,21000000.0,0.0,2672000.0,0.0,0.0,0.0,0.0,0.2809029747912783,0.0,6931000.0,0.2809029747912783,2148000.0,4783000.0,0.19384777498581504,0.45,0.44,10636089.0,10740884.0,https://www.sec.gov/Archives/edgar/data/318300/000031830014000126/0000318300-14-000126-index.html,https://www.sec.gov/Archives/edgar/data/318300/000031830014000126/pebo0331201410q.htm,1620596429,17:40:29,20210509
29,2013-12-31,PEBO,USD,2014-02-27,2014-02-27 17:29:37,Q4,23905000.0,0.0,0.0,0.0,0.0,10611000.0,742000.0,0.0,20000000.0,0.0,2806000.0,0.0,0.0,0.0,0.0,0.3101861535243673,0.0,7415000.0,0.3101861535243673,2301000.0,5114000.0,0.21393014013804643,0.48,0.47,10602266.0,10718465.0,https://www.sec.gov/Archives/edgar/data/318300/000031830014000095/pebo1231201310k.htm,https://www.sec.gov/Archives/edgar/data/318300/000031830014000095/pebo1231201310k.htm,1620596429,17:40:29,20210509
30,2013-09-30,PEBO,USD,2013-10-24 00:00:00,2013-10-24 11:34:58,Q3,22322000.0,0.0,0.0,0.0,0.0,10454000.0,547000.0,0.0,19000000.0,0.0,2833000.0,0.0,0.0,0.0,0.0,0.309022489024281,0.0,6898000.0,0.309022489024281,4381000.0,2517000.0,0.11275871337693755,0.24,0.23,10589126.0,10692555.0,https://www.sec.gov/Archives/edgar/data/318300/000031830013000204/0000318300-13-000204-index.html,https://www.sec.gov/Archives/edgar/data/318300/000031830013000204/pebo0930201310q.htm,1620596429,17:40:29,20210509
31,2013-06-30,PEBO,USD,2013-07-25 00:00:00,2013-07-25 16:59:16,Q2,21506000.0,0.0,0.0,0.0,0.0,10033000.0,562000.0,0.0,18000000.0,0.0,2956000.0,0.0,0.0,0.0,0.0,0.34553147958709196,0.0,7431000.0,0.34553147958709196,2510000.0,4921000.0,0.22881986422393752,0.46527050218107957,0.4643752642838802,10576643.0,10597033.0,https://www.sec.gov/Archives/edgar/data/318300/000031830013000156/0000318300-13-000156-index.html,https://www.sec.gov/Archives/edgar/data/318300/000031830013000156/pebo0630201310q.htm,1620596429,17:40:29,20210509
32,2013-03-31,PEBO,USD,2013-04-24 00:00:00,2013-04-24 15:59:50,Q1,21620000.0,0.0,0.0,0.0,0.0,9761000.0,450000.0,0.0,18000000.0,0.0,3091000.0,0.0,0.0,0.0,0.0,0.33950046253469013,0.0,7340000.0,0.33950046253469013,2318000.0,5022000.0,0.23228492136910267,0.4757366268226979,0.475056101931034,10556261.0,10571383.0,https://www.sec.gov/Archives/edgar/data/318300/000031830013000103/0000318300-13-000103-index.html,https://www.sec.gov/Archives/edgar/data/318300/000031830013000103/pebo0331201310q.htm,1620596429,17:40:29,20210509
33,2012-12-31,PEBO,USD,2013-02-28 00:00:00,2013-02-28 15:38:34,Q4,18800000.0,0.0,0.0,0.0,0.0,8579000.0,-1259000.0,0.0,20000000.0,0.0,1552000.0,0.0,0.0,0.0,0.0,0.29462765957446807,0.0,5539000.0,0.29462765957446807,1665000.0,3874000.0,0.20606382978723403,0.36,0.36,10542810.0,10542810.0,https://www.sec.gov/Archives/edgar/data/318300/000031830013000061/0000318300-13-000061-index.html,https://www.sec.gov/Archives/edgar/data/318300/000031830013000061/pebo1231201210k.htm,1620596429,17:40:29,20210509
34,2012-09-30,PEBO,USD,2012-10-25 00:00:00,2012-10-25 15:01:40,Q3,21844000.0,0.0,0.0,0.0,0.0,9487000.0,1421000.0,0.0,18000000.0,0.0,3621000.0,0.0,0.0,0.0,0.0,0.32658853689800404,0.0,7134000.0,0.32658853689800404,2310000.0,4824000.0,0.220838674235488,0.4580848558514073,0.45808154991094757,10530800.0,10530876.0,https://www.sec.gov/Archives/edgar/data/318300/000031830012000074/0000318300-12-000074-index.html,https://www.sec.gov/Archives/edgar/data/318300/000031830012000074/pebo0930201210q.htm,1620596429,17:40:29,20210509
35,2012-06-30,PEBO,USD,2012-07-26 00:00:00,2012-07-26 14:15:17,Q2,22067000.0,0.0,0.0,0.0,0.0,9825000.0,870000.0,0.0,18000000.0,0.0,3729000.0,0.0,0.0,0.0,0.0,0.3399193365659129,0.0,7501000.0,0.3399193365659129,2471000.0,5030000.0,0.2279421761000589,0.47,0.47,10524429.0,10524429.0,https://www.sec.gov/Archives/edgar/data/318300/000031830012000059/0000318300-12-000059-index.html,https://www.sec.gov/Archives/edgar/data/318300/000031830012000059/pebo0630201210q.htm,1620596429,17:40:29,20210509
36,2012-03-31,PEBO,USD,2012-04-26 00:00:00,2012-04-26 15:44:19,Q1,22615000.0,0.0,0.0,0.0,0.0,9801000.0,694000.0,3111000.0,17000000.0,0.0,4180000.0,0.0,0.0,0.0,0.0,0.43051072297147913,0.0,9736000.0,0.43051072297147913,3079000.0,6657000.0,0.2943621490161397,0.63,0.63,10513388.0,10513388.0,https://www.sec.gov/Archives/edgar/data/318300/000031830012000032/0000318300-12-000032-index.html,https://www.sec.gov/Archives/edgar/data/318300/000031830012000032/pebo0331201210q.htm,1620596429,17:40:29,20210509
37,2011-12-31,PEBO,USD,2012-02-29 00:00:00,2012-02-28 18:21:13,Q4,21268000.0,0.0,0.0,0.0,0.0,10524000.0,676000.0,0.0,21000000.0,0.0,4686000.0,0.0,0.0,0.0,0.0,0.24341734060560466,0.0,5177000.0,0.24341734060560466,1333000.0,3844000.0,0.1807410193718262,0.3656290436536728,0.3656290436536728,10513388.0,10513388.0,https://www.sec.gov/Archives/edgar/data/318300/000031830012000019/0000318300-12-000019-index.html,https://www.sec.gov/Archives/edgar/data/318300/000031830012000019/pebo1231201110-k.htm,1620596429,17:40:29,20210509
38,2011-09-30,PEBO,USD,2011-11-01 00:00:00,2011-11-01 14:25:39,Q3,22101000.0,0.0,0.0,0.0,0.0,10000000.0,713000.0,0.0,21000000.0,0.0,5136000.0,0.0,0.0,0.0,0.0,0.26270304511108095,0.0,5806000.0,0.26270304511108095,1885000.0,3921000.0,0.1774127867517307,0.37397675011056686,0.3727302169943876,10484609.0,10519673.0,https://www.sec.gov/Archives/edgar/data/318300/000031830011000064/0000318300-11-000064-index.html,https://www.sec.gov/Archives/edgar/data/318300/000031830011000064/pebo0930201110q.htm,1620596429,17:40:29,20210509
39,2011-06-30,PEBO,USD,2011-07-29 00:00:00,2011-07-29 16:05:01,Q2,20822000.0,0.0,0.0,0.0,0.0,9214000.0,685000.0,0.0,23000000.0,0.0,5510000.0,0.0,0.0,0.0,0.0,0.1828834886178081,0.0,3808000.0,0.1828834886178081,887000.0,2921000.0,0.14028431466717894,0.27876494436821325,0.2779814606065249,10478362.0,10507895.0,https://www.sec.gov/Archives/edgar/data/318300/000031830011000050/0000318300-11-000050-index.html,https://www.sec.gov/Archives/edgar/data/318300/000031830011000050/pebo0630201110q.htm,1620596429,17:40:29,20210509
40,2011-03-31,PEBO,USD,2011-05-03 00:00:00,2011-05-02 18:48:32,Q1,22289000.0,0.0,0.0,0.0,0.0,9153000.0,618000.0,0.0,26000000.0,0.0,5822000.0,0.0,0.0,0.0,0.0,0.10588182511552784,0.0,2360000.0,0.10588182511552784,491000.0,1869000.0,0.08385302166988201,0.1784790206935395,0.17838463124298487,10471819.0,10477360.0,https://www.sec.gov/Archives/edgar/data/318300/000031830011000030/0000318300-11-000030-index.html,https://www.sec.gov/Archives/edgar/data/318300/000031830011000030/pebo0331201110q.htm,1620596429,17:40:29,20210509
41,2010-12-31,PEBO,USD,2011-02-28,2011-02-28 17:26:06,Q4,17609000.0,0.0,0.0,0.0,0.0,10346000.0,623000.0,-3630000.0,28000000.0,0.0,6319000.0,0.0,0.0,0.0,0.0,0.004940655346697712,0.0,87000.0,0.004940655346697712,-481000.0,568000.0,0.03225623260832529,0.05424081527765138,0.05424081527765138,10471819.0,10471819.0,https://www.sec.gov/Archives/edgar/data/318300/000031830011000011/form10-k.htm,https://www.sec.gov/Archives/edgar/data/318300/000031830011000011/form10-k.htm,1620596429,17:40:29,20210509
42,2010-09-30,PEBO,USD,2010-10-28 00:00:00,2010-10-28 12:20:28,Q3,25785000.0,0.0,0.0,0.0,0.0,8683000.0,668000.0,3630000.0,29000000.0,0.0,7308000.0,0.0,0.0,0.0,0.0,0.007446189645142525,0.0,192000.0,0.007446189645142525,-221000.0,413000.0,0.01601706418460345,-0.01,-0.01,10437770.0,10437770.0,https://www.sec.gov/Archives/edgar/data/318300/000031830010000049/0000318300-10-000049-index.html,https://www.sec.gov/Archives/edgar/data/318300/000031830010000049/form10q3qtr2010.htm,1620596429,17:40:29,20210509
43,2010-06-30,PEBO,USD,2010-07-22 00:00:00,2010-07-22 15:46:21,Q2,24615000.0,0.0,0.0,0.0,0.0,9481000.0,557000.0,800000.0,28000000.0,0.0,7790000.0,0.0,0.0,0.0,0.0,0.16445256957139956,0.0,4048000.0,0.16445256957139956,763000.0,3285000.0,0.13345521023765997,0.3151948076620835,0.3149759108149304,10422126.0,10429369.0,https://www.sec.gov/Archives/edgar/data/318300/000031830010000032/0000318300-10-000032-index.html,https://www.sec.gov/Archives/edgar/data/318300/000031830010000032/form10q.htm,1620596429,17:40:29,20210509
44,2010-03-31,PEBO,USD,2010-04-22 00:00:00,2010-04-22 08:51:35,Q1,23488000.0,0.0,0.0,0.0,0.0,8937000.0,605000.0,986000.0,30000000.0,0.0,8016000.0,0.0,0.0,0.0,0.0,0.06071185286103542,0.0,1426000.0,0.06071185286103542,111000.0,1315000.0,0.055986035422343323,0.1265452230284976,0.12643935338818527,10391542.0,10400243.0,https://www.sec.gov/Archives/edgar/data/318300/000031830010000020/0000318300-10-000020-index.html,https://www.sec.gov/Archives/edgar/data/318300/000031830010000020/form10-q.htm,1620596429,17:40:29,20210509
45,2009-12-31,PEBO,USD,2010-03-01 00:00:00,2010-03-01 17:26:22,Q4,23781000.0,0.0,0.0,0.0,0.0,7436000.0,870000.0,1777000.0,38000000.0,0.0,9137000.0,0.0,0.0,0.0,0.0,0.028426054413186998,0.0,676000.0,0.028426054413186998,-538000.0,1214000.0,0.051049156889954164,0.11682578004303885,0.11682578004303885,10391542.0,10391542.0,https://www.sec.gov/Archives/edgar/data/318300/000031830010000010/0000318300-10-000010-index.html,https://www.sec.gov/Archives/edgar/data/318300/000031830010000010/form10-k.htm,1620596429,17:40:29,20210509
46,2009-09-30,PEBO,USD,2009-10-23 00:00:00,2009-10-23 08:20:08,Q3,23490000.0,0.0,0.0,0.0,0.0,8771000.0,897000.0,5930000.0,34000000.0,0.0,10003000.0,0.0,0.0,0.0,0.0,-0.2850148999574287,0.0,-6695000.0,-0.2850148999574287,-2630000.0,-4065000.0,-0.17305236270753513,-0.3918848126655629,-0.39123122342767636,10372946.0,10390275.0,https://www.sec.gov/Archives/edgar/data/318300/000031830009000170/0000318300-09-000170-index.html,https://www.sec.gov/Archives/edgar/data/318300/000031830009000170/form10q.htm,1620596429,17:40:29,20210509
47,2009-06-30,PEBO,USD,2009-07-23 00:00:00,2009-07-23 16:30:07,Q2,23994000.0,0.0,0.0,0.0,0.0,10075000.0,789000.0,0.0,31000000.0,0.0,10315000.0,0.0,0.0,0.0,0.0,0.15583062432274736,0.0,3739000.0,0.15583062432274736,893000.0,2846000.0,0.11861298657997833,0.27469478089568256,0.27425760845630837,10360590.0,10377105.0,https://www.sec.gov/Archives/edgar/data/318300/000031830009000146/0000318300-09-000146-index.html,https://www.sec.gov/Archives/edgar/data/318300/000031830009000146/form10-q.htm,1620596429,17:40:29,20210509
48,2009-03-31,PEBO,USD,2009-04-29 00:00:00,2009-04-29 09:57:08,Q1,23971000.0,0.0,0.0,0.0,0.0,8971000.0,906000.0,0.0,29000000.0,0.0,10807000.0,0.0,0.0,0.0,0.0,0.22552250636185392,0.0,5406000.0,0.22552250636185392,1211000.0,4195000.0,0.1750031287806099,0.4055153176523766,0.4051073462040621,10344862.0,10355280.0,https://www.sec.gov/Archives/edgar/data/318300/000031830009000112/0000318300-09-000112-index.html,https://www.sec.gov/Archives/edgar/data/318300/000031830009000112/form10-q.htm,1620596429,17:40:29,20210509
49,2008-12-31,PEBO,USD,2009-03-04 00:00:00,2009-03-04 16:29:03,Q4,20842000.0,0.0,0.0,0.0,0.0,7020000.0,283000.0,0.0,43000000.0,0.0,11600000.0,0.0,0.0,0.0,0.0,-0.29296612609154593,0.0,-6106000.0,-0.29296612609154593,-3009000.0,-3097000.0,-0.14859418481911524,-0.299375670743602,-0.299375670743602,10344862.0,10344862.0,https://www.sec.gov/Archives/edgar/data/318300/000031830009000068/0000318300-09-000068-index.html,https://www.sec.gov/Archives/edgar/data/318300/000031830009000068/form10-k.htm,1620596429,17:40:29,20210509
50,2008-09-30,PEBO,USD,2008-10-31 00:00:00,2008-10-31 08:50:47,Q3,22633000.0,0.0,0.0,0.0,0.0,7035000.0,273000.0,0.0,31000000.0,0.0,11461000.0,0.0,0.0,0.0,0.0,0.15216718950205452,0.0,3444000.0,0.15216718950205452,493000.0,2951000.0,0.13038483630097644,0.29,0.28,10319534.0,10354522.0,https://www.sec.gov/Archives/edgar/data/318300/000031830008000247/0000318300-08-000247-index.html,https://www.sec.gov/Archives/edgar/data/318300/000031830008000247/form10q3q2008.htm,1620596429,17:40:29,20210509
51,2008-06-30,PEBO,USD,2008-08-06 00:00:00,2008-08-06 16:15:08,Q2,22452000.0,0.0,0.0,0.0,0.0,6906000.0,367000.0,0.0,31000000.0,0.0,11674000.0,0.0,0.0,0.0,0.0,0.11771779796900053,0.0,2643000.0,0.11771779796900053,690000.0,1953000.0,0.08698556921432389,0.18952579346094284,0.1886567360259502,10304666.0,10352135.0,https://www.sec.gov/Archives/edgar/data/318300/000031830008000183/0000318300-08-000183-index.html,https://www.sec.gov/Archives/edgar/data/318300/000031830008000183/form10q2q08.htm,1620596429,17:40:29,20210509
52,2008-03-31,PEBO,USD,2008-05-02 00:00:00,2008-05-02 14:11:35,Q1,22813000.0,0.0,0.0,0.0,0.0,7560000.0,370000.0,0.0,28000000.0,0.0,13013000.0,0.0,0.0,0.0,0.0,0.3346337614518038,0.0,7634000.0,0.3346337614518038,1986000.0,5648000.0,0.24757813527374742,0.5482051183993963,0.5459547344753789,10302713.0,10345180.0,https://www.sec.gov/Archives/edgar/data/318300/000031830008000132/0000318300-08-000132-index.html,https://www.sec.gov/Archives/edgar/data/318300/000031830008000132/form10q.htm,1620596429,17:40:29,20210509
53,2007-12-31,PEBO,USD,2008-02-29,2008-02-29 15:30:50,Q4,16050000.0,0.0,0.0,0.0,0.0,6782000.0,437000.0,0.0,35000000.0,0.0,14823000.0,0.0,0.0,0.0,0.0,0.13501557632398753,0.0,2167000.0,0.13501557632398753,-37000.0,2204000.0,0.1373208722741433,0.21392423529608173,0.21392423529608173,10302713.0,10302713.0,https://www.sec.gov/Archives/edgar/data/318300/000031830008000093/form10k2007.htm,https://www.sec.gov/Archives/edgar/data/318300/000031830008000093/form10k2007.htm,1620596429,17:40:29,20210509
54,2007-09-30,PEBO,USD,2007-11-08 00:00:00,2007-11-08 09:27:40,Q3,20275000.0,0.0,0.0,0.0,0.0,6603000.0,350000.0,0.0,29000000.0,0.0,15089000.0,0.0,0.0,0.0,0.0,0.33090012330456225,0.0,6709000.0,0.33090012330456225,1594000.0,5115000.0,0.25228113440197286,0.4908100025063455,0.48790226540223514,10421548.0,10483657.0,https://www.sec.gov/Archives/edgar/data/318300/000031830007000167/0000318300-07-000167-index.html,https://www.sec.gov/Archives/edgar/data/318300/000031830007000167/form10q3q07.htm,1620596429,17:40:29,20210509
55,2007-06-30,PEBO,USD,2007-08-02 00:00:00,2007-08-02 16:52:55,Q2,21308000.0,0.0,0.0,0.0,0.0,6870000.0,379000.0,0.0,29000000.0,0.0,14747000.0,0.0,0.0,0.0,0.0,0.34311056880045054,0.0,7311000.0,0.34311056880045054,1962000.0,5349000.0,0.2510324760653276,0.5092369043575218,0.5058514788282857,10503952.0,10574250.0,https://www.sec.gov/Archives/edgar/data/318300/000031830007000132/0000318300-07-000132-index.html,https://www.sec.gov/Archives/edgar/data/318300/000031830007000132/form10q2q07.htm,1620596429,17:40:29,20210509
56,2007-03-31,PEBO,USD,2007-05-04 00:00:00,2007-05-04 16:10:03,Q1,21652000.0,0.0,0.0,0.0,0.0,7297000.0,349000.0,0.0,29000000.0,0.0,14839000.0,0.0,0.0,0.0,0.0,0.3550249399593571,0.0,7687000.0,0.3550249399593571,2041000.0,5646000.0,0.26076113061149087,0.5334017075089942,0.5291398019971232,10584893.0,10670148.0,https://www.sec.gov/Archives/edgar/data/318300/000031830007000092/0000318300-07-000092-index.html,https://www.sec.gov/Archives/edgar/data/318300/000031830007000092/form10q033107.htm,1620596429,17:40:29,20210509
57,2006-12-31,PEBO,USD,2006-12-31,2006-12-31,Q4,21318000.0,0.0,0.0,0.0,0.0,6389000.0,373000.0,0.0,30000000.0,0.0,14925000.0,0.0,0.0,0.0,0.0,0.30762735716296086,0.0,6558000.0,0.30762735716296086,1789000.0,4769000.0,0.22370766488413546,0.450547775967126,0.450547775967126,10584893.0,10584893.0,,,1620596429,17:40:29,20210509
58,2006-09-30,PEBO,USD,2006-09-30,2006-09-30,Q3,20493000.0,0.0,0.0,0.0,0.0,6445000.0,398000.0,0.0,28000000.0,0.0,14706000.0,0.0,0.0,0.0,0.0,0.33172302737520126,0.0,6798000.0,0.33172302737520126,1476000.0,5322000.0,0.2596984336114771,0.5002432599693349,0.4951160089742335,10638824.0,10748996.0,,,1620596429,17:40:29,20210509
59,2006-06-30,PEBO,USD,2006-06-30,2006-06-30,Q2,20914000.0,0.0,0.0,0.0,0.0,6432000.0,413000.0,0.0,27000000.0,0.0,13701000.0,0.0,0.0,0.0,0.0,0.37219087692454816,0.0,7784000.0,0.37219087692454816,2248000.0,5536000.0,0.26470306971406715,0.5226622618020557,0.5167056653752137,10591926.0,10714030.0,,,1620596429,17:40:29,20210509
60,2006-03-31,PEBO,USD,2006-03-31,2006-03-31,Q1,21617000.0,0.0,0.0,0.0,0.0,6912000.0,475000.0,0.0,26000000.0,0.0,12245000.0,0.0,0.0,0.0,0.0,0.3831706527270204,0.0,8283000.0,0.3831706527270204,2352000.0,5931000.0,0.2743673960309016,0.5632241147666708,0.556627902928073,10530444.0,10655233.0,,,1620596429,17:40:29,20210509
61,2005-12-31,PEBO,USD,2005-12-31,2005-12-31,Q4,20891000.0,0.0,0.0,0.0,0.0,6639000.0,466000.0,0.0,25000000.0,0.0,11852000.0,0.0,0.0,0.0,0.0,0.3413910296299842,0.0,7132000.0,0.3413910296299842,1892000.0,5240000.0,0.2508257144224786,0.49760484933018967,0.49760484933018967,10530444.0,10530444.0,,,1620596429,17:40:29,20210509
62,2005-09-30,PEBO,USD,2005-09-30,2005-09-30,Q3,20268000.0,0.0,0.0,0.0,0.0,6608000.0,299000.0,0.0,24000000.0,0.0,11205000.0,0.0,0.0,0.0,0.0,0.35755871324254984,0.0,7247000.0,0.35755871324254984,1979000.0,5268000.0,0.2599171107164002,0.5040387202774548,0.49738138332072884,10451578.0,10591470.0,,,1620596429,17:40:29,20210509
63,2005-06-30,PEBO,USD,2005-06-30,2005-06-30,Q2,20234000.0,0.0,0.0,0.0,0.0,6658000.0,408000.0,0.0,24000000.0,0.0,10481000.0,0.0,0.0,0.0,0.0,0.36236038351289906,0.0,7332000.0,0.36236038351289906,2033000.0,5299000.0,0.2618859345655827,0.51,0.5,10405989.0,10541774.0,,,1620596429,17:40:29,20210509
64,2005-03-31,PEBO,USD,2005-03-31,2005-03-31,Q1,20080000.0,0.0,0.0,0.0,0.0,6686000.0,381000.0,0.0,24000000.0,0.0,9931000.0,0.0,0.0,0.0,0.0,0.3183266932270916,0.0,6392000.0,0.3183266932270916,1700000.0,4692000.0,0.23366533864541833,0.45,0.44,10419189.0,10558003.0,,,1620596429,17:40:29,20210509
65,2004-12-31,PEBO,USD,2004-12-31,2004-12-31,Q4,16572000.0,0.0,0.0,0.0,0.0,6678000.0,303000.0,0.0,0.0,0.0,9715000.0,0.0,0.0,0.0,0.0,0.1935795317402848,0.0,3208000.0,0.1935795317402848,490000.0,2718000.0,0.16401158580738595,0.26086483314584274,0.26086483314584274,10419189.0,10419189.0,,,1620596429,17:40:29,20210509
66,2004-09-30,PEBO,USD,2004-09-30,2004-09-30,Q3,20107000.0,0.0,0.0,0.0,0.0,6688000.0,315000.0,0.0,0.0,0.0,8959000.0,0.0,0.0,0.0,0.0,0.346048639777192,0.0,6958000.0,0.346048639777192,1820000.0,5138000.0,0.2555328989904014,0.49,0.48,10524304.0,10669798.0,,,1620596429,17:40:29,20210509
67,2004-06-30,PEBO,USD,2004-06-30,2004-06-30,Q2,18964000.0,0.0,0.0,0.0,0.0,5819000.0,402000.0,0.0,0.0,0.0,8448000.0,0.0,0.0,0.0,0.0,0.3594705758278844,0.0,6817000.0,0.3594705758278844,1764000.0,5053000.0,0.2664522252689306,0.48,0.47,10603510.0,10766289.0,,,1620596429,17:40:29,20210509
68,2004-03-31,PEBO,USD,2004-03-31,2004-03-31,Q1,18435000.0,0.0,0.0,0.0,0.0,5389000.0,108000.0,0.0,0.0,0.0,8038000.0,0.0,0.0,0.0,0.0,0.3987523732031462,0.0,7351000.0,0.3987523732031462,1985000.0,5366000.0,0.2910767561703282,0.51,0.5,10560241.0,10808007.0,,,1620596429,17:40:29,20210509
69,2003-12-31,PEBO,USD,2003-12-31,2003-12-31,Q4,15400000.0,0.0,0.0,0.0,0.0,5054000.0,198000.0,0.0,0.0,0.0,10705000.0,2078000.0,0.0,0.0,0.0,-0.07071428571428572,0.0,-1089000.0,-0.07071428571428572,-949000.0,-140000.0,-0.00909090909090909,-0.013257273200488511,-0.013257273200488511,10560241.0,10560241.0,,,1620596429,17:40:29,20210509
70,2003-09-30,PEBO,USD,2003-09-30,2003-09-30,Q3,19722000.0,0.0,0.0,0.0,0.0,5031000.0,200000.0,0.0,0.0,0.0,8880000.0,1546000.0,0.0,0.0,0.0,0.4166920190650035,0.0,8218000.0,0.4166920190650035,2278000.0,5940000.0,0.3011864922421661,0.56,0.55,10653999.0,10896461.0,,,1620596429,17:40:29,20210509
71,2003-06-30,PEBO,USD,2003-08-11 00:00:00,2003-08-11 13:26:38,Q2,18443000.0,0.0,0.0,0.0,0.0,4827000.0,379000.0,0.0,0.0,0.0,9331000.0,1778000.0,0.0,0.0,0.0,0.4048148348967088,0.0,7466000.0,0.4048148348967088,2027000.0,5439000.0,0.29490863742341267,0.52381,0.514286,10400673.0,10598819.0,https://www.sec.gov/Archives/edgar/data/318300/000031830003000131/0000318300-03-000131-index.html,https://www.sec.gov/Archives/edgar/data/318300/000031830003000131/form10q2q03.txt,1620596429,17:40:29,20210509
72,2003-03-31,PEBO,USD,2003-03-03,2003-03-03,Q1,17578000.0,0.0,0.0,0.0,0.0,4724000.0,276000.0,0.0,0.0,0.0,9134000.0,1208000.0,0.0,0.0,0.0,0.40067129366253273,0.0,7043000.0,0.40067129366253273,2029000.0,5014000.0,0.28524291728296736,0.495238,0.485714,10056615.0,10255704.0,https://www.sec.gov/Archives/edgar/data/318300/000031830003000029/0000318300-03-000029-index.htm,https://www.sec.gov/Archives/edgar/data/318300/000031830003000029/form10k12312002.txt,1620596429,17:40:29,20210509
73,2002-12-31,PEBO,USD,2002-12-31,2002-12-31,Q4,16356000.0,0.0,0.0,0.0,0.0,4499000.0,228000.0,0.0,0.0,0.0,8468000.0,491000.0,0.0,0.0,0.0,0.42009048667155785,0.0,6871000.0,0.42009048667155785,1838000.0,5033000.0,0.30771582293959404,0.5004666082971259,0.5004666082971259,10056615.0,10056615.0,,,1620596429,17:40:29,20210509
74,2002-09-30,PEBO,USD,2002-11-07 00:00:00,2002-11-07 14:13:22,Q3,17255000.0,0.0,0.0,0.0,0.0,4771000.0,242000.0,0.0,0.0,0.0,8545000.0,1031000.0,0.0,0.0,0.0,0.3663286004056795,0.0,6321000.0,0.3663286004056795,1702000.0,4619000.0,0.26769052448565633,0.552381,0.542857,8291496.0,8557503.0,https://www.sec.gov/Archives/edgar/data/318300/000031830002000094/0000318300-02-000094-index.html,https://www.sec.gov/Archives/edgar/data/318300/000031830002000094/q3_10q2002.txt,1620596429,17:40:29,20210509
75,2002-06-30,PEBO,USD,2002-08-13 00:00:00,2002-08-13 08:52:29,Q2,16137000.0,0.0,0.0,0.0,0.0,4346000.0,150000.0,0.0,0.0,0.0,7801000.0,980000.0,0.0,0.0,0.0,0.3925140980355704,0.0,6334000.0,0.3925140980355704,1749000.0,4585000.0,0.28412963995786084,0.552381,0.542857,8267484.0,8507149.0,https://www.sec.gov/Archives/edgar/data/318300/000031830002000068/0000318300-02-000068-index.html,https://www.sec.gov/Archives/edgar/data/318300/000031830002000068/f10q2q02.txt,1620596429,17:40:29,20210509
76,2002-03-31,PEBO,USD,2002-05-13 00:00:00,2002-05-13 10:25:01,Q1,15486000.0,0.0,0.0,0.0,0.0,4484000.0,386000.0,0.0,0.0,0.0,8156000.0,966000.0,0.0,0.0,0.0,0.36639545395841405,0.0,5674000.0,0.36639545395841405,1569000.0,4515000.0,0.2915536613715614,0.545455,0.536797,8233685.0,8378433.0,https://www.sec.gov/Archives/edgar/data/318300/000031830002000042/0000318300-02-000042-index.html,https://www.sec.gov/Archives/edgar/data/318300/000031830002000042/form10q1q02.txt,1620596429,17:40:29,20210509
77,2001-12-31,PEBO,USD,2002-03-08 00:00:00,2002-03-08 00:00:00,Q4,14909000.0,0.0,0.0,0.0,0.0,4573000.0,0.0,0.0,0.0,0.0,9295000.0,1171000.0,0.0,0.0,0.0,0.34200818297672547,0.0,5099000.0,0.34200818297672547,1653000.0,3446000.0,0.23113555570460795,0.41852463386685307,0.41852463386685307,8233685.0,8233685.0,https://www.sec.gov/Archives/edgar/data/318300/000031830002000021/0000318300-02-000021-index.html,https://www.sec.gov/Archives/edgar/data/318300/000031830002000021/part1.txt,1620596429,17:40:29,20210509
78,2001-09-30,PEBO,USD,2001-11-13 00:00:00,2001-11-13 00:00:00,Q3,13296000.0,0.0,0.0,0.0,0.0,3790000.0,0.0,0.0,0.0,0.0,10674000.0,1077000.0,0.0,0.0,0.0,0.338748495788207,0.0,4504000.0,0.338748495788207,1321000.0,3183000.0,0.23939530685920576,0.38961,0.380952,8283994.0,8435369.0,https://www.sec.gov/Archives/edgar/data/318300/000031830001500056/0000318300-01-500056-index.html,https://www.sec.gov/Archives/edgar/data/318300/000031830001500056/q310qx.txt,1620596429,17:40:29,20210509
79,2001-06-30,PEBO,USD,2001-08-09 00:00:00,2001-08-09 00:00:00,Q2,13070000.0,0.0,0.0,0.0,0.0,3642000.0,0.0,0.0,0.0,0.0,11196000.0,1157000.0,0.0,0.0,0.0,0.3266258607498087,0.0,4269000.0,0.3266258607498087,1264000.0,3005000.0,0.22991583779648048,0.362062,0.354191,8348947.0,8472075.0,https://www.sec.gov/Archives/edgar/data/318300/000031830001500045/0000318300-01-500045-index.html,https://www.sec.gov/Archives/edgar/data/318300/000031830001500045/a3q10q.txt,1620596429,17:40:29,20210509
80,2001-03-31,PEBO,USD,2001-05-14 00:00:00,2001-05-14 00:00:00,Q1,12534000.0,0.0,0.0,0.0,0.0,3585000.0,0.0,0.0,0.0,0.0,11809000.0,1146000.0,0.0,0.0,0.0,0.2979894686452848,0.0,3735000.0,0.2979894686452848,1139000.0,2596000.0,0.20711664273176958,0.314837,0.306966,8298888.0,8409946.0,https://www.sec.gov/Archives/edgar/data/318300/000031830001500034/0000318300-01-500034-index.html,https://www.sec.gov/Archives/edgar/data/318300/000031830001500034/a1q10q2001.txt,1620596429,17:40:29,20210509
81,2000-12-31,PEBO,USD,2001-03-12 00:00:00,2001-03-12 00:00:00,Q4,12305000.0,0.0,0.0,0.0,0.0,3516000.0,0.0,0.0,0.0,0.0,12328000.0,1137000.0,0.0,0.0,0.0,0.30394148720032504,0.0,3740000.0,0.30394148720032504,1058000.0,2682000.0,0.21796017878911012,0.32317582789405036,0.32317582789405036,8298888.0,8298888.0,https://www.sec.gov/Archives/edgar/data/318300/000031830001000014/0000318300-01-000014-index.html,https://www.sec.gov/Archives/edgar/data/318300/000031830001000014/0000318300-01-000014-0001.txt,1620596429,17:40:29,20210509
82,2000-09-30,PEBO,USD,2000-11-14 00:00:00,2000-11-14 00:00:00,Q3,12424000.0,0.0,0.0,0.0,0.0,3393000.0,0.0,0.0,0.0,0.0,11804000.0,1128000.0,0.0,0.0,0.0,0.3279137153895686,0.0,4074000.0,0.3279137153895686,1192000.0,2882000.0,0.2319703799098519,0.34801063980343316,0.34457679525167917,8281356.0,8363883.0,https://www.sec.gov/Archives/edgar/data/318300/000031830000000040/0000318300-00-000040-index.html,https://www.sec.gov/Archives/edgar/data/318300/000031830000000040/0000318300-00-000040-0001.txt,1620596429,17:40:29,20210509
83,2000-06-30,PEBO,USD,2000-08-14 00:00:00,2000-08-14 00:00:00,Q2,12413000.0,0.0,0.0,0.0,0.0,0.0,0.0,0.0,0.0,0.0,10699000.0,1147000.0,0.0,0.0,0.0,0.3124949649560944,0.0,3879000.0,0.3124949649560944,1179000.0,2700000.0,0.2175138967211794,0.32615116260809796,0.3219797701302945,8278370.0,8385620.0,https://www.sec.gov/Archives/edgar/data/318300/000031830000000028/0000318300-00-000028-index.html,https://www.sec.gov/Archives/edgar/data/318300/000031830000000028/0000318300-00-000028-0001.txt,1620596429,17:40:29,20210509
84,2000-03-31,PEBO,USD,2000-05-15 00:00:00,2000-05-15 00:00:00,Q1,12222000.0,0.0,0.0,0.0,0.0,0.0,0.0,0.0,0.0,0.0,10008000.0,1201000.0,0.0,0.0,0.0,0.3388152511863852,0.0,4141000.0,0.3388152511863852,1279000.0,2862000.0,0.2341678939617084,0.34118215204874397,0.3359403336162181,8388481.0,8519370.0,https://www.sec.gov/Archives/edgar/data/318300/000031830000000018/0000318300-00-000018-index.html,https://www.sec.gov/Archives/edgar/data/318300/0000318300-00-000018.txt,1620596429,17:40:29,20210509
85,1999-12-31,PEBO,USD,1999-12-31,1999-12-31,Q4,11800000.0,0.0,0.0,0.0,0.0,0.0,0.0,0.0,0.0,0.0,9800000.0,1200000.0,0.0,0.0,0.0,0.3305084745762712,0.0,3900000.0,0.3305084745762712,1100000.0,2800000.0,0.23728813559322035,0.3337910641986314,0.3337910641986314,8388481.0,8388481.0,,,1620596429,17:40:29,20210509
86,1999-09-30,PEBO,USD,1999-11-15 00:00:00,1999-11-15 00:00:00,Q3,11900000.0,0.0,0.0,0.0,0.0,0.0,0.0,0.0,0.0,0.0,9000000.0,1200000.0,0.0,0.0,0.0,0.3445378151260504,0.0,4100000.0,0.3445378151260504,1300000.0,2800000.0,0.23529411764705882,0.266056,0.254231,10524116.0,11013591.0,https://www.sec.gov/Archives/edgar/data/318300/000031830099000038/0000318300-99-000038-index.html,https://www.sec.gov/Archives/edgar/data/318300/0000318300-99-000038.txt,1620596429,17:40:29,20210509
87,1999-06-30,PEBO,USD,1999-08-16 00:00:00,1999-08-16 00:00:00,Q2,11300000.0,0.0,0.0,0.0,0.0,0.0,0.0,0.0,0.0,0.0,8200000.0,1300000.0,0.0,0.0,0.0,0.3274336283185841,0.0,3700000.0,0.3274336283185841,1200000.0,2500000.0,0.22123893805309736,0.242406,0.236494,10313261.0,10571099.0,https://www.sec.gov/Archives/edgar/data/318300/000031830099000025/0000318300-99-000025-index.html,https://www.sec.gov/Archives/edgar/data/318300/0000318300-99-000025.txt,1620596429,17:40:29,20210509
88,1999-03-31,PEBO,USD,1999-05-17 00:00:00,1999-05-17 00:00:00,Q1,10500000.0,0.0,0.0,0.0,0.0,0.0,0.0,0.0,0.0,0.0,7300000.0,1300000.0,0.0,0.0,0.0,0.3619047619047619,0.0,3800000.0,0.3619047619047619,1200000.0,2600000.0,0.24761904761904763,0.225744,0.220369,8814318.0,8814318.0,https://www.sec.gov/Archives/edgar/data/318300/000031830099000010/0000318300-99-000010-index.html,https://www.sec.gov/Archives/edgar/data/318300/0000318300-99-000010.txt,1620596429,17:40:29,20210509
89,1998-12-31,PEBO,USD,1999-03-30,1999-03-30,Q4,10400000.0,0.0,0.0,0.0,0.0,0.0,0.0,0.0,0.0,0.0,7700000.0,1100000.0,0.0,0.0,0.0,0.33653846153846156,0.0,3500000.0,0.33653846153846156,1000000.0,2700000.0,0.25961538461538464,0.3063197856033785,0.3063197856033785,8814318.0,8814318.0,https://www.sec.gov/Archives/edgar/data/318300/0000318300-99-000004-index.html,https://www.sec.gov/Archives/edgar/data/318300/,1620596429,17:40:29,20210509
90,1998-09-30,PEBO,USD,1998-11-16 00:00:00,1998-11-16 00:00:00,Q3,10000000.0,0.0,0.0,0.0,0.0,0.0,0.0,0.0,0.0,0.0,7900000.0,2800000.0,0.0,0.0,0.0,0.34,0.0,3400000.0,0.34,1100000.0,2100000.0,0.21,0.174492,0.169359,12034955.0,12399669.0,https://www.sec.gov/Archives/edgar/data/318300/000031830098000014/0000318300-98-000014-index.html,https://www.sec.gov/Archives/edgar/data/318300/0000318300-98-000014.txt,1620596429,17:40:29,20210509
91,1998-06-30,PEBO,USD,1998-08-14 00:00:00,1998-08-14 00:00:00,Q2,10200000.0,0.0,0.0,0.0,0.0,0.0,0.0,0.0,0.0,0.0,7500000.0,200000.0,0.0,0.0,0.0,0.4117647058823529,0.0,4200000.0,0.4117647058823529,1400000.0,2800000.0,0.27450980392156865,0.241208,0.230944,11608216.0,12124164.0,https://www.sec.gov/Archives/edgar/data/318300/000031830098000006/0000318300-98-000006-index.html,https://www.sec.gov/Archives/edgar/data/318300/0000318300-98-000006.txt,1620596429,17:40:29,20210509
92,1998-03-31,PEBO,USD,1998-05-15 00:00:00,1998-05-15 00:00:00,Q1,9600000.0,0.0,0.0,0.0,0.0,0.0,0.0,0.0,0.0,0.0,7400000.0,1000000.0,0.0,0.0,0.0,0.375,0.0,3600000.0,0.375,1200000.0,2400000.0,0.25,0.133435,0.130013,8858218.0,8858218.0,https://www.sec.gov/Archives/edgar/data/318300/000031830098000003/0000318300-98-000003-index.html,https://www.sec.gov/Archives/edgar/data/318300/0000318300-98-000003.txt,1620596429,17:40:29,20210509
93,1997-12-31,PEBO,USD,1998-03-31 00:00:00,1998-03-31 00:00:00,Q4,9000000.0,0.0,0.0,0.0,0.0,0.0,0.0,0.0,0.0,0.0,6700000.0,700000.0,0.0,0.0,0.0,0.37777777777777777,0.0,3400000.0,0.37777777777777777,1100000.0,2300000.0,0.25555555555555554,0.2596459016926429,0.2596459016926429,8858218.0,8858218.0,https://www.sec.gov/Archives/edgar/data/318300/000031830098000002/0000318300-98-000002-index.html,https://www.sec.gov/Archives/edgar/data/318300/0000318300-98-000002.txt,1620596429,17:40:29,20210509
94,1997-09-30,PEBO,USD,1997-11-05 00:00:00,1997-11-05 00:00:00,Q3,8700000.0,0.0,0.0,0.0,0.0,0.0,0.0,0.0,0.0,0.0,6400000.0,600000.0,0.0,0.0,0.0,0.367816091954023,0.0,3200000.0,0.367816091954023,1000000.0,2200000.0,0.25287356321839083,0.133435,0.130013,16487452.0,16921354.0,https://www.sec.gov/Archives/edgar/data/318300/000031830097000016/0000318300-97-000016-index.html,https://www.sec.gov/Archives/edgar/data/318300/0000318300-97-000016.txt,1620596429,17:40:29,20210509
95,1997-06-30,PEBO,USD,1997-08-14 00:00:00,1997-08-14 00:00:00,Q2,8500000.0,0.0,0.0,0.0,0.0,0.0,0.0,0.0,0.0,0.0,6100000.0,600000.0,0.0,0.0,0.0,0.36470588235294116,0.0,3100000.0,0.36470588235294116,1000000.0,2100000.0,0.24705882352941178,0.133435,0.130013,15738022.0,16152201.0,https://www.sec.gov/Archives/edgar/data/318300/000031830097000015/0000318300-97-000015-index.html,https://www.sec.gov/Archives/edgar/data/318300/0000318300-97-000015.txt,1620596429,17:40:29,20210509
96,1997-03-31,PEBO,USD,1997-05-15 00:00:00,1997-05-15 00:00:00,Q1,8200000.0,0.0,0.0,0.0,0.0,0.0,0.0,0.0,0.0,0.0,6000000.0,700000.0,0.0,0.0,0.0,0.35365853658536583,0.0,2900000.0,0.35365853658536583,900000.0,2000000.0,0.24390243902439024,0.126592,0.12317,7945580.0,7945580.0,https://www.sec.gov/Archives/edgar/data/318300/000031830097000012/0000318300-97-000012-index.html,https://www.sec.gov/Archives/edgar/data/318300/0000318300-97-000012.txt,1620596429,17:40:29,20210509
97,1996-12-31,PEBO,USD,1997-03-31 00:00:00,1997-03-31 00:00:00,Q4,8100000.0,0.0,0.0,0.0,0.0,0.0,0.0,0.0,0.0,0.0,5600000.0,-100000.0,0.0,0.0,0.0,0.35802469135802467,0.0,2900000.0,0.35802469135802467,900000.0,2000000.0,0.24691358024691357,0.25171227273528174,0.25171227273528174,7945580.0,7945580.0,https://www.sec.gov/Archives/edgar/data/318300/000031830097000007/0000318300-97-000007-index.html,https://www.sec.gov/Archives/edgar/data/318300/0000318300-97-000007.txt,1620596429,17:40:29,20210509
98,1996-09-30,PEBO,USD,1996-11-14 00:00:00,1996-11-14 00:00:00,Q3,7800000.0,0.0,0.0,0.0,0.0,0.0,0.0,0.0,0.0,0.0,5600000.0,800000.0,0.0,0.0,0.0,0.3333333333333333,0.0,2600000.0,0.3333333333333333,800000.0,1800000.0,0.23076923076923078,0.112906,0.112906,15942492.0,15942492.0,https://www.sec.gov/Archives/edgar/data/318300/000031830096000009/0000318300-96-000009-index.html,https://www.sec.gov/Archives/edgar/data/318300/0000318300-96-000009.txt,1620596429,17:40:29,20210509
99,1996-06-30,PEBO,USD,1996-08-13 00:00:00,1996-08-13 00:00:00,Q2,7600000.0,0.0,0.0,0.0,0.0,0.0,0.0,0.0,0.0,0.0,5400000.0,1000000.0,0.0,0.0,0.0,0.3815789473684211,0.0,2900000.0,0.3815789473684211,900000.0,2000000.0,0.2631578947368421,0.111972,0.111972,17861542.0,17861542.0,https://www.sec.gov/Archives/edgar/data/318300/000031830096000007/0000318300-96-000007-index.html,https://www.sec.gov/Archives/edgar/data/318300/0000318300-96-000007.txt,1620596429,17:40:29,20210509
100,1996-03-31,PEBO,USD,1996-04-01 00:00:00,1996-04-01 00:00:00,Q1,7100000.0,0.0,0.0,0.0,0.0,0.0,0.0,0.0,0.0,0.0,5400000.0,400000.0,0.0,0.0,0.0,0.39436619718309857,0.0,2800000.0,0.39436619718309857,900000.0,1900000.0,0.2676056338028169,0.108862,0.105753,7909820.0,7909820.0,https://www.sec.gov/Archives/edgar/data/318300/000031830096000003/0000318300-96-000003-index.html,https://www.sec.gov/Archives/edgar/data/318300/0000318300-96-000003.txt,1620596429,17:40:29,20210509
101,1995-12-31,PEBO,USD,1996-04-01 00:00:00,1996-04-01 00:00:00,Q4,7100000.0,0.0,0.0,0.0,0.0,0.0,0.0,0.0,0.0,0.0,5400000.0,500000.0,0.0,0.0,0.0,0.29577464788732394,0.0,2100000.0,0.29577464788732394,600000.0,1500000.0,0.2112676056338028,0.18963769087033586,0.18963769087033586,7909820.0,7909820.0,https://www.sec.gov/Archives/edgar/data/318300/000031830096000003/0000318300-96-000003-index.html,https://www.sec.gov/Archives/edgar/data/318300/0000318300-96-000003.txt,1620596429,17:40:29,20210509
102,1995-09-30,PEBO,USD,1995-11-14 00:00:00,1995-11-14 00:00:00,Q3,6700000.0,0.0,0.0,0.0,0.0,0.0,0.0,0.0,0.0,0.0,5500000.0,200000.0,0.0,0.0,0.0,0.34328358208955223,0.0,2300000.0,0.34328358208955223,700000.0,1600000.0,0.23880597014925373,0.084828,0.084828,6936988.0,6936988.0,https://www.sec.gov/Archives/edgar/data/318300/000031830095000014/0000318300-95-000014-index.html,https://www.sec.gov/Archives/edgar/data/318300/0000318300-95-000014.txt,1620596429,17:40:29,20210509
103,1995-06-30,PEBO,USD,1995-08-14 00:00:00,1995-08-14 00:00:00,Q2,6600000.0,0.0,0.0,0.0,0.0,0.0,0.0,0.0,0.0,0.0,5200000.0,500000.0,0.0,0.0,0.0,0.3333333333333333,0.0,2200000.0,0.3333333333333333,700000.0,1500000.0,0.22727272727272727,0.079173,0.079173,6957267.0,6957267.0,https://www.sec.gov/Archives/edgar/data/318300/000031830095000012/0000318300-95-000012-index.html,https://www.sec.gov/Archives/edgar/data/318300/0000318300-95-000012.txt,1620596429,17:40:29,20210509
104,1995-03-31,PEBO,USD,1995-05-15 00:00:00,1995-05-15 00:00:00,Q1,6500000.0,0.0,0.0,0.0,0.0,0.0,0.0,0.0,0.0,0.0,4600000.0,400000.0,0.0,0.0,0.0,0.3384615384615385,0.0,2200000.0,0.3384615384615385,700000.0,1500000.0,0.23076923076923078,0.076346,0.076346,6980081.0,6980081.0,https://www.sec.gov/Archives/edgar/data/318300/000031830095000006/0000318300-95-000006-index.html,https://www.sec.gov/Archives/edgar/data/318300/0000318300-95-000006.txt,1620596429,17:40:29,20210509
105,1994-12-31,PEBO,USD,1995-03-30 00:00:00,1995-03-30 00:00:00,Q4,6300000.0,0.0,0.0,0.0,0.0,0.0,0.0,0.0,0.0,0.0,4200000.0,600000.0,0.0,0.0,0.0,0.3333333333333333,0.0,2100000.0,0.3333333333333333,500000.0,1600000.0,0.25396825396825395,0.22922370098570488,0.22922370098570488,6980081.0,6980081.0,https://www.sec.gov/Archives/edgar/data/318300/000031830095000002/0000318300-95-000002-index.html,https://www.sec.gov/Archives/edgar/data/318300/0000318300-95-000002.txt,1620596429,17:40:29,20210509
106,1994-09-30,PEBO,USD,1994-11-10 00:00:00,1994-11-10 00:00:00,Q3,6200000.0,0.0,0.0,0.0,0.0,0.0,0.0,0.0,0.0,0.0,3900000.0,400000.0,0.0,0.0,0.0,0.3387096774193548,0.0,2100000.0,0.3387096774193548,600000.0,1500000.0,0.24193548387096775,0.076346,0.076346,7000362.0,7000362.0,https://www.sec.gov/Archives/edgar/data/318300/000031830094000022/0000318300-94-000022-index.html,https://www.sec.gov/Archives/edgar/data/318300/0000318300-94-000022.txt,1620596429,17:40:29,20210509
107,1994-06-30,PEBO,USD,1994-08-12 00:00:00,1994-08-12 00:00:00,Q2,6000000.0,0.0,0.0,0.0,0.0,0.0,0.0,0.0,0.0,0.0,3700000.0,300000.0,0.0,0.0,0.0,0.31666666666666665,0.0,1900000.0,0.31666666666666665,600000.0,1300000.0,0.21666666666666667,0.067862,0.067862,7000362.0,7000362.0,https://www.sec.gov/Archives/edgar/data/318300/000031830094000021/0000318300-94-000021-index.html,https://www.sec.gov/Archives/edgar/data/318300/0000318300-94-000021.txt,1620596429,17:40:29,20210509
108,1994-03-31,PEBO,USD,1994-05-13 00:00:00,1994-05-13 00:00:00,Q1,6000000.0,0.0,0.0,0.0,0.0,0.0,0.0,0.0,0.0,0.0,3600000.0,600000.0,0.0,0.0,0.0,0.31666666666666665,0.0,1900000.0,0.31666666666666665,600000.0,1300000.0,0.21666666666666667,0.033931,0.033931,7001629.0,7001629.0,https://www.sec.gov/Archives/edgar/data/318300/000031830094000013/0000318300-94-000013-index.html,https://www.sec.gov/Archives/edgar/data/318300/0000318300-94-000013.txt,1620596429,17:40:29,20210509
109,1993-12-31,PEBO,USD,1993-12-31,1993-12-31,Q4,5800000.0,0.0,0.0,0.0,0.0,0.0,0.0,0.0,0.0,0.0,3700000.0,-400000.0,0.0,0.0,0.0,0.29310344827586204,0.0,1700000.0,0.29310344827586204,400000.0,1300000.0,0.22413793103448276,0.1840055835786623,0.1840055835786623,7065003.0,7065003.0,,,1620596429,17:40:29,20210509
110,1993-09-30,PEBO,USD,1993-09-30,1993-09-30,Q3,6000000.0,0.0,0.0,0.0,0.0,0.0,0.0,0.0,0.0,0.0,3800000.0,800000.0,0.0,0.0,0.0,0.31666666666666665,0.0,1900000.0,0.31666666666666665,500000.0,1400000.0,0.23333333333333334,0.036759,0.036759,7065003.0,7065003.0,,,1620596429,17:40:29,20210509
111,1993-06-30,PEBO,USD,1993-06-30,1993-06-30,Q2,5900000.0,0.0,0.0,0.0,0.0,0.0,0.0,0.0,0.0,0.0,3900000.0,600000.0,0.0,0.0,0.0,0.2711864406779661,0.0,1600000.0,0.2711864406779661,400000.0,1200000.0,0.2033898305084746,0.02969,0.02969,7072609.0,7072609.0,,,1620596429,17:40:29,20210509
112,1993-03-31,PEBO,USD,1993-03-31,1993-03-31,Q1,6300000.0,0.0,0.0,0.0,0.0,0.0,0.0,0.0,0.0,0.0,3900000.0,600000.0,0.0,0.0,0.0,0.3333333333333333,0.0,2100000.0,0.3333333333333333,600000.0,1200000.0,0.19047619047619047,0.033931,0.033931,6125792.0,6125792.0,,,1620596429,17:40:29,20210509
113,1992-12-31,PEBO,USD,1992-12-31,1992-12-31,Q4,6200000.0,0.0,0.0,0.0,0.0,0.0,0.0,0.0,0.0,0.0,4100000.0,100000.0,0.0,0.0,0.0,0.24193548387096775,0.0,1500000.0,0.24193548387096775,200000.0,1300000.0,0.20967741935483872,0.20011009133640292,0.20011009133640292,6496424.0,6496424.0,,,1620596429,17:40:29,20210509
114,1992-09-30,PEBO,USD,1992-09-30,1992-09-30,Q3,5900000.0,0.0,0.0,0.0,0.0,0.0,0.0,0.0,0.0,0.0,4300000.0,600000.0,0.0,0.0,0.0,0.288135593220339,0.0,1700000.0,0.288135593220339,500000.0,1200000.0,0.2033898305084746,0.029208,0.028039,6496424.0,6496424.0,,,1620596429,17:40:29,20210509
115,1992-06-30,PEBO,USD,1992-06-30,1992-06-30,Q2,5800000.0,0.0,0.0,0.0,0.0,0.0,0.0,0.0,0.0,0.0,4500000.0,500000.0,0.0,0.0,0.0,0.25862068965517243,0.0,1500000.0,0.25862068965517243,400000.0,1100000.0,0.1896551724137931,0.028039,0.025703,6712553.0,6712553.0,,,1620596429,17:40:29,20210509
116,1992-03-31,PEBO,USD,1992-03-31,1992-03-31,Q1,5500000.0,0.0,0.0,0.0,0.0,0.0,0.0,0.0,0.0,0.0,4900000.0,500000.0,0.0,0.0,0.0,0.2545454545454545,0.0,1400000.0,0.2545454545454545,300000.0,1100000.0,0.2,0.028039,0.025703,5885682.0,5885682.0,,,1620596429,17:40:29,20210509
117,1991-12-31,PEBO,USD,1991-12-31,1991-12-31,Q4,5200000.0,0.0,0.0,0.0,0.0,0.0,0.0,0.0,0.0,0.0,5300000.0,300000.0,0.0,0.0,0.0,0.23076923076923078,0.0,1200000.0,0.23076923076923078,300000.0,900000.0,0.17307692307692307,0.15537973858567491,0.15537973858567491,5792261.0,5792261.0,,,1620596429,17:40:29,20210509
118,1991-09-30,PEBO,USD,1991-09-30,1991-09-30,Q3,5100000.0,0.0,0.0,0.0,0.0,0.0,0.0,0.0,0.0,0.0,5600000.0,500000.0,0.0,0.0,0.0,0.21568627450980393,0.0,1100000.0,0.21568627450980393,200000.0,900000.0,0.17647058823529413,0.025703,0.022198,5792261.0,5792261.0,,,1620596429,17:40:29,20210509
119,1991-06-30,PEBO,USD,1991-06-30,1991-06-30,Q2,4700000.0,0.0,0.0,0.0,0.0,0.0,0.0,0.0,0.0,0.0,5600000.0,300000.0,0.0,0.0,0.0,0.23404255319148937,0.0,1100000.0,0.23404255319148937,200000.0,900000.0,0.19148936170212766,0.025703,0.022198,5797837.0,5797837.0,,,1620596429,17:40:29,20210509
120,1991-03-31,PEBO,USD,1991-03-31,1991-03-31,Q1,4800000.0,0.0,0.0,0.0,0.0,0.0,0.0,0.0,0.0,0.0,5800000.0,400000.0,0.0,0.0,0.0,0.25,0.0,1200000.0,0.25,300000.0,900000.0,0.1875,0.025703,0.022198,5810386.0,5810386.0,,,1620596429,17:40:29,20210509
