,date,symbol,reportedCurrency,fillingDate,acceptedDate,period,revenue,costOfRevenue,grossProfit,grossProfitRatio,researchAndDevelopmentExpenses,generalAndAdministrativeExpenses,sellingAndMarketingExpenses,otherExpenses,operatingExpenses,costAndExpenses,interestExpense,depreciationAndAmortization,ebitda,ebitdaratio,operatingIncome,operatingIncomeRatio,totalOtherIncomeExpensesNet,incomeBeforeTax,incomeBeforeTaxRatio,incomeTaxExpense,netIncome,netIncomeRatio,eps,epsdiluted,weightedAverageShsOut,weightedAverageShsOutDil,link,finalLink,timestamp,est_time,est_date
0,2020-09-30,RVR.AX,AUD,2020-09-30,2020-09-30,Q3,15802750.0,8453500.0,7349250.0,0.4650614608216924,0.0,3053000.0,3986000.0,-455500.0,517000.0,0.0,231000.0,2374250.0,-206750.0,-0.013083165904668492,-2581000.0,-0.1633260033854867,-499500.0,-3240750.0,-0.20507506604863077,-1527750.0,-1713000.0,-0.10839885462973217,-0.00335,-0.00335,511762192,511762192,,,1620597476,17:57:56,20210509
1,2020-06-30,RVR.AX,AUD,2020-06-30,2020-06-30,Q2,15802750.0,8453500.0,7349250.0,0.4650614608216924,0.0,3053000.0,3986000.0,-455500.0,517000.0,0.0,231000.0,2374250.0,-206750.0,-0.013083165904668492,-2581000.0,-0.1633260033854867,-499500.0,-3240750.0,-0.20507506604863077,-1527750.0,-1713000.0,-0.10839885462973217,-0.00335,-0.00335,511762192,511762192,,,1620597476,17:57:56,20210509
2,2020-03-31,RVR.AX,AUD,2020-03-31,2020-03-31,Q1,15802750.0,8453500.0,7349250.0,0.4650614608216924,0.0,3053000.0,3986000.0,-455500.0,517000.0,0.0,231000.0,2374250.0,-206750.0,-0.013083165904668492,-2581000.0,-0.1633260033854867,-499500.0,-3240750.0,-0.20507506604863077,-1527750.0,-1713000.0,-0.10839885462973217,-0.00335,-0.00335,511762192,511762192,,,1620597476,17:57:56,20210509
3,2020-01-31,RVR.AX,AUD,2020-01-31,2020-01-31,Q1,15802750.0,8453500.0,7349250.0,0.4650614608216924,0.0,3053000.0,3986000.0,-455500.0,517000.0,0.0,231000.0,2374250.0,-206750.0,-0.013083165904668492,-2581000.0,-0.1633260033854867,-499500.0,-3240750.0,-0.20507506604863077,-1527750.0,-1713000.0,-0.10839885462973217,-0.00335,-0.00335,511762192,511762192,,,1620597476,17:57:56,20210509
4,2019-06-30,RVR.AX,AUD,2019-06-30,2019-06-30,Q2,24127000.0,10492750.0,13634250.0,0.5651034111161769,0.0,5890000.0,1288250.0,-1190250.0,461250.0,0.0,172250.0,3102500.0,5994750.0,0.24846644837733659,2892250.0,0.11987607244995234,-1429500.0,1366250.0,0.0566274298503751,426750.0,939500.0,0.038939777013304595,0.001925,0.0019,489932000,494473684,,,1620597476,17:57:56,20210509
5,2019-03-31,RVR.AX,AUD,2019-03-31,2019-03-31,Q1,24127000.0,10492750.0,13634250.0,0.5651034111161769,0.0,5890000.0,1288250.0,-1190250.0,461250.0,0.0,172250.0,3102500.0,5994750.0,0.24846644837733659,2892250.0,0.11987607244995234,-1429500.0,1366250.0,0.0566274298503751,426750.0,939500.0,0.038939777013304595,0.001925,0.0019,489932000,494473684,,,1620597476,17:57:56,20210509
6,2019-01-31,RVR.AX,AUD,2019-01-31,2019-01-31,Q1,24127000.0,10492750.0,13634250.0,0.5651034111161769,0.0,5890000.0,1288250.0,-1190250.0,461250.0,0.0,172250.0,3102500.0,5994750.0,0.24846644837733659,2892250.0,0.11987607244995234,-1429500.0,1366250.0,0.0566274298503751,426750.0,939500.0,0.038939777013304595,0.001925,0.0019,489932000,494473684,,,1620597476,17:57:56,20210509
7,2018-06-30,RVR.AX,AUD,2018-06-30,2018-06-30,Q2,12783750.0,6320500.0,6463250.0,0.5055832599980444,0.0,2184250.0,760250.0,-1115000.0,2511250.0,0.0,86250.0,271750.0,1007500.0,0.07881099051530263,735750.0,0.05755353476092696,-1115000.0,-436250.0,-0.03412535445389655,-502750.0,66500.0,0.005201916495550993,0.00015,0.00015,483615520,483615520,,,1620597476,17:57:56,20210509
8,2018-03-31,RVR.AX,AUD,2018-03-31,2018-03-31,Q1,12783750.0,6320500.0,6463250.0,0.5055832599980444,0.0,2184250.0,760250.0,-1115000.0,2511250.0,0.0,86250.0,271750.0,1007500.0,0.07881099051530263,735750.0,0.05755353476092696,-1115000.0,-436250.0,-0.03412535445389655,-502750.0,66500.0,0.005201916495550993,0.00015,0.00015,483615520,483615520,,,1620597476,17:57:56,20210509
9,2018-01-31,RVR.AX,AUD,2018-01-31,2018-01-31,Q1,12783750.0,6320500.0,6463250.0,0.5055832599980444,0.0,2184250.0,760250.0,-1115000.0,2511250.0,0.0,86250.0,271750.0,1007500.0,0.07881099051530263,735750.0,0.05755353476092696,-1115000.0,-436250.0,-0.03412535445389655,-502750.0,66500.0,0.005201916495550993,0.00015,0.00015,483615520,483615520,,,1620597476,17:57:56,20210509
10,2017-06-30,RVR.AX,AUD,2017-06-30,2017-06-30,Q2,47958.0,0.0,47958.0,1.0,0.0,335025.5,163327.0,48086.0,241432.25,0.0,33505.75,11803.0,-739784.75,-15.425679761457943,-751587.75,-15.671790942074315,48086.0,-652831.5,-13.612567246340548,0.0,-652831.5,-13.612567246340548,-0.001725,-0.001725,378662903,378662903,,,1620597476,17:57:56,20210509
11,2017-03-31,RVR.AX,AUD,2017-03-31,2017-03-31,Q1,47958.0,0.0,47958.0,1.0,0.0,335025.5,163327.0,48086.0,241432.25,0.0,33505.75,11803.0,-739784.75,-15.425679761457943,-751587.75,-15.671790942074315,48086.0,-652831.5,-13.612567246340548,0.0,-652831.5,-13.612567246340548,-0.001725,-0.001725,378662903,378662903,,,1620597476,17:57:56,20210509
12,2017-01-31,RVR.AX,AUD,2017-01-31,2017-01-31,Q1,47958.0,0.0,47958.0,1.0,0.0,335025.5,163327.0,48086.0,241432.25,0.0,33505.75,11803.0,-739784.75,-15.425679761457943,-751587.75,-15.671790942074315,48086.0,-652831.5,-13.612567246340548,0.0,-652831.5,-13.612567246340548,-0.001725,-0.001725,378662903,378662903,,,1620597476,17:57:56,20210509
13,2016-06-30,RVR.AX,AUD,2016-06-30,2016-06-30,Q2,5000.0,0.0,5000.0,1.0,0.0,-21610.25,204909.25,72173.0,290545.25,0.0,26251.25,2981.0,-468844.25,-93.76885,-471825.25,-94.36505,72173.0,-381813.5,-76.3627,0.0,-381813.5,-76.3627,-0.001875,-0.001875,203029172,203029172,,,1620597476,17:57:56,20210509
14,2016-03-31,RVR.AX,AUD,2016-03-31,2016-03-31,Q1,5000.0,0.0,5000.0,1.0,0.0,-21610.25,204909.25,72173.0,290545.25,0.0,26251.25,2981.0,-468844.25,-93.76885,-471825.25,-94.36505,72173.0,-381813.5,-76.3627,0.0,-381813.5,-76.3627,-0.001875,-0.001875,203029172,203029172,,,1620597476,17:57:56,20210509
15,2016-01-31,RVR.AX,AUD,2016-01-31,2016-01-31,Q1,5000.0,0.0,5000.0,1.0,0.0,-21610.25,204909.25,72173.0,290545.25,0.0,26251.25,2981.0,-468844.25,-93.76885,-471825.25,-94.36505,72173.0,-381813.5,-76.3627,0.0,-381813.5,-76.3627,-0.001875,-0.001875,203029172,203029172,,,1620597476,17:57:56,20210509
16,2015-09-30,RVR.AX,AUD,2015-09-30,2015-09-30,Q3,0.0,0.0,0.0,0.0,0.0,576047.75,152220.5,-232987.0,189460.25,0.0,643.0,1041.75,-917728.5,0.0,-918770.25,0.0,-233152.75,-1138217.5,0.0,0.0,-1138217.5,0.0,-0.007525,-0.007525,151252992,151252992,,,1620597476,17:57:56,20210509
17,2015-06-30,RVR.AX,AUD,2015-06-30,2015-06-30,Q2,0.0,0.0,0.0,0.0,0.0,576047.75,152220.5,-232987.0,189460.25,0.0,643.0,1041.75,-917728.5,0.0,-918770.25,0.0,-233152.75,-1138217.5,0.0,0.0,-1138217.5,0.0,-0.007525,-0.007525,151252992,151252992,,,1620597476,17:57:56,20210509
18,2015-03-31,RVR.AX,AUD,2015-03-31,2015-03-31,Q1,0.0,0.0,0.0,0.0,0.0,576047.75,152220.5,-232987.0,189460.25,0.0,643.0,1041.75,-917728.5,0.0,-918770.25,0.0,-233152.75,-1138217.5,0.0,0.0,-1138217.5,0.0,-0.007525,-0.007525,151252992,151252992,,,1620597476,17:57:56,20210509
19,2015-01-31,RVR.AX,AUD,2015-01-31,2015-01-31,Q1,0.0,0.0,0.0,0.0,0.0,576047.75,152220.5,-232987.0,189460.25,0.0,643.0,1041.75,-917728.5,0.0,-918770.25,0.0,-233152.75,-1138217.5,0.0,0.0,-1138217.5,0.0,-0.007525,-0.007525,151252992,151252992,,,1620597476,17:57:56,20210509
20,2014-09-30,RVR.AX,AUD,2014-09-30,2014-09-30,Q3,0.0,0.0,0.0,0.0,0.0,104905.5,0.0,25.0,6519.75,0.0,0.0,1039.75,-111425.25,0.0,-112465.0,0.0,25.0,-111163.0,0.0,0.0,-111163.0,0.0,-0.0016,-0.0016,69749615,69749615,,,1620597476,17:57:56,20210509
21,2014-06-30,RVR.AX,AUD,2014-06-30,2014-06-30,Q2,0.0,0.0,0.0,0.0,0.0,104905.5,0.0,25.0,6519.75,0.0,0.0,1039.75,-111425.25,0.0,-112465.0,0.0,25.0,-111163.0,0.0,0.0,-111163.0,0.0,-0.0016,-0.0016,69749615,69749615,,,1620597476,17:57:56,20210509
22,2014-03-31,RVR.AX,AUD,2014-03-31,2014-03-31,Q1,0.0,0.0,0.0,0.0,0.0,104905.5,0.0,25.0,6519.75,0.0,0.0,1039.75,-111425.25,0.0,-112465.0,0.0,25.0,-111163.0,0.0,0.0,-111163.0,0.0,-0.0016,-0.0016,69749615,69749615,,,1620597476,17:57:56,20210509
23,2014-01-31,RVR.AX,AUD,2014-01-31,2014-01-31,Q1,0.0,0.0,0.0,0.0,0.0,104905.5,0.0,25.0,6519.75,0.0,0.0,1039.75,-111425.25,0.0,-112465.0,0.0,25.0,-111163.0,0.0,0.0,-111163.0,0.0,-0.0016,-0.0016,69749615,69749615,,,1620597476,17:57:56,20210509
24,2013-09-30,RVR.AX,AUD,2013-09-30,2013-09-30,Q3,0.0,0.0,0.0,0.0,0.0,145279.75,0.0,0.0,13834.25,0.0,0.0,1854.25,-159114.0,0.0,-160968.25,0.0,1726.75,-152884.25,0.0,0.0,-152884.25,0.0,-0.0022,-0.0022,69330005,69330005,,,1620597476,17:57:56,20210509
25,2013-06-30,RVR.AX,AUD,2013-06-30,2013-06-30,Q2,0.0,0.0,0.0,0.0,0.0,145279.75,0.0,0.0,13834.25,0.0,0.0,1854.25,-159114.0,0.0,-160968.25,0.0,1726.75,-152884.25,0.0,0.0,-152884.25,0.0,-0.0022,-0.0022,69330005,69330005,,,1620597476,17:57:56,20210509
26,2013-03-31,RVR.AX,AUD,2013-03-31,2013-03-31,Q1,0.0,0.0,0.0,0.0,0.0,145279.75,0.0,0.0,13834.25,0.0,0.0,1854.25,-159114.0,0.0,-160968.25,0.0,1726.75,-152884.25,0.0,0.0,-152884.25,0.0,-0.0022,-0.0022,69330005,69330005,,,1620597476,17:57:56,20210509
27,2013-01-31,RVR.AX,AUD,2013-01-31,2013-01-31,Q1,0.0,0.0,0.0,0.0,0.0,145279.75,0.0,0.0,13834.25,0.0,0.0,1854.25,-159114.0,0.0,-160968.25,0.0,1726.75,-152884.25,0.0,0.0,-152884.25,0.0,-0.0022,-0.0022,69330005,69330005,,,1620597476,17:57:56,20210509
28,2012-09-30,RVR.AX,AUD,2012-09-30,2012-09-30,Q3,170500.25,0.0,170500.25,1.0,0.0,137287.0,0.0,12703.0,28216.5,0.0,0.0,1663.25,4996.75,0.029306408641629558,3333.5,0.019551290980511758,11578.0,22899.25,0.13430625468291102,0.0,22899.25,0.13430625468291102,0.000325,0.000325,69330005,69330005,,,1620597476,17:57:56,20210509
29,2012-06-30,RVR.AX,AUD,2012-06-30,2012-06-30,Q2,170500.25,0.0,170500.25,1.0,0.0,137287.0,0.0,12703.0,28216.5,0.0,0.0,1663.25,4996.75,0.029306408641629558,3333.5,0.019551290980511758,11578.0,22899.25,0.13430625468291102,0.0,22899.25,0.13430625468291102,0.000325,0.000325,69330005,69330005,,,1620597476,17:57:56,20210509
30,2012-03-31,RVR.AX,AUD,2012-03-31,2012-03-31,Q1,170500.25,0.0,170500.25,1.0,0.0,137287.0,0.0,12703.0,28216.5,0.0,0.0,1663.25,4996.75,0.029306408641629558,3333.5,0.019551290980511758,11578.0,22899.25,0.13430625468291102,0.0,22899.25,0.13430625468291102,0.000325,0.000325,69330005,69330005,,,1620597476,17:57:56,20210509
31,2012-01-31,RVR.AX,AUD,2012-01-31,2012-01-31,Q1,170500.25,0.0,170500.25,1.0,0.0,137287.0,0.0,12703.0,28216.5,0.0,0.0,1663.25,4996.75,0.029306408641629558,3333.5,0.019551290980511758,11578.0,22899.25,0.13430625468291102,0.0,22899.25,0.13430625468291102,0.000325,0.000325,69330005,69330005,,,1620597476,17:57:56,20210509
32,2011-09-30,RVR.AX,AUD,2011-09-30,2011-09-30,Q3,37499.5,0.0,37499.5,1.0,0.0,189573.25,0.0,7322.5,59117.25,0.0,0.0,2155.75,-211191.0,-5.6318350911345485,-213346.75,-5.689322524300324,5197.5,-192649.5,-5.137388498513314,0.0,-192649.5,-5.137388498513314,-0.002775,-0.002775,69330005,69330005,,,1620597476,17:57:56,20210509
33,2011-06-30,RVR.AX,AUD,2011-06-30,2011-06-30,Q2,37499.5,0.0,37499.5,1.0,0.0,189573.25,0.0,7322.5,59117.25,0.0,0.0,2155.75,-211191.0,-5.6318350911345485,-213346.75,-5.689322524300324,5197.5,-192649.5,-5.137388498513314,0.0,-192649.5,-5.137388498513314,-0.002775,-0.002775,69330005,69330005,,,1620597476,17:57:56,20210509
34,2011-03-31,RVR.AX,AUD,2011-03-31,2011-03-31,Q1,37499.5,0.0,37499.5,1.0,0.0,189573.25,0.0,7322.5,59117.25,0.0,0.0,2155.75,-211191.0,-5.6318350911345485,-213346.75,-5.689322524300324,5197.5,-192649.5,-5.137388498513314,0.0,-192649.5,-5.137388498513314,-0.002775,-0.002775,69330005,69330005,,,1620597476,17:57:56,20210509
35,2011-01-31,RVR.AX,AUD,2011-01-31,2011-01-31,Q1,37499.5,0.0,37499.5,1.0,0.0,189573.25,0.0,7322.5,59117.25,0.0,0.0,2155.75,-211191.0,-5.6318350911345485,-213346.75,-5.689322524300324,5197.5,-192649.5,-5.137388498513314,0.0,-192649.5,-5.137388498513314,-0.002775,-0.002775,69330005,69330005,,,1620597476,17:57:56,20210509
36,2010-09-30,RVR.AX,AUD,2010-09-30,2010-09-30,Q3,40243.0,0.0,40243.0,1.0,0.0,195138.25,0.0,7144.25,68934.5,0.0,0.0,2755.5,-223829.75,-5.561954874139602,-226585.25,-5.630426409561911,4374.25,-203747.25,-5.0629239867803095,0.0,-203747.25,-5.0629239867803095,-0.00295,-0.00295,69329050,69329050,,,1620597476,17:57:56,20210509
37,2010-06-30,RVR.AX,AUD,2010-06-30,2010-06-30,Q2,40243.0,0.0,40243.0,1.0,0.0,195138.25,0.0,7144.25,68934.5,0.0,0.0,2755.5,-223829.75,-5.561954874139602,-226585.25,-5.630426409561911,4374.25,-203747.25,-5.0629239867803095,0.0,-203747.25,-5.0629239867803095,-0.00295,-0.00295,69329050,69329050,,,1620597476,17:57:56,20210509
38,2010-03-31,RVR.AX,AUD,2010-03-31,2010-03-31,Q1,40243.0,0.0,40243.0,1.0,0.0,195138.25,0.0,7144.25,68934.5,0.0,0.0,2755.5,-223829.75,-5.561954874139602,-226585.25,-5.630426409561911,4374.25,-203747.25,-5.0629239867803095,0.0,-203747.25,-5.0629239867803095,-0.00295,-0.00295,69329050,69329050,,,1620597476,17:57:56,20210509
39,2010-01-31,RVR.AX,AUD,2010-01-31,2010-01-31,Q1,40243.0,0.0,40243.0,1.0,0.0,195138.25,0.0,7144.25,68934.5,0.0,0.0,2755.5,-223829.75,-5.561954874139602,-226585.25,-5.630426409561911,4374.25,-203747.25,-5.0629239867803095,0.0,-203747.25,-5.0629239867803095,-0.00295,-0.00295,69329050,69329050,,,1620597476,17:57:56,20210509
40,2009-09-30,RVR.AX,AUD,2009-09-30,2009-09-30,Q3,42492.0,0.0,42492.0,1.0,0.0,172498.75,0.0,15488.0,180221.75,0.0,0.0,4189.25,-310228.5,-7.300868398757413,-314417.75,-7.399457544949637,-15762.0,-289220.0,-6.8064576861526875,0.0,-289220.0,-6.8064576861526875,-0.004175,-0.004175,69326255,69326255,,,1620597476,17:57:56,20210509
41,2009-06-30,RVR.AX,AUD,2009-06-30,2009-06-30,Q2,42492.0,0.0,42492.0,1.0,0.0,172498.75,0.0,15488.0,180221.75,0.0,0.0,4189.25,-310228.5,-7.300868398757413,-314417.75,-7.399457544949637,-15762.0,-289220.0,-6.8064576861526875,0.0,-289220.0,-6.8064576861526875,-0.004175,-0.004175,69326255,69326255,,,1620597476,17:57:56,20210509
42,2009-03-31,RVR.AX,AUD,2009-03-31,2009-03-31,Q1,42492.0,0.0,42492.0,1.0,0.0,172498.75,0.0,15488.0,180221.75,0.0,0.0,4189.25,-310228.5,-7.300868398757413,-314417.75,-7.399457544949637,-15762.0,-289220.0,-6.8064576861526875,0.0,-289220.0,-6.8064576861526875,-0.004175,-0.004175,69326255,69326255,,,1620597476,17:57:56,20210509
43,2009-01-31,RVR.AX,AUD,2009-01-31,2009-01-31,Q1,42492.0,0.0,42492.0,1.0,0.0,172498.75,0.0,15488.0,180221.75,0.0,0.0,4189.25,-310228.5,-7.300868398757413,-314417.75,-7.399457544949637,-15762.0,-289220.0,-6.8064576861526875,0.0,-289220.0,-6.8064576861526875,-0.004175,-0.004175,69326255,69326255,,,1620597476,17:57:56,20210509
44,2008-09-30,RVR.AX,AUD,2008-09-30,2008-09-30,Q3,13392.75,0.0,13392.75,1.0,0.0,123673.5,0.0,0.0,271297.25,0.0,0.0,3446.25,-381578.0,-28.49138526441545,-385024.25,-28.74870732299192,0.0,-322385.0,-24.071605906180583,0.0,-322385.0,-24.071605906180583,-0.0048,-0.0048,67100261,67100261,,,1620597476,17:57:56,20210509
45,2008-06-30,RVR.AX,AUD,2008-06-30,2008-06-30,Q2,13392.75,0.0,13392.75,1.0,0.0,123673.5,0.0,0.0,271297.25,0.0,0.0,3446.25,-381578.0,-28.49138526441545,-385024.25,-28.74870732299192,0.0,-322385.0,-24.071605906180583,0.0,-322385.0,-24.071605906180583,-0.0048,-0.0048,67100261,67100261,,,1620597476,17:57:56,20210509
46,2008-03-31,RVR.AX,AUD,2008-03-31,2008-03-31,Q1,13392.75,0.0,13392.75,1.0,0.0,123673.5,0.0,0.0,271297.25,0.0,0.0,3446.25,-381578.0,-28.49138526441545,-385024.25,-28.74870732299192,0.0,-322385.0,-24.071605906180583,0.0,-322385.0,-24.071605906180583,-0.0048,-0.0048,67100261,67100261,,,1620597476,17:57:56,20210509
47,2008-01-31,RVR.AX,AUD,2008-01-31,2008-01-31,Q1,13392.75,0.0,13392.75,1.0,0.0,123673.5,0.0,0.0,271297.25,0.0,0.0,3446.25,-381578.0,-28.49138526441545,-385024.25,-28.74870732299192,0.0,-322385.0,-24.071605906180583,0.0,-322385.0,-24.071605906180583,-0.0048,-0.0048,67100261,67100261,,,1620597476,17:57:56,20210509
48,2007-09-30,RVR.AX,AUD,2007-09-30,2007-09-30,Q3,0.0,0.0,0.0,0.0,0.0,121602.75,0.0,0.0,119547.75,0.0,0.0,274.0,-241150.5,0.0,-241424.5,0.0,0.0,-227971.5,0.0,0.0,-227971.5,0.0,-0.004975,-0.004975,45823417,45823417,,,1620597476,17:57:56,20210509
49,2007-06-30,RVR.AX,AUD,2007-06-30,2007-06-30,Q2,0.0,0.0,0.0,0.0,0.0,121602.75,0.0,0.0,119547.75,0.0,0.0,274.0,-241150.5,0.0,-241424.5,0.0,0.0,-227971.5,0.0,0.0,-227971.5,0.0,-0.004975,-0.004975,45823417,45823417,,,1620597476,17:57:56,20210509
50,2007-03-31,RVR.AX,AUD,2007-03-31,2007-03-31,Q1,0.0,0.0,0.0,0.0,0.0,121602.75,0.0,0.0,119547.75,0.0,0.0,274.0,-241150.5,0.0,-241424.5,0.0,0.0,-227971.5,0.0,0.0,-227971.5,0.0,-0.004975,-0.004975,45823417,45823417,,,1620597476,17:57:56,20210509
51,2007-01-31,RVR.AX,AUD,2007-01-31,2007-01-31,Q1,0.0,0.0,0.0,0.0,0.0,121602.75,0.0,0.0,119547.75,0.0,0.0,274.0,-241150.5,0.0,-241424.5,0.0,0.0,-227971.5,0.0,0.0,-227971.5,0.0,-0.004975,-0.004975,45823417,45823417,,,1620597476,17:57:56,20210509
52,2006-09-30,RVR.AX,AUD,2006-09-30,2006-09-30,Q3,0.0,0.0,0.0,0.0,0.0,130117.5,0.0,0.0,233595.75,0.0,0.0,405.25,-363713.25,0.0,-364118.5,0.0,0.0,-338878.0,0.0,0.0,-338878.0,0.0,-0.007371,-0.007371,45063994,45063994,,,1620597476,17:57:56,20210509
53,2006-06-30,RVR.AX,AUD,2006-06-30,2006-06-30,Q2,0.0,0.0,0.0,0.0,0.0,130117.5,0.0,0.0,233595.75,0.0,0.0,405.25,-363713.25,0.0,-364118.5,0.0,0.0,-338878.0,0.0,0.0,-338878.0,0.0,-0.007371,-0.007371,45063994,45063994,,,1620597476,17:57:56,20210509
54,2006-03-31,RVR.AX,AUD,2006-03-31,2006-03-31,Q1,0.0,0.0,0.0,0.0,0.0,130117.5,0.0,0.0,233595.75,0.0,0.0,405.25,-363713.25,0.0,-364118.5,0.0,0.0,-338878.0,0.0,0.0,-338878.0,0.0,-0.007371,-0.007371,45063994,45063994,,,1620597476,17:57:56,20210509
55,2006-01-31,RVR.AX,AUD,2006-01-31,2006-01-31,Q1,0.0,0.0,0.0,0.0,0.0,130117.5,0.0,0.0,233595.75,0.0,0.0,405.25,-363713.25,0.0,-364118.5,0.0,0.0,-338878.0,0.0,0.0,-338878.0,0.0,-0.007371,-0.007371,45063994,45063994,,,1620597476,17:57:56,20210509
56,2005-09-30,RVR.AX,AUD,2005-09-30,2005-09-30,Q3,0.0,0.0,0.0,0.0,0.0,-18132.25,32423.25,-2360.5,81061.75,0.0,0.0,121.25,-95352.75,0.0,-95474.0,0.0,-2360.5,-96969.25,0.0,-96969.25,-96969.25,0.0,-0.003194,-0.003194,30372378,30372378,,,1620597476,17:57:56,20210509
57,2005-06-30,RVR.AX,AUD,2005-06-30,2005-06-30,Q2,0.0,0.0,0.0,0.0,0.0,-18132.25,32423.25,-2360.5,81061.75,0.0,0.0,121.25,-95352.75,0.0,-95474.0,0.0,-2360.5,-96969.25,0.0,-96969.25,-96969.25,0.0,-0.003194,-0.003194,30372378,30372378,,,1620597476,17:57:56,20210509
58,2005-03-31,RVR.AX,AUD,2005-03-31,2005-03-31,Q1,0.0,0.0,0.0,0.0,0.0,-18132.25,32423.25,-2360.5,81061.75,0.0,0.0,121.25,-95352.75,0.0,-95474.0,0.0,-2360.5,-96969.25,0.0,-96969.25,-96969.25,0.0,-0.003194,-0.003194,30372378,30372378,,,1620597476,17:57:56,20210509
59,2005-01-31,RVR.AX,AUD,2005-01-31,2005-01-31,Q1,0.0,0.0,0.0,0.0,0.0,-18132.25,32423.25,-2360.5,81061.75,0.0,0.0,121.25,-95352.75,0.0,-95474.0,0.0,-2360.5,-96969.25,0.0,-96969.25,-96969.25,0.0,-0.003194,-0.003194,30372378,30372378,,,1620597476,17:57:56,20210509
