,date,symbol,reportedCurrency,fillingDate,acceptedDate,period,revenue,costOfRevenue,grossProfit,grossProfitRatio,researchAndDevelopmentExpenses,generalAndAdministrativeExpenses,sellingAndMarketingExpenses,otherExpenses,operatingExpenses,costAndExpenses,interestExpense,depreciationAndAmortization,ebitda,ebitdaratio,operatingIncome,operatingIncomeRatio,totalOtherIncomeExpensesNet,incomeBeforeTax,incomeBeforeTaxRatio,incomeTaxExpense,netIncome,netIncomeRatio,eps,epsdiluted,weightedAverageShsOut,weightedAverageShsOutDil,link,finalLink,timestamp,est_time,est_date
0,2019-06-30,TOUP.PA,EUR,2019-06-30,2019-06-30,Q2,41771750,25155250,16616500,0.39779276664252755,0.0,0.0,0.0,-13348000.0,622250.0,25258250,3062500.0,5339750.0,21853250.0,0.5231585940258667,16513500.0,0.39532698534296506,0.0,171500.0,0.004105645561892906,371250.0,-674500.0,-0.016147276568494257,-0.0975,-0.0975,7002819.0,7002819.0,https://www.infogreffe.com/recherche-entreprise-dirigeants/resultats-entreprise-dirigeants.html?ga_cat=globale&ga_q=T.O.U.P#phrase=T.O.U.P,https://www.infogreffe.com/recherche-entreprise-dirigeants/resultats-entreprise-dirigeants.html?ga_cat=globale&ga_q=T.O.U.P#phrase=T.O.U.P,1620598959,18:22:39,20210509
1,2019-03-31,TOUP.PA,EUR,2019-03-31,2019-03-31,Q1,41771750,25155250,16616500,0.39779276664252755,0.0,0.0,0.0,-13348000.0,622250.0,25258250,3062500.0,5339750.0,21853250.0,0.5231585940258667,16513500.0,0.39532698534296506,0.0,171500.0,0.004105645561892906,371250.0,-674500.0,-0.016147276568494257,-0.0975,-0.0975,7002819.0,7002819.0,https://www.infogreffe.com/recherche-entreprise-dirigeants/resultats-entreprise-dirigeants.html?ga_cat=globale&ga_q=T.O.U.P#phrase=T.O.U.P,https://www.infogreffe.com/recherche-entreprise-dirigeants/resultats-entreprise-dirigeants.html?ga_cat=globale&ga_q=T.O.U.P#phrase=T.O.U.P,1620598959,18:22:39,20210509
2,2019-01-31,TOUP.PA,EUR,2019-01-31,2019-01-31,Q1,41771750,25155250,16616500,0.39779276664252755,0.0,0.0,0.0,-13348000.0,622250.0,25258250,3062500.0,5339750.0,21853250.0,0.5231585940258667,16513500.0,0.39532698534296506,0.0,171500.0,0.004105645561892906,371250.0,-674500.0,-0.016147276568494257,-0.0975,-0.0975,7002819.0,7002819.0,https://www.infogreffe.com/recherche-entreprise-dirigeants/resultats-entreprise-dirigeants.html?ga_cat=globale&ga_q=T.O.U.P#phrase=T.O.U.P,https://www.infogreffe.com/recherche-entreprise-dirigeants/resultats-entreprise-dirigeants.html?ga_cat=globale&ga_q=T.O.U.P#phrase=T.O.U.P,1620598959,18:22:39,20210509
3,2018-06-30,TOUP.PA,EUR,2018-06-30,2018-06-30,Q2,38322250,22210000,16112250,0.4204411275433984,0.0,0.0,0.0,-14311750.0,1950000.0,23558500,2520250.0,4440000.0,19203750.0,0.5011122781151942,14763750.0,0.3852526926263463,0.0,-532750.0,-0.013901845533599933,118750.0,-1039500.0,-0.02712523403505796,-0.1475,-0.1475,7002362.0,7002362.0,https://www.infogreffe.com/recherche-entreprise-dirigeants/resultats-entreprise-dirigeants.html?ga_cat=globale&ga_q=T.O.U.P#phrase=T.O.U.P,https://www.infogreffe.com/recherche-entreprise-dirigeants/resultats-entreprise-dirigeants.html?ga_cat=globale&ga_q=T.O.U.P#phrase=T.O.U.P,1620598959,18:22:39,20210509
4,2018-03-31,TOUP.PA,EUR,2018-03-31,2018-03-31,Q1,38322250,22210000,16112250,0.4204411275433984,0.0,0.0,0.0,-14311750.0,1950000.0,23558500,2520250.0,4440000.0,19203750.0,0.5011122781151942,14763750.0,0.3852526926263463,0.0,-532750.0,-0.013901845533599933,118750.0,-1039500.0,-0.02712523403505796,-0.1475,-0.1475,7002362.0,7002362.0,https://www.infogreffe.com/recherche-entreprise-dirigeants/resultats-entreprise-dirigeants.html?ga_cat=globale&ga_q=T.O.U.P#phrase=T.O.U.P,https://www.infogreffe.com/recherche-entreprise-dirigeants/resultats-entreprise-dirigeants.html?ga_cat=globale&ga_q=T.O.U.P#phrase=T.O.U.P,1620598959,18:22:39,20210509
5,2018-01-31,TOUP.PA,EUR,2018-01-31,2018-01-31,Q1,38322250,22210000,16112250,0.4204411275433984,0.0,0.0,0.0,-14311750.0,1950000.0,23558500,2520250.0,4440000.0,19203750.0,0.5011122781151942,14763750.0,0.3852526926263463,0.0,-532750.0,-0.013901845533599933,118750.0,-1039500.0,-0.02712523403505796,-0.1475,-0.1475,7002362.0,7002362.0,https://www.infogreffe.com/recherche-entreprise-dirigeants/resultats-entreprise-dirigeants.html?ga_cat=globale&ga_q=T.O.U.P#phrase=T.O.U.P,https://www.infogreffe.com/recherche-entreprise-dirigeants/resultats-entreprise-dirigeants.html?ga_cat=globale&ga_q=T.O.U.P#phrase=T.O.U.P,1620598959,18:22:39,20210509
6,2017-06-30,TOUP.PA,EUR,2017-06-30,2017-06-30,Q2,52982250,36198250,16784000,0.3167853384860024,0.0,0.0,0.0,-17104750.0,1511750.0,36821000,2706250.0,6212750.0,22374000.0,0.42229237150177656,16161250.0,0.30503140202615026,0.0,-2120500.0,-0.0400228378372002,13250.0,-4510000.0,-0.08512284774617915,-0.645,-0.645,7004317.0,7004317.0,https://www.infogreffe.com/recherche-entreprise-dirigeants/resultats-entreprise-dirigeants.html?ga_cat=globale&ga_q=T.O.U.P#phrase=T.O.U.P,https://www.infogreffe.com/recherche-entreprise-dirigeants/resultats-entreprise-dirigeants.html?ga_cat=globale&ga_q=T.O.U.P#phrase=T.O.U.P,1620598959,18:22:39,20210509
7,2017-03-31,TOUP.PA,EUR,2017-03-31,2017-03-31,Q1,52982250,36198250,16784000,0.3167853384860024,0.0,0.0,0.0,-17104750.0,1511750.0,36821000,2706250.0,6212750.0,22374000.0,0.42229237150177656,16161250.0,0.30503140202615026,0.0,-2120500.0,-0.0400228378372002,13250.0,-4510000.0,-0.08512284774617915,-0.645,-0.645,7004317.0,7004317.0,https://www.infogreffe.com/recherche-entreprise-dirigeants/resultats-entreprise-dirigeants.html?ga_cat=globale&ga_q=T.O.U.P#phrase=T.O.U.P,https://www.infogreffe.com/recherche-entreprise-dirigeants/resultats-entreprise-dirigeants.html?ga_cat=globale&ga_q=T.O.U.P#phrase=T.O.U.P,1620598959,18:22:39,20210509
8,2017-01-31,TOUP.PA,EUR,2017-01-31,2017-01-31,Q1,52982250,36198250,16784000,0.3167853384860024,0.0,0.0,0.0,-17104750.0,1511750.0,36821000,2706250.0,6212750.0,22374000.0,0.42229237150177656,16161250.0,0.30503140202615026,0.0,-2120500.0,-0.0400228378372002,13250.0,-4510000.0,-0.08512284774617915,-0.645,-0.645,7004317.0,7004317.0,https://www.infogreffe.com/recherche-entreprise-dirigeants/resultats-entreprise-dirigeants.html?ga_cat=globale&ga_q=T.O.U.P#phrase=T.O.U.P,https://www.infogreffe.com/recherche-entreprise-dirigeants/resultats-entreprise-dirigeants.html?ga_cat=globale&ga_q=T.O.U.P#phrase=T.O.U.P,1620598959,18:22:39,20210509
9,2016-06-30,TOUP.PA,EUR,2016-06-30,2016-06-30,Q2,90735500,53668750,37066750,0.4085143080712621,0.0,0.0,0.0,0.0,17958500.0,89690750,4077250.0,9264500.0,10309250.0,0.11361870491703908,1044750.0,0.011514236434471624,0.0,-2804250.0,-0.0309057645574224,621250.0,-2895750.0,-0.031914190146083946,-0.455,-0.455,6362826.0,6362826.0,https://www.infogreffe.com/recherche-entreprise-dirigeants/resultats-entreprise-dirigeants.html?ga_cat=globale&ga_q=T.O.U.P#phrase=T.O.U.P,https://www.infogreffe.com/recherche-entreprise-dirigeants/resultats-entreprise-dirigeants.html?ga_cat=globale&ga_q=T.O.U.P#phrase=T.O.U.P,1620598959,18:22:39,20210509
10,2016-03-31,TOUP.PA,EUR,2016-03-31,2016-03-31,Q1,90735500,53668750,37066750,0.4085143080712621,0.0,0.0,0.0,0.0,17958500.0,89690750,4077250.0,9264500.0,10309250.0,0.11361870491703908,1044750.0,0.011514236434471624,0.0,-2804250.0,-0.0309057645574224,621250.0,-2895750.0,-0.031914190146083946,-0.455,-0.455,6362826.0,6362826.0,https://www.infogreffe.com/recherche-entreprise-dirigeants/resultats-entreprise-dirigeants.html?ga_cat=globale&ga_q=T.O.U.P#phrase=T.O.U.P,https://www.infogreffe.com/recherche-entreprise-dirigeants/resultats-entreprise-dirigeants.html?ga_cat=globale&ga_q=T.O.U.P#phrase=T.O.U.P,1620598959,18:22:39,20210509
11,2016-01-31,TOUP.PA,EUR,2016-01-31,2016-01-31,Q1,90735500,53668750,37066750,0.4085143080712621,0.0,0.0,0.0,0.0,17958500.0,89690750,4077250.0,9264500.0,10309250.0,0.11361870491703908,1044750.0,0.011514236434471624,0.0,-2804250.0,-0.0309057645574224,621250.0,-2895750.0,-0.031914190146083946,-0.455,-0.455,6362826.0,6362826.0,https://www.infogreffe.com/recherche-entreprise-dirigeants/resultats-entreprise-dirigeants.html?ga_cat=globale&ga_q=T.O.U.P#phrase=T.O.U.P,https://www.infogreffe.com/recherche-entreprise-dirigeants/resultats-entreprise-dirigeants.html?ga_cat=globale&ga_q=T.O.U.P#phrase=T.O.U.P,1620598959,18:22:39,20210509
12,2015-09-30,TOUP.PA,EUR,2015-09-30,2015-09-30,Q3,87060000,52555250,34504750,0.39633298874339534,0.0,0.0,0.0,0.0,17318000.0,90383000,3926500.0,11747000.0,8424000.0,0.09676085458304617,-3323000.0,-0.038169078796232485,0.0,-7096250.0,-0.08150987824488859,-343000.0,-5988750.0,-0.06878876636802206,-1.01614275,-1.01614275,5896803.0,5896803.0,https://www.infogreffe.com/recherche-entreprise-dirigeants/resultats-entreprise-dirigeants.html?ga_cat=globale&ga_q=T.O.U.P#phrase=T.O.U.P,https://www.infogreffe.com/recherche-entreprise-dirigeants/resultats-entreprise-dirigeants.html?ga_cat=globale&ga_q=T.O.U.P#phrase=T.O.U.P,1620598959,18:22:39,20210509
13,2015-06-30,TOUP.PA,EUR,2015-06-30,2015-06-30,Q2,87060000,52555250,34504750,0.39633298874339534,0.0,0.0,0.0,0.0,17318000.0,90383000,3926500.0,11747000.0,8424000.0,0.09676085458304617,-3323000.0,-0.038169078796232485,0.0,-7096250.0,-0.08150987824488859,-343000.0,-5988750.0,-0.06878876636802206,-1.01614275,-1.01614275,5896803.0,5896803.0,https://www.infogreffe.com/recherche-entreprise-dirigeants/resultats-entreprise-dirigeants.html?ga_cat=globale&ga_q=T.O.U.P#phrase=T.O.U.P,https://www.infogreffe.com/recherche-entreprise-dirigeants/resultats-entreprise-dirigeants.html?ga_cat=globale&ga_q=T.O.U.P#phrase=T.O.U.P,1620598959,18:22:39,20210509
14,2015-03-31,TOUP.PA,EUR,2015-03-31,2015-03-31,Q1,87060000,52555250,34504750,0.39633298874339534,0.0,0.0,0.0,0.0,17318000.0,90383000,3926500.0,11747000.0,8424000.0,0.09676085458304617,-3323000.0,-0.038169078796232485,0.0,-7096250.0,-0.08150987824488859,-343000.0,-5988750.0,-0.06878876636802206,-1.01614275,-1.01614275,5896803.0,5896803.0,https://www.infogreffe.com/recherche-entreprise-dirigeants/resultats-entreprise-dirigeants.html?ga_cat=globale&ga_q=T.O.U.P#phrase=T.O.U.P,https://www.infogreffe.com/recherche-entreprise-dirigeants/resultats-entreprise-dirigeants.html?ga_cat=globale&ga_q=T.O.U.P#phrase=T.O.U.P,1620598959,18:22:39,20210509
15,2015-01-31,TOUP.PA,EUR,2015-01-31,2015-01-31,Q1,87060000,52555250,34504750,0.39633298874339534,0.0,0.0,0.0,0.0,17318000.0,90383000,3926500.0,11747000.0,8424000.0,0.09676085458304617,-3323000.0,-0.038169078796232485,0.0,-7096250.0,-0.08150987824488859,-343000.0,-5988750.0,-0.06878876636802206,-1.01614275,-1.01614275,5896803.0,5896803.0,https://www.infogreffe.com/recherche-entreprise-dirigeants/resultats-entreprise-dirigeants.html?ga_cat=globale&ga_q=T.O.U.P#phrase=T.O.U.P,https://www.infogreffe.com/recherche-entreprise-dirigeants/resultats-entreprise-dirigeants.html?ga_cat=globale&ga_q=T.O.U.P#phrase=T.O.U.P,1620598959,18:22:39,20210509
16,2014-09-30,TOUP.PA,EUR,2014-09-30,2014-09-30,Q3,94672750,63259750,31413000,0.33180614273906694,0.0,0.0,0.0,0.0,13376500.0,93685000,0.0,9003250.0,9991000.0,0.10553195085174984,987750.0,0.010433308422962256,0.0,-3400500.0,-0.03591846650699383,-105750.0,-3224000.0,-0.03405414968932454,-0.5454295,-0.5454295,5906107.0,5906107.0,https://www.infogreffe.com/recherche-entreprise-dirigeants/resultats-entreprise-dirigeants.html?ga_cat=globale&ga_q=T.O.U.P#phrase=T.O.U.P,https://www.infogreffe.com/recherche-entreprise-dirigeants/resultats-entreprise-dirigeants.html?ga_cat=globale&ga_q=T.O.U.P#phrase=T.O.U.P,1620598959,18:22:39,20210509
17,2014-06-30,TOUP.PA,EUR,2014-06-30,2014-06-30,Q2,94672750,63259750,31413000,0.33180614273906694,0.0,0.0,0.0,0.0,13376500.0,93685000,0.0,9003250.0,9991000.0,0.10553195085174984,987750.0,0.010433308422962256,0.0,-3400500.0,-0.03591846650699383,-105750.0,-3224000.0,-0.03405414968932454,-0.5454295,-0.5454295,5906107.0,5906107.0,https://www.infogreffe.com/recherche-entreprise-dirigeants/resultats-entreprise-dirigeants.html?ga_cat=globale&ga_q=T.O.U.P#phrase=T.O.U.P,https://www.infogreffe.com/recherche-entreprise-dirigeants/resultats-entreprise-dirigeants.html?ga_cat=globale&ga_q=T.O.U.P#phrase=T.O.U.P,1620598959,18:22:39,20210509
18,2014-03-31,TOUP.PA,EUR,2014-03-31,2014-03-31,Q1,94672750,63259750,31413000,0.33180614273906694,0.0,0.0,0.0,0.0,13376500.0,93685000,0.0,9003250.0,9991000.0,0.10553195085174984,987750.0,0.010433308422962256,0.0,-3400500.0,-0.03591846650699383,-105750.0,-3224000.0,-0.03405414968932454,-0.5454295,-0.5454295,5906107.0,5906107.0,https://www.infogreffe.com/recherche-entreprise-dirigeants/resultats-entreprise-dirigeants.html?ga_cat=globale&ga_q=T.O.U.P#phrase=T.O.U.P,https://www.infogreffe.com/recherche-entreprise-dirigeants/resultats-entreprise-dirigeants.html?ga_cat=globale&ga_q=T.O.U.P#phrase=T.O.U.P,1620598959,18:22:39,20210509
19,2014-01-31,TOUP.PA,EUR,2014-01-31,2014-01-31,Q1,94672750,63259750,31413000,0.33180614273906694,0.0,0.0,0.0,0.0,13376500.0,93685000,0.0,9003250.0,9991000.0,0.10553195085174984,987750.0,0.010433308422962256,0.0,-3400500.0,-0.03591846650699383,-105750.0,-3224000.0,-0.03405414968932454,-0.5454295,-0.5454295,5906107.0,5906107.0,https://www.infogreffe.com/recherche-entreprise-dirigeants/resultats-entreprise-dirigeants.html?ga_cat=globale&ga_q=T.O.U.P#phrase=T.O.U.P,https://www.infogreffe.com/recherche-entreprise-dirigeants/resultats-entreprise-dirigeants.html?ga_cat=globale&ga_q=T.O.U.P#phrase=T.O.U.P,1620598959,18:22:39,20210509
20,2013-09-30,TOUP.PA,EUR,2013-09-30,2013-09-30,Q3,87315500,31958750,55356750,0.6339853748761675,0.0,6933500.0,0.0,0.0,37095500.0,85475000,4957500.0,9487250.0,11327750.0,0.12973355246204854,1840500.0,0.02107873172575316,0.0,-3237750.0,-0.037081045175255255,482000.0,-3825750.0,-0.04381524471600117,-0.6550135,-0.6550135,5839410.0,5839410.0,https://www.infogreffe.com/recherche-entreprise-dirigeants/resultats-entreprise-dirigeants.html?ga_cat=globale&ga_q=T.O.U.P#phrase=T.O.U.P,https://www.infogreffe.com/recherche-entreprise-dirigeants/resultats-entreprise-dirigeants.html?ga_cat=globale&ga_q=T.O.U.P#phrase=T.O.U.P,1620598959,18:22:39,20210509
21,2013-06-30,TOUP.PA,EUR,2013-06-30,2013-06-30,Q2,87315500,31958750,55356750,0.6339853748761675,0.0,6933500.0,0.0,0.0,37095500.0,85475000,4957500.0,9487250.0,11327750.0,0.12973355246204854,1840500.0,0.02107873172575316,0.0,-3237750.0,-0.037081045175255255,482000.0,-3825750.0,-0.04381524471600117,-0.6550135,-0.6550135,5839410.0,5839410.0,https://www.infogreffe.com/recherche-entreprise-dirigeants/resultats-entreprise-dirigeants.html?ga_cat=globale&ga_q=T.O.U.P#phrase=T.O.U.P,https://www.infogreffe.com/recherche-entreprise-dirigeants/resultats-entreprise-dirigeants.html?ga_cat=globale&ga_q=T.O.U.P#phrase=T.O.U.P,1620598959,18:22:39,20210509
22,2013-03-31,TOUP.PA,EUR,2013-03-31,2013-03-31,Q1,87315500,31958750,55356750,0.6339853748761675,0.0,6933500.0,0.0,0.0,37095500.0,85475000,4957500.0,9487250.0,11327750.0,0.12973355246204854,1840500.0,0.02107873172575316,0.0,-3237750.0,-0.037081045175255255,482000.0,-3825750.0,-0.04381524471600117,-0.6550135,-0.6550135,5839410.0,5839410.0,https://www.infogreffe.com/recherche-entreprise-dirigeants/resultats-entreprise-dirigeants.html?ga_cat=globale&ga_q=T.O.U.P#phrase=T.O.U.P,https://www.infogreffe.com/recherche-entreprise-dirigeants/resultats-entreprise-dirigeants.html?ga_cat=globale&ga_q=T.O.U.P#phrase=T.O.U.P,1620598959,18:22:39,20210509
23,2013-01-31,TOUP.PA,EUR,2013-01-31,2013-01-31,Q1,87315500,31958750,55356750,0.6339853748761675,0.0,6933500.0,0.0,0.0,37095500.0,85475000,4957500.0,9487250.0,11327750.0,0.12973355246204854,1840500.0,0.02107873172575316,0.0,-3237750.0,-0.037081045175255255,482000.0,-3825750.0,-0.04381524471600117,-0.6550135,-0.6550135,5839410.0,5839410.0,https://www.infogreffe.com/recherche-entreprise-dirigeants/resultats-entreprise-dirigeants.html?ga_cat=globale&ga_q=T.O.U.P#phrase=T.O.U.P,https://www.infogreffe.com/recherche-entreprise-dirigeants/resultats-entreprise-dirigeants.html?ga_cat=globale&ga_q=T.O.U.P#phrase=T.O.U.P,1620598959,18:22:39,20210509
24,2012-09-30,TOUP.PA,EUR,2012-09-30,2012-09-30,Q3,89496500,30729250,58767250,0.6566429972121814,0.0,6322000.0,0.0,0.0,37140000.0,82230500,4398500.0,8039250.0,15305250.0,0.171015067628343,7266000.0,0.08118753247333695,0.0,2868750.0,0.03205432614683256,687250.0,2286500.0,0.025548485136290246,0.39848725,0.39848725,5754273.0,5754273.0,https://www.infogreffe.com/recherche-entreprise-dirigeants/resultats-entreprise-dirigeants.html?ga_cat=globale&ga_q=T.O.U.P#phrase=T.O.U.P,https://www.infogreffe.com/recherche-entreprise-dirigeants/resultats-entreprise-dirigeants.html?ga_cat=globale&ga_q=T.O.U.P#phrase=T.O.U.P,1620598959,18:22:39,20210509
25,2012-06-30,TOUP.PA,EUR,2012-06-30,2012-06-30,Q2,89496500,30729250,58767250,0.6566429972121814,0.0,6322000.0,0.0,0.0,37140000.0,82230500,4398500.0,8039250.0,15305250.0,0.171015067628343,7266000.0,0.08118753247333695,0.0,2868750.0,0.03205432614683256,687250.0,2286500.0,0.025548485136290246,0.39848725,0.39848725,5754273.0,5754273.0,https://www.infogreffe.com/recherche-entreprise-dirigeants/resultats-entreprise-dirigeants.html?ga_cat=globale&ga_q=T.O.U.P#phrase=T.O.U.P,https://www.infogreffe.com/recherche-entreprise-dirigeants/resultats-entreprise-dirigeants.html?ga_cat=globale&ga_q=T.O.U.P#phrase=T.O.U.P,1620598959,18:22:39,20210509
26,2012-03-31,TOUP.PA,EUR,2012-03-31,2012-03-31,Q1,89496500,30729250,58767250,0.6566429972121814,0.0,6322000.0,0.0,0.0,37140000.0,82230500,4398500.0,8039250.0,15305250.0,0.171015067628343,7266000.0,0.08118753247333695,0.0,2868750.0,0.03205432614683256,687250.0,2286500.0,0.025548485136290246,0.39848725,0.39848725,5754273.0,5754273.0,https://www.infogreffe.com/recherche-entreprise-dirigeants/resultats-entreprise-dirigeants.html?ga_cat=globale&ga_q=T.O.U.P#phrase=T.O.U.P,https://www.infogreffe.com/recherche-entreprise-dirigeants/resultats-entreprise-dirigeants.html?ga_cat=globale&ga_q=T.O.U.P#phrase=T.O.U.P,1620598959,18:22:39,20210509
27,2012-01-31,TOUP.PA,EUR,2012-01-31,2012-01-31,Q1,89496500,30729250,58767250,0.6566429972121814,0.0,6322000.0,0.0,0.0,37140000.0,82230500,4398500.0,8039250.0,15305250.0,0.171015067628343,7266000.0,0.08118753247333695,0.0,2868750.0,0.03205432614683256,687250.0,2286500.0,0.025548485136290246,0.39848725,0.39848725,5754273.0,5754273.0,https://www.infogreffe.com/recherche-entreprise-dirigeants/resultats-entreprise-dirigeants.html?ga_cat=globale&ga_q=T.O.U.P#phrase=T.O.U.P,https://www.infogreffe.com/recherche-entreprise-dirigeants/resultats-entreprise-dirigeants.html?ga_cat=globale&ga_q=T.O.U.P#phrase=T.O.U.P,1620598959,18:22:39,20210509
28,2011-09-30,TOUP.PA,EUR,2011-09-30,2011-09-30,Q3,84006500,45620000,38386500,0.4569467838798188,0.0,0.0,0.0,-3622250.0,16755750.0,76136250,0.0,6566750.0,14437000.0,0.17185574925749794,7870250.0,0.09368620285335064,0.0,4271000.0,0.05084130394671841,1033750.0,3237250.0,0.038535708546362485,0.58527825,0.58278775,5734907.0,5767551.0,https://www.infogreffe.com/recherche-entreprise-dirigeants/resultats-entreprise-dirigeants.html?ga_cat=globale&ga_q=T.O.U.P#phrase=T.O.U.P,https://www.infogreffe.com/recherche-entreprise-dirigeants/resultats-entreprise-dirigeants.html?ga_cat=globale&ga_q=T.O.U.P#phrase=T.O.U.P,1620598959,18:22:39,20210509
29,2011-06-30,TOUP.PA,EUR,2011-06-30,2011-06-30,Q2,84006500,45620000,38386500,0.4569467838798188,0.0,0.0,0.0,-3622250.0,16755750.0,76136250,0.0,6566750.0,14437000.0,0.17185574925749794,7870250.0,0.09368620285335064,0.0,4271000.0,0.05084130394671841,1033750.0,3237250.0,0.038535708546362485,0.58527825,0.58278775,5734907.0,5767551.0,https://www.infogreffe.com/recherche-entreprise-dirigeants/resultats-entreprise-dirigeants.html?ga_cat=globale&ga_q=T.O.U.P#phrase=T.O.U.P,https://www.infogreffe.com/recherche-entreprise-dirigeants/resultats-entreprise-dirigeants.html?ga_cat=globale&ga_q=T.O.U.P#phrase=T.O.U.P,1620598959,18:22:39,20210509
30,2011-03-31,TOUP.PA,EUR,2011-03-31,2011-03-31,Q1,84006500,45620000,38386500,0.4569467838798188,0.0,0.0,0.0,-3622250.0,16755750.0,76136250,0.0,6566750.0,14437000.0,0.17185574925749794,7870250.0,0.09368620285335064,0.0,4271000.0,0.05084130394671841,1033750.0,3237250.0,0.038535708546362485,0.58527825,0.58278775,5734907.0,5767551.0,https://www.infogreffe.com/recherche-entreprise-dirigeants/resultats-entreprise-dirigeants.html?ga_cat=globale&ga_q=T.O.U.P#phrase=T.O.U.P,https://www.infogreffe.com/recherche-entreprise-dirigeants/resultats-entreprise-dirigeants.html?ga_cat=globale&ga_q=T.O.U.P#phrase=T.O.U.P,1620598959,18:22:39,20210509
31,2011-01-31,TOUP.PA,EUR,2011-01-31,2011-01-31,Q1,84006500,45620000,38386500,0.4569467838798188,0.0,0.0,0.0,-3622250.0,16755750.0,76136250,0.0,6566750.0,14437000.0,0.17185574925749794,7870250.0,0.09368620285335064,0.0,4271000.0,0.05084130394671841,1033750.0,3237250.0,0.038535708546362485,0.58527825,0.58278775,5734907.0,5767551.0,https://www.infogreffe.com/recherche-entreprise-dirigeants/resultats-entreprise-dirigeants.html?ga_cat=globale&ga_q=T.O.U.P#phrase=T.O.U.P,https://www.infogreffe.com/recherche-entreprise-dirigeants/resultats-entreprise-dirigeants.html?ga_cat=globale&ga_q=T.O.U.P#phrase=T.O.U.P,1620598959,18:22:39,20210509
32,2010-09-30,TOUP.PA,EUR,2010-09-30,2010-09-30,Q3,75599500,18584750,57014750,0.7541683476742571,0.0,5508750.0,0.0,-3227500.0,38067000.0,68107500,0.0,5947000.0,13439000.0,0.17776572596379606,7492000.0,0.09910118453164372,0.0,4320500.0,0.05714984887466187,1000250.0,3320250.0,0.04391894126283904,0.58029725,0.575316,5714471.0,5766187.0,https://www.infogreffe.com/recherche-entreprise-dirigeants/resultats-entreprise-dirigeants.html?ga_cat=globale&ga_q=T.O.U.P#phrase=T.O.U.P,https://www.infogreffe.com/recherche-entreprise-dirigeants/resultats-entreprise-dirigeants.html?ga_cat=globale&ga_q=T.O.U.P#phrase=T.O.U.P,1620598959,18:22:39,20210509
33,2010-06-30,TOUP.PA,EUR,2010-06-30,2010-06-30,Q2,75599500,18584750,57014750,0.7541683476742571,0.0,5508750.0,0.0,-3227500.0,38067000.0,68107500,0.0,5947000.0,13439000.0,0.17776572596379606,7492000.0,0.09910118453164372,0.0,4320500.0,0.05714984887466187,1000250.0,3320250.0,0.04391894126283904,0.58029725,0.575316,5714471.0,5766187.0,https://www.infogreffe.com/recherche-entreprise-dirigeants/resultats-entreprise-dirigeants.html?ga_cat=globale&ga_q=T.O.U.P#phrase=T.O.U.P,https://www.infogreffe.com/recherche-entreprise-dirigeants/resultats-entreprise-dirigeants.html?ga_cat=globale&ga_q=T.O.U.P#phrase=T.O.U.P,1620598959,18:22:39,20210509
34,2010-03-31,TOUP.PA,EUR,2010-03-31,2010-03-31,Q1,75599500,18584750,57014750,0.7541683476742571,0.0,5508750.0,0.0,-3227500.0,38067000.0,68107500,0.0,5947000.0,13439000.0,0.17776572596379606,7492000.0,0.09910118453164372,0.0,4320500.0,0.05714984887466187,1000250.0,3320250.0,0.04391894126283904,0.58029725,0.575316,5714471.0,5766187.0,https://www.infogreffe.com/recherche-entreprise-dirigeants/resultats-entreprise-dirigeants.html?ga_cat=globale&ga_q=T.O.U.P#phrase=T.O.U.P,https://www.infogreffe.com/recherche-entreprise-dirigeants/resultats-entreprise-dirigeants.html?ga_cat=globale&ga_q=T.O.U.P#phrase=T.O.U.P,1620598959,18:22:39,20210509
35,2010-01-31,TOUP.PA,EUR,2010-01-31,2010-01-31,Q1,75599500,18584750,57014750,0.7541683476742571,0.0,5508750.0,0.0,-3227500.0,38067000.0,68107500,0.0,5947000.0,13439000.0,0.17776572596379606,7492000.0,0.09910118453164372,0.0,4320500.0,0.05714984887466187,1000250.0,3320250.0,0.04391894126283904,0.58029725,0.575316,5714471.0,5766187.0,https://www.infogreffe.com/recherche-entreprise-dirigeants/resultats-entreprise-dirigeants.html?ga_cat=globale&ga_q=T.O.U.P#phrase=T.O.U.P,https://www.infogreffe.com/recherche-entreprise-dirigeants/resultats-entreprise-dirigeants.html?ga_cat=globale&ga_q=T.O.U.P#phrase=T.O.U.P,1620598959,18:22:39,20210509
36,2009-09-30,TOUP.PA,EUR,2009-09-30,2009-09-30,Q3,67943000,13330250,54612750,0.8038024520553994,0.0,3489000.0,0.0,-3216750.0,23404000.0,44613750,0.0,5170750.0,28500000.0,0.41946926099818965,23329250.0,0.3433650265663865,0.0,4599750.0,0.06770013099215519,1061000.0,3548250.0,0.05222392299427461,0.679919,0.6724475,5218423.0,5278725.0,https://www.infogreffe.com/recherche-entreprise-dirigeants/resultats-entreprise-dirigeants.html?ga_cat=globale&ga_q=T.O.U.P#phrase=T.O.U.P,https://www.infogreffe.com/recherche-entreprise-dirigeants/resultats-entreprise-dirigeants.html?ga_cat=globale&ga_q=T.O.U.P#phrase=T.O.U.P,1620598959,18:22:39,20210509
37,2009-06-30,TOUP.PA,EUR,2009-06-30,2009-06-30,Q2,67943000,13330250,54612750,0.8038024520553994,0.0,3489000.0,0.0,-3216750.0,23404000.0,44613750,0.0,5170750.0,28500000.0,0.41946926099818965,23329250.0,0.3433650265663865,0.0,4599750.0,0.06770013099215519,1061000.0,3548250.0,0.05222392299427461,0.679919,0.6724475,5218423.0,5278725.0,https://www.infogreffe.com/recherche-entreprise-dirigeants/resultats-entreprise-dirigeants.html?ga_cat=globale&ga_q=T.O.U.P#phrase=T.O.U.P,https://www.infogreffe.com/recherche-entreprise-dirigeants/resultats-entreprise-dirigeants.html?ga_cat=globale&ga_q=T.O.U.P#phrase=T.O.U.P,1620598959,18:22:39,20210509
38,2009-03-31,TOUP.PA,EUR,2009-03-31,2009-03-31,Q1,67943000,13330250,54612750,0.8038024520553994,0.0,3489000.0,0.0,-3216750.0,23404000.0,44613750,0.0,5170750.0,28500000.0,0.41946926099818965,23329250.0,0.3433650265663865,0.0,4599750.0,0.06770013099215519,1061000.0,3548250.0,0.05222392299427461,0.679919,0.6724475,5218423.0,5278725.0,https://www.infogreffe.com/recherche-entreprise-dirigeants/resultats-entreprise-dirigeants.html?ga_cat=globale&ga_q=T.O.U.P#phrase=T.O.U.P,https://www.infogreffe.com/recherche-entreprise-dirigeants/resultats-entreprise-dirigeants.html?ga_cat=globale&ga_q=T.O.U.P#phrase=T.O.U.P,1620598959,18:22:39,20210509
39,2009-01-31,TOUP.PA,EUR,2009-01-31,2009-01-31,Q1,67943000,13330250,54612750,0.8038024520553994,0.0,3489000.0,0.0,-3216750.0,23404000.0,44613750,0.0,5170750.0,28500000.0,0.41946926099818965,23329250.0,0.3433650265663865,0.0,4599750.0,0.06770013099215519,1061000.0,3548250.0,0.05222392299427461,0.679919,0.6724475,5218423.0,5278725.0,https://www.infogreffe.com/recherche-entreprise-dirigeants/resultats-entreprise-dirigeants.html?ga_cat=globale&ga_q=T.O.U.P#phrase=T.O.U.P,https://www.infogreffe.com/recherche-entreprise-dirigeants/resultats-entreprise-dirigeants.html?ga_cat=globale&ga_q=T.O.U.P#phrase=T.O.U.P,1620598959,18:22:39,20210509
40,2008-09-30,TOUP.PA,EUR,2008-09-30,2008-09-30,Q3,91221750,36543250,54678500,0.5994020066486336,0.0,4060500.0,0.0,0.0,11552750.0,56180000,0.0,4023500.0,39065250.0,0.4282449086977612,35041750.0,0.38413810302915696,0.0,5083000.0,0.05572136031154851,886500.0,4196500.0,0.04600328320822611,0.926483,0.9239925,4544030.0,4551258.0,https://www.infogreffe.com/recherche-entreprise-dirigeants/resultats-entreprise-dirigeants.html?ga_cat=globale&ga_q=T.O.U.P#phrase=T.O.U.P,https://www.infogreffe.com/recherche-entreprise-dirigeants/resultats-entreprise-dirigeants.html?ga_cat=globale&ga_q=T.O.U.P#phrase=T.O.U.P,1620598959,18:22:39,20210509
41,2008-06-30,TOUP.PA,EUR,2008-06-30,2008-06-30,Q2,91221750,36543250,54678500,0.5994020066486336,0.0,4060500.0,0.0,0.0,11552750.0,56180000,0.0,4023500.0,39065250.0,0.4282449086977612,35041750.0,0.38413810302915696,0.0,5083000.0,0.05572136031154851,886500.0,4196500.0,0.04600328320822611,0.926483,0.9239925,4544030.0,4551258.0,https://www.infogreffe.com/recherche-entreprise-dirigeants/resultats-entreprise-dirigeants.html?ga_cat=globale&ga_q=T.O.U.P#phrase=T.O.U.P,https://www.infogreffe.com/recherche-entreprise-dirigeants/resultats-entreprise-dirigeants.html?ga_cat=globale&ga_q=T.O.U.P#phrase=T.O.U.P,1620598959,18:22:39,20210509
42,2008-03-31,TOUP.PA,EUR,2008-03-31,2008-03-31,Q1,91221750,36543250,54678500,0.5994020066486336,0.0,4060500.0,0.0,0.0,11552750.0,56180000,0.0,4023500.0,39065250.0,0.4282449086977612,35041750.0,0.38413810302915696,0.0,5083000.0,0.05572136031154851,886500.0,4196500.0,0.04600328320822611,0.926483,0.9239925,4544030.0,4551258.0,https://www.infogreffe.com/recherche-entreprise-dirigeants/resultats-entreprise-dirigeants.html?ga_cat=globale&ga_q=T.O.U.P#phrase=T.O.U.P,https://www.infogreffe.com/recherche-entreprise-dirigeants/resultats-entreprise-dirigeants.html?ga_cat=globale&ga_q=T.O.U.P#phrase=T.O.U.P,1620598959,18:22:39,20210509
43,2008-01-31,TOUP.PA,EUR,2008-01-31,2008-01-31,Q1,91221750,36543250,54678500,0.5994020066486336,0.0,4060500.0,0.0,0.0,11552750.0,56180000,0.0,4023500.0,39065250.0,0.4282449086977612,35041750.0,0.38413810302915696,0.0,5083000.0,0.05572136031154851,886500.0,4196500.0,0.04600328320822611,0.926483,0.9239925,4544030.0,4551258.0,https://www.infogreffe.com/recherche-entreprise-dirigeants/resultats-entreprise-dirigeants.html?ga_cat=globale&ga_q=T.O.U.P#phrase=T.O.U.P,https://www.infogreffe.com/recherche-entreprise-dirigeants/resultats-entreprise-dirigeants.html?ga_cat=globale&ga_q=T.O.U.P#phrase=T.O.U.P,1620598959,18:22:39,20210509
44,2007-09-30,TOUP.PA,EUR,2007-09-30,2007-09-30,Q3,69540000,24599000,44941000,0.646261144664941,0.0,3217500.0,0.0,0.0,10412250.0,41024500,0.0,2795750.0,31311250.0,0.4502624388840955,28515500.0,0.4100589588725913,0.0,3564250.0,0.051254673569168824,629250.0,2935000.0,0.04220592464768479,0.74965425,0.71976775,3903589.0,4066028.0,https://www.infogreffe.com/recherche-entreprise-dirigeants/resultats-entreprise-dirigeants.html?ga_cat=globale&ga_q=T.O.U.P#phrase=T.O.U.P,https://www.infogreffe.com/recherche-entreprise-dirigeants/resultats-entreprise-dirigeants.html?ga_cat=globale&ga_q=T.O.U.P#phrase=T.O.U.P,1620598959,18:22:39,20210509
45,2007-06-30,TOUP.PA,EUR,2007-06-30,2007-06-30,Q2,69540000,24599000,44941000,0.646261144664941,0.0,3217500.0,0.0,0.0,10412250.0,41024500,0.0,2795750.0,31311250.0,0.4502624388840955,28515500.0,0.4100589588725913,0.0,3564250.0,0.051254673569168824,629250.0,2935000.0,0.04220592464768479,0.74965425,0.71976775,3903589.0,4066028.0,https://www.infogreffe.com/recherche-entreprise-dirigeants/resultats-entreprise-dirigeants.html?ga_cat=globale&ga_q=T.O.U.P#phrase=T.O.U.P,https://www.infogreffe.com/recherche-entreprise-dirigeants/resultats-entreprise-dirigeants.html?ga_cat=globale&ga_q=T.O.U.P#phrase=T.O.U.P,1620598959,18:22:39,20210509
46,2007-03-31,TOUP.PA,EUR,2007-03-31,2007-03-31,Q1,69540000,24599000,44941000,0.646261144664941,0.0,3217500.0,0.0,0.0,10412250.0,41024500,0.0,2795750.0,31311250.0,0.4502624388840955,28515500.0,0.4100589588725913,0.0,3564250.0,0.051254673569168824,629250.0,2935000.0,0.04220592464768479,0.74965425,0.71976775,3903589.0,4066028.0,https://www.infogreffe.com/recherche-entreprise-dirigeants/resultats-entreprise-dirigeants.html?ga_cat=globale&ga_q=T.O.U.P#phrase=T.O.U.P,https://www.infogreffe.com/recherche-entreprise-dirigeants/resultats-entreprise-dirigeants.html?ga_cat=globale&ga_q=T.O.U.P#phrase=T.O.U.P,1620598959,18:22:39,20210509
47,2007-01-31,TOUP.PA,EUR,2007-01-31,2007-01-31,Q1,69540000,24599000,44941000,0.646261144664941,0.0,3217500.0,0.0,0.0,10412250.0,41024500,0.0,2795750.0,31311250.0,0.4502624388840955,28515500.0,0.4100589588725913,0.0,3564250.0,0.051254673569168824,629250.0,2935000.0,0.04220592464768479,0.74965425,0.71976775,3903589.0,4066028.0,https://www.infogreffe.com/recherche-entreprise-dirigeants/resultats-entreprise-dirigeants.html?ga_cat=globale&ga_q=T.O.U.P#phrase=T.O.U.P,https://www.infogreffe.com/recherche-entreprise-dirigeants/resultats-entreprise-dirigeants.html?ga_cat=globale&ga_q=T.O.U.P#phrase=T.O.U.P,1620598959,18:22:39,20210509
48,2006-09-30,TOUP.PA,EUR,2006-09-30,2006-09-30,Q3,63283025,22957250,40325775,0.6372289409363727,0.0,3529250.0,0.0,0.0,30914500.0,59510000,0.0,2109000.0,5882025.0,0.09294791138697937,3773025.0,0.05962143876655707,0.0,2659275.0,0.042021932421846146,1020250.0,1799525.0,0.028436140655412726,46.3241535,45.32793525,3887997.0,3887997.0,https://www.infogreffe.com/recherche-entreprise-dirigeants/resultats-entreprise-dirigeants.html?ga_cat=globale&ga_q=T.O.U.P#phrase=T.O.U.P,https://www.infogreffe.com/recherche-entreprise-dirigeants/resultats-entreprise-dirigeants.html?ga_cat=globale&ga_q=T.O.U.P#phrase=T.O.U.P,1620598959,18:22:39,20210509
49,2006-06-30,TOUP.PA,EUR,2006-06-30,2006-06-30,Q2,63283025,22957250,40325775,0.6372289409363727,0.0,3529250.0,0.0,0.0,30914500.0,59510000,0.0,2109000.0,5882025.0,0.09294791138697937,3773025.0,0.05962143876655707,0.0,2659275.0,0.042021932421846146,1020250.0,1799525.0,0.028436140655412726,46.3241535,45.32793525,3887997.0,3887997.0,https://www.infogreffe.com/recherche-entreprise-dirigeants/resultats-entreprise-dirigeants.html?ga_cat=globale&ga_q=T.O.U.P#phrase=T.O.U.P,https://www.infogreffe.com/recherche-entreprise-dirigeants/resultats-entreprise-dirigeants.html?ga_cat=globale&ga_q=T.O.U.P#phrase=T.O.U.P,1620598959,18:22:39,20210509
50,2006-03-31,TOUP.PA,EUR,2006-03-31,2006-03-31,Q1,63283025,22957250,40325775,0.6372289409363727,0.0,3529250.0,0.0,0.0,30914500.0,59510000,0.0,2109000.0,5882025.0,0.09294791138697937,3773025.0,0.05962143876655707,0.0,2659275.0,0.042021932421846146,1020250.0,1799525.0,0.028436140655412726,46.3241535,45.32793525,3887997.0,3887997.0,https://www.infogreffe.com/recherche-entreprise-dirigeants/resultats-entreprise-dirigeants.html?ga_cat=globale&ga_q=T.O.U.P#phrase=T.O.U.P,https://www.infogreffe.com/recherche-entreprise-dirigeants/resultats-entreprise-dirigeants.html?ga_cat=globale&ga_q=T.O.U.P#phrase=T.O.U.P,1620598959,18:22:39,20210509
51,2006-01-31,TOUP.PA,EUR,2006-01-31,2006-01-31,Q1,63283025,22957250,40325775,0.6372289409363727,0.0,3529250.0,0.0,0.0,30914500.0,59510000,0.0,2109000.0,5882025.0,0.09294791138697937,3773025.0,0.05962143876655707,0.0,2659275.0,0.042021932421846146,1020250.0,1799525.0,0.028436140655412726,46.3241535,45.32793525,3887997.0,3887997.0,https://www.infogreffe.com/recherche-entreprise-dirigeants/resultats-entreprise-dirigeants.html?ga_cat=globale&ga_q=T.O.U.P#phrase=T.O.U.P,https://www.infogreffe.com/recherche-entreprise-dirigeants/resultats-entreprise-dirigeants.html?ga_cat=globale&ga_q=T.O.U.P#phrase=T.O.U.P,1620598959,18:22:39,20210509
52,2005-09-30,TOUP.PA,EUR,2005-09-30,2005-09-30,Q3,55498000,22044250,33453750,0.6027919925042344,0.0,2743500.0,0.0,0.0,27382000.0,54050500,0.0,1880750.0,3328250.0,0.05997062957223684,1447500.0,0.026082020973728783,0.0,1489500.0,0.026838805001982054,579500.0,1020500.0,0.018388050019820534,34.8676425,34.8676425,2934583.0,2934583.0,https://www.infogreffe.com/recherche-entreprise-dirigeants/resultats-entreprise-dirigeants.html?ga_cat=globale&ga_q=T.O.U.P#phrase=T.O.U.P,https://www.infogreffe.com/recherche-entreprise-dirigeants/resultats-entreprise-dirigeants.html?ga_cat=globale&ga_q=T.O.U.P#phrase=T.O.U.P,1620598959,18:22:39,20210509
53,2005-06-30,TOUP.PA,EUR,2005-06-30,2005-06-30,Q2,55498000,22044250,33453750,0.6027919925042344,0.0,2743500.0,0.0,0.0,27382000.0,54050500,0.0,1880750.0,3328250.0,0.05997062957223684,1447500.0,0.026082020973728783,0.0,1489500.0,0.026838805001982054,579500.0,1020500.0,0.018388050019820534,34.8676425,34.8676425,2934583.0,2934583.0,https://www.infogreffe.com/recherche-entreprise-dirigeants/resultats-entreprise-dirigeants.html?ga_cat=globale&ga_q=T.O.U.P#phrase=T.O.U.P,https://www.infogreffe.com/recherche-entreprise-dirigeants/resultats-entreprise-dirigeants.html?ga_cat=globale&ga_q=T.O.U.P#phrase=T.O.U.P,1620598959,18:22:39,20210509
54,2005-03-31,TOUP.PA,EUR,2005-03-31,2005-03-31,Q1,55498000,22044250,33453750,0.6027919925042344,0.0,2743500.0,0.0,0.0,27382000.0,54050500,0.0,1880750.0,3328250.0,0.05997062957223684,1447500.0,0.026082020973728783,0.0,1489500.0,0.026838805001982054,579500.0,1020500.0,0.018388050019820534,34.8676425,34.8676425,2934583.0,2934583.0,https://www.infogreffe.com/recherche-entreprise-dirigeants/resultats-entreprise-dirigeants.html?ga_cat=globale&ga_q=T.O.U.P#phrase=T.O.U.P,https://www.infogreffe.com/recherche-entreprise-dirigeants/resultats-entreprise-dirigeants.html?ga_cat=globale&ga_q=T.O.U.P#phrase=T.O.U.P,1620598959,18:22:39,20210509
55,2005-01-31,TOUP.PA,EUR,2005-01-31,2005-01-31,Q1,55498000,22044250,33453750,0.6027919925042344,0.0,2743500.0,0.0,0.0,27382000.0,54050500,0.0,1880750.0,3328250.0,0.05997062957223684,1447500.0,0.026082020973728783,0.0,1489500.0,0.026838805001982054,579500.0,1020500.0,0.018388050019820534,34.8676425,34.8676425,2934583.0,2934583.0,https://www.infogreffe.com/recherche-entreprise-dirigeants/resultats-entreprise-dirigeants.html?ga_cat=globale&ga_q=T.O.U.P#phrase=T.O.U.P,https://www.infogreffe.com/recherche-entreprise-dirigeants/resultats-entreprise-dirigeants.html?ga_cat=globale&ga_q=T.O.U.P#phrase=T.O.U.P,1620598959,18:22:39,20210509
56,2004-09-30,TOUP.PA,EUR,2004-09-30,2004-09-30,Q3,45145750,16283750,28862000,0.6393071330080905,0.0,2578500.0,0.0,0.0,24260250.0,44571250,0.0,1448750.0,2023250.0,0.04481595720527403,574500.0,0.012725450346931882,0.0,782000.0,0.017321674797738437,84250.0,794250.0,0.017593018168930632,27.894114,27.14695025,2848900.0,2848900.0,https://www.infogreffe.com/recherche-entreprise-dirigeants/resultats-entreprise-dirigeants.html?ga_cat=globale&ga_q=T.O.U.P#phrase=T.O.U.P,https://www.infogreffe.com/recherche-entreprise-dirigeants/resultats-entreprise-dirigeants.html?ga_cat=globale&ga_q=T.O.U.P#phrase=T.O.U.P,1620598959,18:22:39,20210509
57,2004-06-30,TOUP.PA,EUR,2004-06-30,2004-06-30,Q2,45145750,16283750,28862000,0.6393071330080905,0.0,2578500.0,0.0,0.0,24260250.0,44571250,0.0,1448750.0,2023250.0,0.04481595720527403,574500.0,0.012725450346931882,0.0,782000.0,0.017321674797738437,84250.0,794250.0,0.017593018168930632,27.894114,27.14695025,2848900.0,2848900.0,https://www.infogreffe.com/recherche-entreprise-dirigeants/resultats-entreprise-dirigeants.html?ga_cat=globale&ga_q=T.O.U.P#phrase=T.O.U.P,https://www.infogreffe.com/recherche-entreprise-dirigeants/resultats-entreprise-dirigeants.html?ga_cat=globale&ga_q=T.O.U.P#phrase=T.O.U.P,1620598959,18:22:39,20210509
58,2004-03-31,TOUP.PA,EUR,2004-03-31,2004-03-31,Q1,45145750,16283750,28862000,0.6393071330080905,0.0,2578500.0,0.0,0.0,24260250.0,44571250,0.0,1448750.0,2023250.0,0.04481595720527403,574500.0,0.012725450346931882,0.0,782000.0,0.017321674797738437,84250.0,794250.0,0.017593018168930632,27.894114,27.14695025,2848900.0,2848900.0,https://www.infogreffe.com/recherche-entreprise-dirigeants/resultats-entreprise-dirigeants.html?ga_cat=globale&ga_q=T.O.U.P#phrase=T.O.U.P,https://www.infogreffe.com/recherche-entreprise-dirigeants/resultats-entreprise-dirigeants.html?ga_cat=globale&ga_q=T.O.U.P#phrase=T.O.U.P,1620598959,18:22:39,20210509
59,2004-01-31,TOUP.PA,EUR,2004-01-31,2004-01-31,Q1,45145750,16283750,28862000,0.6393071330080905,0.0,2578500.0,0.0,0.0,24260250.0,44571250,0.0,1448750.0,2023250.0,0.04481595720527403,574500.0,0.012725450346931882,0.0,782000.0,0.017321674797738437,84250.0,794250.0,0.017593018168930632,27.894114,27.14695025,2848900.0,2848900.0,https://www.infogreffe.com/recherche-entreprise-dirigeants/resultats-entreprise-dirigeants.html?ga_cat=globale&ga_q=T.O.U.P#phrase=T.O.U.P,https://www.infogreffe.com/recherche-entreprise-dirigeants/resultats-entreprise-dirigeants.html?ga_cat=globale&ga_q=T.O.U.P#phrase=T.O.U.P,1620598959,18:22:39,20210509
60,2003-09-30,TOUP.PA,EUR,2003-09-30,2003-09-30,Q3,41942250,28815000,13127250,0.31298392432451766,0.0,0.0,0.0,0.0,4078250.0,33193500,0.0,300250.0,9049000.0,0.21574903587671143,8748750.0,0.20859038320547896,0.0,0.0,0.0,0.0,669500.0,0.015962424524196963,0.22663975,0.22663975,2848900.0,2848900.0,https://www.infogreffe.com/recherche-entreprise-dirigeants/resultats-entreprise-dirigeants.html?ga_cat=globale&ga_q=T.O.U.P#phrase=T.O.U.P,https://www.infogreffe.com/recherche-entreprise-dirigeants/resultats-entreprise-dirigeants.html?ga_cat=globale&ga_q=T.O.U.P#phrase=T.O.U.P,1620598959,18:22:39,20210509
61,2003-06-30,TOUP.PA,EUR,2003-06-30,2003-06-30,Q2,41942250,28815000,13127250,0.31298392432451766,0.0,0.0,0.0,0.0,4078250.0,33193500,0.0,300250.0,9049000.0,0.21574903587671143,8748750.0,0.20859038320547896,0.0,0.0,0.0,0.0,669500.0,0.015962424524196963,0.22663975,0.22663975,2848900.0,2848900.0,https://www.infogreffe.com/recherche-entreprise-dirigeants/resultats-entreprise-dirigeants.html?ga_cat=globale&ga_q=T.O.U.P#phrase=T.O.U.P,https://www.infogreffe.com/recherche-entreprise-dirigeants/resultats-entreprise-dirigeants.html?ga_cat=globale&ga_q=T.O.U.P#phrase=T.O.U.P,1620598959,18:22:39,20210509
62,2003-03-31,TOUP.PA,EUR,2003-03-31,2003-03-31,Q1,41942250,28815000,13127250,0.31298392432451766,0.0,0.0,0.0,0.0,4078250.0,33193500,0.0,300250.0,9049000.0,0.21574903587671143,8748750.0,0.20859038320547896,0.0,0.0,0.0,0.0,669500.0,0.015962424524196963,0.22663975,0.22663975,2848900.0,2848900.0,https://www.infogreffe.com/recherche-entreprise-dirigeants/resultats-entreprise-dirigeants.html?ga_cat=globale&ga_q=T.O.U.P#phrase=T.O.U.P,https://www.infogreffe.com/recherche-entreprise-dirigeants/resultats-entreprise-dirigeants.html?ga_cat=globale&ga_q=T.O.U.P#phrase=T.O.U.P,1620598959,18:22:39,20210509
63,2003-01-31,TOUP.PA,EUR,2003-01-31,2003-01-31,Q1,41942250,28815000,13127250,0.31298392432451766,0.0,0.0,0.0,0.0,4078250.0,33193500,0.0,300250.0,9049000.0,0.21574903587671143,8748750.0,0.20859038320547896,0.0,0.0,0.0,0.0,669500.0,0.015962424524196963,0.22663975,0.22663975,2848900.0,2848900.0,https://www.infogreffe.com/recherche-entreprise-dirigeants/resultats-entreprise-dirigeants.html?ga_cat=globale&ga_q=T.O.U.P#phrase=T.O.U.P,https://www.infogreffe.com/recherche-entreprise-dirigeants/resultats-entreprise-dirigeants.html?ga_cat=globale&ga_q=T.O.U.P#phrase=T.O.U.P,1620598959,18:22:39,20210509
64,2002-09-30,TOUP.PA,EUR,2002-09-30,2002-09-30,Q3,36919500,24074750,12844750,0.3479123498422243,0.0,0.0,0.0,0.0,3056000.0,27416750,0.0,286000.0,9788750.0,0.26513766437790326,9502750.0,0.2573910805942659,0.0,0.0,0.0,0.0,627000.0,0.01698289521797424,0.2216585,0.2216585,2848900.0,2848900.0,https://www.infogreffe.com/recherche-entreprise-dirigeants/resultats-entreprise-dirigeants.html?ga_cat=globale&ga_q=T.O.U.P#phrase=T.O.U.P,https://www.infogreffe.com/recherche-entreprise-dirigeants/resultats-entreprise-dirigeants.html?ga_cat=globale&ga_q=T.O.U.P#phrase=T.O.U.P,1620598959,18:22:39,20210509
65,2002-06-30,TOUP.PA,EUR,2002-06-30,2002-06-30,Q2,36919500,24074750,12844750,0.3479123498422243,0.0,0.0,0.0,0.0,3056000.0,27416750,0.0,286000.0,9788750.0,0.26513766437790326,9502750.0,0.2573910805942659,0.0,0.0,0.0,0.0,627000.0,0.01698289521797424,0.2216585,0.2216585,2848900.0,2848900.0,https://www.infogreffe.com/recherche-entreprise-dirigeants/resultats-entreprise-dirigeants.html?ga_cat=globale&ga_q=T.O.U.P#phrase=T.O.U.P,https://www.infogreffe.com/recherche-entreprise-dirigeants/resultats-entreprise-dirigeants.html?ga_cat=globale&ga_q=T.O.U.P#phrase=T.O.U.P,1620598959,18:22:39,20210509
66,2002-03-31,TOUP.PA,EUR,2002-03-31,2002-03-31,Q1,36919500,24074750,12844750,0.3479123498422243,0.0,0.0,0.0,0.0,3056000.0,27416750,0.0,286000.0,9788750.0,0.26513766437790326,9502750.0,0.2573910805942659,0.0,0.0,0.0,0.0,627000.0,0.01698289521797424,0.2216585,0.2216585,2848900.0,2848900.0,https://www.infogreffe.com/recherche-entreprise-dirigeants/resultats-entreprise-dirigeants.html?ga_cat=globale&ga_q=T.O.U.P#phrase=T.O.U.P,https://www.infogreffe.com/recherche-entreprise-dirigeants/resultats-entreprise-dirigeants.html?ga_cat=globale&ga_q=T.O.U.P#phrase=T.O.U.P,1620598959,18:22:39,20210509
67,2002-01-31,TOUP.PA,EUR,2002-01-31,2002-01-31,Q1,36919500,24074750,12844750,0.3479123498422243,0.0,0.0,0.0,0.0,3056000.0,27416750,0.0,286000.0,9788750.0,0.26513766437790326,9502750.0,0.2573910805942659,0.0,0.0,0.0,0.0,627000.0,0.01698289521797424,0.2216585,0.2216585,2848900.0,2848900.0,https://www.infogreffe.com/recherche-entreprise-dirigeants/resultats-entreprise-dirigeants.html?ga_cat=globale&ga_q=T.O.U.P#phrase=T.O.U.P,https://www.infogreffe.com/recherche-entreprise-dirigeants/resultats-entreprise-dirigeants.html?ga_cat=globale&ga_q=T.O.U.P#phrase=T.O.U.P,1620598959,18:22:39,20210509
