,date,symbol,reportedCurrency,fillingDate,acceptedDate,period,revenue,costOfRevenue,grossProfit,grossProfitRatio,researchAndDevelopmentExpenses,generalAndAdministrativeExpenses,sellingAndMarketingExpenses,otherExpenses,operatingExpenses,costAndExpenses,interestExpense,depreciationAndAmortization,ebitda,ebitdaratio,operatingIncome,operatingIncomeRatio,totalOtherIncomeExpensesNet,incomeBeforeTax,incomeBeforeTaxRatio,incomeTaxExpense,netIncome,netIncomeRatio,eps,epsdiluted,weightedAverageShsOut,weightedAverageShsOutDil,link,finalLink,timestamp,est_time,est_date
0,2020-12-31,BZUN,CNY,2020-12-31,2020-12-31,Q4,3346698000,2137650000,1209048000,0.3612659403388056,0.0,69167000,741386000,0.0,908420000,3046070000,14097000.0,0.0,314307000.0,0.09391555497388769,300628000.0,0.08982824264394337,15544000.0,315754000.0,0.09434792144376337,75951000.0,239347000.0,0.07151735830361748,3.27,3.18,73239205,79724220,,,1620589839,15:50:39,20210509
1,2020-09-30,BZUN,CNY,2020-09-30,2020-09-30,Q3,1829159000,1093541000,735618000,0.40216186783106334,0.0,51051000,501145000,0.0,651011000,1744552000,16008000.0,0.0,92631000.0,0.050641305649208185,84607000.0,0.046254590224250595,3970000.0,80593000.0,0.044060139113111546,19319000.0,64635000.0,0.035335911202908,1.0949503282860473,1.0718677411888566,59030075,60301283,,,1620589839,15:50:39,20210509
2,2020-06-30,BZUN,CNY,2020-06-30,2020-06-30,Q2,2152066000,1351106000,800960000,0.3721818940497178,0.0,53892000,521969000,0.0,640317000,1991423000,18112000.0,0.0,169733000.0,0.07886979302679378,160643000.0,0.0746459448734379,274000.0,151895000.0,0.07058101377931718,29107000.0,119771000.0,0.055653962285543285,2.0442710273503497,2.0442710273503497,58588611,58588611,,,1620589839,15:50:39,20210509
3,2020-03-31,BZUN,CNY,2020-04-28 00:00:00,2020-04-28 09:30:32,Q1,1523640000,1003122000,520518000,0.34162794360872645,0.0,49935000,366167000,0.0,507719000,1510841000,17907000.0,0.0,23379000.0,0.015344175789556588,12799000.0,0.008400278280958757,-4863000.0,609000.0,0.0003997007167047334,3410000.0,2239000.0,0.0014695072326796356,0.03821561839040697,0.037575277259898676,58588611,59587052,https://www.sec.gov/Archives/edgar/data/1625414/000110465920052015/0001104659-20-052015-index.html,https://www.sec.gov/Archives/edgar/data/1625414/000110465920052015/bzun-20191231x20f.htm,1620589839,15:50:39,20210509
4,2019-12-31,BZUN,CNY,2020-03-18 00:00:00,2020-03-18 06:40:09,Q4,2784127000,1722633000,1061494000,0.38126637182858397,0.0,66802000,647972000,0.0,865559000,2588192000,19973000.0,0.0,200061000.0,0.07185771338735625,195935000.0,0.07037574076182589,-12473000.0,176636000.0,0.06344394490624888,37961000.0,140874000.0,0.0505989848882612,2.43,2.37,58254563,59567924,https://www.sec.gov/Archives/edgar/data/1625414/000110465920034974/0001104659-20-034974-index.html,https://www.sec.gov/Archives/edgar/data/1625414/000110465920034974/tm2013090d1_6k.htm,1620589839,15:50:39,20210509
5,2019-09-30,BZUN,CNY,2019-11-21 00:00:00,2019-11-21 06:02:15,Q3,1503094000,862325000,640769000,0.42630001849518395,0.0,51732000,443097000,0.0,584687000,1447012000,16886000.0,0.0,70526000.0,0.04692055187499917,56082000.0,0.03731103976198428,-1257000.0,52383000.0,0.034850115827752624,13561000.0,39352000.0,0.026180664682315277,0.69,0.66,58114622,59699660,https://www.sec.gov/Archives/edgar/data/1625414/000110465919066004/0001104659-19-066004-index.html,https://www.sec.gov/Archives/edgar/data/1625414/000110465919066004/tm1923590-1_6k.htm,1620589839,15:50:39,20210509
6,2019-06-30,BZUN,CNY,2019-08-21 00:00:00,2019-08-21 06:06:50,Q2,1704210000,1071175000,633035000,0.3714536354087818,0.0,51657000,413153000,0.0,547239000,1618414000,16415000.0,0.0,98845000.0,0.058000481161359224,85796000.0,0.05034356094612753,-3922000.0,78508000.0,0.04606709267050422,12317000.0,67062000.0,0.03935078423433732,1.17,1.14,57925096,59610316,https://www.sec.gov/Archives/edgar/data/1625414/000114420419040869/0001144204-19-040869-index.html,https://www.sec.gov/Archives/edgar/data/1625414/000114420419040869/tv528079_6k.htm,1620589839,15:50:39,20210509
7,2019-03-31,BZUN,CNY,2019-04-03 00:00:00,2019-04-03 14:05:49,Q1,1286761000,796400000,490361000,0.3810816460865693,0.0,45469000,311420000,0.0,444521000,1240921000,8042000.0,0.0,47814000.0,0.037158415587665465,45840000.0,0.03562433116950234,968000.0,40740000.0,0.03166089118336661,7305000.0,34009000.0,0.026429927546762762,0.6,0.57,57613204,59424399,https://www.sec.gov/Archives/edgar/data/1625414/000114420419017964/0001144204-19-017964-index.html,https://www.sec.gov/Archives/edgar/data/1625414/000114420419017964/tv516935_20f.htm,1620589839,15:50:39,20210509
8,2018-12-31,BZUN,CNY,2019-03-06 00:00:00,2019-03-06 08:59:13,Q4,2201947000,1302098000,899849000,0.40866060808911386,0.0,42794000,543658000,0.0,670077000,1972175000,4897000.0,0.0,223690000.0,0.10158736790667532,229772000.0,0.10434946890184005,-6218000.0,220072000.0,0.09994427658794694,31936000.0,188243000.0,0.08548934193238983,3.3,3.18,57133175,59342023,https://www.sec.gov/Archives/edgar/data/1625414/000114420419012441/0001144204-19-012441-index.html,https://www.sec.gov/Archives/edgar/data/1625414/000114420419012441/tv515584_6k.htm,1620589839,15:50:39,20210509
9,2018-09-30,BZUN,CNY,2018-11-21 00:00:00,2018-11-21 06:32:54,Q3,1110761000,663236000,447525000,0.40289945361783497,0.0,41034000,301082000,0.0,408231000,1071467000,1733000.0,0.0,41497000.0,0.0373590718435379,39294000.0,0.03537574689784751,-2133000.0,37631000.0,0.033878575139026305,7994000.0,29787000.0,0.026816749957911737,0.5227605011733548,0.49960698321983393,56980204,59620864,https://www.sec.gov/Archives/edgar/data/1625414/000114420418061118/0001144204-18-061118-index.html,https://www.sec.gov/Archives/edgar/data/1625414/000114420418061118/tv507745_6k.htm,1620589839,15:50:39,20210509
10,2018-06-30,BZUN,CNY,2018-06-30,2018-06-30,Q2,1159130000,742084000,417046000,0.35979225798659337,0.0,38702000,273098000,0.0,358759000,1100843000,2312000.0,0.0,60744000.0,0.052404820857022076,58287000.0,0.050285127638832576,-5237000.0,53195000.0,0.045892177754005156,16467000.0,36751000.0,0.03170567580858057,0.66,0.63,56760236,59623988,,,1620589839,15:50:39,20210509
11,2018-03-31,BZUN,CNY,2018-03-31,2018-03-31,Q3,921199000,589736000,331463000,0.35981693423462247,0.0,32315000,221132000,0.0,303043000,892779000,4116000.0,0.0,30362000.0,0.03295921945204022,28420000.0,0.030851097319905905,-1424000.0,24822000.0,0.026945318004036045,8556000.0,14931000.0,0.01620822428161559,0.27,0.24,55619088,59020534,,,1620589839,15:50:39,20210509
12,2017-12-31,BZUN,CNY,2017-12-31,2017-12-31,Q4,1565358000,969806000,595552000,0.38045737780111644,0.0,33033000,343007000,0.0,419902000,1389708000,3497000.0,0.0,180614000.0,0.11538191263595932,175650000.0,0.11221075306734946,-635000.0,175063000.0,0.11183575897654083,28586000.0,146560000.0,0.09362714471705515,2.67,2.49,54823860,59027110,,,1620589839,15:50:39,20210509
13,2017-09-30,BZUN,CNY,2017-09-30,2017-09-30,Q3,890244000,580838000,309406000,0.3475519071175992,0.0,29636000,222028000,0.0,281609000,862447000,740000.0,0.0,31053000.0,0.034881448232170056,27797000.0,0.031224023975449426,437000.0,30750000.0,0.0345410921050858,8229000.0,21939000.0,0.024643805518487067,0.39,0.36,54401762,59154166,,,1620589839,15:50:39,20210509
14,2017-06-30,BZUN,CNY,2017-06-30,2017-06-30,Q2,888335000,613474000,274861000,0.30941142699544655,0.0,26642000,183340000,0.0,237319000,850793000,0.0,0.0,37977000.0,0.04275076406986103,37542000.0,0.04226108393792882,-435000.0,40524000.0,0.04561792566993308,10262000.0,29762000.0,0.033503126635784926,0.54,0.51,53728993,58684589,,,1620589839,15:50:39,20210509
15,2017-03-31,BZUN,CNY,2017-03-31,2017-03-31,Q3,804871000,571522000,233349000,0.28992099355051926,0.0,27243000,162468000,0.0,218006000,789528000,15000.0,0.0,18475000.0,0.02295398890008461,15343000.0,0.019062682094397737,-151000.0,18309000.0,0.022747744669642713,7174000.0,10605000.0,0.013176024480941666,0.21,0.18,53172298,58258801,,,1620589839,15:50:39,20210509
16,2016-12-31,BZUN,CNY,2016-12-31,2016-12-31,Q4,1272500000,906847000,365653000,0.2873500982318271,0.0,26150000,246860000,0.0,302718000,1209565000,0.0,0.0,74484000.0,0.0585335952848723,62935000.0,0.04945776031434185,640000.0,67420000.0,0.05298231827111984,6784000.0,61323000.0,0.048190962671905695,1.2,1.11,50890122,55793179,,,1620589839,15:50:39,20210509
17,2016-09-30,BZUN,CNY,2016-09-30,2016-09-30,Q3,749286000,529993000,219293000,0.29266928782867957,0.0,22296000,151467000,0.0,196613000,726606000,0.0,0.0,22802000.0,0.030431637585648205,22680000.0,0.030268815912748936,-122000.0,24762000.0,0.03304746118304626,5639000.0,19645000.0,0.02621829314841062,0.39,0.36,49829144,54335243,,,1620589839,15:50:39,20210509
18,2016-06-30,BZUN,CNY,2016-06-30,2016-06-30,Q2,700301000,522099000,178202000,0.25446486582198224,0.0,19500000,141049000,0.0,177754000,699853000,0.0,0.0,725000.0,0.0010352691199926889,448000.0,0.0006397249182851374,-277000.0,3188000.0,0.004552328213154058,1643000.0,1545000.0,0.002206194193639592,0.031174071211425215,0.029118464770502395,49560418,53059116,,,1620589839,15:50:39,20210509
19,2016-03-31,BZUN,CNY,2016-03-31,2016-03-31,Q3,668188000,503774000,164414000,0.24605949223871126,0.0,20328000,119443000,0.0,160411000,664185000,0.0,0.0,3924000.0,0.005872598729698827,4003000.0,0.005990828928385424,79000.0,6885000.0,0.01030398630325597,2765000.0,4120000.0,0.006165929349225069,0.0830219958112985,0.07760191108644257,49625403,53091476,,,1620589839,15:50:39,20210509
20,2015-12-31,BZUN,CNY,2015-12-31,2015-12-31,Q4,1016049000,808820000,207229000,0.20395571473423033,0.0,24812000,162411000,0.0,205261000,1014081000,0.0,18240000.0,20208000.0,0.01988880457536989,1968000.0,0.0019369144598341223,7415000.0,13116000.0,0.012908826247553021,-2845000.0,13365000.0,0.013153893168538131,0.27,0.24,50319451,54169584,,,1620589839,15:50:39,20210509
21,2015-09-30,BZUN,CNY,2015-09-30,2015-09-30,Q3,587616000,465002000,122614000,0.2086634809127049,0.0,19575000,93759000,0.0,123571000,588573000,0.0,0.0,281000.0,0.0004782034525948919,-957000.0,-0.0016286146054566247,2606000.0,5483000.0,0.009330923596362251,-1740000.0,7223000.0,0.01229204106082884,0.15,0.12,50258437,54282761,,,1620589839,15:50:39,20210509
22,2015-06-30,BZUN,CNY,2015-06-30,2015-06-30,Q2,517579000,412079000,105500000,0.20383361766995955,0.0,16889000,73461000,0.0,100810000,512889000,0.0,0.0,4656000.0,0.008995728188353855,4690000.0,0.00906141864333754,34000.0,5416000.0,0.010464103064459725,-451000.0,51000.0,9.853568247552548e-05,0.001906,0.00164,26760100,31100948,,,1620589839,15:50:39,20210509
23,2015-03-31,BZUN,CNY,2015-03-31,2015-03-31,Q3,477199000,375078000,102121000,0.21400086756258918,0.0,12402000,73888000,0.0,99371000,474449000,0.0,4910000.0,7660000.0,0.01605200346186811,2750000.0,0.00576279497651923,-505000.0,2820000.0,0.005909484303194265,-986000.0,1982000.0,0.004153403506713132,-0.16,-0.16,145825312,145825312,,,1620589839,15:50:39,20210509
24,2014-12-31,BZUN,CNY,2014-12-31,2014-12-31,Q4,682422000,561433000,120989000,0.1772935221900818,0.0,12790000,86064000,0.0,110309000,671742000,0.0,4070000.0,14750000.0,0.02161419180507076,10680000.0,0.01565014023580717,-2690000.0,6922000.0,0.01014328377455592,534000.0,6388000.0,0.009360776762765562,0.04380583804271237,0.04380583804271237,145825312,145825312,,,1620589839,15:50:39,20210509
25,2014-09-30,BZUN,CNY,2014-09-30,2014-09-30,Q3,372172000,295882000,76290000,0.20498586674978236,0.0,60896000,54208000,0.0,148823000,444705000,75000.0,0.0,-71820000.0,-0.19297529099448643,-72533000.0,-0.1948910718699956,33000.0,-71862000.0,-0.19308814204185162,528000.0,-72390000.0,-0.1945068409230141,-0.74234,-0.74234,145825312,145825312,,,1620589839,15:50:39,20210509
26,2014-06-30,BZUN,CNY,2014-06-30,2014-06-30,Q2,261348000,185060000,76288000,0.29190198509267334,0.0,11084000,51513000,0.0,72310000,257370000,0.0,0.0,3970000.0,0.015190474004009979,3978000.0,0.015221084530970201,8000.0,4967000.0,0.0190053109264276,542000.0,4425000.0,0.016931447724872584,-0.095642,-0.095642,145825312,145825312,,,1620589839,15:50:39,20210509
27,2014-03-31,BZUN,CNY,2014-03-31,2014-03-31,Q3,268478000,211888000,56590000,0.2107807716088469,0.0,12141000,35167000,0.0,55571000,267459000,0.0,2865000.0,3884000.0,0.01446673470451955,1019000.0,0.003795469274949903,-1000.0,2071000.0,0.0077138536490885656,308000.0,1763000.0,0.006566646056660136,-0.104995,-0.104995,145825312,145825312,,,1620589839,15:50:39,20210509
