,date,symbol,reportedCurrency,fillingDate,acceptedDate,period,revenue,costOfRevenue,grossProfit,grossProfitRatio,researchAndDevelopmentExpenses,generalAndAdministrativeExpenses,sellingAndMarketingExpenses,otherExpenses,operatingExpenses,costAndExpenses,interestExpense,depreciationAndAmortization,ebitda,ebitdaratio,operatingIncome,operatingIncomeRatio,totalOtherIncomeExpensesNet,incomeBeforeTax,incomeBeforeTaxRatio,incomeTaxExpense,netIncome,netIncomeRatio,eps,epsdiluted,weightedAverageShsOut,weightedAverageShsOutDil,link,finalLink,timestamp,est_time,est_date
0,2019-12-31,CYAND,USD,2020-02-11,2020-02-11 16:04:12,Q3,7504000.0,4627000.0,2877000.0,0.3833955223880597,146000.0,-448000.0,1406000.0,0.0,2510000.0,7137000.0,163000.0,579000.0,946000.0,0.12606609808102345,367000.0,0.04890724946695096,0.0,204000.0,0.027185501066098083,33000.0,171000.0,0.02278784648187633,0.02875882946518668,0.028744326777609682,5946000.0,5949000.0,https://www.sec.gov/Archives/edgar/data/768408/000143774920002306/0001437749-20-002306-index.htm,https://www.sec.gov/Archives/edgar/data/768408/000143774920002306/cyan20191231_10q.htm,1620590922,16:08:42,20210509
1,2019-09-30,CYAND,USD,2019-11-12,2019-11-12 16:02:27,Q2,7690000.0,4627000.0,3063000.0,0.39830949284785433,154000.0,-186000.0,1343000.0,0.0,2654000.0,7281000.0,182000.0,658000.0,1067000.0,0.1387516254876463,409000.0,0.053185955786736024,0.0,227000.0,0.02951885565669701,-1000.0,228000.0,0.02964889466840052,0.038370918882531135,0.03823578735535804,5942000.0,5963000.0,https://www.sec.gov/Archives/edgar/data/768408/000143774919022447/0001437749-19-022447-index.htm,https://www.sec.gov/Archives/edgar/data/768408/000143774919022447/cyan20190930_10q.htm,1620590922,16:08:42,20210509
2,2019-06-30,CYAND,USD,2019-08-13,2019-08-13 16:47:16,Q1,8071000.0,4396000.0,3675000.0,0.45533391153512576,187000.0,623000.0,1408000.0,0.0,3626000.0,8022000.0,185000.0,491000.0,540000.0,0.06690620740924297,49000.0,0.006071118820468344,0.0,-136000.0,-0.01685045223640193,-3000.0,-133000.0,-0.01647875108412836,-0.02247,-0.02247,5919000.0,5919000.0,https://www.sec.gov/Archives/edgar/data/768408/000143774919016583/0001437749-19-016583-index.htm,https://www.sec.gov/Archives/edgar/data/768408/000143774919016583/cyan20190630b_10q.htm,1620590922,16:08:42,20210509
3,2019-03-31,CYAND,USD,2019-07-01,2019-07-01 16:04:13,Q4,6059000.0,3830000.0,2229000.0,0.3678824888595478,288000.0,-206000.0,1734000.0,-582000.0,3550000.0,7380000.0,0.0,501000.0,-820000.0,-0.13533586400396105,-1321000.0,-0.21802277603564946,-582000.0,-1489000.0,-0.24575012378280245,-50000.0,-1439000.0,-0.23749793695329263,-0.24729,-0.24729,5819000.0,5819000.0,https://www.sec.gov/Archives/edgar/data/768408/000143774919013217/0001437749-19-013217-index.htm,https://www.sec.gov/Archives/edgar/data/768408/000143774919013217/cyan20190331_10k.htm,1620590922,16:08:42,20210509
4,2018-12-31,CYAND,USD,2019-02-13,2019-02-13 16:03:06,Q3,10044000.0,5928000.0,4116000.0,0.40979689366786143,216000.0,-731000.0,2068000.0,0.0,3621000.0,9549000.0,0.0,489000.0,984000.0,0.0979689366786141,495000.0,0.0492831541218638,0.0,361000.0,0.035941855834328955,73000.0,288000.0,0.02867383512544803,0.04958,0.04958,5809000.0,5809000.0,https://www.sec.gov/Archives/edgar/data/768408/000143774919002456/0001437749-19-002456-index.htm,https://www.sec.gov/Archives/edgar/data/768408/000143774919002456/cyan20181231_10q.htm,1620590922,16:08:42,20210509
5,2018-09-30,CYAND,USD,2018-11-13,2018-11-13 07:42:48,Q2,6954000.0,4669000.0,2285000.0,0.3285878631003739,211000.0,-116000.0,1597000.0,0.0,3289000.0,7958000.0,0.0,495000.0,-509000.0,-0.07319528329019269,-1004000.0,-0.14437733678458442,0.0,-1154000.0,-0.16594765602530917,-18000.0,-1136000.0,-0.1633592177164222,-0.196,-0.196,5796000.0,5796000.0,https://www.sec.gov/Archives/edgar/data/768408/000143774918020377/0001437749-18-020377-index.htm,https://www.sec.gov/Archives/edgar/data/768408/000143774918020377/cyan20180930_10q.htm,1620590922,16:08:42,20210509
6,2018-06-30,CYAND,USD,2018-08-13,2018-08-13 16:05:01,Q1,7145000.0,5309000.0,1836000.0,0.256962911126662,208000.0,-51000.0,1423000.0,0.0,3003000.0,8312000.0,0.0,494000.0,-673000.0,-0.09419174247725683,-1167000.0,-0.16333100069979006,0.0,-1297000.0,-0.1815255423372988,-22000.0,-1275000.0,-0.17844646606018194,-0.2204,-0.2204,5785000.0,5785000.0,https://www.sec.gov/Archives/edgar/data/768408/000143774918015344/0001437749-18-015344-index.htm,https://www.sec.gov/Archives/edgar/data/768408/000143774918015344/cyan20180630_10q.htm,1620590922,16:08:42,20210509
7,2018-03-31,CYAND,USD,2018-06-15,2018-06-15 17:06:44,Q4,8101000.0,6193000.0,1908000.0,0.23552647821256634,130000.0,-1065000.0,1889000.0,-499000.0,2843000.0,9036000.0,0.0,494000.0,-441000.0,-0.05443772373781015,-935000.0,-0.11541784964819159,-499000.0,-1063000.0,-0.13121836810270338,215000.0,-1058000.0,-0.130601160350574,-0.18532142231564197,-0.18301331949489708,5709000.0,5781000.0,https://www.sec.gov/Archives/edgar/data/768408/000143774918011915/0001437749-18-011915-index.htm,https://www.sec.gov/Archives/edgar/data/768408/000143774918011915/cyan20180331_10k.htm,1620590922,16:08:42,20210509
8,2017-12-31,CYAND,USD,2018-02-06,2018-02-06 17:13:40,Q3,9150000.0,4910000.0,4240000.0,0.4633879781420765,142000.0,-252000.0,1620000.0,0.0,3130000.0,8040000.0,0.0,485000.0,1595000.0,0.17431693989071037,1110000.0,0.12131147540983607,0.0,980000.0,0.10710382513661203,-126000.0,1106000.0,0.12087431693989072,0.1935596779838992,0.19154832005542086,5714000.0,5774000.0,https://www.sec.gov/Archives/edgar/data/768408/000143774918001823/0001437749-18-001823-index.htm,https://www.sec.gov/Archives/edgar/data/768408/000143774918001823/cyan20171231_10q.htm,1620590922,16:08:42,20210509
9,2017-09-30,CYAND,USD,2017-11-06,2017-11-06 16:05:21,Q2,8055000.0,4435000.0,3620000.0,0.44941030415890754,149000.0,-28000.0,1440000.0,0.0,3001000.0,7436000.0,0.0,476000.0,1095000.0,0.13594040968342644,619000.0,0.07684667908131596,0.0,486000.0,0.060335195530726256,10000.0,476000.0,0.05909373060211049,0.08355274705985606,0.0828835103604388,5697000.0,5743000.0,https://www.sec.gov/Archives/edgar/data/768408/000143774917018407/0001437749-17-018407-index.htm,https://www.sec.gov/Archives/edgar/data/768408/000143774917018407/cyan20170930_10q.htm,1620590922,16:08:42,20210509
10,2017-06-30,CYAND,USD,2017-08-10,2017-08-10 16:02:16,Q1,8809000.0,5206000.0,3603000.0,0.4090135089113407,142000.0,-137000.0,1489000.0,0.0,2983000.0,8189000.0,0.0,494000.0,1114000.0,0.12646157339085026,620000.0,0.07038256328754683,0.0,512000.0,0.05812237484390964,11000.0,501000.0,0.056873651946872515,0.08812664907651716,0.08760272774960658,5685000.0,5719000.0,https://www.sec.gov/Archives/edgar/data/768408/000143774917014410/0001437749-17-014410-index.htm,https://www.sec.gov/Archives/edgar/data/768408/000143774917014410/cyan20170630_10q.htm,1620590922,16:08:42,20210509
11,2017-03-31,CYAND,USD,2017-06-22,2017-06-22 16:47:30,Q4,7253000.0,4592000.0,2661000.0,0.3668826692403144,132000.0,-295000.0,1485000.0,-528000.0,2807000.0,7399000.0,0.0,507000.0,361000.0,0.049772507927754034,-146000.0,-0.02012960154418861,-528000.0,-271000.0,-0.03736384944161037,2000.0,-273000.0,-0.037639597407969114,-0.04802110817941953,-0.048250265111346766,5685000.0,5658000.0,https://www.sec.gov/Archives/edgar/data/768408/000143774917011716/0001437749-17-011716-index.htm,https://www.sec.gov/Archives/edgar/data/768408/000143774917011716/cyan20170331_10k.htm,1620590922,16:08:42,20210509
12,2016-12-31,CYAND,USD,2017-02-07,2017-02-07 16:38:18,Q3,7605000.0,4748000.0,2857000.0,0.37567389875082186,143000.0,-624000.0,1749000.0,0.0,3017000.0,7765000.0,0.0,503000.0,330000.0,0.04339250493096647,-173000.0,-0.022748191978961208,0.0,-323000.0,-0.04247205785667324,27000.0,-350000.0,-0.04602235371466141,-0.06191,-0.06191,5653000.0,5653000.0,https://www.sec.gov/Archives/edgar/data/768408/000143774917001860/0001437749-17-001860-index.htm,https://www.sec.gov/Archives/edgar/data/768408/000143774917001860/cyan20161231_10q.htm,1620590922,16:08:42,20210509
13,2016-09-30,CYAND,USD,2016-11-10,2016-11-10 08:58:25,Q2,9862000.0,5977000.0,3885000.0,0.39393632123301564,152000.0,562000.0,1470000.0,-3000.0,3651000.0,9628000.0,0.0,529000.0,776000.0,0.07868586493611844,247000.0,0.02504562968971811,0.0,126000.0,0.012776313121070776,27000.0,99000.0,0.010038531737984182,0.01754,0.01754,5645000.0,5645000.0,https://www.sec.gov/Archives/edgar/data/768408/000143774916041673/0001437749-16-041673-index.htm,https://www.sec.gov/Archives/edgar/data/768408/000143774916041673/cyan20160901_10q.htm,1620590922,16:08:42,20210509
14,2016-06-30,CYAND,USD,2016-08-15,2016-08-15 14:30:37,Q1,7322000.0,4501000.0,2821000.0,0.3852772466539197,166000.0,152000.0,1555000.0,3000.0,3431000.0,7932000.0,0.0,506000.0,-104000.0,-0.014203769461895657,-610000.0,-0.0833105708822726,0.0,-742000.0,-0.10133843212237094,-51000.0,-691000.0,-0.09437312209778749,-0.12266998047221729,-122.66998047221729,5633000.0,5633.0,https://www.sec.gov/Archives/edgar/data/768408/000143774916037433/0001437749-16-037433-index.htm,https://www.sec.gov/Archives/edgar/data/768408/000143774916037433/cyan20160708_10q.htm,1620590922,16:08:42,20210509
15,2016-03-31,CYAND,USD,2016-06-23,2016-06-23 16:21:11,Q4,8196000.0,5438000.0,2758000.0,0.3365056124938995,158000.0,209000.0,1549000.0,11000.0,3476000.0,8914000.0,0.0,505000.0,-242000.0,-0.02952659834065398,-747000.0,-0.0911420204978038,-282000.0,-865000.0,-0.10553928745729624,3189000.0,-4054000.0,-0.4946315275744266,-0.7196875554766554,-0.7263931195126322,5633000.0,5581000.0,https://www.sec.gov/Archives/edgar/data/768408/000143774916034316/0001437749-16-034316-index.htm,https://www.sec.gov/Archives/edgar/data/768408/000143774916034316/cyan20160331_10k.htm,1620590922,16:08:42,20210509
16,2015-12-31,CYAND,USD,2016-02-11,2016-02-11 16:25:51,Q3,7534000.0,4450000.0,3084000.0,0.40934430581364484,132000.0,6000.0,1325000.0,0.0,2788000.0,7238000.0,0.0,432000.0,728000.0,0.09662861693655429,296000.0,0.03928855853464295,0.0,207000.0,0.027475444650915847,457000.0,-250000.0,-0.03318290416777276,-0.04484,-0.04484,5576000.0,5576000.0,https://www.sec.gov/Archives/edgar/data/768408/000143774916025180/0001437749-16-025180-index.htm,https://www.sec.gov/Archives/edgar/data/768408/000143774916025180/cyan20151231_10q.htm,1620590922,16:08:42,20210509
17,2015-09-30,CYAND,USD,2015-11-12,2015-11-12 16:10:25,Q2,8516000.0,5416000.0,3100000.0,0.36402066697980273,166000.0,-130000.0,1616000.0,0.0,3268000.0,8684000.0,0.0,341000.0,202000.0,0.02372005636449037,-139000.0,-0.01632221700328793,0.0,-190000.0,-0.022310944105213715,-318000.0,14000.0,0.0016439643024894317,0.00252,0.00252,5566000.0,5566000.0,https://www.sec.gov/Archives/edgar/data/768408/000143774915020629/0001437749-15-020629-index.htm,https://www.sec.gov/Archives/edgar/data/768408/000143774915020629/cyan20150930_10q.htm,1620590922,16:08:42,20210509
18,2015-06-30,CYAND,USD,2015-08-07,2015-08-07 16:03:25,Q1,7594000.0,4670000.0,2924000.0,0.3850408217013432,177000.0,-522000.0,1732000.0,0.0,3119000.0,7789000.0,0.0,325000.0,130000.0,0.017118777982617857,-195000.0,-0.025678166973926785,0.0,-219000.0,-0.02883855675533316,-114000.0,-105000.0,-0.013826705293652883,-0.01887,-0.01887,5565000.0,5565000.0,https://www.sec.gov/Archives/edgar/data/768408/000143774915015221/0001437749-15-015221-index.htm,https://www.sec.gov/Archives/edgar/data/768408/000143774915015221/cyan20150630_10q.htm,1620590922,16:08:42,20210509
19,2015-03-31,CYAND,USD,2015-07-15,2015-07-15 09:31:43,Q4,8841000.0,5972000.0,2869000.0,0.32451080194548126,141000.0,-380000.0,1498000.0,-30000.0,2727000.0,8699000.0,0.0,339000.0,481000.0,0.05440561022508766,142000.0,0.01606153150096143,-93000.0,120000.0,0.013573125212080081,223000.0,403000.0,0.045583078837235606,0.07305,0.07305,5517000.0,5517000.0,https://www.sec.gov/Archives/edgar/data/768408/000143774915013607/0001437749-15-013607-index.htm,https://www.sec.gov/Archives/edgar/data/768408/000143774915013607/cyan20150331_10k.htm,1620590922,16:08:42,20210509
20,2014-12-31,CYAND,USD,2015-02-12,2015-02-12 16:06:33,Q3,8842000.0,4489000.0,4353000.0,0.4923094322551459,155000.0,356000.0,1473000.0,113000.0,3570000.0,8059000.0,0.0,354000.0,1137000.0,0.12859081655733998,783000.0,0.08855462565030536,0.0,760000.0,0.08595340420719294,456000.0,304000.0,0.03438136168287718,0.055222524977293366,0.05329593267882188,5505000.0,5704000.0,https://www.sec.gov/Archives/edgar/data/768408/000143774915002525/0001437749-15-002525-index.htm,https://www.sec.gov/Archives/edgar/data/768408/000143774915002525/cyan20141231_10q.htm,1620590922,16:08:42,20210509
21,2014-09-30,CYAND,USD,2014-11-12,2014-11-10 20:52:50,Q2,8684000.0,4408000.0,4276000.0,0.49239981575310915,105000.0,708000.0,1462000.0,3000.0,3740000.0,8148000.0,0.0,291000.0,827000.0,0.09523261169967757,536000.0,0.06172270842929525,0.0,513000.0,0.05907415937356057,325000.0,188000.0,0.02164900967296177,0.03424,0.03424,5491000.0,5491000.0,https://www.sec.gov/Archives/edgar/data/768408/000143774914020322/0001437749-14-020322-index.htm,https://www.sec.gov/Archives/edgar/data/768408/000143774914020322/cyan20140930_10q.htm,1620590922,16:08:42,20210509
22,2014-06-30,CYAND,USD,2014-08-14,2014-08-14 16:03:11,Q1,7442000.0,4474000.0,2968000.0,0.39881752217145927,116000.0,1513000.0,1234000.0,10000.0,4107000.0,8581000.0,0.0,315000.0,-824000.0,-0.11072292394517602,-1139000.0,-0.153050255307713,0.0,-1164000.0,-0.15640956732061273,-751000.0,-413000.0,-0.05549583445310401,-0.07526,-0.07526,5488000.0,5488000.0,https://www.sec.gov/Archives/edgar/data/768408/000143774914015491/0001437749-14-015491-index.htm,https://www.sec.gov/Archives/edgar/data/768408/000143774914015491/cyan20140630_10q.htm,1620590922,16:08:42,20210509
23,2014-03-31,CYAND,USD,2014-06-27,2014-06-27 17:10:05,Q4,7259000.0,4685000.0,2574000.0,0.35459429673508747,75000.0,639000.0,1274000.0,1000.0,3263000.0,7948000.0,0.0,313000.0,-376000.0,-0.051797768287642924,-689000.0,-0.09491665518666483,-28000.0,-717000.0,-0.09877393580382973,350000.0,-367000.0,-0.0505579280892685,-0.06699525374224169,-0.06482953541777071,5478000.0,5661000.0,https://www.sec.gov/Archives/edgar/data/768408/000143774914011994/0001437749-14-011994-index.htm,https://www.sec.gov/Archives/edgar/data/768408/000143774914011994/cyan20140331_10k.htm,1620590922,16:08:42,20210509
24,2013-12-31,CYAND,USD,2014-02-06,2014-02-06 16:02:24,Q3,7438000.0,4293000.0,3145000.0,0.4228287173971498,108000.0,675000.0,1011000.0,19000.0,2824000.0,7117000.0,0.0,306000.0,627000.0,0.08429685399300887,321000.0,0.04315676257058349,-28000.0,293000.0,0.03939230976068836,257000.0,36000.0,0.004840010755579457,0.006575342465753425,0.006364922206506365,5475000.0,5656000.0,https://www.sec.gov/Archives/edgar/data/768408/000110465914007141/0001104659-14-007141-index.htm,https://www.sec.gov/Archives/edgar/data/768408/000110465914007141/a13-26848_110q.htm,1620590922,16:08:42,20210509
25,2013-09-30,CYAND,USD,2013-11-07,2013-11-07 16:06:09,Q2,7299000.0,4306000.0,2993000.0,0.4100561720783669,171000.0,80000.0,1180000.0,21000.0,2632000.0,6938000.0,0.0,260000.0,621000.0,0.08508014796547472,361000.0,0.04945882997670914,-62000.0,335000.0,0.04589669817783258,229000.0,106000.0,0.014522537333881353,0.019378427787934187,0.01874447391688771,5470000.0,5655000.0,https://www.sec.gov/Archives/edgar/data/768408/000110465913082276/0001104659-13-082276-index.htm,https://www.sec.gov/Archives/edgar/data/768408/000110465913082276/a13-19846_110q.htm,1620590922,16:08:42,20210509
26,2013-06-30,CYAND,USD,2013-08-12,2013-08-12 16:05:54,Q1,6909000.0,4057000.0,2852000.0,0.412794905196121,115000.0,552000.0,1004000.0,5000.0,2680000.0,6737000.0,0.0,250000.0,422000.0,0.06107975104935591,172000.0,0.02489506440874222,0.0,136000.0,0.019684469532493847,106000.0,30000.0,0.004342162396873643,0.005490483162518302,0.005342831700801425,5464000.0,5615000.0,https://www.sec.gov/Archives/edgar/data/768408/000110465913062765/0001104659-13-062765-index.htm,https://www.sec.gov/Archives/edgar/data/768408/000110465913062765/a13-15938_110q.htm,1620590922,16:08:42,20210509
27,2013-03-31,CYAND,USD,2013-06-24,2013-06-24 16:06:46,Q4,6897000.0,4190000.0,2707000.0,0.39248948818326806,75000.0,119000.0,953000.0,10000.0,2110000.0,6300000.0,0.0,238000.0,835000.0,0.12106713063650863,597000.0,0.08655937364071335,-17000.0,580000.0,0.0840945338552994,2053000.0,2633000.0,0.3817601855879368,0.4826764436296975,0.465605658709107,5455000.0,5655000.0,https://www.sec.gov/Archives/edgar/data/768408/000110465913051049/0001104659-13-051049-index.htm,https://www.sec.gov/Archives/edgar/data/768408/000110465913051049/a13-9368_110k.htm,1620590922,16:08:42,20210509
28,2012-12-31,CYAND,USD,2013-02-07,2013-02-07 16:09:06,Q3,7242000.0,4377000.0,2865000.0,0.3956089478044739,52000.0,171000.0,1004000.0,1000.0,2232000.0,6609000.0,0.0,230000.0,863000.0,0.11916597624965479,633000.0,0.08740679370339685,-14000.0,619000.0,0.08547362607014637,12000.0,607000.0,0.08381662524164596,0.11135571454778939,0.10664089950808152,5451000.0,5692000.0,https://www.sec.gov/Archives/edgar/data/768408/000110465913008472/0001104659-13-008472-index.htm,https://www.sec.gov/Archives/edgar/data/768408/000110465913008472/a12-29112_110q.htm,1620590922,16:08:42,20210509
29,2012-09-30,CYAND,USD,2012-11-09,2012-11-09 16:06:30,Q2,6936000.0,4124000.0,2812000.0,0.40542099192618225,80000.0,405000.0,880000.0,13000.0,2258000.0,6382000.0,0.0,270000.0,824000.0,0.11880046136101499,554000.0,0.07987312572087658,-80000.0,486000.0,0.07006920415224914,10000.0,476000.0,0.06862745098039216,0.0874196510560147,0.08266759291420632,5445000.0,5758000.0,https://www.sec.gov/Archives/edgar/data/768408/000110465912076635/0001104659-12-076635-index.htm,https://www.sec.gov/Archives/edgar/data/768408/000110465912076635/a12-20415_110q.htm,1620590922,16:08:42,20210509
30,2012-06-30,CYAND,USD,2012-08-10,2012-08-10 16:02:56,Q1,6506000.0,3932000.0,2574000.0,0.3956347986474024,51000.0,310000.0,838000.0,22000.0,2059000.0,5991000.0,0.0,203000.0,718000.0,0.11035966799877037,515000.0,0.07915770058407624,0.0,503000.0,0.07731324930833078,10000.0,493000.0,0.07577620657854288,0.09060834405440177,0.0839434701174868,5441000.0,5873000.0,https://www.sec.gov/Archives/edgar/data/768408/000110465912056989/0001104659-12-056989-index.htm,https://www.sec.gov/Archives/edgar/data/768408/000110465912056989/a12-15885_110q.htm,1620590922,16:08:42,20210509
31,2012-03-31,CYAND,USD,2012-06-21,2012-06-21 17:17:33,Q4,5986000.0,3933000.0,2053000.0,0.34296692281991314,83000.0,323000.0,672000.0,-8000.0,1742000.0,5675000.0,0.0,192000.0,503000.0,0.08402940193785499,311000.0,0.051954560641496825,5000.0,299000.0,0.04994988306047444,698000.0,1159000.0,0.1936184430337454,0.21407462135205024,0.2094325984821106,5414000.0,5534000.0,https://www.sec.gov/Archives/edgar/data/768408/000110465912045009/0001104659-12-045009-index.htm,https://www.sec.gov/Archives/edgar/data/768408/000110465912045009/a12-7275_110k.htm,1620590922,16:08:42,20210509
32,2011-12-31,CYAND,USD,2012-02-09,2012-02-09 16:03:49,Q3,6706000.0,3879000.0,2827000.0,0.4215627796003579,77000.0,322000.0,632000.0,1000.0,1664000.0,5543000.0,0.0,187000.0,1350000.0,0.20131225767968983,1163000.0,0.17342678198628095,0.0,1149000.0,0.17133909931404712,37000.0,1112000.0,0.16582165225171488,0.20569737328893822,0.20255009107468125,5406000.0,5490000.0,https://www.sec.gov/Archives/edgar/data/768408/000110465912008147/0001104659-12-008147-index.htm,https://www.sec.gov/Archives/edgar/data/768408/000110465912008147/a12-2203_110q.htm,1620590922,16:08:42,20210509
33,2011-09-30,CYAND,USD,2011-11-14,2011-11-14 08:31:09,Q2,5989000.0,3199000.0,2790000.0,0.46585406578727667,89000.0,508000.0,609000.0,62000.0,1877000.0,5076000.0,0.0,182000.0,1095000.0,0.18283519786274838,913000.0,0.1524461512773418,0.0,903000.0,0.15077642344297879,28000.0,875000.0,0.1461011855067624,0.1621271076523995,0.1599341985011881,5397000.0,5471000.0,https://www.sec.gov/Archives/edgar/data/768408/000110465911063540/0001104659-11-063540-index.htm,https://www.sec.gov/Archives/edgar/data/768408/000110465911063540/a11-25985_110q.htm,1620590922,16:08:42,20210509
34,2011-06-30,CYAND,USD,2011-08-11,2011-08-11 16:03:50,Q1,5950000.0,3846000.0,2104000.0,0.35361344537815126,71000.0,381000.0,567000.0,2000.0,1588000.0,5434000.0,0.0,176000.0,692000.0,0.11630252100840337,516000.0,0.08672268907563026,0.0,502000.0,0.08436974789915966,16000.0,486000.0,0.08168067226890756,0.09008341056533828,0.08901098901098901,5395000.0,5460000.0,https://www.sec.gov/Archives/edgar/data/768408/000110465911046124/0001104659-11-046124-index.htm,https://www.sec.gov/Archives/edgar/data/768408/000110465911046124/a11-18923_110q.htm,1620590922,16:08:42,20210509
35,2011-03-31,CYAND,USD,2011-06-23,2011-06-23 17:03:13,Q4,5218000.0,3420000.0,1798000.0,0.3445764660789575,53000.0,78000.0,708000.0,76000.0,1569000.0,4989000.0,16000.0,193000.0,422000.0,0.08087389804522806,229000.0,0.043886546569566885,4000.0,217000.0,0.041586814871598314,556000.0,795000.0,0.1523572249904178,0.1485148514851485,0.14686864954738593,5353000.0,5413000.0,https://www.sec.gov/Archives/edgar/data/768408/000110465911036207/0001104659-11-036207-index.htm,https://www.sec.gov/Archives/edgar/data/768408/000110465911036207/a11-15231_110k.htm,1620590922,16:08:42,20210509
36,2010-12-31,CYAND,USD,2011-02-11,2011-02-11 13:07:57,Q3,3919000.0,2687000.0,1232000.0,0.3143659096708344,83000.0,128000.0,502000.0,-16000.0,1215000.0,3902000.0,15000.0,145000.0,162000.0,0.04133707578463894,17000.0,0.004337841286042358,-1000.0,1000.0,0.00025516713447307985,-9000.0,10000.0,0.0025516713447307987,0.0018726591760299626,0.0018635855385762206,5340000.0,5366000.0,https://www.sec.gov/Archives/edgar/data/768408/000110465911006776/0001104659-11-006776-index.htm,https://www.sec.gov/Archives/edgar/data/768408/000110465911006776/a11-5350_110q.htm,1620590922,16:08:42,20210509
37,2010-09-30,CYAND,USD,2010-11-10,2010-11-10 16:05:49,Q2,3834000.0,2182000.0,1652000.0,0.43088158581116326,62000.0,250000.0,393000.0,-18000.0,1098000.0,3280000.0,19000.0,134000.0,688000.0,0.1794470526864893,554000.0,0.1444966092853417,1000.0,536000.0,0.1398017736045905,10000.0,526000.0,0.13719353155972874,0.09898381633421152,0.09863116444777799,5314000.0,5333000.0,https://www.sec.gov/Archives/edgar/data/768408/000110465910057574/0001104659-10-057574-index.htm,https://www.sec.gov/Archives/edgar/data/768408/000110465910057574/a10-17718_110q.htm,1620590922,16:08:42,20210509
38,2010-06-30,CYAND,USD,2010-08-12,2010-08-12 16:05:35,Q1,3856000.0,2197000.0,1659000.0,0.4302385892116183,84000.0,380000.0,383000.0,-20000.0,1230000.0,3427000.0,20000.0,145000.0,574000.0,0.14885892116182572,429000.0,0.1112551867219917,0.0,409000.0,0.10606846473029045,10000.0,399000.0,0.10347510373443983,0.0759565962307253,0.07498590490509303,5253000.0,5321000.0,https://www.sec.gov/Archives/edgar/data/768408/000110465910044060/0001104659-10-044060-index.htm,https://www.sec.gov/Archives/edgar/data/768408/000110465910044060/a10-15525_110q.htm,1620590922,16:08:42,20210509
39,2010-03-31,CYAND,USD,2010-06-24,2010-06-24 16:06:57,Q4,3814000.0,2426000.0,1388000.0,0.36392239119035136,76000.0,480000.0,441000.0,215000.0,1593000.0,4019000.0,30000.0,138000.0,-67000.0,-0.017566858940744626,-205000.0,-0.05374934452018878,0.0,-231000.0,-0.06056633455689565,-5000.0,-226000.0,-0.05925537493445202,-0.04303942106265473,-0.04227459783015339,5251000.0,5346000.0,https://www.sec.gov/Archives/edgar/data/768408/000104746910006105/0001047469-10-006105-index.htm,https://www.sec.gov/Archives/edgar/data/768408/000104746910006105/a2199186z10-k.htm,1620590922,16:08:42,20210509
40,2009-12-31,CYAND,USD,2010-02-11,2010-02-11 16:15:23,Q3,3982000.0,2232000.0,1750000.0,0.4394776494224008,65000.0,379000.0,337000.0,-20000.0,1118000.0,3350000.0,26000.0,132000.0,764000.0,0.19186338523355098,632000.0,0.15871421396283275,6000.0,612000.0,0.15369161225514816,7000.0,605000.0,0.15193370165745856,0.11530398322851153,0.1137859695316908,5247000.0,5317000.0,https://www.sec.gov/Archives/edgar/data/768408/000110465910006456/0001104659-10-006456-index.htm,https://www.sec.gov/Archives/edgar/data/768408/000110465910006456/a10-3430_110q.htm,1620590922,16:08:42,20210509
41,2009-09-30,CYAND,USD,2009-11-12,2009-11-12 16:05:44,Q2,3925000.0,2163000.0,1762000.0,0.4489171974522293,43000.0,476000.0,302000.0,-28000.0,1123000.0,3286000.0,28000.0,128000.0,767000.0,0.1954140127388535,639000.0,0.16280254777070063,0.0,611000.0,0.15566878980891719,12000.0,599000.0,0.15261146496815287,0.11418223408311094,0.1130188679245283,5246000.0,5300000.0,https://www.sec.gov/Archives/edgar/data/768408/000110465909064565/0001104659-09-064565-index.htm,https://www.sec.gov/Archives/edgar/data/768408/000110465909064565/a09-31269_110q.htm,1620590922,16:08:42,20210509
42,2009-06-30,CYAND,USD,2009-08-13,2009-08-13 16:05:27,Q1,4021000.0,2288000.0,1733000.0,0.43098731658791345,80000.0,574000.0,322000.0,-12000.0,1298000.0,3586000.0,29000.0,114000.0,549000.0,0.1365332006963442,435000.0,0.10818204426759513,17000.0,423000.0,0.10519771201193732,10000.0,413000.0,0.10271076846555584,0.0787266488753336,0.07801284472988289,5246000.0,5294000.0,https://www.sec.gov/Archives/edgar/data/768408/000110465909049519/0001104659-09-049519-index.htm,https://www.sec.gov/Archives/edgar/data/768408/000110465909049519/a09-22364_110q.htm,1620590922,16:08:42,20210509
43,2009-03-31,CYAND,USD,2009-06-25,2009-06-25 15:32:36,Q4,3422000.0,2158000.0,1264000.0,0.36937463471654003,51000.0,348000.0,305000.0,123000.0,1009000.0,3167000.0,32000.0,107000.0,362000.0,0.10578609000584453,255000.0,0.07451782583284629,0.0,224000.0,0.06545879602571596,30000.0,194000.0,0.05669199298655757,0.036994660564454614,0.036966463414634144,5244000.0,5248000.0,https://www.sec.gov/Archives/edgar/data/768408/000104746909006523/0001047469-09-006523-index.htm,https://www.sec.gov/Archives/edgar/data/768408/000104746909006523/a2193531z10-k.htm,1620590922,16:08:42,20210509
44,2008-12-31,CYAND,USD,2009-02-12,2009-02-12 16:05:44,Q3,3553000.0,1987000.0,1566000.0,0.440754292147481,65000.0,349000.0,298000.0,-123000.0,1010000.0,2997000.0,41000.0,108000.0,664000.0,0.18688432310723332,556000.0,0.1564874753729243,0.0,517000.0,0.14551083591331268,3000.0,514000.0,0.1446664790318041,0.09803547587259202,0.0979794128860084,5243000.0,5246000.0,https://www.sec.gov/Archives/edgar/data/768408/000110465909008821/0001104659-09-008821-index.htm,https://www.sec.gov/Archives/edgar/data/768408/000110465909008821/a09-5146_110q.htm,1620590922,16:08:42,20210509
45,2008-09-30,CYAND,USD,2008-11-13,2008-11-13 16:05:53,Q2,3274000.0,1896000.0,1378000.0,0.42089187538179595,54000.0,609000.0,255000.0,0.0,1173000.0,3069000.0,44000.0,107000.0,312000.0,0.09529627367135003,205000.0,0.06261453879047037,0.0,163000.0,0.04978619425778864,0.0,163000.0,0.04978619425778864,0.0311,0.0311,5242000.0,5242000.0,https://www.sec.gov/Archives/edgar/data/768408/000110465908070520/0001104659-08-070520-index.htm,https://www.sec.gov/Archives/edgar/data/768408/000110465908070520/a08-25903_110q.htm,1620590922,16:08:42,20210509
46,2008-06-30,CYAND,USD,2008-08-14,2008-08-14 16:30:47,Q1,3701000.0,2397000.0,1304000.0,0.3523372061604972,36000.0,442000.0,267000.0,10000.0,1012000.0,3409000.0,45000.0,109000.0,401000.0,0.10834909483923263,292000.0,0.07889759524452851,10000.0,260000.0,0.07025128343690894,-11000.0,271000.0,0.07322345312077817,0.0517,0.0517,5242000.0,5242000.0,https://www.sec.gov/Archives/edgar/data/768408/000110465908053059/0001104659-08-053059-index.htm,https://www.sec.gov/Archives/edgar/data/768408/000110465908053059/a08-21375_110q.htm,1620590922,16:08:42,20210509
47,2008-03-31,CYAND,USD,2008-06-26,2008-06-26 17:18:12,Q4,3414000.0,2210000.0,1204000.0,0.3526654950205038,38000.0,337000.0,259000.0,-66000.0,893000.0,3103000.0,49000.0,110000.0,421000.0,0.12331575864089045,311000.0,0.09109548916227299,-66000.0,200000.0,0.05858230814294083,19000.0,181000.0,0.05301698886936145,0.03453,0.03453,5242000.0,5242000.0,https://www.sec.gov/Archives/edgar/data/768408/000104746908007805/0001047469-08-007805-index.htm,https://www.sec.gov/Archives/edgar/data/768408/000104746908007805/a2186543z10-k.htm,1620590922,16:08:42,20210509
48,2007-12-31,CYAND,USD,2008-02-14,2008-02-14 16:06:39,Q3,2763000.0,2410000.0,353000.0,0.12775968150560985,22000.0,110000.0,391000.0,0.0,914000.0,3324000.0,36000.0,111000.0,-450000.0,-0.16286644951140064,-561000.0,-0.20304017372421282,0.0,-594000.0,-0.21498371335504887,0.0,-594000.0,-0.21498371335504887,-0.11332,-0.11332,5242000.0,5242000.0,https://www.sec.gov/Archives/edgar/data/768408/000110465908010772/0001104659-08-010772-index.htm,https://www.sec.gov/Archives/edgar/data/768408/000110465908010772/a08-5439_110q.htm,1620590922,16:08:42,20210509
49,2007-09-30,CYAND,USD,2007-11-07,2007-11-07 16:06:55,Q2,2604000.0,1836000.0,768000.0,0.29493087557603687,36000.0,372000.0,337000.0,2000.0,1082000.0,2918000.0,38000.0,122000.0,-192000.0,-0.07373271889400922,-314000.0,-0.1205837173579109,6000.0,-344000.0,-0.13210445468509985,0.0,-344000.0,-0.13210445468509985,-0.06572,-0.06572,5234000.0,5234000.0,https://www.sec.gov/Archives/edgar/data/768408/000110465907080690/0001104659-07-080690-index.htm,https://www.sec.gov/Archives/edgar/data/768408/000110465907080690/a07-27960_110q.htm,1620590922,16:08:42,20210509
50,2007-06-30,CYAND,USD,2007-09-21,2007-09-21 16:18:36,Q1,2583000.0,1837000.0,746000.0,0.28881145954316684,47000.0,304000.0,368000.0,-1000.0,1087000.0,2924000.0,41000.0,147000.0,-194000.0,-0.07510646535036779,-341000.0,-0.13201703445605883,-5000.0,-372000.0,-0.1440185830429733,10000.0,-382000.0,-0.1478900503290747,-0.07298,-0.07298,5234000.0,5234000.0,https://www.sec.gov/Archives/edgar/data/768408/000110465907070557/0001104659-07-070557-index.htm,https://www.sec.gov/Archives/edgar/data/768408/000110465907070557/a07-24195_110q.htm,1620590922,16:08:42,20210509
51,2007-03-31,CYAND,USD,2007-08-16,2007-08-16 17:28:34,Q4,1804000.0,2900000.0,-1096000.0,-0.6075388026607539,59000.0,718000.0,309000.0,4597000.0,5882000.0,8782000.0,50000.0,291000.0,-6687000.0,-3.706762749445676,-6978000.0,-3.868070953436807,7000.0,-6998000.0,-3.879157427937916,-35000.0,-6963000.0,-3.8597560975609757,-1.33034,-1.33034,5234000.0,5234000.0,https://www.sec.gov/Archives/edgar/data/768408/000110465907063150/0001104659-07-063150-index.htm,https://www.sec.gov/Archives/edgar/data/768408/000110465907063150/a07-17460_110k.htm,1620590922,16:08:42,20210509
52,2006-12-31,CYAND,USD,2007-03-14,2007-03-13 21:36:00,Q3,2333000.0,1712000.0,621000.0,0.26618088298328335,45000.0,110000.0,351000.0,-35000.0,857000.0,2569000.0,46000.0,309000.0,73000.0,0.031290184312044576,-236000.0,-0.10115730818688384,-2000.0,-271000.0,-0.11615945135019289,23000.0,-294000.0,-0.12601800257179596,-0.05627,-0.05627,5225000.0,5225000.0,https://www.sec.gov/Archives/edgar/data/768408/000110465907018793/0001104659-07-018793-index.htm,https://www.sec.gov/Archives/edgar/data/768408/000110465907018793/a07-4692_210q.htm,1620590922,16:08:42,20210509
53,2006-09-30,CYAND,USD,2007-02-21,2007-02-20 19:29:34,Q2,2517000.0,1936000.0,581000.0,0.23083035359555026,53000.0,218000.0,304000.0,-65000.0,879000.0,2815000.0,35000.0,315000.0,17000.0,0.006754072308303536,-298000.0,-0.11839491458085022,-8000.0,-323000.0,-0.12832737385776719,-2000.0,-321000.0,-0.12753277711561384,-0.06145,-0.06145,5224000.0,5224000.0,https://www.sec.gov/Archives/edgar/data/768408/000110465907012399/0001104659-07-012399-index.htm,https://www.sec.gov/Archives/edgar/data/768408/000110465907012399/a07-5030_110q.htm,1620590922,16:08:42,20210509
54,2006-06-30,CYAND,USD,2007-02-20,2007-02-20 16:24:45,Q1,3029000.0,2004000.0,1025000.0,0.33839551006932983,46000.0,105000.0,333000.0,-10000.0,817000.0,2821000.0,55000.0,335000.0,543000.0,0.179267084846484,208000.0,0.06866952789699571,0.0,158000.0,0.052162429844833276,5000.0,153000.0,0.050511720039617035,0.02928790199081164,0.029115128449096098,5224000.0,5255000.0,https://www.sec.gov/Archives/edgar/data/768408/000110465907012289/0001104659-07-012289-index.htm,https://www.sec.gov/Archives/edgar/data/768408/000110465907012289/a07-5027_110q.htm,1620590922,16:08:42,20210509
55,2006-03-31,CYAND,USD,2006-06-28,2006-06-28 16:43:07,Q4,3252000.0,2180000.0,1072000.0,0.3296432964329643,48000.0,119000.0,343000.0,0.0,853000.0,3033000.0,44000.0,297000.0,516000.0,0.15867158671586715,219000.0,0.06734317343173432,0.0,185000.0,0.05688806888068881,-9000.0,194000.0,0.05965559655596556,0.00928,0.00928,20904000.0,20904000.0,https://www.sec.gov/Archives/edgar/data/768408/000110465906044151/0001104659-06-044151-index.htm,https://www.sec.gov/Archives/edgar/data/768408/000110465906044151/a06-9785_110k.htm,1620590922,16:08:42,20210509
56,2005-12-31,CYAND,USD,2006-02-14,2006-02-14 15:45:50,Q3,2333000.0,1712000.0,621000.0,0.26618088298328335,45000.0,110000.0,351000.0,-2000.0,857000.0,2569000.0,46000.0,348000.0,112000.0,0.04800685812258894,-236000.0,-0.10115730818688384,-2000.0,-271000.0,-0.11615945135019289,29000.0,-294000.0,-0.12601800257179596,-0.01407,-0.01407,20900000.0,20900000.0,https://www.sec.gov/Archives/edgar/data/768408/000110465906009479/0001104659-06-009479-index.htm,https://www.sec.gov/Archives/edgar/data/768408/000110465906009479/a06-5014_110q.htm,1620590922,16:08:42,20210509
57,2005-09-30,CYAND,USD,2005-11-14,2005-11-14 12:05:23,Q2,2517000.0,1936000.0,581000.0,0.23083035359555026,53000.0,218000.0,304000.0,2000.0,879000.0,2815000.0,35000.0,339000.0,41000.0,0.01628923321414382,-298000.0,-0.11839491458085022,-6000.0,-323000.0,-0.12832737385776719,-8000.0,-321000.0,-0.12753277711561384,-0.01536,-0.01536,20896000.0,20896000.0,https://www.sec.gov/Archives/edgar/data/768408/000110465905055175/0001104659-05-055175-index.htm,https://www.sec.gov/Archives/edgar/data/768408/000110465905055175/a05-18598_110q.htm,1620590922,16:08:42,20210509
58,2005-06-30,CYAND,USD,2005-08-15,2005-08-15 14:25:42,Q1,3029000.0,2004000.0,1025000.0,0.33839551006932983,46000.0,105000.0,333000.0,-10000.0,817000.0,2821000.0,55000.0,337000.0,545000.0,0.1799273687685705,208000.0,0.06866952789699571,-2000.0,158000.0,0.052162429844833276,5000.0,153000.0,0.050511720039617035,0.00732197549770291,0.007279128407631191,20896000.0,21019000.0,https://www.sec.gov/Archives/edgar/data/768408/000110465905039527/0001104659-05-039527-index.htm,https://www.sec.gov/Archives/edgar/data/768408/000110465905039527/a05-14865_110q.htm,1620590922,16:08:42,20210509
59,2005-03-31,CYAND,USD,2005-07-11,2005-07-11 16:36:32,Q4,2560000.0,1846000.0,714000.0,0.27890625,92000.0,92000.0,310000.0,86000.0,804000.0,2650000.0,41000.0,324000.0,234000.0,0.09140625,-90000.0,-0.03515625,-11000.0,-136000.0,-0.053125,-62000.0,-74000.0,-0.02890625,-0.003560431100846805,-0.003527336860670194,20784000.0,20979000.0,https://www.sec.gov/Archives/edgar/data/768408/000104746905019209/0001047469-05-019209-index.htm,https://www.sec.gov/Archives/edgar/data/768408/000104746905019209/a2160615z10-k.htm,1620590922,16:08:42,20210509
60,2004-12-31,CYAND,USD,2005-02-14,2005-02-14 14:01:50,Q3,3180000.0,2017000.0,1163000.0,0.36572327044025155,38000.0,205000.0,301000.0,-60000.0,845000.0,2862000.0,43000.0,338000.0,656000.0,0.20628930817610064,318000.0,0.1,37000.0,320000.0,0.10062893081761007,48000.0,326000.0,0.10251572327044026,0.015708572254613792,0.015537867594490253,20753000.0,20981000.0,https://www.sec.gov/Archives/edgar/data/768408/000110465905006229/0001104659-05-006229-index.htm,https://www.sec.gov/Archives/edgar/data/768408/000110465905006229/a05-3381_110q.htm,1620590922,16:08:42,20210509
61,2004-09-30,CYAND,USD,2004-11-15,2004-11-12 23:44:59,Q2,2998000.0,1944000.0,1054000.0,0.35156771180787194,62000.0,225000.0,297000.0,-9000.0,881000.0,2825000.0,40000.0,326000.0,499000.0,0.16644429619746498,173000.0,0.05770513675783856,-25000.0,133000.0,0.04436290860573716,-42000.0,121000.0,0.04036024016010674,0.00517,0.00517,23400000.0,23400000.0,https://www.sec.gov/Archives/edgar/data/768408/000110465904035719/0001104659-04-035719-index.htm,https://www.sec.gov/Archives/edgar/data/768408/000110465904035719/a04-13314_110q.htm,1620590922,16:08:42,20210509
62,2004-06-30,CYAND,USD,2004-08-13,2004-08-13 15:19:39,Q1,2707000.0,1820000.0,887000.0,0.3276690062800148,65000.0,73000.0,294000.0,-2000.0,726000.0,2546000.0,39000.0,331000.0,492000.0,0.18175101588474327,161000.0,0.059475434059844845,14000.0,128000.0,0.04728481714074621,15000.0,113000.0,0.04174362763206502,0.01,0.01,11300000.0,11300000.0,https://www.sec.gov/Archives/edgar/data/768408/000110465904024359/0001104659-04-024359-index.htm,https://www.sec.gov/Archives/edgar/data/768408/000110465904024359/a04-9400_110q.htm,1620590922,16:08:42,20210509
63,2004-03-31,CYAND,USD,2004-06-29,2004-06-29 14:44:53,Q4,3290000.0,2099000.0,1191000.0,0.3620060790273556,32000.0,148000.0,278000.0,8000.0,736000.0,2835000.0,36000.0,333000.0,788000.0,0.23951367781155014,455000.0,0.13829787234042554,8000.0,420000.0,0.1276595744680851,-21000.0,441000.0,0.13404255319148936,0.023246007063412576,0.023075715556485795,18971000.0,19111000.0,https://www.sec.gov/Archives/edgar/data/768408/000104746904022047/0001047469-04-022047-index.htm,https://www.sec.gov/Archives/edgar/data/768408/000104746904022047/a2138817z10-k.htm,1620590922,16:08:42,20210509
64,2003-12-31,CYAND,USD,2004-02-17,2004-02-17 13:44:54,Q3,3024000.0,1840000.0,1184000.0,0.3915343915343915,53000.0,243000.0,298000.0,14000.0,892000.0,2732000.0,84000.0,342000.0,634000.0,0.20965608465608465,292000.0,0.09656084656084656,14000.0,223000.0,0.07374338624338625,96000.0,109000.0,0.036044973544973546,0.0059,0.0059,18471000.0,18471000.0,https://www.sec.gov/Archives/edgar/data/768408/000110465904004696/0001104659-04-004696-index.htm,https://www.sec.gov/Archives/edgar/data/768408/000110465904004696/a04-2349_110q.htm,1620590922,16:08:42,20210509
65,2003-09-30,CYAND,USD,2003-11-14,2003-11-14 12:48:16,Q2,2840000.0,1979000.0,861000.0,0.303169014084507,26000.0,95000.0,354000.0,32000.0,829000.0,2808000.0,78000.0,336000.0,368000.0,0.1295774647887324,32000.0,0.011267605633802818,3000.0,-10000.0,-0.0035211267605633804,0.0,-10000.0,-0.0035211267605633804,-0.00055,-0.00055,18317000.0,18317000.0,https://www.sec.gov/Archives/edgar/data/768408/000110465903026531/0001104659-03-026531-index.htm,https://www.sec.gov/Archives/edgar/data/768408/000110465903026531/a03-5090_110q.htm,1620590922,16:08:42,20210509
66,2003-06-30,CYAND,USD,2003-08-14,2003-08-14 14:56:35,Q1,2428000.0,1724000.0,704000.0,0.2899505766062603,38000.0,98000.0,309000.0,-29000.0,754000.0,2478000.0,88000.0,335000.0,285000.0,0.11738056013179572,-50000.0,-0.02059308072487644,0.0,-159000.0,-0.06548599670510709,0.0,-141000.0,-0.058072487644151564,-0.0077,-0.0077,18317000.0,18317000.0,https://www.sec.gov/Archives/edgar/data/768408/000110465903018614/0001104659-03-018614-index.htm,https://www.sec.gov/Archives/edgar/data/768408/000110465903018614/a03-2683_110q.htm,1620590922,16:08:42,20210509
67,2003-03-31,CYAND,USD,2003-07-14,2003-07-14 16:33:22,Q4,6477000.0,4293000.0,2184000.0,0.33719314497452524,179000.0,154000.0,1473000.0,-210000.0,3279000.0,7572000.0,326000.0,337000.0,-758000.0,-0.1170294889609387,-1095000.0,-0.16905974988420566,-210000.0,-1604000.0,-0.24764551489887293,0.0,-1595000.0,-0.24625598270804386,-0.08941,-0.08941,17840000.0,17840000.0,https://www.sec.gov/Archives/edgar/data/768408/000104746903024004/0001047469-03-024004-index.htm,https://www.sec.gov/Archives/edgar/data/768408/000104746903024004/a2114642z10-k.htm,1620590922,16:08:42,20210509
68,2002-12-31,CYAND,USD,2003-02-13,2003-02-13 17:20:31,Q3,456000.0,313000.0,143000.0,0.31359649122807015,-7000.0,93000.0,-131000.0,127000.0,-176000.0,137000.0,-31000.0,332000.0,651000.0,1.4276315789473684,319000.0,0.6995614035087719,9000.0,360000.0,0.7894736842105263,0.0,360000.0,0.7894736842105263,0.01969,0.01969,18284000.0,18284000.0,https://www.sec.gov/Archives/edgar/data/768408/000104746903005332/0001047469-03-005332-index.htm,https://www.sec.gov/Archives/edgar/data/768408/000104746903005332/a2103157z10-q.htm,1620590922,16:08:42,20210509
69,2002-09-30,CYAND,USD,2002-11-13,2002-11-13 15:58:56,Q2,2018000.0,1450000.0,568000.0,0.2814667988107037,45000.0,-13000.0,485000.0,-106000.0,1002000.0,2452000.0,123000.0,329000.0,-105000.0,-0.05203171456888008,-434000.0,-0.21506442021803765,12000.0,-540000.0,-0.267591674925669,0.0,-540000.0,-0.267591674925669,-0.03075,-0.03075,17562000.0,17562000.0,https://www.sec.gov/Archives/edgar/data/768408/000104746902002878/0001047469-02-002878-index.htm,https://www.sec.gov/Archives/edgar/data/768408/000104746902002878/a2092938z10-q.htm,1620590922,16:08:42,20210509
70,2002-06-30,CYAND,USD,2002-08-19,2002-08-19 14:50:18,Q1,2032000.0,1247000.0,785000.0,0.38631889763779526,101000.0,47000.0,538000.0,-234000.0,1224000.0,2471000.0,124000.0,326000.0,-113000.0,-0.05561023622047244,-439000.0,-0.21604330708661418,-234000.0,-785000.0,-0.38631889763779526,0.0,-785000.0,-0.38631889763779526,-0.04548,-0.04548,17259000.0,17259000.0,https://www.sec.gov/Archives/edgar/data/768408/000091205702032782/0000912057-02-032782-index.htm,https://www.sec.gov/Archives/edgar/data/768408/000091205702032782/a2086139z10-q.htm,1620590922,16:08:42,20210509
71,2002-03-31,CYAND,USD,2002-06-28,2002-06-28 15:09:34,Q4,0.0,0.0,0.0,0.0,0.0,0.0,0.0,0.0,0.0,0.0,0.0,-982000.0,-982000.0,0.0,0.0,0.0,0.0,0.0,0.0,0.0,0.0,0.0,0.0,0.0,17030000.0,17030000.0,https://www.sec.gov/Archives/edgar/data/768408/000091205702025816/0000912057-02-025816-index.htm,https://www.sec.gov/Archives/edgar/data/768408/000091205702025816/a2083228z10-k.htm,1620590922,16:08:42,20210509
72,2001-12-31,CYAND,USD,2002-02-14,2002-02-14 00:00:00,Q3,1916000.0,1863000.0,53000.0,0.027661795407098122,48000.0,-103000.0,474000.0,-97000.0,893000.0,2756000.0,121000.0,327000.0,-513000.0,-0.2677453027139875,-840000.0,-0.4384133611691023,11000.0,-937000.0,-0.4890396659707724,0.0,-937000.0,-0.4890396659707724,-0.05502,-0.05502,17030000.0,17030000.0,https://www.sec.gov/Archives/edgar/data/768408/000076840802000002/0000768408-02-000002-index.htm,https://www.sec.gov/Archives/edgar/data/768408/000076840802000002/q3fy2002.htm,1620590922,16:08:42,20210509
