,date,symbol,reportedCurrency,fillingDate,acceptedDate,period,revenue,costOfRevenue,grossProfit,grossProfitRatio,researchAndDevelopmentExpenses,generalAndAdministrativeExpenses,sellingAndMarketingExpenses,otherExpenses,operatingExpenses,costAndExpenses,interestExpense,depreciationAndAmortization,ebitda,ebitdaratio,operatingIncome,operatingIncomeRatio,totalOtherIncomeExpensesNet,incomeBeforeTax,incomeBeforeTaxRatio,incomeTaxExpense,netIncome,netIncomeRatio,eps,epsdiluted,weightedAverageShsOut,weightedAverageShsOutDil,link,finalLink,timestamp,est_time,est_date
0,2020-12-31,TSM,TWD,2020-12-31,2020-12-31,Q4,361580556000.0,166344231000.0,195236325000.0,0.5399524995475697,29940412000.0,6387572000.0,1993455000.0,403860000.0,38116151000.0,204460382000.0,768582000.0,97561886000.0,254682060000.0,0.7043577310058675,157120174000.0,0.43453712151490803,3102763000.0,161107361000.0,0.44556422718703936,18282837000.0,142766434000.0,0.3948399094778758,27.528797109799395,27.528797109799395,5186076000,5186076000,,,1620599082,18:24:42,20210509
1,2020-09-30,TSM,TWD,2020-09-30,2020-09-30,Q3,356439030000.0,165945534000.0,190493496000.0,0.5344350084220575,29683751000.0,9272555000.0,1935049000.0,259767000.0,40446147000.0,206391681000.0,373164000.0,94733076000.0,244780425000.0,0.6867385566614296,150047349000.0,0.42096217409187764,3551855000.0,155124003000.0,0.43520487360769666,17745852000.0,137310040000.0,0.3852272855753199,26.5,26.5,5186076000,5186076000,,,1620599082,18:24:42,20210509
2,2020-06-30,TSM,TWD,2020-06-30,2020-06-30,Q2,310629333000.0,146005542000.0,164623791000.0,0.5299685944340614,24893043000.0,6894405000.0,1733261000.0,444697000.0,33529253000.0,179534795000.0,409145000.0,70875252000.0,201969790000.0,0.6501954855628524,131094538000.0,0.4220288429747232,3234883000.0,136398638000.0,0.4391041782264652,15506124000.0,120822193000.0,0.3889593807291857,23.3,23.3,5186076000,5186076000,,,1620599082,18:24:42,20210509
3,2020-03-31,TSM,TWD,2020-03-31,2020-03-31,Q1,310589510000.0,149813002000.0,160776508000.0,0.5176495110861922,24968883000.0,5903061000.0,1451102000.0,-132055000.0,32254871000.0,182067873000.0,530564000.0,68554477000.0,197076114000.0,0.634522762858282,128521637000.0,0.4137990268892211,1167036000.0,132147178000.0,0.4254721223521039,15084285000.0,116986720000.0,0.376660242002378,22.55,22.55,5186076000,5186076000,,,1620599082,18:24:42,20210509
4,2019-12-31,TSM,TWD,2019-12-31,2019-12-31,Q4,317237000000.0,158035000000.0,159202000000.0,0.5018393188688584,25636000000.0,9307000000.0,0.0,997000000.0,34958000000.0,192993000000.0,0.0,67532000000.0,191776000000.0,0.6045196493473334,124244000000.0,0.3916441020435826,1863000000.0,128782000000.0,0.4059488647288935,12704000000.0,116035000000.0,0.3657675491824724,22.374334,22.35,5186076091,5186076091,,,1620599082,18:24:42,20210509
5,2019-09-30,TSM,TWD,2019-09-30,2019-09-30,Q3,293025712000.0,153613278000.0,139412434000.0,0.47576860422405526,23972076000.0,5810048000.0,1596829000.0,34846000.0,31525142000.0,185138420000.0,843434000.0,66756000000.0,174643292000.0,0.5959998895933064,107887292000.0,0.36818370396110495,1376315000.0,112336271000.0,0.38336660026612274,11233817000.0,101069886000.0,0.34491814834324164,19.5,19.5,5186076000,5186076000,,,1620599082,18:24:42,20210509
6,2019-06-30,TSM,TWD,2019-06-30,2019-06-30,Q2,241055305000.0,137325245000.0,103730060000.0,0.43031643713462353,21393728000.0,4288263000.0,1483004000.0,57288000.0,27426007000.0,164751252000.0,864751000.0,75048350000.0,151352403000.0,0.6278741843080367,76304053000.0,0.3165416873941024,559221000.0,80545440000.0,0.3341367658347117,13769589000.0,66764850000.0,0.2769690133971538,12.85,12.85,5186076000,5186076000,,,1620599082,18:24:42,20210509
7,2019-03-31,TSM,TWD,2019-03-31,2019-03-31,Q1,218709901000.0,128352344000.0,90357557000.0,0.413138850078854,20417311000.0,4140729000.0,1459973000.0,279568000.0,26091534000.0,154443878000.0,899065000.0,77547804000.0,141813827000.0,0.6484106405406859,64266023000.0,0.29384139769694284,405918000.0,68181652000.0,0.31174469783148956,6794342000.0,61393851000.0,0.2807090612692473,11.85,11.85,5186076000,5186076000,,,1620599082,18:24:42,20210509
8,2018-12-31,TSM,TWD,2018-12-31,2018-12-31,Q4,289771000000.0,151652000000.0,138119000000.0,0.47664880198501575,23689000000.0,5686792000.0,1476208000.0,-429000000.0,30995000000.0,182647000000.0,875782000.0,76030000000.0,183154000000.0,0.6320646303460319,107124000000.0,0.3696850271421226,683000000.0,111082000000.0,0.3833440889530008,11077000000.0,99984000000.0,0.3450448802675216,19.279316,19.279316,5186076091,5186076091,,,1620599082,18:24:42,20210509
9,2018-09-30,TSM,TWD,2018-09-30,2018-09-30,Q3,260333679000.0,136967039000.0,123366640000.0,0.47387890984324005,21886199000.0,4656730000.0,1585523000.0,46017000.0,28121459000.0,165088498000.0,739068000.0,73609817000.0,168854998000.0,0.6486098865448754,95245181000.0,0.3658580840014941,573356000.0,98896942000.0,0.37988531633665423,9798870000.0,89071628000.0,0.3421440834783424,17.2,17.2,5186076000,5186076000,,,1620599082,18:24:42,20210509
10,2018-06-30,TSM,TWD,2018-06-30,2018-06-30,Q2,233219641000.0,121688707000.0,111530934000.0,0.4782227325356358,19891553000.0,5070594000.0,1477977000.0,107300000.0,27102788000.0,148791495000.0,628284000.0,71408684000.0,155836830000.0,0.6681977098146721,84428146000.0,0.36201130247001795,215816000.0,87587608000.0,0.37555845478726213,15294233000.0,72290539000.0,0.30996762832680974,13.95,13.95,5186076000,5186076000,,,1620599082,18:24:42,20210509
11,2018-03-31,TSM,TWD,2018-03-31,2018-03-31,Q1,247961516000.0,123103977000.0,124857539000.0,0.5035359559585851,20428594000.0,4851708000.0,1448092000.0,3061339000.0,28030593000.0,151134570000.0,807966000.0,71497877000.0,168324823000.0,0.6788344647804138,96826946000.0,0.3904918293853309,3924641000.0,99943621000.0,0.4030610177427694,10156047000.0,89784622000.0,0.3620909544689185,17.3,17.3,5186076000,5186076000,,,1620599082,18:24:42,20210509
12,2017-12-31,TSM,TWD,2017-12-31,2017-12-31,Q4,277602795000.0,138854833000.0,138747962000.0,0.4998075109438289,21217212000.0,6018259000.0,1606216000.0,-6662934000.0,28755086000.0,167609919000.0,830509000.0,70813463000.0,180806339000.0,0.6513131072761713,109992876000.0,0.3962239501226924,-6923297000.0,111703770000.0,0.4023870508940661,10505558000.0,101172946000.0,0.3644521878823302,19.5,19.5,5186076000,5186076000,,,1620599082,18:24:42,20210509
13,2017-09-30,TSM,TWD,2017-09-30,2017-09-30,Q3,252110812000.0,126230664000.0,125880148000.0,0.499304837429979,21045439000.0,5003679000.0,1487598000.0,2197061000.0,27823715000.0,154054379000.0,843214000.0,71164662000.0,169221095000.0,0.6712171273320876,98056433000.0,0.38894179992566125,3304945000.0,100518164000.0,0.3987062799988126,10568936000.0,89925437000.0,0.35669012481701895,17.35,17.35,5186076000,5186076000,,,1620599082,18:24:42,20210509
14,2017-06-30,TSM,TWD,2017-06-30,2017-06-30,Q2,213810623000.0,105101969000.0,108708654000.0,0.5084342979534745,19057456000.0,4927159000.0,1382199000.0,2713978000.0,25453253000.0,130555222000.0,839913000.0,57992390000.0,141247791000.0,0.6606210160100418,83255401000.0,0.3893885150879524,3701979000.0,86117467000.0,0.40277450105928553,19846815000.0,66271019000.0,0.3099519475232061,12.8,12.8,5186076000,5186076000,,,1620599082,18:24:42,20210509
15,2017-03-31,TSM,TWD,2017-03-31,2017-03-31,Q1,233918370000.0,112428734000.0,121489636000.0,0.5193676580424188,19412393000.0,5247603000.0,1496487000.0,2137395000.0,26137246000.0,138565980000.0,816664000.0,60172185000.0,155524575000.0,0.6648668721486046,95352390000.0,0.4076310466766676,3286773000.0,97822499000.0,0.41819075175669185,10201591000.0,87628898000.0,0.37461315244287996,16.9,16.9,5186076000,5186076000,,,1620599082,18:24:42,20210509
16,2016-12-31,TSM,TWD,2016-12-31,2016-12-31,Q4,262226289000.0,125116792000.0,137109497000.0,0.5228670913311823,19960877000.0,5698653000.0,1517345000.0,-4582918000.0,27248634000.0,152365426000.0,811428000.0,56437557000.0,166298420000.0,0.6341790544120464,109860863000.0,0.4189544206988339,-3357140000.0,112009795000.0,0.4271493732651649,14322484000.0,97666830000.0,0.3724524736724623,18.83,18.83,5186076000,5186076000,"
", ,1620599082,18:24:42,20210509
17,2016-09-30,TSM,TWD,2016-09-30,2016-09-30,Q3,260417602000.0,128366813000.0,132050789000.0,0.5070732085152985,18724320000.0,5584814000.0,1531454000.0,1544567000.0,25788667000.0,154155480000.0,822667000.0,56268794000.0,162530916000.0,0.6241164758133362,106262122000.0,0.4080450829126366,2810160000.0,108249615000.0,0.4156770286211298,11460502000.0,96759056000.0,0.3715534405389387,18.65,18.65,5186076000,5186076000,,,1620599082,18:24:42,20210509
18,2016-06-30,TSM,TWD,2016-06-30,2016-06-30,Q2,221802837000.0,107468601000.0,114334236000.0,0.5154768872500941,16903540000.0,4667198000.0,1436902000.0,1815305000.0,23013235000.0,130481836000.0,821425000.0,55274988000.0,146595989000.0,0.6609292783752807,91321001000.0,0.41172151914359867,2906815000.0,93406391000.0,0.4211235179106388,20878112000.0,72506321000.0,0.3268953723977841,14.0,14.0,5186076000,5186076000,,,1620599082,18:24:42,20210509
19,2016-03-31,TSM,TWD,2016-03-31,2016-03-31,Q1,203462472000.0,112124894000.0,91337578000.0,0.44891609298839147,15618963000.0,3844935000.0,1415099000.0,1357446000.0,20870264000.0,132995158000.0,850580000.0,55847061000.0,126314375000.0,0.6208239473272497,70467314000.0,0.34634059690378677,2639165000.0,72255899000.0,0.35513133350704595,7463302000.0,64781493000.0,0.31839529109820314,12.5,12.5,5186076000,5186076000,,,1620599082,18:24:42,20210509
20,2015-12-31,TSM,TWD,2015-12-31,2015-12-31,Q4,203532960000.0,104608036000.0,98924924000.0,0.48603884108008844,15664559000.0,4130899000.0,1417154000.0,-3386207000.0,19279129000.0,123887165000.0,820016000.0,56255855000.0,135901650000.0,0.6677132293462444,79645795000.0,0.3913164482057353,-2262761000.0,80692318000.0,0.3964582345778296,11573530000.0,69114251000.0,0.33957276993367563,13.32,13.32,5186076000,5186076000,"
","
",1620599082,18:24:42,20210509
21,2015-09-30,TSM,TWD,2015-09-30,2015-09-30,Q3,212524180000.0,110188424000.0,102335756000.0,0.4815252363284027,16486365000.0,4296668000.0,1377131000.0,1003919000.0,23946832000.0,134135256000.0,792941000.0,56148642000.0,134537566000.0,0.6330459244684534,78388924000.0,0.3688470836589041,5798636000.0,83394619000.0,0.39240061530880865,8077319000.0,75329224000.0,0.3544501336271477,14.55,14.55,5186076000,5186076000,,,1620599082,18:24:42,20210509
22,2015-06-30,TSM,TWD,2015-06-30,2015-06-30,Q2,205440763000.0,105735807000.0,99704956000.0,0.4853221655918402,16612213000.0,4463580000.0,1479419000.0,1534272000.0,22635898000.0,128371705000.0,783401000.0,54623107000.0,131692165000.0,0.6410225657115575,77069058000.0,0.37514004949446184,21846026000.0,98131683000.0,0.4776641284183704,18718779000.0,79417514000.0,0.38657135439085183,15.313606918527016,15.313603965695837,5186075000,5186076000,,,1620599082,18:24:42,20210509
23,2015-03-31,TSM,TWD,2015-03-31,2015-03-31,Q1,222014597000.0,112585333000.0,109429264000.0,0.4928922038400925,16781463000.0,4366053000.0,1390996000.0,891416000.0,22803141000.0,135388474000.0,793942000.0,55477996000.0,142104119000.0,0.6400665583263428,86626123000.0,0.3901821059090092,2426799000.0,88258980000.0,0.3975368340307822,9275072000.0,78989911000.0,0.3557870161122784,15.231368586769978,15.231166522787674,5186002200,5186071000,,,1620599082,18:24:42,20210509
24,2014-12-31,TSM,TWD,2014-12-31,2014-12-31,Q4,222536168000.0,111985553000.0,110550615000.0,0.4967759443040288,15947094000.0,4257980000.0,1376696000.0,-2420911000.0,21399078000.0,133384631000.0,822216000.0,56417442000.0,145568979000.0,0.6541362705589502,89151537000.0,0.4006159439215292,-1767675000.0,89292346000.0,0.4012486905049969,18918987000.0,70393134000.0,0.3163222168901551,13.57,13.57,5186002200,5186002200,"
","
",1620599082,18:24:42,20210509
25,2014-09-30,TSM,TWD,2014-09-30,2014-09-30,Q3,209046528000.0,103468164000.0,105578364000.0,0.5050472017406574,15206014000.0,4611885000.0,1323181000.0,742457000.0,21146380000.0,124614544000.0,816054000.0,56232567000.0,140664551000.0,0.6728863298796333,84431984000.0,0.40389086969193766,1765262000.0,85381192000.0,0.4084315239141403,9076586000.0,76335237000.0,0.36515907597374686,14.71983744305445,14.719481510259815,5185875000,5186000400,,,1620599082,18:24:42,20210509
26,2014-06-30,TSM,TWD,2014-06-30,2014-06-30,Q2,183016115000.0,91823190000.0,91192925000.0,0.4982781161101578,13609070000.0,5407864000.0,1234821000.0,1380743000.0,20479006000.0,112302196000.0,801450000.0,45979114000.0,116693033000.0,0.6376106989267039,70713919000.0,0.3863808331850996,4185651000.0,74098120000.0,0.4048721064808965,14438263000.0,59702284000.0,0.32621326269547357,11.512501210983949,11.512207293562396,5185865600,5185998000,,,1620599082,18:24:42,20210509
27,2014-03-31,TSM,TWD,2014-03-31,2014-03-31,Q1,148236189000.0,77836093000.0,70400096000.0,0.47491841550243846,12066622000.0,4655671000.0,1152702000.0,-100204000.0,17881217000.0,95717310000.0,796580000.0,6222000.0,52525101000.0,0.3543338597297587,52518879000.0,0.3542918861736253,965844000.0,53301842000.0,0.35957374754149946,5456064000.0,47870745000.0,0.32293561594463277,9.23117467463267,9.230821516831574,5185769600,5185968000,,,1620599082,18:24:42,20210509
28,2013-12-31,TSM,TWD,2013-12-31,2013-12-31,Q4,145827783000.0,80549790000.0,65277993000.0,0.44763756025832196,12002069000.0,3762434000.0,1145827000.0,216880000.0,16916531000.0,97466321000.0,785136000.0,6201000.0,48367663000.0,0.33167659827894386,48361462000.0,0.33163407551769475,2716917000.0,50847023000.0,0.3486785710785989,10229121000.0,40641056000.0,0.2786921337204996,7.837034641878421,7.837034641878421,5185769600,5185769600,,,1620599082,18:24:42,20210509
29,2013-09-30,TSM,TWD,2013-09-30,2013-09-30,Q3,162527275000.0,83636464000.0,78890811000.0,0.485400441249015,13357075000.0,4738276000.0,1164881000.0,20913000.0,19266454000.0,102902918000.0,732326000.0,6222000.0,59630579000.0,0.36689582717731534,59624357000.0,0.36685754437216767,28326000.0,59349884000.0,0.3651687632122055,7415132000.0,51951943000.0,0.31965061248950366,10.018377394418351,10.017928432359087,5185664400,5185896800,,,1620599082,18:24:42,20210509
30,2013-06-30,TSM,TWD,2013-06-30,2013-06-30,Q2,155889706000.0,79467520000.0,76422186000.0,0.4902324082899996,11941871000.0,5685570000.0,1164693000.0,22254000.0,18798356000.0,98265876000.0,635340000.0,6222000.0,57630052000.0,0.36968478213692957,57623830000.0,0.3696448693026594,2521817000.0,60016679000.0,0.3849944973274887,8255176000.0,51807725000.0,0.33233576692998573,9.990575355521779,9.990116080566333,5185659800,5185898200,,,1620599082,18:24:42,20210509
31,2013-03-31,TSM,TWD,2013-03-31,2013-03-31,Q1,132758536000.0,71988726000.0,60769810000.0,0.45774691278608254,10650985000.0,4695520000.0,1029799000.0,40353000.0,16382759000.0,88371485000.0,493998000.0,6455000.0,44393506000.0,0.3343928559139881,44387051000.0,0.3343442338050489,1508540000.0,45747914000.0,0.3445948967078094,6212371000.0,39576876000.0,0.2981117236785437,7.632676435489401,7.631655288213565,5185189800,5185883600,,,1620599082,18:24:42,20210509
32,2012-12-31,TSM,TWD,2012-12-31,2012-12-31,Q4,131279646000.0,69331327000.0,61948319000.0,0.47188060668597476,10504785000.0,4132621000.0,1056231000.0,0.0,15693637000.0,85024964000.0,334982000.0,36205009000.0,82459691000.0,0.6281224356744532,46254682000.0,0.3523370408844643,-22392000.0,46247444000.0,0.3522819066711987,4763045000.0,41569266000.0,0.3166466947968461,8.016922736367336,8.016922736367336,5185189800,5185189800,,,1620599082,18:24:42,20210509
33,2012-09-30,TSM,TWD,2012-09-30,2012-09-30,Q3,141509634000.0,72344501000.0,69165133000.0,0.4887662489466972,10656855000.0,4478517000.0,1234982000.0,9861000.0,16371788000.0,88716289000.0,270332000.0,1434000.0,52794779000.0,0.3730825775438017,52793345000.0,0.37307244395812655,886196000.0,53762341000.0,0.3799200060117462,4340047000.0,49379633000.0,0.34894891325914956,9.524902326589455,9.522799483180833,5184266600,5185411400,,,1620599082,18:24:42,20210509
34,2012-06-30,TSM,TWD,2012-06-30,2012-06-30,Q2,127972352000.0,65579011000.0,62393341000.0,0.4875532880727237,10068390000.0,4364938000.0,1104741000.0,180944000.0,15539502000.0,81118513000.0,197266000.0,1433000.0,46855272000.0,0.36613589785393647,46853839000.0,0.3661247001227265,-1140138000.0,45956931000.0,0.3591160925134829,4157315000.0,41843339000.0,0.3269717118272547,8.07141283938171,8.069582600591161,5184140600,5185316400,,,1620599082,18:24:42,20210509
35,2012-03-31,TSM,TWD,2012-03-31,2012-03-31,Q1,105507675000.0,55221092000.0,50360612000.0,0.4773170482621288,9162781000.0,4659024000.0,1100839000.0,0.0,14922644000.0,70143736000.0,217691000.0,28005407000.0,63369346000.0,0.6006136141280717,35363939000.0,0.3351788294074341,-67809000.0,35653704000.0,0.3379252172886949,2288372000.0,33474187000.0,0.3172677911820159,6.457798482161536,6.455606564818024,5183529200,5185289200,,,1620599082,18:24:42,20210509
36,2011-12-31,TSM,TWD,2011-12-31,2011-12-31,Q4,104711122000.0,57939255000.0,46771867000.0,0.4466752538474375,8753900000.0,3910503000.0,1177425000.0,0.0,13841828000.0,71781083000.0,205986000.0,27741725000.0,60671764000.0,0.5794204363505913,32930039000.0,0.31448463516607145,428702000.0,33620642000.0,0.32107995175526816,2056136000.0,31578669000.0,0.301578938290815,6.092117509437393,6.092117509437393,5183529200,5183529200,,,1620599082,18:24:42,20210509
37,2011-09-30,TSM,TWD,2011-09-30,2011-09-30,Q3,106483616000.0,61712954000.0,44770662000.0,0.42044648446198524,8619323000.0,3472255000.0,1081010000.0,0.0,13172588000.0,74885542000.0,177453000.0,27965271000.0,59563345000.0,0.5593662878615993,31598074000.0,0.29674118129121385,508208000.0,32159939000.0,0.3020177207355543,1726436000.0,30394524000.0,0.2854385035158836,5.864836847505217,5.864836847505217,5182501200,5182501200,,,1620599082,18:24:42,20210509
38,2011-06-30,TSM,TWD,2011-06-30,2011-06-30,Q2,110508367000.0,59652408000.0,50855959000.0,0.4602000769769768,8493049000.0,3438514000.0,1058089000.0,0.0,12989652000.0,72642060000.0,123339000.0,27158116000.0,65024423000.0,0.5884117625229228,37866307000.0,0.34265556561884586,904490000.0,39054677000.0,0.3534092309951517,3026478000.0,35950334000.0,0.3253177562564109,6.936869401979106,6.936869401979106,5182501200,5182501200,,,1620599082,18:24:42,20210509
39,2011-03-31,TSM,TWD,2011-03-31,2011-03-31,Q1,105377495000.0,53706783000.0,51670712000.0,0.4903391563824894,7963628000.0,3342828000.0,1201276000.0,0.0,12507732000.0,66214515000.0,119922000.0,24816388000.0,63979368000.0,0.6071445141109114,39162980000.0,0.3716446286752214,896100000.0,40312442000.0,0.3825526693341875,3885350000.0,36277773000.0,0.3442649021026738,7.00005105642812,6.997030284226866,5182501200,5184738600,,,1620599082,18:24:42,20210509
40,2010-12-31,TSM,TWD,2010-12-31,2010-12-31,Q4,110142198000.0,55324973000.0,54817225000.0,0.497695034195704,8071970000.0,3825487000.0,1406325000.0,0.0,13303782000.0,68628755000.0,123165000.0,23304282000.0,64817725000.0,0.5884912974044698,41513443000.0,0.3769077043477923,1071836000.0,42882314000.0,0.3893359200984894,2015420000.0,40720440000.0,0.3697078934270042,7.85729485214591,7.85729485214591,5182501200,5182501200,,,1620599082,18:24:42,20210509
41,2010-09-30,TSM,TWD,2010-09-30,2010-09-30,Q3,112246699000.0,56121924000.0,56124775000.0,0.500012699705316,8034839000.0,3575355000.0,1449079000.0,0.0,13059273000.0,69181197000.0,117288000.0,22372015000.0,65437517000.0,0.5829794335421837,43065502000.0,0.383668316161351,6313465000.0,49675179000.0,0.442553584582474,2551723000.0,46939527000.0,0.41818180327957793,9.060472604726819,9.060472604726819,5180693000,5180693000,,,1620599082,18:24:42,20210509
42,2010-06-30,TSM,TWD,2010-06-30,2010-06-30,Q2,104962317000.0,53036208000.0,51926109000.0,0.4947119164680787,7190051000.0,2931179000.0,1336186000.0,0.0,11457416000.0,64493624000.0,97501000.0,21131133000.0,61599826000.0,0.5868756308037674,40468693000.0,0.3855544938094307,1610654000.0,42410131000.0,0.404051017661891,1943896000.0,40281916000.0,0.3837750266126461,7.775391438944558,7.775391438944558,5180693000,5180693000,,,1620599082,18:24:42,20210509
43,2010-03-31,TSM,TWD,2010-03-31,2010-03-31,Q1,92186686000.0,48001195000.0,44185491000.0,0.47930447353319544,6409840000.0,2471979000.0,1176010000.0,0.0,10057829000.0,58059024000.0,87446000.0,21002670000.0,55130332000.0,0.5980292208356421,34127662000.0,0.37020163627532937,859345000.0,35302776000.0,0.38294874815220065,1477461000.0,33663117000.0,0.3651624595768634,6.497801934992094,6.494587168293051,5180693000,5183257400,,,1620599082,18:24:42,20210509
44,2009-12-31,TSM,TWD,2009-12-31,2009-12-31,Q4,92094409000.0,47399720000.0,44694689000.0,0.48531381530446654,6567067000.0,3268524000.0,1217210000.0,0.0,11052801000.0,58452521000.0,93573000.0,20277361000.0,53919249000.0,0.585477984879625,33641888000.0,0.3652978325752652,-1993889000.0,35367926000.0,0.3840398823776588,2507537000.0,32666013000.0,0.3547013695478517,6.305336564046548,6.305336564046548,5180693000,5180693000,,,1620599082,18:24:42,20210509
45,2009-09-30,TSM,TWD,2009-09-30,2009-09-30,Q3,89935791000.0,47077880000.0,42857911000.0,0.47653898991114674,6201333000.0,3540976000.0,1131590000.0,0.0,10873899000.0,57951779000.0,0.0,20001339000.0,51985351000.0,0.5780273951223712,31984012000.0,0.355631630570748,2484189000.0,32957674000.0,0.3664578210025417,2284863000.0,30550787000.0,0.339695539009603,5.858540131596105,5.858540131596105,5214744000,5214744000,,,1620599082,18:24:42,20210509
46,2009-06-30,TSM,TWD,2009-06-30,2009-06-30,Q2,74212000000.0,39916000000.0,34296000000.0,0.46213550369212525,5096000000.0,2881000000.0,1192000000.0,0.0,9169000000.0,49085000000.0,0.0,20052537000.0,45179537000.0,0.6087901821807794,25127000000.0,0.33858405648682155,1262000000.0,26389000000.0,0.3555893925510699,1943000000.0,24442000000.0,0.3293537433299197,4.676617,4.676617,5214744000,5214744000,,,1620599082,18:24:42,20210509
47,2009-03-31,TSM,TWD,2009-03-31,2009-03-31,Q1,39500126000.0,32019884000.0,7480242000.0,0.18937261111521517,3728933000.0,1594563000.0,947405000.0,0.0,6270901000.0,38290785000.0,107625000.0,20483463000.0,21692804000.0,0.5491831595676429,1209341000.0,0.030616130186521432,2520327000.0,748499000.0,0.01894928132634311,-739228000.0,1558873000.0,0.03946501335210931,0.3026476549129095,0.3006948943846626,5150784996,5184235014,,,1620599082,18:24:42,20210509
48,2008-12-31,TSM,TWD,2008-12-31,2008-12-31,Q4,66169450938.0,45271021743.0,20898429195.0,0.31583198740127955,4928172161.0,3422725893.0,0.0,0.0,8350898054.0,53621919797.0,0.0,21342194662.0,33889725803.0,0.5121657399689514,12547531141.0,0.18962725189841592,-89960358.0,13654245007.0,0.20635270224312224,508607952.0,12947547209.0,0.19567258040469007,2.51370368187661,2.51370368187661,5150784996,5150784996,,,1620599082,18:24:42,20210509
49,2008-09-30,TSM,TWD,2008-09-30,2008-09-30,Q3,92736246290.0,49754999690.0,42981246600.0,0.46347839512062267,5965156122.0,4184582614.0,0.0,0.0,10149738736.0,59904738426.0,0.0,24264003828.64,57095511692.64,0.6156763291247941,32831507864.0,0.354031019989002,365207074.0,34340082376.0,0.3702983865511816,3648692470.0,30493841546.0,0.3288233324717633,1.267656,1.258003,5227154372,5257453467,,,1620599082,18:24:42,20210509
50,2008-06-30,TSM,TWD,2008-06-30,2008-06-30,Q2,85482402066.62,46183737863.26,39298664203.36,0.4597281224354565,4956318086.96,3453722816.96,0.0,0.0,8477035404.14,54660773267.4,0.0,17075858089.36,47897486888.58,0.5603198521638582,30821628799.22,0.36056109858961877,561272455.4,32159302855.04,0.37620963002393076,3426372547.5,28732960663.0,0.3361272024224028,5.544844,5.544844,5181924517,5181924517,,,1620599082,18:24:42,20210509
51,2008-03-31,TSM,TWD,2008-03-31,2008-03-31,Q1,84085449890.0,47315159190.0,36770290700.0,0.43729671123960967,5074907890.0,3677029070.0,0.0,0.0,8751936960.0,56067096150.0,0.0,19053696090.0,47072049830.0,0.5598120708348392,28018353740.0,0.3332128659197687,2339927590.0,30358281330.0,0.3610408384531984,3221199020.0,27045916300.0,0.3216479942175641,5.114798,5.114798,5173348050,5173348050,,,1620599082,18:24:42,20210509
52,2007-12-31,TSM,TWD,2007-12-31,2007-12-31,Q4,96640339245.0,50632338023.0,46008001222.0,0.47607450037361465,5170875302.0,3195955340.0,0.0,0.0,8366830642.0,58999168665.0,0.0,20897201782.0,58538372362.0,0.6057343426081637,37641170580.0,0.38949750046482257,-527519622.0,40326171007.0,0.41728093384240067,4703389853.0,35388625685.0,0.3661889637543977,6.840565402322003,6.840565402322003,5173348050,5173348050,,,1620599082,18:24:42,20210509
53,2007-09-30,TSM,TWD,2007-09-30,2007-09-30,Q3,88003773000.0,47717601360.0,40286171640.0,0.4577777777777778,4628346580.0,3650526880.0,0.0,0.0,8278873460.0,55996474820.0,0.0,19128324374.24,51135622554.240005,0.5810617069138616,32007298180.0,0.3637037037037037,1075601670.0,33865155610.0,0.38481481481481483,3552744910.0,30051658780.0,0.3414814814814815,5.485981,5.485981,5334952050,5334952050,,,1620599082,18:24:42,20210509
54,2007-06-30,TSM,TWD,2007-06-30,2007-06-30,Q2,75038872956.76,42806700617.48,32232172339.28,0.42953966483283,4308133852.68,3149912589.52,0.0,0.0,7458046442.2,50264747059.68,0.0,19478897685.76,44253023582.84,0.5897346513764956,24774125897.08,0.3301505595820411,728941489.08,28069485252.16,0.37406592271627814,2398311748.84,25524577350.36,0.3401513954649632,4.788930329550796,4.784672096795622,5329912025,5334655507,,,1620599082,18:24:42,20210509
55,2007-03-31,TSM,TWD,2007-03-31,2007-03-31,Q1,65300854520.0,40544119000.0,24756735520.0,0.37911809427268117,3971668800.0,2780168160.0,0.0,0.0,6751836960.0,47295955960.0,0.0,20387899840.0,38392798400.0,0.5879371515458692,18004898560.0,0.27572225038013176,1820348200.0,20189316400.0,0.30917384693360367,1092208920.0,18964718520.0,0.2904206791687785,3.604561,3.604561,5215769100,5215769100,,,1620599082,18:24:42,20210509
56,2006-12-31,TSM,TWD,2006-12-31,2006-12-31,Q4,11308579547.19,38465499652.27,-27156920105.08,-2.4014439648901846,4872358705.53,5760005822.24,0.0,0.0,10632331428.34,49097831080.61,0.0,24901463715.83,-12887787817.589996,-1.13964691708716,-37789251533.42,-3.3416444015561635,-1937399500.81,27887330237.05,2.4660329903218967,1622667333.33,27931461857.77,2.4699354805096205,5.355195240097956,5.355195240097956,5215769100,5215769100,,,1620599082,18:24:42,20210509
57,2006-09-30,TSM,TWD,2006-09-30,2006-09-30,Q3,81392921645.49,42147291588.22,39245630057.27,0.48217497620009075,3948960595.58,2275850607.94,0.0,0.0,6224844302.95,48372135891.17,0.0,16545857253.18,49566643007.5,0.6089797737374438,33020785754.32,0.4056960370355459,897093851.29,34575730776.86,0.42480021699498544,2099232049.46,32476498727.4,0.3990088827238889,6.203445162891644,6.197927141855835,5235235885,5239896821,,,1620599082,18:24:42,20210509
58,2006-06-30,TSM,TWD,2006-06-30,2006-06-30,Q2,80137089849.96,39947764146.73,40189325703.23,0.5015071769947741,3927304543.14,3086183960.97,0.0,0.0,7013456079.74,46961220226.47,0.0,16285103204.27,49460972827.76,0.6172045044356534,33175869623.49,0.41398894925689095,634577345.27,34661456983.78,0.4325270239869747,2071657848.04,33368016440.11,0.41638667566522136,6.374205627142478,6.368394394873261,5234850959,5239627820,,,1620599082,18:24:42,20210509
59,2006-03-31,TSM,TWD,2006-03-31,2006-03-31,Q1,77371208852.4,40692315494.88,36678893357.52,0.4740638527115664,3552471233.44,2227988952.72,0.0,0.0,5780460186.16,46472775681.04,0.0,15974777966.72,46873211138.08,0.6058223961254036,30898433171.36,0.3993531137700656,3054340054.96,34690268672.4,0.4483614665834956,1804185823.12,32639633529.36,0.4218576136198956,6.320344231096422,6.314893328549982,5164217697,5168675357,,,1620599082,18:24:42,20210509
60,2005-12-31,TSM,TWD,2005-12-31,2005-12-31,Q4,83533993570.33,40521862445.71,43012131124.62,0.5149057202491664,4063744725.2,6626142949.25,0.0,0.0,10689854489.34,51211716935.05,0.0,24355962393.28,56678239028.56,0.678505080459738,32322276635.28,0.38693560853243314,3467560773.1,35999261004.81,0.43095342945026377,1891951684.83,34049431719.98,0.40761168315642266,6.593337794369129,6.593337794369129,5164217697,5164217697,,,1620599082,18:24:42,20210509
61,2005-09-30,TSM,TWD,2005-09-30,2005-09-30,Q3,64105103946.73,35596738313.92,28508365632.81,0.4447128836496366,3039756076.0,2057211339.12,0.0,0.0,5096967415.12,40693705729.04,0.0,17252277415.7,40663675633.39,0.6343282068020771,23411398217.69,0.3652033422665437,-465653463.52,22894440574.11,0.3571391225437338,-11979824.71,22906420398.82,0.3573260004048157,4.439470294176842,4.437292804728037,5159719264,5162251266,,,1620599082,18:24:42,20210509
62,2005-06-30,TSM,TWD,2005-06-30,2005-06-30,Q2,58417880447.85,35451804222.89,22966076224.96,0.3931343631246936,3486550674.75,3288386115.41,0.0,0.0,6774936790.16,42226741013.05,0.0,17664893957.98,33856033392.78,0.5795491574365401,16191139434.8,0.277160679413111,784208870.17,17103924255.88,0.29278577251957605,-501898740.2,17605822996.08,0.3013772985446952,3.142077,3.142077,5420197607,5420197607,,,1620599082,18:24:42,20210509
63,2005-03-31,TSM,TWD,2005-03-31,2005-03-31,Q1,55740845098.32,34057918024.34,21682927073.98,0.3889953056099882,3353826453.04,2227212386.84,0.0,0.0,5581038839.88,39638956864.22,0.0,16723903923.04,32825792157.14,0.5889001521099892,16101888234.1,0.2888705437762605,-8031495.3,16290959082.28,0.29226250613073324,-553921207.22,16844880289.5,0.30219994439961756,3.284085,3.284085,5097031307,5097031307,,,1620599082,18:24:42,20210509
64,2004-12-31,TSM,TWD,2004-12-31,2004-12-31,Q4,65831490091.56,32692054311.36,33139435780.2,0.5033979290778454,3618770985.66,6582594626.88,0.0,0.0,10201365612.54,42893419923.9,0.0,23571262013.64,46509332181.3,0.7064906493323138,22938070167.66,0.3484361380208345,-531582784.14,22541101615.32,0.3424060671263752,97628947.98,22443506623.2,0.3409235700420124,4.40325069072604,4.40325069072604,5097031307,5097031307,,,1620599082,18:24:42,20210509
65,2004-09-30,TSM,TWD,2004-09-30,2004-09-30,Q3,67954402516.02,36560444241.3,31393958274.72,0.46198564202398795,3038336396.94,2818132644.84,0.0,0.0,5856469041.78,42416913283.08,0.0,15242162534.66,40779651767.6,0.6001031612041081,25537489232.94,0.3758033076211601,1752054464.28,27516810268.2,0.4049305011800084,204210542.04,27312599726.16,0.40192538989245263,5.343209,5.343209,5096609626,5096609626,,,1620599082,18:24:42,20210509
66,2004-06-30,TSM,TWD,2004-06-30,2004-06-30,Q2,61294058848.1,35817147782.0,25476911066.1,0.41565057927126875,2917479392.75,2689042386.55,0.0,0.0,5606521779.3,41423669561.3,0.0,16081368481.7,35951757768.5,0.5865455550528359,19870389286.8,0.3241813262202646,964706015.0,20812910424.8,0.3395583652957119,-321949624.1,21134860048.9,0.3448109073878886,4.126198,4.126198,5096609626,5096609626,,,1620599082,18:24:42,20210509
67,2004-03-31,TSM,TWD,2004-03-31,2004-03-31,Q1,57429984990.0,34728172220.0,22701812770.0,0.3952954675846242,2866556910.0,2339374030.0,0.0,0.0,5205930940.0,39934103160.0,0.0,15057661010.0,32553542840.0,0.5668387837062536,17495881830.0,0.3046471600688468,955518970.0,18418451870.0,0.3207114170969593,-362438230.0,18747941170.0,0.32644865174985654,4.113621,4.113621,4557527557,4557527557,,,1620599082,18:24:42,20210509
68,2003-12-31,TSM,TWD,2003-12-31,2003-12-31,Q4,62007774780.0,36242255040.0,25765519740.0,0.4155207928588725,4267789140.0,5503312410.0,0.0,0.0,9737374740.0,45979629780.0,0.0,23872064790.0,39900209790.0,0.6434710797406235,16028145000.0,0.25848605367418737,3548415600.0,14517137460.0,0.23411802006290283,1746408060.0,16675653300.0,0.26892842646207277,3.65892539133143,3.65892539133143,4557527557,4557527557,,,1620599082,18:24:42,20210509
69,2003-09-30,TSM,TWD,2003-09-30,2003-09-30,Q3,53996622810.0,32883639750.0,21112983060.0,0.3910056214865709,3035412900.0,1854974550.0,0.0,0.0,4890387450.0,37774027200.0,0.0,10558118590.0,26780714200.0,0.495970170101829,16222595610.0,0.3004372267332917,236087670.0,16458683280.0,0.3048094940662086,1517706450.0,14940976830.0,0.2767020612117427,3.070566,3.070566,4865869991,4865869991,,,1620599082,18:24:42,20210509
70,2003-06-30,TSM,TWD,2003-06-30,2003-06-30,Q2,44844295680.0,30380626240.0,14463669440.0,0.32253086419753085,2802768480.0,2629758080.0,0.0,0.0,5397924480.0,35778550720.0,0.0,19254858760.0,28320603720.0,0.6315319103702779,9065744960.0,0.2021604938271605,-276816640.0,8408305440.0,0.1875,346020800.0,8027682560.0,0.17901234567901234,1.453423,1.453423,5468657294,5468657294,,,1620599082,18:24:42,20210509
71,2003-03-31,TSM,TWD,2003-03-31,2003-03-31,Q1,39305553040.0,28923609260.0,10381943780.0,0.26413427561837455,2499999840.0,1666666560.0,0.0,0.0,4201388620.0,33124997880.0,0.0,15347221240.0,21527776400.0,0.5477031802120141,6180555160.0,0.15724381625441697,-2013888760.0,4166666400.0,0.10600706713780919,-173611100.0,4340277500.0,0.11042402826855123,1.540631,1.540631,5037683465,5037683465,,,1620599082,18:24:42,20210509
72,2002-12-31,TSM,TWD,2002-12-31,2002-12-31,Q4,40141089878.0,0.0,0.0,0.0,0.0,0.0,0.0,0.0,0.0,0.0,0.0,0.0,-90798428075.71,-2.2619821323155853,-90798428075.71,-2.2619821323155853,0.0,0.0,0.0,0.0,5344233392.97,0.13313623046142045,1.0608513675183837,1.0608513675183837,5037683465,5037683465,,,1620599082,18:24:42,20210509
73,2002-09-30,TSM,TWD,2002-09-30,2002-09-30,Q3,40814131493.25,0.0,0.0,0.0,0.0,0.0,0.0,0.0,0.0,0.0,0.0,0.0,40814131493.25,1.0,40814131493.25,1.0,0.0,0.0,0.0,0.0,5434554357.0,0.13315374254377527,1.03258,1.03258,5263082078,5263082078,,,1620599082,18:24:42,20210509
74,2002-06-30,TSM,TWD,2002-06-30,2002-06-30,Q2,39042569038.5,0.0,0.0,0.0,0.0,0.0,0.0,0.0,0.0,0.0,0.0,0.0,39042569038.5,1.0,39042569038.5,1.0,0.0,0.0,0.0,0.0,5198664186.0,0.13315374254377527,0.98776,0.98776,5263082078,5263082078,,,1620599082,18:24:42,20210509
75,2002-03-31,TSM,TWD,2002-03-31,2002-03-31,Q1,40914097087.5,0.0,0.0,0.0,0.0,0.0,0.0,0.0,0.0,0.0,0.0,0.0,40914097087.5,1.0,40914097087.5,1.0,0.0,0.0,0.0,0.0,5447865150.0,0.13315374254377527,0.940882,0.940882,5790165409,5790165409,,,1620599082,18:24:42,20210509
76,2001-12-31,TSM,TWD,2001-12-31,2001-12-31,Q4,38527494631.12,0.0,0.0,0.0,0.0,0.0,0.0,0.0,0.0,0.0,0.0,0.0,-83717488007.12,-2.172928419267067,-83717488007.12,-2.172928419267067,0.0,0.0,0.0,0.0,3935725345.2,0.10215367967428064,0.6797258916096709,0.6797258916096709,5790165409,5790165409,,,1620599082,18:24:42,20210509
77,2001-09-30,TSM,TWD,2001-09-30,2001-09-30,Q3,30042001700.48,0.0,0.0,0.0,0.0,0.0,0.0,0.0,0.0,0.0,0.0,0.0,30042001700.48,1.0,30042001700.48,1.0,0.0,0.0,0.0,0.0,3456241631.92,0.11504698210122188,0.665961,0.665961,5189852951,5189852951,,,1620599082,18:24:42,20210509
78,2001-06-30,TSM,TWD,2001-06-30,2001-06-30,Q2,29885986813.76,0.0,0.0,0.0,0.0,0.0,0.0,0.0,0.0,0.0,0.0,0.0,29885986813.76,1.0,29885986813.76,1.0,0.0,0.0,0.0,0.0,3438292590.04,0.11504698210122188,0.662503,0.662503,5189852951,5189852951,,,1620599082,18:24:42,20210509
79,2001-03-31,TSM,TWD,2001-03-31,2001-03-31,Q1,31523675765.12,0.0,0.0,0.0,0.0,0.0,0.0,0.0,0.0,0.0,0.0,0.0,31523675765.12,1.0,31523675765.12,1.0,0.0,0.0,0.0,0.0,3626666391.04,0.11504579662796803,0.697604,0.300274,5198745318,5198745318,,,1620599082,18:24:42,20210509
80,2000-12-31,TSM,TWD,2000-12-31,2000-12-31,Q4,41549398240.56,0.0,0.0,0.0,0.0,0.0,0.0,0.0,0.0,0.0,0.0,0.0,-63353473742.3,-1.5247747602865436,-63353473742.3,-1.5247747602865436,0.0,0.0,0.0,0.0,16276535122.7,0.39173937077170595,3.1308583373654697,3.1308583373654697,5198745318,5198745318,,,1620599082,18:24:42,20210509
81,2000-09-30,TSM,TWD,2000-09-30,2000-09-30,Q3,41549401230.96,0.0,0.0,0.0,0.0,0.0,0.0,0.0,0.0,0.0,0.0,0.0,41549401230.96,1.0,41549401230.96,1.0,0.0,0.0,0.0,0.0,16276550487.12,0.39173971236417576,3.426464,3.426464,4750246382,4750246382,,,1620599082,18:24:42,20210509
82,2000-06-30,TSM,TWD,2000-06-30,2000-06-30,Q2,41577434232.88,0.0,0.0,0.0,0.0,0.0,0.0,0.0,0.0,0.0,0.0,0.0,41577434232.88,1.0,41577434232.88,1.0,0.0,0.0,0.0,0.0,16287529940.24,0.39173965976379566,3.427663,3.427663,4751788551,4751788551,,,1620599082,18:24:42,20210509
83,2000-03-31,TSM,TWD,2000-03-31,2000-03-31,Q1,41486148748.0,0.0,0.0,0.0,0.0,0.0,0.0,0.0,0.0,0.0,0.0,0.0,41486148748.0,1.0,41486148748.0,1.0,0.0,0.0,0.0,0.0,16251780659.4,0.39173992163308435,3.906499,3.906499,4160190231,4160190231,,,1620599082,18:24:42,20210509
84,1999-12-31,TSM,TWD,1999-12-31,1999-12-31,Q4,18276006287.87,0.0,0.0,0.0,0.0,0.0,0.0,0.0,0.0,0.0,0.0,0.0,-29966836972.64,-1.6396819141241674,-29966836972.64,-1.6396819141241674,0.0,0.0,0.0,0.0,6143126336.59,0.33613067536900915,1.4766455367386782,1.4766455367386782,4160190231,4160190231,,,1620599082,18:24:42,20210509
85,1999-09-30,TSM,TWD,1999-09-30,1999-09-30,Q3,18266633915.97,0.0,0.0,0.0,0.0,0.0,0.0,0.0,0.0,0.0,0.0,0.0,18266633915.97,1.0,18266633915.97,1.0,0.0,0.0,0.0,0.0,6139967916.27,0.33613023310780865,1.517328,1.517328,4046564997,4046564997,,,1620599082,18:24:42,20210509
86,1999-06-30,TSM,TWD,1999-06-30,1999-06-30,Q2,18290331186.75,0.0,0.0,0.0,0.0,0.0,0.0,0.0,0.0,0.0,0.0,0.0,18290331186.75,1.0,18290331186.75,1.0,0.0,0.0,0.0,0.0,6147940183.05,0.3361306102266607,1.519979,1.519979,4044753808,4044753808,,,1620599082,18:24:42,20210509
87,1999-03-31,TSM,TWD,1999-03-31,1999-03-31,Q1,18327308218.68,0.0,0.0,0.0,0.0,0.0,0.0,0.0,0.0,0.0,0.0,0.0,18327308218.68,1.0,18327308218.68,1.0,0.0,0.0,0.0,0.0,6160365195.93,0.33613038654804117,1.523103,1.523103,4044615175,4044615175,,,1620599082,18:24:42,20210509
88,1998-12-31,TSM,TWD,1998-12-31,1998-12-31,Q4,10055863281.25,0.0,0.0,0.0,0.0,0.0,0.0,0.0,0.0,0.0,0.0,0.0,-26500777965.75,-2.6353558341592533,-26500777965.75,-2.6353558341592533,0.0,0.0,0.0,0.0,3059556738.5,0.304256,0.7564518764136813,0.7564518764136813,4044615175,4044615175,,,1620599082,18:24:42,20210509
89,1998-09-30,TSM,TWD,1998-09-30,1998-09-30,Q3,13427738281.25,0.0,0.0,0.0,0.0,0.0,0.0,0.0,0.0,0.0,0.0,0.0,13427738281.25,1.0,13427738281.25,1.0,0.0,0.0,0.0,0.0,4085469938.5,0.304256,1.030714,1.030714,3963726969,3963726969,,,1620599082,18:24:42,20210509
90,1998-06-30,TSM,TWD,1998-06-30,1998-06-30,Q2,13421878906.25,0.0,0.0,0.0,0.0,0.0,0.0,0.0,0.0,0.0,0.0,0.0,13421878906.25,1.0,13421878906.25,1.0,0.0,0.0,0.0,0.0,4083687188.5,0.304256,1.030265,1.030265,3963726969,3963726969,,,1620599082,18:24:42,20210509
91,1998-03-31,TSM,TWD,1998-03-31,1998-03-31,Q1,12838652343.75,0.0,0.0,0.0,0.0,0.0,0.0,0.0,0.0,0.0,0.0,0.0,12838652343.75,1.0,12838652343.75,1.0,0.0,0.0,0.0,0.0,3906237007.5,0.304256,0.985496,0.985496,3963726969,3963726969,,,1620599082,18:24:42,20210509
92,1997-12-31,TSM,TWD,1997-12-31,1997-12-31,Q4,11076342724.14,0.0,0.0,0.0,0.0,0.0,0.0,0.0,0.0,0.0,0.0,0.0,-18005358967.7,-1.6255689640641733,-18005358967.7,-1.6255689640641733,0.0,0.0,0.0,0.0,4528714908.52,0.4088637397116677,1.142539570444364,1.142539570444364,3963726969,3963726969,,,1620599082,18:24:42,20210509
93,1997-09-30,TSM,TWD,1997-09-30,1997-09-30,Q3,10992242911.26,0.0,0.0,0.0,0.0,0.0,0.0,0.0,0.0,0.0,0.0,0.0,10992242911.26,1.0,10992242911.26,1.0,0.0,0.0,0.0,0.0,4494356734.47,0.40886621326992023,1.15738,1.15738,3883215628,3883215628,,,1620599082,18:24:42,20210509
94,1997-06-30,TSM,TWD,1997-06-30,1997-06-30,Q2,10990060613.4,0.0,0.0,0.0,0.0,0.0,0.0,0.0,0.0,0.0,0.0,0.0,10990060613.4,1.0,10990060613.4,1.0,0.0,0.0,0.0,0.0,4493459775.41,0.40886578641169624,1.156796,1.156796,3884402832,3884402832,,,1620599082,18:24:42,20210509
95,1997-03-31,TSM,TWD,1997-03-31,1997-03-31,Q1,10992735170.34,0.0,0.0,0.0,0.0,0.0,0.0,0.0,0.0,0.0,0.0,0.0,10992735170.34,1.0,10992735170.34,1.0,0.0,0.0,0.0,0.0,4494558717.88,0.4088662783405329,1.158573,1.158573,3879390944,3879390944,,,1620599082,18:24:42,20210509
