,date,symbol,reportedCurrency,fillingDate,acceptedDate,period,revenue,costOfRevenue,grossProfit,grossProfitRatio,researchAndDevelopmentExpenses,generalAndAdministrativeExpenses,sellingAndMarketingExpenses,otherExpenses,operatingExpenses,costAndExpenses,interestExpense,depreciationAndAmortization,ebitda,ebitdaratio,operatingIncome,operatingIncomeRatio,totalOtherIncomeExpensesNet,incomeBeforeTax,incomeBeforeTaxRatio,incomeTaxExpense,netIncome,netIncomeRatio,eps,epsdiluted,weightedAverageShsOut,weightedAverageShsOutDil,link,finalLink,timestamp,est_time,est_date
0,2020-12-31,VATN.SW,CHF,2020-12-31,2020-12-31,Q4,112359000,0.0,0.0,0.0,0.0,-21487000,0.0,0.0,64886000,0.0,4163000.0,0.0,0.0,0.0,0.0,0.3464430975711781,0.0,38926000,0.3464430975711781,4695000.0,34231000,0.30465739282122484,2.1675532394856,2.1675532394856,15792461,15792461,https://www.six-group.com/en/products-services/the-swiss-stock-exchange.html,https://www.six-group.com/en/products-services/the-swiss-stock-exchange.html,1620599431,18:30:31,20210509
1,2020-09-30,VATN.SW,CHF,2020-09-30,2020-09-30,Q3,99401000,0.0,0.0,0.0,0.0,27101000,0.0,0.0,60749000,0.0,5807000.0,0.0,0.0,0.0,0.0,0.35187774770877556,0.0,34977000,0.35187774770877556,7454000.0,27523000,0.276888562489311,1.7427936025930348,1.7427936025930348,15792461,15792461,https://www.six-group.com/en/products-services/the-swiss-stock-exchange.html,https://www.six-group.com/en/products-services/the-swiss-stock-exchange.html,1620599431,18:30:31,20210509
2,2020-06-30,VATN.SW,CHF,2020-06-30,2020-06-30,Q2,102400000,0.0,0.0,0.0,0.0,26254000,0.0,0.0,59995000,0.0,7584000.0,0.0,0.0,0.0,0.0,0.422236328125,0.0,43237000,0.422236328125,9275000.0,33962000,0.33166015625,2.1505197954897595,2.1505197954897595,15792461,15792461,https://www.six-group.com/en/products-services/the-swiss-stock-exchange.html,https://www.six-group.com/en/products-services/the-swiss-stock-exchange.html,1620599431,18:30:31,20210509
3,2020-03-31,VATN.SW,CHF,2020-03-31,2020-03-31,Q1,100974000,0.0,0.0,0.0,0.0,25963000,0.0,0.0,59523000,0.0,9387000.0,4661000.0,0.0,0.0,0.0,0.3266385406144156,0.0,32982000,0.3266385406144156,6829000.0,26153000,0.25900726919801137,1.656043,1.656043,15792461,15792461,https://www.six-group.com/en/products-services/the-swiss-stock-exchange.html,https://www.six-group.com/en/products-services/the-swiss-stock-exchange.html,1620599431,18:30:31,20210509
4,2019-12-31,VATN.SW,CHF,2019-12-31,2019-12-31,Q4,102642000,0.0,0.0,0.0,0.0,-23848000,0.0,0.0,59787000,0.0,12139000.0,5076000.0,0.0,0.0,0.0,0.3718263478887785,0.0,38165000,0.3718263478887785,3588000.0,34577000,0.3368698973129908,2.189462427673559,2.189462427673559,15792461,15792461,https://www.six-group.com/en/products-services/the-swiss-stock-exchange.html,https://www.six-group.com/en/products-services/the-swiss-stock-exchange.html,1620599431,18:30:31,20210509
5,2019-09-30,VATN.SW,CHF,2019-09-30,2019-09-30,Q3,97245000,0.0,0.0,0.0,0.0,26441000,0.0,0.0,63688000,0.0,13955000.0,5522000.0,0.0,0.0,0.0,0.321959997943339,0.0,31309000,0.321959997943339,6311000.0,24998000,0.2570620597460024,1.582907185903451,1.582907185903451,15792461,15792461,https://www.six-group.com/en/products-services/the-swiss-stock-exchange.html,https://www.six-group.com/en/products-services/the-swiss-stock-exchange.html,1620599431,18:30:31,20210509
6,2019-06-30,VATN.SW,CHF,2019-06-30,2019-06-30,Q2,102538000,0.0,0.0,0.0,0.0,26203000,0.0,0.0,59833000,0.0,14181000.0,5468000.0,0.0,0.0,0.0,0.4161091497786187,0.0,42667000,0.4161091497786187,9414000.0,33253000,0.3242992841678207,2.105624956110387,2.105624956110387,15792461,15792461,https://www.six-group.com/en/products-services/the-swiss-stock-exchange.html,https://www.six-group.com/en/products-services/the-swiss-stock-exchange.html,1620599431,18:30:31,20210509
7,2019-03-31,VATN.SW,CHF,2019-03-31,2019-03-31,Q1,95211000,0.0,0.0,0.0,0.0,25104000,0.0,0.0,57308000,0.0,14289000.0,5733000.0,0.0,0.0,0.0,0.37590194410309735,0.0,35790000,0.37590194410309735,7559000.0,28231000,0.29650985705433197,1.787625,1.787625,15792461,15792461,https://www.six-group.com/en/products-services/the-swiss-stock-exchange.html,https://www.six-group.com/en/products-services/the-swiss-stock-exchange.html,1620599431,18:30:31,20210509
8,2018-12-31,VATN.SW,CHF,2018-12-31,2018-12-31,Q4,99653000,0.0,0.0,0.0,0.0,-25441000,0.0,0.0,55007000,0.0,15081000.0,5889000.0,0.0,0.0,0.0,0.389662127582712,0.0,38831000,0.389662127582712,3692000.0,35139000,0.35261356908472397,2.225049028140706,2.225049028140706,15792461,15792461,https://www.six-group.com/en/products-services/the-swiss-stock-exchange.html,https://www.six-group.com/en/products-services/the-swiss-stock-exchange.html,1620599431,18:30:31,20210509
9,2018-09-30,VATN.SW,CHF,2018-09-30,2018-09-30,Q3,96066000,0.0,0.0,0.0,0.0,26716000,0.0,0.0,58449000,0.0,16403000.0,5527000.0,0.0,0.0,0.0,0.33142839297982635,0.0,31839000,0.33142839297982635,6411000.0,25428000,0.2646930235463119,1.6101353677555386,1.6101353677555386,15792461,15792461,https://www.six-group.com/en/products-services/the-swiss-stock-exchange.html,https://www.six-group.com/en/products-services/the-swiss-stock-exchange.html,1620599431,18:30:31,20210509
10,2018-06-30,VATN.SW,CHF,2018-06-30,2018-06-30,Q2,95216000,0.0,0.0,0.0,0.0,25357000,0.0,0.0,65988000,0.0,17835000.0,5651000.0,0.0,0.0,0.0,0.441133843051588,0.0,42003000,0.441133843051588,8222000.0,33808000,0.3550663753990926,2.1407683071055232,2.1407683071055232,15792461,15792461,https://www.six-group.com/en/products-services/the-swiss-stock-exchange.html,https://www.six-group.com/en/products-services/the-swiss-stock-exchange.html,1620599431,18:30:31,20210509
11,2018-03-31,VATN.SW,CHF,2018-03-31,2018-03-31,Q1,95849000,0.0,0.0,0.0,0.0,26051000,0.0,0.0,57058000,0.0,19626000.0,5364000.0,0.0,0.0,0.0,0.3421005957286983,0.0,32790000,0.3421005957286983,6810000.0,25953000,0.27076964809231185,1.643379,1.643379,15792461,15792461,https://www.six-group.com/en/products-services/the-swiss-stock-exchange.html,https://www.six-group.com/en/products-services/the-swiss-stock-exchange.html,1620599431,18:30:31,20210509
12,2017-12-31,VATN.SW,CHF,2017-12-31,2017-12-31,Q4,98550000,0.0,0.0,0.0,0.0,-18356000,0.0,0.0,71679000,0.0,20537000.0,7230000.0,0.0,0.0,0.0,0.4549974632166413,0.0,44840000,0.4549974632166413,9413000.0,35420000,0.35941146626078135,2.2428423283742793,2.2428423283742793,15792461,15792461,https://www.six-group.com/en/products-services/the-swiss-stock-exchange.html,https://www.six-group.com/en/products-services/the-swiss-stock-exchange.html,1620599431,18:30:31,20210509
13,2017-09-30,VATN.SW,CHF,2017-09-30,2017-09-30,Q3,96053000,0.0,0.0,0.0,0.0,26430000,0.0,0.0,61136000,0.0,21002000.0,3574000.0,0.0,0.0,0.0,0.42321426712335897,0.0,40651000,0.42321426712335897,9020000.0,31603000,0.32901627226635294,2.0011447234221444,2.0011447234221444,15792461,15792461,https://www.six-group.com/en/products-services/the-swiss-stock-exchange.html,https://www.six-group.com/en/products-services/the-swiss-stock-exchange.html,1620599431,18:30:31,20210509
14,2017-06-30,VATN.SW,CHF,2017-06-30,2017-06-30,Q2,89885000,0.0,0.0,0.0,0.0,24863000,0.0,0.0,55035000,0.0,21889000.0,6445000.0,0.0,0.0,0.0,0.40156867107971295,0.0,36095000,0.40156867107971295,7689000.0,28406000,0.31602603326472717,1.7987063574195308,1.7987063574195308,15792461,15792461,https://www.six-group.com/en/products-services/the-swiss-stock-exchange.html,https://www.six-group.com/en/products-services/the-swiss-stock-exchange.html,1620599431,18:30:31,20210509
15,2017-03-31,VATN.SW,CHF,2017-03-31,2017-03-31,Q1,89035000,0.0,0.0,0.0,0.0,25548000,0.0,0.0,54673000,0.0,23042000.0,5491000.0,0.0,0.0,0.0,0.3347896894479699,0.0,29808000,0.3347896894479699,6036000.0,23772000,0.26699612511933507,1.505275,1.505275,15792461,15792461,https://www.six-group.com/en/products-services/the-swiss-stock-exchange.html,https://www.six-group.com/en/products-services/the-swiss-stock-exchange.html,1620599431,18:30:31,20210509
16,2016-12-31,VATN.SW,CHF,2016-12-31,2016-12-31,Q4,93860000,0.0,0.0,0.0,0.0,-22279000,0.0,0.0,60954000,0.0,23970000.0,5687000.0,0.0,0.0,0.0,0.4338802471766461,0.0,40724000,0.4338802471766461,4588000.0,36136000,0.3849989345834221,2.288180417225662,2.288180417225662,15792461,15792461,https://www.six-group.com/en/products-services/the-swiss-stock-exchange.html,https://www.six-group.com/en/products-services/the-swiss-stock-exchange.html,1620599431,18:30:31,20210509
17,2016-09-30,VATN.SW,CHF,2016-09-30,2016-09-30,Q3,94171000,0.0,0.0,0.0,0.0,25549000,0.0,0.0,55335000,0.0,24613000.0,6251000.0,0.0,0.0,0.0,0.39034309925560945,0.0,36759000,0.39034309925560945,7057000.0,29702000,0.31540495481623854,1.8807708310946596,1.8807708310946596,15792461,15792461,https://www.six-group.com/en/products-services/the-swiss-stock-exchange.html,https://www.six-group.com/en/products-services/the-swiss-stock-exchange.html,1620599431,18:30:31,20210509
