,date,symbol,reportedCurrency,fillingDate,acceptedDate,period,revenue,costOfRevenue,grossProfit,grossProfitRatio,researchAndDevelopmentExpenses,generalAndAdministrativeExpenses,sellingAndMarketingExpenses,otherExpenses,operatingExpenses,costAndExpenses,interestExpense,depreciationAndAmortization,ebitda,ebitdaratio,operatingIncome,operatingIncomeRatio,totalOtherIncomeExpensesNet,incomeBeforeTax,incomeBeforeTaxRatio,incomeTaxExpense,netIncome,netIncomeRatio,eps,epsdiluted,weightedAverageShsOut,weightedAverageShsOutDil,link,finalLink,timestamp,est_time,est_date
0,2020-12-31,VBIO,USD,2021-01-29,2021-01-29 09:00:22,Q3,0.0,0.0,0.0,0.0,71975.0,394567.0,0.0,-429.0,466542.0,466542.0,0.0,0.0,-1626463.0,0.0,-466542.0,0.0,1159492.0,692950.0,0.0,0.0,692950.0,0.0,0.01,0.01,50840147.0,50840147.0,https://www.sec.gov/Archives/edgar/data/1438943/000149315221002062/0001493152-21-002062-index.htm,https://www.sec.gov/Archives/edgar/data/1438943/000149315221002062/form10-q.htm,1620599434,18:30:34,20210509
1,2020-09-30,VBIO,USD,2020-11-13,2020-11-13 09:00:46,Q2,0.0,0.0,0.0,0.0,98829.0,374290.0,0.0,187.0,473119.0,473119.0,0.0,0.0,-473119.0,0.0,-473119.0,0.0,187.0,-472932.0,0.0,0.0,-472932.0,0.0,-0.01,-0.01,50840147.0,50840147.0,https://www.sec.gov/Archives/edgar/data/1438943/000149315220021230/0001493152-20-021230-index.htm,https://www.sec.gov/Archives/edgar/data/1438943/000149315220021230/form10q.htm,1620599434,18:30:34,20210509
2,2020-06-30,VBIO,USD,2020-08-14 00:00:00,2020-08-14 16:22:15,Q1,0.0,0.0,0.0,0.0,167460.0,573250.0,0.0,0.0,740717.0,740720.0,479.0,0.0,-739761.0,0.0,-740720.0,0.0,0.0,-740240.0,0.0,0.0,-740240.0,0.0,-0.01456,-0.01456,50840150.0,50840150.0,https://www.sec.gov/Archives/edgar/data/1438943/000149315220015856/0001493152-20-015856-index.htm,https://www.sec.gov/Archives/edgar/data/1438943/000149315220015856/form10-q.htm,1620599434,18:30:34,20210509
3,2020-03-31,VBIO,USD,2020-06-29,2020-06-29 16:06:29,Q4,0.0,0.0,0.0,0.0,145050.0,588790.0,0.0,2600.0,733836.0,733840.0,719.0,0.0,-750611.0,0.0,-733840.0,0.0,23524.0,-733030.0,0.0,0.0,-751330.0,0.0,-0.01478,-0.01478,50845250.0,50845250.0,https://www.sec.gov/Archives/edgar/data/1438943/000149315220012098/0001493152-20-012098-index.htm,https://www.sec.gov/Archives/edgar/data/1438943/000149315220012098/form10-k.htm,1620599434,18:30:34,20210509
4,2019-12-31,VBIO,USD,2020-02-14 00:00:00,2020-02-14 16:06:16,Q3,0.0,0.0,0.0,0.0,241840.0,506930.0,0.0,0.0,748766.0,748770.0,2240.0,0.0,-793060.0,0.0,-748770.0,0.0,0.0,-746530.0,0.0,0.0,-795300.0,0.0,-0.01564,-0.01564,50840150.0,50840150.0,https://www.sec.gov/Archives/edgar/data/1438943/000149315220002494/0001493152-20-002494-index.html,https://www.sec.gov/Archives/edgar/data/1438943/000149315220002494/form10-q.htm,1620599434,18:30:34,20210509
5,2019-09-30,VBIO,USD,2019-11-14 00:00:00,2019-11-14 16:06:18,Q2,0.0,0.0,0.0,-232141.62560777957,294520.0,726880.0,0.0,-7800000.0,1021402.0,1021400.0,9370.0,0.0,-1218080.0,11.692894536668307,-1021400.0,11.692894536668307,620.0,-1011420.0,35.60067564544275,0.0,-1227450.0,35.60067564544275,-0.02352,-0.02352,52195580.0,52195580.0,https://www.sec.gov/Archives/edgar/data/1438943/000149315219017454/0001493152-19-017454-index.html,https://www.sec.gov/Archives/edgar/data/1438943/000149315219017454/form10-q.htm,1620599434,18:30:34,20210509
6,2019-06-30,VBIO,USD,2019-08-13 00:00:00,2019-08-13 16:06:32,Q1,0.0,0.0,0.0,1.0,328490.0,860220.0,0.0,7800.0,1188707.0,1188710.0,24550.0,0.0,-1566730.0,-51.8927402104,-1188710.0,-51.8927402104,22910.0,-1141250.0,-49.8211027197,0.0,-1591280.0,-69.4669315057,-0.03043,-0.03043,52290150.0,52290150.0,https://www.sec.gov/Archives/edgar/data/1438943/000149315219012202/0001493152-19-012202-index.html,https://www.sec.gov/Archives/edgar/data/1438943/000149315219012202/form10-q.htm,1620599434,18:30:34,20210509
7,2019-03-31,VBIO,USD,2019-07-15,2019-07-15 16:49:19,Q4,0.0,0.0,0.0,-0.6764421478089586,580910.0,837010.0,0.0,8020367.0,2477225.0,1417910.0,6782.0,12270.0,-1405640.0,-95.12372088401304,-1417910.0,-95.1273054296844,0.0,-1401140.0,-94.96959217743859,0.0,-16571980.0,-94.96959217743859,-0.3167,-0.3167,52327520.0,52327520.0,https://www.sec.gov/Archives/edgar/data/1438943/000149315219010644/form10-k.htm,https://www.sec.gov/Archives/edgar/data/1438943/000149315219010644/form10-k.htm,1620599434,18:30:34,20210509
8,2018-12-31,VBIO,USD,2019-02-14 00:00:00,2019-02-14 16:45:45,Q3,0.0,0.0,0.0,0.5733419107178638,96340.0,847320.0,0.0,361542000.0,1147137.0,943660.0,5880000.0,0.0,4671430.0,-14.401558693565907,-943660.0,-14.401558693565907,0.0,-780750.0,-12.745546966453286,0.0,-1208570.0,-12.745546966453286,-0.03691,-0.03691,32741120.0,32741120.0,https://www.sec.gov/Archives/edgar/data/1438943/000149315219002100/0001493152-19-002100-index.html,https://www.sec.gov/Archives/edgar/data/1438943/000149315219002100/form10q.htm,1620599434,18:30:34,20210509
9,2018-09-30,VBIO,USD,2018-11-14 00:00:00,2018-11-14 17:06:27,Q2,0.0,0.0,0.0,0.5970688946719628,490000.0,650000.0,0.0,7800.0,1197637.0,1140000.0,-40000.0,0.0,-1260000.0,-32.21333737844131,-1140000.0,-32.210409532940695,0.0,-1190000.0,-33.44191206684016,0.0,-1220000.0,-33.44191206684016,-0.05014,-0.05014,24330000.0,24330000.0,https://www.sec.gov/Archives/edgar/data/1438943/000149315218016185/0001493152-18-016185-index.html,https://www.sec.gov/Archives/edgar/data/1438943/000149315218016185/form10-q.htm,1620599434,18:30:34,20210509
10,2018-06-30,VBIO,USD,2018-08-14 00:00:00,2018-08-14 16:08:14,Q1,0.0,0.0,0.0,0.022029778182923124,570000.0,490000.0,0.0,7800.0,1118406.0,1060000.0,-20000.0,0.0,-1100000.0,-42.4536280385901,-1060000.0,-42.45768763293832,0.0,-1080000.0,-43.11831510179277,0.0,-1080000.0,-43.11831510179277,-0.04446,-0.04446,24290000.0,24290000.0,https://www.sec.gov/Archives/edgar/data/1438943/000149315218011777/0001493152-18-011777-index.html,https://www.sec.gov/Archives/edgar/data/1438943/000149315218011777/form10-q.htm,1620599434,18:30:34,20210509
11,2018-03-31,VBIO,USD,2018-06-28 00:00:00,2018-06-28 17:02:05,Q4,30000.0,20000.0,0.0,0.0,510000.0,610000.0,0.0,7800.0,1113038.0,1140000.0,50000.0,0.0,-1010000.0,-33.666667,-1110000.0,-37.0,0.0,-1060000.0,-35.333333333333336,0.0,-1060000.0,-35.333333333333336,-0.04375,-0.04375,24230000.0,24230000.0,https://www.sec.gov/Archives/edgar/data/1438943/000149315218009376/0001493152-18-009376-index.html,https://www.sec.gov/Archives/edgar/data/1438943/000149315218009376/form10-k.htm,1620599434,18:30:34,20210509
12,2017-12-31,VBIO,USD,2018-02-14 00:00:00,2018-02-14 16:07:54,Q3,20000.0,20000.0,0.0,0.0,560000.0,630000.0,0.0,7800.0,1189616.0,1210000.0,-50000.0,0.0,-1290000.0,-64.5,-1190000.0,-59.5,0.0,-1240000.0,-62.0,0.0,-1240000.0,-62.0,-0.05384,-0.05384,23030000.0,23030000.0,https://www.sec.gov/Archives/edgar/data/1438943/000149315218002127/0001493152-18-002127-index.html,https://www.sec.gov/Archives/edgar/data/1438943/000149315218002127/form10-q.htm,1620599434,18:30:34,20210509
13,2017-09-30,VBIO,USD,2017-11-14 00:00:00,2017-11-14 16:15:50,Q2,30000.0,20000.0,10000.0,0.3333333333333333,420000.0,610000.0,0.0,7800.0,1030269.0,1050000.0,120000.0,0.0,-780000.0,-26.0,-1020000.0,-34.0,0.0,-900000.0,-30.0,0.0,-900000.0,-30.0,-0.03954,-0.03954,22760000.0,22760000.0,https://www.sec.gov/Archives/edgar/data/1438943/000149315217013196/0001493152-17-013196-index.html,https://www.sec.gov/Archives/edgar/data/1438943/000149315217013196/form10-q.htm,1620599434,18:30:34,20210509
14,2017-06-30,VBIO,USD,2017-08-10 00:00:00,2017-08-10 17:00:37,Q1,30000.0,20000.0,10000.0,0.3333333333333333,410000.0,680000.0,0.0,7500.0,1088298.0,1110000.0,-20000.0,0.0,-1130000.0,-37.666667,-1080000.0,-36.0,0.0,-1110000.0,-37.0,0.0,-1110000.0,-37.0,-0.04987,-0.04987,22260000.0,22260000.0,https://www.sec.gov/Archives/edgar/data/1438943/000149315217008899/0001493152-17-008899-index.html,https://www.sec.gov/Archives/edgar/data/1438943/000149315217008899/form10-q.htm,1620599434,18:30:34,20210509
15,2017-03-31,VBIO,USD,2017-06-28 00:00:00,2017-06-28 16:42:28,Q4,30000.0,40000.0,-10000.0,-0.3333333333333333,410000.0,930000.0,0.0,6900.0,1336792.0,1380000.0,230000.0,0.0,-880000.0,-29.333333,-1350000.0,-45.0,0.0,-1110000.0,-37.0,0.0,-1110000.0,-37.0,-0.06239,-0.06239,17790000.0,17790000.0,https://www.sec.gov/Archives/edgar/data/1438943/000149315217007271/0001493152-17-007271-index.html,https://www.sec.gov/Archives/edgar/data/1438943/000149315217007271/form10-k.htm,1620599434,18:30:34,20210509
16,2016-12-31,VBIO,USD,2017-02-14 00:00:00,2017-02-14 16:18:08,Q3,40000.0,20000.0,20000.0,0.5,260000.0,680000.0,0.0,6900.0,931808.0,949999.9999999999,-1590000.0,0.0,-4090000.0,-102.25,-910000.0,-22.75,0.0,-2500000.0,-62.5,0.0,-2500000.0,-62.5,-0.16915,-0.16915,14780000.0,14780000.0,https://www.sec.gov/Archives/edgar/data/1438943/000149315217001543/0001493152-17-001543-index.html,https://www.sec.gov/Archives/edgar/data/1438943/000149315217001543/form10-q.htm,1620599434,18:30:34,20210509
17,2016-09-30,VBIO,USD,2016-11-17 00:00:00,2016-11-17 17:18:22,Q2,50000.0,20000.0,30000.0,0.6,120000.0,690000.0,0.0,6900.0,843411.0,829999.9999999999,-621.0,0.0,-1170621.0,-23.41242,-790000.0,-15.8,0.0,-1170000.0,-23.4,0.0,-1170000.0,-23.4,-0.06862,-0.06862,17050000.0,17050000.0,https://www.sec.gov/Archives/edgar/data/1438943/000149315216015238/0001493152-16-015238-index.html,https://www.sec.gov/Archives/edgar/data/1438943/000149315216015238/form10-q.htm,1620599434,18:30:34,20210509
18,2016-06-30,VBIO,USD,2016-08-16,2016-08-16 06:05:23,Q1,50000.0,30000.0,20000.0,0.4,110000.0,330000.0,0.0,6900.0,445089.0,469999.99999999994,621.0,0.0,-439379.0,-8.78758,-420000.0,-8.4,0.0,-440000.0,-8.8,0.0,-440000.0,-8.8,-0.04369,-0.04369,10070000.0,10070000.0,https://www.sec.gov/Archives/edgar/data/1438943/000143894316000026/stvf-20160331x10k.htm,https://www.sec.gov/Archives/edgar/data/1438943/000143894316000026/stvf-20160331x10k.htm,1620599434,18:30:34,20210509
19,2016-03-31,VBIO,USD,2016-06-24 00:00:00,2016-06-24 16:38:59,Q4,50000.0,50000.0,0.0,0.0,130000.0,370000.0,0.0,6900.0,495209.0,550000.0,-280000.0,0.0,-1060000.0,-21.2,-490000.0,-9.8,0.0,-780000.0,-15.6,0.0,-780000.0,-15.6,-0.10345,-0.10345,7540000.0,7540000.0,https://www.sec.gov/Archives/edgar/data/1438943/000143894316000026/0001438943-16-000026-index.html,https://www.sec.gov/Archives/edgar/data/1438943/000143894316000026/stvf-20160331x10k.htm,1620599434,18:30:34,20210509
20,2015-12-31,VBIO,USD,2016-02-16 00:00:00,2016-02-16 16:30:07,Q3,80000.0,30000.0,50000.0,0.625,160000.0,540000.0,0.0,7900.0,704433.0,740000.0,147.0,0.0,-79853.0,-0.998163,-650000.0,-8.125,0.0,-80000.0,-1.0,0.0,-80000.0,-1.0,-0.01044,-0.01044,7660000.0,7660000.0,https://www.sec.gov/Archives/edgar/data/1438943/000143894316000024/0001438943-16-000024-index.html,https://www.sec.gov/Archives/edgar/data/1438943/000143894316000024/stvf-20151231x10q.htm,1620599434,18:30:34,20210509
21,2015-09-30,VBIO,USD,2015-11-16 00:00:00,2015-11-16 16:20:22,Q2,50000.0,40000.0,10000.0,0.2,140000.0,560000.0,0.0,4900.0,704978.0,750000.0,148.0,0.0,500148.0,10.00296,-690000.0,-13.8,0.0,500000.0,10.0,0.0,500000.0,10.0,0.06361,0.06361,7860000.0,7860000.0,https://www.sec.gov/Archives/edgar/data/1438943/000143894315000018/0001438943-15-000018-index.html,https://www.sec.gov/Archives/edgar/data/1438943/000143894315000018/stvf-20150930x10q.htm,1620599434,18:30:34,20210509
22,2015-06-30,VBIO,USD,2015-08-14 00:00:00,2015-08-14 16:23:53,Q1,60000.0,20000.0,40000.0,0.6666666666666666,180000.0,750000.0,0.0,10900.0,936021.0,960000.0,68.0,0.0,220068.0,3.6678,-900000.0,-15.0,0.0,220000.0,3.6666666666666665,0.0,220000.0,3.6666666666666665,0.02828,0.02828,7780000.0,7780000.0,https://www.sec.gov/Archives/edgar/data/1438943/000143894315000016/0001438943-15-000016-index.html,https://www.sec.gov/Archives/edgar/data/1438943/000143894315000016/stvf-20150630x10q.htm,1620599434,18:30:34,20210509
23,2015-03-31,VBIO,USD,2015-06-25 00:00:00,2015-06-25 17:10:49,Q4,60000.0,70000.0,-10000.0,-0.16666666666666666,310000.0,600000.0,0.0,8900.0,914211.0,979999.9999999999,1251.0,0.0,-838749.0,-13.97915,-920000.0,-15.333333333333334,0.0,-840000.0,-14.0,0.0,-840000.0,-14.0,-0.11429,-0.11429,7350000.0,7350000.0,https://www.sec.gov/Archives/edgar/data/1438943/000143894315000008/0001438943-15-000008-index.html,https://www.sec.gov/Archives/edgar/data/1438943/000143894315000008/stvf-20150331x10k.htm,1620599434,18:30:34,20210509
24,2014-12-31,VBIO,USD,2015-02-17,2015-02-17 16:05:58,Q3,60000.0,20000.0,40000.0,0.6666666666666666,370000.0,670000.0,0.0,9900.0,1031700.0,1050000.0,102.0,0.0,-1139898.0,-18.9983,-990000.0,-16.5,0.0,-1140000.0,-19.0,0.0,-1140000.0,-19.0,-0.15702,-0.15702,7260000.0,7260000.0,https://www.sec.gov/Archives/edgar/data/1438943/000114420415010046/v401863_10q.htm,https://www.sec.gov/Archives/edgar/data/1438943/000114420415010046/v401863_10q.htm,1620599434,18:30:34,20210509
25,2014-09-30,VBIO,USD,2014-11-14 00:00:00,2014-11-14 17:03:10,Q2,90000.0,20000.0,60000.0,0.6666666666666666,210000.0,940000.0,0.0,9900.0,1150623.0,1170000.0,4055.0,0.0,-1405945.0,-15.621611,-1090000.0,-12.11111111111111,0.0,-1410000.0,-15.666666666666666,0.0,-1410000.0,-15.666666666666666,-0.20554,-0.20554,6860000.0,6860000.0,https://www.sec.gov/Archives/edgar/data/1438943/000114420414068924/0001144204-14-068924-index.html,https://www.sec.gov/Archives/edgar/data/1438943/000114420414068924/v392932_10q.htm,1620599434,18:30:34,20210509
26,2014-06-30,VBIO,USD,2014-08-14 00:00:00,2014-08-14 16:13:08,Q1,40000.0,10000.0,30000.0,0.75,250000.0,590000.0,0.0,20317.0,832963.0,840000.0,657.0,0.0,-659343.0,-16.483575,-800000.0,-20.0,0.0,-660000.0,-16.5,0.0,-660000.0,-16.5,-0.09865,-0.09865,6690000.0,6690000.0,https://www.sec.gov/Archives/edgar/data/1438943/000114420414050173/0001144204-14-050173-index.html,https://www.sec.gov/Archives/edgar/data/1438943/000114420414050173/v385511_10q.htm,1620599434,18:30:34,20210509
27,2014-03-31,VBIO,USD,2014-06-30 00:00:00,2014-06-30 16:55:22,Q4,0.0,0.0,0.0,0.0,30000.0,790000.0,0.0,-115250.0,815975.0,820000.0,80388.0,0.0,-1349612.0,0.0,-820000.0,0.0,0.0,-1430000.0,0.0,0.0,-1430000.0,0.0,-0.22379,-0.22379,6390000.0,6390000.0,https://www.sec.gov/Archives/edgar/data/1438943/000114420414040441/0001144204-14-040441-index.html,https://www.sec.gov/Archives/edgar/data/1438943/000114420414040441/v381507_10k.htm,1620599434,18:30:34,20210509
28,2013-12-31,VBIO,USD,2014-02-14,2014-02-14 16:31:03,Q3,0.0,0.0,0.0,0.0,220000.0,840000.0,0.0,42150.0,1057603.0,1060000.0,88842.0,0.0,-961158.0,0.0,-1060000.0,0.0,0.0,-1050000.0,0.0,0.0,-1050000.0,0.0,-0.168,-0.168,6250000.0,6250000.0,https://www.sec.gov/Archives/edgar/data/1438943/000114420414009867/v367017_10q.htm,https://www.sec.gov/Archives/edgar/data/1438943/000114420414009867/v367017_10q.htm,1620599434,18:30:34,20210509
29,2013-09-30,VBIO,USD,2013-11-05 00:00:00,2013-11-05 16:07:08,Q2,0.0,0.0,0.0,0.0,100000.0,730000.0,0.0,31950.0,833424.0,830000.0,41346.0,0.0,-738654.0,0.0,-830000.0,0.0,0.0,-780000.0,0.0,0.0,-780000.0,0.0,-0.13043,-0.13043,5980000.0,5980000.0,https://www.sec.gov/Archives/edgar/data/1438943/000114420413058831/0001144204-13-058831-index.html,https://www.sec.gov/Archives/edgar/data/1438943/000114420413058831/v357914_10q.htm,1620599434,18:30:34,20210509
30,2013-06-30,VBIO,USD,2013-08-13 00:00:00,2013-08-13 16:39:52,Q1,0.0,0.0,0.0,0.0,120000.0,770000.0,0.0,41150.0,890585.0,890000.0,193741.0,0.0,-706259.0,0.0,-890000.0,0.0,0.0,-900000.0,0.0,0.0,-900000.0,0.0,-0.16071,-0.16071,5600000.0,5600000.0,https://www.sec.gov/Archives/edgar/data/1438943/000114420413045223/0001144204-13-045223-index.html,https://www.sec.gov/Archives/edgar/data/1438943/000114420413045223/v351897_10q.htm,1620599434,18:30:34,20210509
31,2013-03-31,VBIO,USD,2013-05-20 00:00:00,2013-05-20 16:40:00,Q4,0.0,0.0,0.0,0.0,254722000.0,2145497000.0,0.0,-107600.0,636530.0,2400219000.0,-104121.0,-81090.0,530919.0,0.0,612009.0,0.0,0.0,450782.0,0.0,0.0,450782.0,0.0,0.005955823911280999,0.008761368270949952,75687597.0,51451096.0,https://www.sec.gov/Archives/edgar/data/1438943/000114420413030555/0001144204-13-030555-index.html,https://www.sec.gov/Archives/edgar/data/1438943/000114420413030555/v343990_10k.htm,1620599434,18:30:34,20210509
32,2012-12-31,VBIO,USD,2013-02-15 00:00:00,2013-02-15 17:21:47,Q3,0.0,78458000.0,-78458000.0,0.0,130747.0,1674092.0,0.0,107600.0,673313.0,1912439.0,122421.0,86018.0,-1912352982.0,0.0,-1912439000.0,0.0,0.0,-1772035000.0,0.0,0.0,-1772035000.0,0.0,-23.412488574581115,-33.48352185046694,75687597.0,52922599.0,https://www.sec.gov/Archives/edgar/data/1438943/000114420413009762/0001144204-13-009762-index.html,https://www.sec.gov/Archives/edgar/data/1438943/000114420413009762/v332431_10q.htm,1620599434,18:30:34,20210509
33,2012-09-30,VBIO,USD,2012-11-13 00:00:00,2012-11-13 17:30:56,Q2,0.0,0.0,0.0,0.0,89090000.0,1083586000.0,0.0,66450000.0,837456.0,1239126000.0,24937.0,29567000.0,29968670.0,0.0,401670.0,0.0,0.0,426508.0,0.0,0.0,426508.0,0.0,1e-05,1e-05,42650800000.0,42650800000.0,https://www.sec.gov/Archives/edgar/data/1438943/000139390512000633/0001393905-12-000633-index.html,https://www.sec.gov/Archives/edgar/data/1438943/000139390512000633/stva_10q.htm,1620599434,18:30:34,20210509
34,2012-06-30,VBIO,USD,2012-07-13 00:00:00,2012-07-13 16:18:53,Q1,0.0,0.0,0.0,0.0,0.0,335463.0,0.0,0.0,384673.0,335463.0,-24937.0,0.0,-426508000.0,0.0,-426508000.0,0.0,0.0,-426508000.0,0.0,0.0,-426508000.0,0.0,-5.635110862351727,-8.209201404811495,75687597.0,51954871.0,https://www.sec.gov/Archives/edgar/data/1438943/000139390512000370/0001393905-12-000370-index.html,https://www.sec.gov/Archives/edgar/data/1438943/000139390512000370/stva_10k.htm,1620599434,18:30:34,20210509
35,2012-03-31,VBIO,USD,2012-07-13,2012-07-13 16:18:53,Q4,0.0,0.0,0.0,0.0,0.0,1127402000.0,0.0,0.0,1134147.0,1127402000.0,10359.0,0.0,96473.0,0.0,96473.0,0.0,0.0,101755.0,0.0,0.0,101755.0,0.0,0.0013444078558868767,0.001977745383867833,75687597.0,51450000.0,https://www.sec.gov/Archives/edgar/data/1438943/000139390512000370/0001393905-12-000370-index.htm,https://www.sec.gov/Archives/edgar/data/1438943/000139390512000370/stva_10k.htm,1620599434,18:30:34,20210509
36,2011-12-31,VBIO,USD,2012-02-14 00:00:00,2012-02-14 17:18:13,Q3,0.0,0.0,0.0,0.0,0.0,36829.0,0.0,0.0,39386.0,36829.0,-2915.0,0.0,-137030000.0,0.0,-137030000.0,0.0,0.0,-137030000.0,0.0,0.0,-137030000.0,0.0,-2.66336,-2.66336,51450000.0,51450000.0,https://www.sec.gov/Archives/edgar/data/1438943/000139390512000063/0001393905-12-000063-index.html,https://www.sec.gov/Archives/edgar/data/1438943/000139390512000063/stvf_10q.htm,1620599434,18:30:34,20210509
37,2011-09-30,VBIO,USD,2011-11-14 00:00:00,2011-11-14 13:59:48,Q2,0.0,0.0,0.0,0.0,0.0,75160.0,0.0,0.0,81708.0,75160.0,-2651.0,0.0,-89411000.0,0.0,-89411000.0,0.0,0.0,-93299000.0,0.0,0.0,-93299000.0,0.0,-12.693741496598639,-1.8133916423712342,7350000.0,51450000.0,https://www.sec.gov/Archives/edgar/data/1438943/000139390511000778/0001393905-11-000778-index.html,https://www.sec.gov/Archives/edgar/data/1438943/000139390511000778/ldmi_10q.htm,1620599434,18:30:34,20210509
38,2011-06-30,VBIO,USD,2011-07-14 00:00:00,2011-07-14 15:52:57,Q1,0.0,0.0,0.0,0.0,0.0,4703.0,0.0,0.0,7703.0,4703.0,-1237.0,0.0,-8940000.0,0.0,-8940000.0,0.0,0.0,-8940000.0,0.0,0.0,-8940000.0,0.0,-1.2163265306122448,-0.17376093294460643,7350000.0,51450000.0,https://www.sec.gov/Archives/edgar/data/1438943/000139390511000422/0001393905-11-000422-index.html,https://www.sec.gov/Archives/edgar/data/1438943/000139390511000422/lgnd_10k.htm,1620599434,18:30:34,20210509
39,2011-03-31,VBIO,USD,2011-07-14,2011-07-14 15:52:57,Q4,0.0,0.0,0.0,0.0,0.0,24000.0,0.0,0.0,10417.0,24000.0,3556000.0,0.0,-31719000.0,0.0,-31719000.0,0.0,0.0,-35275000.0,0.0,0.0,-35275000.0,0.0,8.81875,8.81875,-4000000.0,-4000000.0,https://www.sec.gov/Archives/edgar/data/1438943/000139390511000422/0001393905-11-000422-index.htm,https://www.sec.gov/Archives/edgar/data/1438943/000139390511000422/lgnd_10k.htm,1620599434,18:30:34,20210509
40,2010-12-31,VBIO,USD,2011-02-15,2011-02-15 12:20:40,Q3,0.0,0.0,0.0,0.0,0.0,0.0,0.0,0.0,6452.0,0.0,1009000.0,0.0,-6968000.0,0.0,-6968000.0,0.0,0.0,-7977000.0,0.0,0.0,-7977000.0,0.0,7.977,7.977,-1000000.0,-1000000.0,https://www.sec.gov/Archives/edgar/data/1438943/000139390511000103/0001393905-11-000103-index.htm,https://www.sec.gov/Archives/edgar/data/1438943/000139390511000103/lgnd_10q.htm,1620599434,18:30:34,20210509
41,2010-09-30,VBIO,USD,2010-11-01 00:00:00,2010-11-01 10:44:11,Q2,0.0,0.0,0.0,0.0,0.0,0.0,0.0,0.0,6577.0,0.0,843000.0,0.0,-6869000.0,0.0,-6869000.0,0.0,0.0,-7712000.0,0.0,0.0,-7712000.0,0.0,7.712,7.712,-1000000.0,-1000000.0,https://www.sec.gov/Archives/edgar/data/1438943/000139390510000611/0001393905-10-000611-index.html,https://www.sec.gov/Archives/edgar/data/1438943/000139390510000611/lgnd_10q.htm,1620599434,18:30:34,20210509
42,2010-06-30,VBIO,USD,2010-07-14 00:00:00,2010-07-14 15:45:05,Q1,0.0,0.0,0.0,0.0,0.0,0.0,0.0,0.0,7159.0,0.0,0.0,0.0,-7908000.0,0.0,-7908000.0,0.0,0.0,-7908000.0,0.0,0.0,-7908000.0,0.0,2.636,2.636,-3000000.0,-3000000.0,https://www.sec.gov/Archives/edgar/data/1438943/000139390510000379/0001393905-10-000379-index.html,https://www.sec.gov/Archives/edgar/data/1438943/000139390510000379/lgnd_10k.htm,1620599434,18:30:34,20210509
43,2010-03-31,VBIO,USD,2010-07-14,2010-07-14 15:45:05,Q4,0.0,0.0,0.0,0.0,0.0,0.0,0.0,0.0,12038.0,0.0,1842000.0,0.0,-26450000.0,0.0,-26450000.0,0.0,0.0,-28292000.0,0.0,0.0,-28292000.0,0.0,9.43067,9.43067,-3000000.0,-3000000.0,https://www.sec.gov/Archives/edgar/data/1438943/000139390510000379/0001393905-10-000379-index.htm,https://www.sec.gov/Archives/edgar/data/1438943/000139390510000379/lgnd_10k.htm,1620599434,18:30:34,20210509
44,2009-12-31,VBIO,USD,2010-02-16 00:00:00,2010-02-16 17:08:33,Q3,0.0,0.0,0.0,0.0,0.0,0.0,0.0,0.0,5802.0,0.0,-1296000.0,0.0,14231000.0,0.0,14231000.0,0.0,0.0,15527000.0,0.0,0.0,-15527000.0,0.0,-2.11252,-2.11252,7350000.0,7350000.0,https://www.sec.gov/Archives/edgar/data/1438943/000139390510000051/0001393905-10-000051-index.html,https://www.sec.gov/Archives/edgar/data/1438943/000139390510000051/lgn_10q.htm,1620599434,18:30:34,20210509
45,2009-09-30,VBIO,USD,2009-11-16 00:00:00,2009-11-16 14:37:25,Q2,0.0,0.0,0.0,0.0,0.0,0.0,0.0,0.0,2631.0,0.0,0.0,0.0,18856000.0,0.0,18856000.0,0.0,0.0,18856000.0,0.0,0.0,18856000.0,0.0,2.56544,2.56544,7350000.0,7350000.0,https://www.sec.gov/Archives/edgar/data/1438943/000139390509000540/0001393905-09-000540-index.html,https://www.sec.gov/Archives/edgar/data/1438943/000139390509000540/lgnd_10q.htm,1620599434,18:30:34,20210509
46,2009-06-30,VBIO,USD,2009-08-07 00:00:00,2009-08-07 15:10:12,Q1,0.0,0.0,0.0,0.0,0.0,0.0,0.0,0.0,15306.0,0.0,0.0,0.0,15755000.0,0.0,15755000.0,0.0,0.0,15755000.0,0.0,0.0,15755000.0,0.0,2.14354,2.14354,7350000.0,7350000.0,https://www.sec.gov/Archives/edgar/data/1438943/000139390509000303/0001393905-09-000303-index.html,https://www.sec.gov/Archives/edgar/data/1438943/000139390509000303/lgnd_10q.htm,1620599434,18:30:34,20210509
47,2009-03-31,VBIO,USD,2009-06-25 00:00:00,2009-06-25 14:55:43,Q4,0.0,0.0,0.0,0.0,0.0,0.0,0.0,0.0,4708.0,0.0,0.0,0.0,28112000.0,0.0,28112000.0,0.0,0.0,28112000.0,0.0,0.0,28112000.0,0.0,3.82476,3.82476,7350000.0,7350000.0,https://www.sec.gov/Archives/edgar/data/1438943/000139390509000254/0001393905-09-000254-index.html,https://www.sec.gov/Archives/edgar/data/1438943/000139390509000254/lgnd_10k.htm,1620599434,18:30:34,20210509
48,2008-12-31,VBIO,USD,2009-01-30 00:00:00,2009-01-30 14:05:02,Q3,0.0,0.0,0.0,0.0,0.0,0.0,0.0,0.0,8028.0,0.0,0.0,0.0,23000000.0,0.0,23000000.0,0.0,0.0,23000000.0,0.0,0.0,23000000.0,0.0,3.12925,3.12925,7350000.0,7350000.0,https://www.sec.gov/Archives/edgar/data/1438943/000139390509000037/0001393905-09-000037-index.html,https://www.sec.gov/Archives/edgar/data/1438943/000139390509000037/legnd_10q.htm,1620599434,18:30:34,20210509
