,date,symbol,reportedCurrency,fillingDate,acceptedDate,period,revenue,costOfRevenue,grossProfit,grossProfitRatio,researchAndDevelopmentExpenses,generalAndAdministrativeExpenses,sellingAndMarketingExpenses,otherExpenses,operatingExpenses,costAndExpenses,interestExpense,depreciationAndAmortization,ebitda,ebitdaratio,operatingIncome,operatingIncomeRatio,totalOtherIncomeExpensesNet,incomeBeforeTax,incomeBeforeTaxRatio,incomeTaxExpense,netIncome,netIncomeRatio,eps,epsdiluted,weightedAverageShsOut,weightedAverageShsOutDil,link,finalLink,timestamp,est_time,est_date
0,2020-12-31,FT.TO,CAD,2020-12-31,2020-12-31,Q4,0.0,16026.0,-16026.0,0.0,0.0,166365.0,0.0,4612.0,166365.0,182391.0,365057.0,16026.0,-161097.0,0.0,-182391.0,0.0,110171.0,-436621.0,0.0,0.0,-436621.0,0.0,-0.0012143431784590888,-0.0012143431784590888,359553220,359553220,https://www.sedar.com/ModifyCompanyDocumentSearchForm.do?lang=EN&company_search=Fortune Minerals Ltd&document_selection=0&industry_group=A&FromDate=13&FromMonth=05&FromYear=2000&ToDate=13&ToMonth=11&ToYear=2020&Variable=Issuer,https://www.sedar.com/ModifyCompanyDocumentSearchForm.do?lang=EN&company_search=Fortune Minerals Ltd&document_selection=0&industry_group=A&FromDate=13&FromMonth=05&FromYear=2000&ToDate=13&ToMonth=11&ToYear=2020&Variable=Issuer,1620592295,16:31:35,20210509
1,2020-09-30,FT.TO,CAD,2020-09-30,2020-09-30,Q3,0.0,3451.0,-3451.0,0.0,0.0,177665.0,0.0,49104.0,177665.0,181116.0,336778.0,3451.0,-177665.0,0.0,-181116.0,0.0,336275.0,-181619.0,0.0,0.0,-181619.0,0.0,-0.000505,-0.000505,359553220,359553220,https://www.sedar.com/ModifyCompanyDocumentSearchForm.do?lang=EN&company_search=Fortune Minerals Ltd&document_selection=0&industry_group=A&FromDate=13&FromMonth=05&FromYear=2000&ToDate=13&ToMonth=11&ToYear=2020&Variable=Issuer,https://www.sedar.com/ModifyCompanyDocumentSearchForm.do?lang=EN&company_search=Fortune Minerals Ltd&document_selection=0&industry_group=A&FromDate=13&FromMonth=05&FromYear=2000&ToDate=13&ToMonth=11&ToYear=2020&Variable=Issuer,1620592295,16:31:35,20210509
2,2020-06-30,FT.TO,CAD,2020-06-30,2020-06-30,Q2,0.0,3473.0,-3473.0,0.0,0.0,262912.0,0.0,22207.0,262912.0,266385.0,322310.0,3473.0,-262912.0,0.0,-266385.0,0.0,-468319.0,-1057014.0,0.0,0.0,-1057014.0,0.0,-0.00294,-0.00294,359553220,359553220,https://www.sedar.com/ModifyCompanyDocumentSearchForm.do?lang=EN&company_search=Fortune Minerals Ltd&document_selection=0&industry_group=A&FromDate=13&FromMonth=05&FromYear=2000&ToDate=13&ToMonth=11&ToYear=2020&Variable=Issuer,https://www.sedar.com/ModifyCompanyDocumentSearchForm.do?lang=EN&company_search=Fortune Minerals Ltd&document_selection=0&industry_group=A&FromDate=13&FromMonth=05&FromYear=2000&ToDate=13&ToMonth=11&ToYear=2020&Variable=Issuer,1620592295,16:31:35,20210509
3,2020-03-31,FT.TO,CAD,2020-03-31,2020-03-31,Q1,0.0,3473.0,-3473.0,0.0,0.0,374912.0,0.0,15790.0,374912.0,378385.0,317864.0,3473.0,-374912.0,0.0,-378385.0,0.0,644425.0,-40405.0,0.0,0.0,-40405.0,0.0,-0.000112,-0.000112,359553220,359553220,https://www.sedar.com/ModifyCompanyDocumentSearchForm.do?lang=EN&company_search=Fortune Minerals Ltd&document_selection=0&industry_group=A&FromDate=13&FromMonth=05&FromYear=2000&ToDate=13&ToMonth=11&ToYear=2020&Variable=Issuer,https://www.sedar.com/ModifyCompanyDocumentSearchForm.do?lang=EN&company_search=Fortune Minerals Ltd&document_selection=0&industry_group=A&FromDate=13&FromMonth=05&FromYear=2000&ToDate=13&ToMonth=11&ToYear=2020&Variable=Issuer,1620592295,16:31:35,20210509
4,2019-12-31,FT.TO,CAD,2019-12-31,2019-12-31,Q4,0.0,5123.0,-5123.0,0.0,0.0,359985.0,0.0,-24057.0,359985.0,365108.0,308975.0,5123.0,-359985.0,0.0,-365108.0,0.0,1834380.0,1196754.0,0.0,0.0,1196754.0,0.0,0.00332844745487191,0.00332844745487191,359553220,359553220,https://www.sedar.com/ModifyCompanyDocumentSearchForm.do?lang=EN&company_search=Fortune Minerals Ltd&document_selection=0&industry_group=A&FromDate=13&FromMonth=05&FromYear=2000&ToDate=13&ToMonth=11&ToYear=2020&Variable=Issuer,https://www.sedar.com/ModifyCompanyDocumentSearchForm.do?lang=EN&company_search=Fortune Minerals Ltd&document_selection=0&industry_group=A&FromDate=13&FromMonth=05&FromYear=2000&ToDate=13&ToMonth=11&ToYear=2020&Variable=Issuer,1620592295,16:31:35,20210509
5,2019-09-30,FT.TO,CAD,2019-09-30,2019-09-30,Q3,0.0,5122.0,-5122.0,0.0,0.0,316771.0,0.0,8533.0,316771.0,321893.0,302208.0,5122.0,-316771.0,0.0,-321893.0,0.0,788176.0,164075.0,0.0,0.0,164075.0,0.0,0.000475,0.000475,345627762,345627762,https://www.sedar.com/ModifyCompanyDocumentSearchForm.do?lang=EN&company_search=Fortune Minerals Ltd&document_selection=0&industry_group=A&FromDate=13&FromMonth=05&FromYear=2000&ToDate=13&ToMonth=11&ToYear=2020&Variable=Issuer,https://www.sedar.com/ModifyCompanyDocumentSearchForm.do?lang=EN&company_search=Fortune Minerals Ltd&document_selection=0&industry_group=A&FromDate=13&FromMonth=05&FromYear=2000&ToDate=13&ToMonth=11&ToYear=2020&Variable=Issuer,1620592295,16:31:35,20210509
6,2019-06-30,FT.TO,CAD,2019-06-30,2019-06-30,Q2,0.0,0.0,0.0,0.0,0.0,410789.0,0.0,0.0,415910.0,415910.0,288671.0,5121.0,-410789.0,0.0,-415910.0,0.0,-371454.0,-1067619.0,0.0,0.0,-1067619.0,0.0,-0.003074,-0.003074,347303220,347303220,https://www.sedar.com/ModifyCompanyDocumentSearchForm.do?lang=EN&company_search=Fortune Minerals Ltd&document_selection=0&industry_group=A&FromDate=13&FromMonth=05&FromYear=2000&ToDate=13&ToMonth=11&ToYear=2020&Variable=Issuer,https://www.sedar.com/ModifyCompanyDocumentSearchForm.do?lang=EN&company_search=Fortune Minerals Ltd&document_selection=0&industry_group=A&FromDate=13&FromMonth=05&FromYear=2000&ToDate=13&ToMonth=11&ToYear=2020&Variable=Issuer,1620592295,16:31:35,20210509
7,2019-03-31,FT.TO,CAD,2019-03-31,2019-03-31,Q1,0.0,0.0,0.0,0.0,0.0,427077.0,0.0,0.0,432199.0,432199.0,285164.0,5122.0,-427077.0,0.0,-432199.0,0.0,-2282445.0,-2987204.0,0.0,0.0,-2987204.0,0.0,-0.01,-0.01,342220998,342220998,https://www.sedar.com/ModifyCompanyDocumentSearchForm.do?lang=EN&company_search=Fortune Minerals Ltd&document_selection=0&industry_group=A&FromDate=13&FromMonth=05&FromYear=2000&ToDate=13&ToMonth=11&ToYear=2020&Variable=Issuer,https://www.sedar.com/ModifyCompanyDocumentSearchForm.do?lang=EN&company_search=Fortune Minerals Ltd&document_selection=0&industry_group=A&FromDate=13&FromMonth=05&FromYear=2000&ToDate=13&ToMonth=11&ToYear=2020&Variable=Issuer,1620592295,16:31:35,20210509
8,2018-12-31,FT.TO,CAD,2018-12-31,2018-12-31,Q4,0.0,0.0,0.0,0.0,0.0,503281.0,0.0,0.0,487256.0,509502.0,278147.0,6221.0,-503281.0,0.0,-509502.0,0.0,594425.0,-172101.0,0.0,0.0,17199566.0,0.0,0.04783593928042141,0.04783593928042141,359553220,359553220,https://www.sedar.com/ModifyCompanyDocumentSearchForm.do?lang=EN&company_search=Fortune Minerals Ltd&document_selection=0&industry_group=A&FromDate=13&FromMonth=05&FromYear=2000&ToDate=13&ToMonth=11&ToYear=2020&Variable=Issuer,https://www.sedar.com/ModifyCompanyDocumentSearchForm.do?lang=EN&company_search=Fortune Minerals Ltd&document_selection=0&industry_group=A&FromDate=13&FromMonth=05&FromYear=2000&ToDate=13&ToMonth=11&ToYear=2020&Variable=Issuer,1620592295,16:31:35,20210509
9,2018-09-30,FT.TO,CAD,2018-09-30,2018-09-30,Q3,0.0,0.0,0.0,0.0,0.0,529477.0,0.0,0.0,534840.0,534840.0,272250.0,5363.0,-529477.0,0.0,-534840.0,0.0,1328170.0,538298.0,0.0,0.0,-521080.0,0.0,-0.0015405742505005602,-0.0015124134758025976,338237511,344535412,https://www.sedar.com/ModifyCompanyDocumentSearchForm.do?lang=EN&company_search=Fortune Minerals Ltd&document_selection=0&industry_group=A&FromDate=13&FromMonth=05&FromYear=2000&ToDate=13&ToMonth=11&ToYear=2020&Variable=Issuer,https://www.sedar.com/ModifyCompanyDocumentSearchForm.do?lang=EN&company_search=Fortune Minerals Ltd&document_selection=0&industry_group=A&FromDate=13&FromMonth=05&FromYear=2000&ToDate=13&ToMonth=11&ToYear=2020&Variable=Issuer,1620592295,16:31:35,20210509
10,2018-06-30,FT.TO,CAD,2018-06-30,2018-06-30,Q2,0.0,0.0,0.0,0.0,0.0,542919.0,0.0,0.0,548281.0,548281.0,260461.0,4607.0,-543674.0,0.0,-548281.0,0.0,6855828.0,6075350.0,0.0,0.0,6075350.0,0.0,0.02,0.02,303767500,303767500,https://www.sedar.com/ModifyCompanyDocumentSearchForm.do?lang=EN&company_search=Fortune Minerals Ltd&document_selection=0&industry_group=A&FromDate=13&FromMonth=05&FromYear=2000&ToDate=13&ToMonth=11&ToYear=2020&Variable=Issuer,https://www.sedar.com/ModifyCompanyDocumentSearchForm.do?lang=EN&company_search=Fortune Minerals Ltd&document_selection=0&industry_group=A&FromDate=13&FromMonth=05&FromYear=2000&ToDate=13&ToMonth=11&ToYear=2020&Variable=Issuer,1620592295,16:31:35,20210509
11,2018-03-31,FT.TO,CAD,2018-03-31,2018-03-31,Q1,0.0,0.0,0.0,0.0,0.0,407183.0,0.0,-107222.0,412483.0,412483.0,257484.0,6055.0,-406428.0,0.0,-412483.0,0.0,2752680.0,2107140.0,0.0,0.0,-2107140.0,0.0,-0.01,-0.01,369179755,369179755,https://www.sedar.com/ModifyCompanyDocumentSearchForm.do?lang=EN&company_search=Fortune Minerals Ltd&document_selection=0&industry_group=A&FromDate=13&FromMonth=05&FromYear=2000&ToDate=13&ToMonth=11&ToYear=2020&Variable=Issuer,https://www.sedar.com/ModifyCompanyDocumentSearchForm.do?lang=EN&company_search=Fortune Minerals Ltd&document_selection=0&industry_group=A&FromDate=13&FromMonth=05&FromYear=2000&ToDate=13&ToMonth=11&ToYear=2020&Variable=Issuer,1620592295,16:31:35,20210509
12,2017-12-31,FT.TO,CAD,2017-12-31,2017-12-31,Q4,0.0,0.0,0.0,0.0,0.0,464628.0,0.0,0.0,473075.0,473075.0,251601.0,7732.0,-465343.0,0.0,-473075.0,0.0,-3814858.0,-4523814.0,0.0,0.0,-4523814.0,0.0,-0.012581764668941082,-0.012581764668941082,359553220,359553220,https://www.sedar.com/ModifyCompanyDocumentSearchForm.do?lang=EN&company_search=Fortune Minerals Ltd&document_selection=0&industry_group=A&FromDate=13&FromMonth=05&FromYear=2000&ToDate=13&ToMonth=11&ToYear=2020&Variable=Issuer,https://www.sedar.com/ModifyCompanyDocumentSearchForm.do?lang=EN&company_search=Fortune Minerals Ltd&document_selection=0&industry_group=A&FromDate=13&FromMonth=05&FromYear=2000&ToDate=13&ToMonth=11&ToYear=2020&Variable=Issuer,1620592295,16:31:35,20210509
13,2017-09-30,FT.TO,CAD,2017-09-30,2017-09-30,Q3,0.0,0.0,0.0,0.0,0.0,342090.0,0.0,0.0,358189.0,358189.0,246355.0,7731.0,-350458.0,0.0,-358189.0,0.0,-915143.0,-1504932.0,0.0,0.0,-1504932.0,0.0,-0.01,-0.01,293267249,293267249,https://www.sedar.com/ModifyCompanyDocumentSearchForm.do?lang=EN&company_search=Fortune Minerals Ltd&document_selection=0&industry_group=A&FromDate=13&FromMonth=05&FromYear=2000&ToDate=13&ToMonth=11&ToYear=2020&Variable=Issuer,https://www.sedar.com/ModifyCompanyDocumentSearchForm.do?lang=EN&company_search=Fortune Minerals Ltd&document_selection=0&industry_group=A&FromDate=13&FromMonth=05&FromYear=2000&ToDate=13&ToMonth=11&ToYear=2020&Variable=Issuer,1620592295,16:31:35,20210509
14,2017-06-30,FT.TO,CAD,2017-06-30,2017-06-30,Q2,0.0,0.0,0.0,0.0,0.0,903360.0,0.0,0.0,911619.0,911619.0,236007.0,7732.0,-903887.0,0.0,-911619.0,0.0,117472.0,-1009170.0,0.0,0.0,-1009170.0,0.0,-0.003363,-0.003363,300085257,300085257,https://www.sedar.com/ModifyCompanyDocumentSearchForm.do?lang=EN&company_search=Fortune Minerals Ltd&document_selection=0&industry_group=A&FromDate=13&FromMonth=05&FromYear=2000&ToDate=13&ToMonth=11&ToYear=2020&Variable=Issuer,https://www.sedar.com/ModifyCompanyDocumentSearchForm.do?lang=EN&company_search=Fortune Minerals Ltd&document_selection=0&industry_group=A&FromDate=13&FromMonth=05&FromYear=2000&ToDate=13&ToMonth=11&ToYear=2020&Variable=Issuer,1620592295,16:31:35,20210509
15,2017-03-31,FT.TO,CAD,2017-03-31,2017-03-31,Q1,0.0,0.0,0.0,0.0,0.0,408737.0,0.0,0.0,416995.0,416995.0,233276.0,7732.0,-409263.0,0.0,-416995.0,0.0,-4461251.0,-5110613.0,0.0,0.0,-5110613.0,0.0,-0.02,-0.02,278233688,278233688,https://www.sedar.com/ModifyCompanyDocumentSearchForm.do?lang=EN&company_search=Fortune Minerals Ltd&document_selection=0&industry_group=A&FromDate=13&FromMonth=05&FromYear=2000&ToDate=13&ToMonth=11&ToYear=2020&Variable=Issuer,https://www.sedar.com/ModifyCompanyDocumentSearchForm.do?lang=EN&company_search=Fortune Minerals Ltd&document_selection=0&industry_group=A&FromDate=13&FromMonth=05&FromYear=2000&ToDate=13&ToMonth=11&ToYear=2020&Variable=Issuer,1620592295,16:31:35,20210509
16,2016-12-31,FT.TO,CAD,2016-12-31,2016-12-31,Q4,0.0,0.0,0.0,0.0,0.0,322723.0,0.0,0.0,334564.0,334564.0,227813.0,20120.0,-314444.0,0.0,-334564.0,0.0,-5424827.0,-5979686.0,0.0,0.0,-5979686.0,0.0,-0.016630878733334666,-0.016630878733334666,359553220,359553220,https://www.sedar.com/ModifyCompanyDocumentSearchForm.do?lang=EN&company_search=Fortune Minerals Ltd&document_selection=0&industry_group=A&FromDate=13&FromMonth=05&FromYear=2000&ToDate=13&ToMonth=11&ToYear=2020&Variable=Issuer,https://www.sedar.com/ModifyCompanyDocumentSearchForm.do?lang=EN&company_search=Fortune Minerals Ltd&document_selection=0&industry_group=A&FromDate=13&FromMonth=05&FromYear=2000&ToDate=13&ToMonth=11&ToYear=2020&Variable=Issuer,1620592295,16:31:35,20210509
17,2016-09-30,FT.TO,CAD,2016-09-30,2016-09-30,Q3,0.0,0.0,0.0,0.0,0.0,431896.0,0.0,0.0,433039.0,433039.0,223251.0,1143.0,-431896.0,0.0,-433039.0,0.0,-860.0,-656337.0,0.0,0.0,-656337.0,0.0,-0.002632,-0.002632,249353387,249353387,https://www.sedar.com/ModifyCompanyDocumentSearchForm.do?lang=EN&company_search=Fortune Minerals Ltd&document_selection=0&industry_group=A&FromDate=13&FromMonth=05&FromYear=2000&ToDate=13&ToMonth=11&ToYear=2020&Variable=Issuer,https://www.sedar.com/ModifyCompanyDocumentSearchForm.do?lang=EN&company_search=Fortune Minerals Ltd&document_selection=0&industry_group=A&FromDate=13&FromMonth=05&FromYear=2000&ToDate=13&ToMonth=11&ToYear=2020&Variable=Issuer,1620592295,16:31:35,20210509
18,2016-06-30,FT.TO,CAD,2016-06-30,2016-06-30,Q2,0.0,0.0,0.0,0.0,0.0,337554.0,0.0,0.0,349762.0,349762.0,214169.0,12208.0,-337554.0,0.0,-349762.0,0.0,-2563.0,-560707.0,0.0,0.0,-560707.0,0.0,-0.002313,-0.002313,242462195,242462195,https://www.sedar.com/ModifyCompanyDocumentSearchForm.do?lang=EN&company_search=Fortune Minerals Ltd&document_selection=0&industry_group=A&FromDate=13&FromMonth=05&FromYear=2000&ToDate=13&ToMonth=11&ToYear=2020&Variable=Issuer,https://www.sedar.com/ModifyCompanyDocumentSearchForm.do?lang=EN&company_search=Fortune Minerals Ltd&document_selection=0&industry_group=A&FromDate=13&FromMonth=05&FromYear=2000&ToDate=13&ToMonth=11&ToYear=2020&Variable=Issuer,1620592295,16:31:35,20210509
19,2016-03-31,FT.TO,CAD,2016-03-31,2016-03-31,Q1,0.0,0.0,0.0,0.0,0.0,458743.0,0.0,0.0,471141.0,471141.0,206806.0,12398.0,-458743.0,0.0,-471141.0,0.0,31.0,-677916.0,0.0,0.0,-677916.0,0.0,-0.002941,-0.002941,230531269,230531269,https://www.sedar.com/ModifyCompanyDocumentSearchForm.do?lang=EN&company_search=Fortune Minerals Ltd&document_selection=0&industry_group=A&FromDate=13&FromMonth=05&FromYear=2000&ToDate=13&ToMonth=11&ToYear=2020&Variable=Issuer,https://www.sedar.com/ModifyCompanyDocumentSearchForm.do?lang=EN&company_search=Fortune Minerals Ltd&document_selection=0&industry_group=A&FromDate=13&FromMonth=05&FromYear=2000&ToDate=13&ToMonth=11&ToYear=2020&Variable=Issuer,1620592295,16:31:35,20210509
20,2015-12-31,FT.TO,CAD,2015-12-31,2015-12-31,Q4,0.0,0.0,0.0,0.0,0.0,352981.0,0.0,0.0,361679.0,361679.0,-49899.0,441060.0,79381.0,0.0,-361679.0,0.0,23814.0,-282181.0,0.0,0.0,4661298.0,0.0,0.01296413921699825,0.01296413921699825,359553220,359553220,https://www.sedar.com/ModifyCompanyDocumentSearchForm.do?lang=EN&company_search=Fortune Minerals Ltd&document_selection=0&industry_group=A&FromDate=13&FromMonth=05&FromYear=2000&ToDate=13&ToMonth=11&ToYear=2020&Variable=Issuer,https://www.sedar.com/ModifyCompanyDocumentSearchForm.do?lang=EN&company_search=Fortune Minerals Ltd&document_selection=0&industry_group=A&FromDate=13&FromMonth=05&FromYear=2000&ToDate=13&ToMonth=11&ToYear=2020&Variable=Issuer,1620592295,16:31:35,20210509
21,2015-09-30,FT.TO,CAD,2015-09-30,2015-09-30,Q3,0.0,0.0,0.0,0.0,0.0,569280.0,0.0,0.0,587240.0,587240.0,118917.0,17113.0,-570127.0,0.0,-587240.0,0.0,-998363.0,-1704486.0,0.0,0.0,-45140537.0,0.0,-0.2,-0.2,219837135,219837135,https://www.sedar.com/ModifyCompanyDocumentSearchForm.do?lang=EN&company_search=Fortune Minerals Ltd&document_selection=0&industry_group=A&FromDate=13&FromMonth=05&FromYear=2000&ToDate=13&ToMonth=11&ToYear=2020&Variable=Issuer,https://www.sedar.com/ModifyCompanyDocumentSearchForm.do?lang=EN&company_search=Fortune Minerals Ltd&document_selection=0&industry_group=A&FromDate=13&FromMonth=05&FromYear=2000&ToDate=13&ToMonth=11&ToYear=2020&Variable=Issuer,1620592295,16:31:35,20210509
22,2015-06-30,FT.TO,CAD,2015-06-30,2015-06-30,Q2,0.0,0.0,0.0,0.0,0.0,1412321.0,0.0,105528.0,1323909.0,1323909.0,166327.0,-317454.0,-1641363.0,0.0,-1323909.0,0.0,19887018.0,-4716225.0,0.0,-1082500.0,-3633725.0,0.0,-0.02,-0.02,218698346,218698346,https://www.sedar.com/ModifyCompanyDocumentSearchForm.do?lang=EN&company_search=Fortune Minerals Ltd&document_selection=0&industry_group=A&FromDate=13&FromMonth=05&FromYear=2000&ToDate=13&ToMonth=11&ToYear=2020&Variable=Issuer,https://www.sedar.com/ModifyCompanyDocumentSearchForm.do?lang=EN&company_search=Fortune Minerals Ltd&document_selection=0&industry_group=A&FromDate=13&FromMonth=05&FromYear=2000&ToDate=13&ToMonth=11&ToYear=2020&Variable=Issuer,1620592295,16:31:35,20210509
23,2015-03-31,FT.TO,CAD,2015-03-31,2015-03-31,Q1,0.0,0.0,0.0,0.0,0.0,1083651.0,0.0,0.0,1435327.0,1435327.0,160302.0,351676.0,-1083651.0,0.0,-1435327.0,0.0,4007945.0,2432689.0,0.0,-173000.0,2605689.0,0.0,0.01,0.01,215347180,215347180,https://www.sedar.com/ModifyCompanyDocumentSearchForm.do?lang=EN&company_search=Fortune Minerals Ltd&document_selection=0&industry_group=A&FromDate=13&FromMonth=05&FromYear=2000&ToDate=13&ToMonth=11&ToYear=2020&Variable=Issuer,https://www.sedar.com/ModifyCompanyDocumentSearchForm.do?lang=EN&company_search=Fortune Minerals Ltd&document_selection=0&industry_group=A&FromDate=13&FromMonth=05&FromYear=2000&ToDate=13&ToMonth=11&ToYear=2020&Variable=Issuer,1620592295,16:31:35,20210509
24,2014-12-31,FT.TO,CAD,2014-12-31,2014-12-31,Q4,0.0,0.0,0.0,0.0,0.0,1885286.0,0.0,0.0,1283417.0,1283417.0,153275.0,337030.0,-946387.0,0.0,-1283417.0,0.0,-6127317.0,-7537468.0,0.0,-587000.0,-6950468.0,0.0,-0.019330846209637615,-0.019330846209637615,359553220,359553220,https://www.sedar.com/ModifyCompanyDocumentSearchForm.do?lang=EN&company_search=Fortune Minerals Ltd&document_selection=0&industry_group=A&FromDate=13&FromMonth=05&FromYear=2000&ToDate=13&ToMonth=11&ToYear=2020&Variable=Issuer,https://www.sedar.com/ModifyCompanyDocumentSearchForm.do?lang=EN&company_search=Fortune Minerals Ltd&document_selection=0&industry_group=A&FromDate=13&FromMonth=05&FromYear=2000&ToDate=13&ToMonth=11&ToYear=2020&Variable=Issuer,1620592295,16:31:35,20210509
25,2014-09-30,FT.TO,CAD,2014-09-30,2014-09-30,Q3,0.0,0.0,0.0,0.0,352030.0,560124.0,0.0,0.0,1242300.0,1242300.0,136425.0,330146.0,-912154.0,0.0,-1242300.0,0.0,-114566.0,-1482055.0,0.0,-128000.0,-1354055.0,0.0,-0.0070569238598642324,-0.0070569238598642324,191876096,191876096,https://www.sedar.com/ModifyCompanyDocumentSearchForm.do?lang=EN&company_search=Fortune Minerals Ltd&document_selection=0&industry_group=A&FromDate=13&FromMonth=05&FromYear=2000&ToDate=13&ToMonth=11&ToYear=2020&Variable=Issuer,https://www.sedar.com/ModifyCompanyDocumentSearchForm.do?lang=EN&company_search=Fortune Minerals Ltd&document_selection=0&industry_group=A&FromDate=13&FromMonth=05&FromYear=2000&ToDate=13&ToMonth=11&ToYear=2020&Variable=Issuer,1620592295,16:31:35,20210509
26,2014-06-30,FT.TO,CAD,2014-06-30,2014-06-30,Q2,0.0,0.0,0.0,0.0,464205.0,725534.0,0.0,0.0,1510214.0,1510214.0,87775.0,320476.0,-1189738.0,0.0,-1510214.0,0.0,-86837.0,-1646488.0,0.0,-192000.0,-1454488.0,0.0,-0.01,-0.01,164587188,164587188,https://www.sedar.com/ModifyCompanyDocumentSearchForm.do?lang=EN&company_search=Fortune Minerals Ltd&document_selection=0&industry_group=A&FromDate=13&FromMonth=05&FromYear=2000&ToDate=13&ToMonth=11&ToYear=2020&Variable=Issuer,https://www.sedar.com/ModifyCompanyDocumentSearchForm.do?lang=EN&company_search=Fortune Minerals Ltd&document_selection=0&industry_group=A&FromDate=13&FromMonth=05&FromYear=2000&ToDate=13&ToMonth=11&ToYear=2020&Variable=Issuer,1620592295,16:31:35,20210509
27,2014-03-31,FT.TO,CAD,2014-03-31,2014-03-31,Q1,0.0,0.0,0.0,0.0,0.0,1053763.0,0.0,0.0,1369483.0,1369483.0,67655.0,315720.0,-1053763.0,0.0,-1369483.0,0.0,-92519.0,-1462196.0,0.0,-205000.0,-1257196.0,0.0,-0.01,-0.01,150526976,150526976,https://www.sedar.com/ModifyCompanyDocumentSearchForm.do?lang=EN&company_search=Fortune Minerals Ltd&document_selection=0&industry_group=A&FromDate=13&FromMonth=05&FromYear=2000&ToDate=13&ToMonth=11&ToYear=2020&Variable=Issuer,https://www.sedar.com/ModifyCompanyDocumentSearchForm.do?lang=EN&company_search=Fortune Minerals Ltd&document_selection=0&industry_group=A&FromDate=13&FromMonth=05&FromYear=2000&ToDate=13&ToMonth=11&ToYear=2020&Variable=Issuer,1620592295,16:31:35,20210509
28,2013-12-31,FT.TO,CAD,2013-12-31,2013-12-31,Q4,0.0,0.0,0.0,0.0,0.0,420995.0,0.0,0.0,713185.0,713185.0,67638.0,292190.0,-420995.0,0.0,-713185.0,0.0,-43597078.0,-44315135.0,0.0,-3296000.0,-41019135.0,0.0,-0.11408362578424412,-0.11408362578424412,359553220,359553220,https://www.sedar.com/ModifyCompanyDocumentSearchForm.do?lang=EN&company_search=Fortune Minerals Ltd&document_selection=0&industry_group=A&FromDate=13&FromMonth=05&FromYear=2000&ToDate=13&ToMonth=11&ToYear=2020&Variable=Issuer,https://www.sedar.com/ModifyCompanyDocumentSearchForm.do?lang=EN&company_search=Fortune Minerals Ltd&document_selection=0&industry_group=A&FromDate=13&FromMonth=05&FromYear=2000&ToDate=13&ToMonth=11&ToYear=2020&Variable=Issuer,1620592295,16:31:35,20210509
29,2013-09-30,FT.TO,CAD,2013-09-30,2013-09-30,Q3,0.0,0.0,0.0,0.0,0.0,689267.0,0.0,0.0,980416.0,980416.0,25395.0,291149.0,-689267.0,0.0,-980416.0,0.0,15939.0,-971471.0,0.0,-314000.0,-657471.0,0.0,-0.005615715595524094,-0.005615715595524094,117076976,117076976,https://www.sedar.com/ModifyCompanyDocumentSearchForm.do?lang=EN&company_search=Fortune Minerals Ltd&document_selection=0&industry_group=A&FromDate=13&FromMonth=05&FromYear=2000&ToDate=13&ToMonth=11&ToYear=2020&Variable=Issuer,https://www.sedar.com/ModifyCompanyDocumentSearchForm.do?lang=EN&company_search=Fortune Minerals Ltd&document_selection=0&industry_group=A&FromDate=13&FromMonth=05&FromYear=2000&ToDate=13&ToMonth=11&ToYear=2020&Variable=Issuer,1620592295,16:31:35,20210509
30,2013-06-30,FT.TO,CAD,2013-06-30,2013-06-30,Q2,0.0,0.0,0.0,0.0,0.0,774482.0,0.0,0.0,1065103.0,1065103.0,29157.0,290621.0,-774482.0,0.0,-1065103.0,0.0,75540.0,-1001835.0,0.0,22400.0,-1024235.0,0.0,-0.01,-0.01,121276976,121276976,https://www.sedar.com/ModifyCompanyDocumentSearchForm.do?lang=EN&company_search=Fortune Minerals Ltd&document_selection=0&industry_group=A&FromDate=13&FromMonth=05&FromYear=2000&ToDate=13&ToMonth=11&ToYear=2020&Variable=Issuer,https://www.sedar.com/ModifyCompanyDocumentSearchForm.do?lang=EN&company_search=Fortune Minerals Ltd&document_selection=0&industry_group=A&FromDate=13&FromMonth=05&FromYear=2000&ToDate=13&ToMonth=11&ToYear=2020&Variable=Issuer,1620592295,16:31:35,20210509
31,2013-03-31,FT.TO,CAD,2013-03-31,2013-03-31,Q1,0.0,0.0,0.0,0.0,0.0,1304911.0,0.0,0.0,1595800.0,1595800.0,21500.0,290889.0,-1304911.0,0.0,-1595800.0,0.0,-78647.0,-1667577.0,0.0,-37000.0,-1630577.0,0.0,-0.01,-0.01,121276976,121276976,https://www.sedar.com/ModifyCompanyDocumentSearchForm.do?lang=EN&company_search=Fortune Minerals Ltd&document_selection=0&industry_group=A&FromDate=13&FromMonth=05&FromYear=2000&ToDate=13&ToMonth=11&ToYear=2020&Variable=Issuer,https://www.sedar.com/ModifyCompanyDocumentSearchForm.do?lang=EN&company_search=Fortune Minerals Ltd&document_selection=0&industry_group=A&FromDate=13&FromMonth=05&FromYear=2000&ToDate=13&ToMonth=11&ToYear=2020&Variable=Issuer,1620592295,16:31:35,20210509
32,2012-12-31,FT.TO,CAD,2012-12-31,2012-12-31,Q4,0.0,0.0,0.0,0.0,0.0,1166497.0,0.0,0.0,411307.0,411307.0,28765.0,0.0,-373422.0,0.0,-411307.0,0.0,-6069518.0,-6471705.0,0.0,-1745000.0,-4726705.0,0.0,-0.013146051090851029,-0.013146051090851029,359553220,359553220,https://www.sedar.com/ModifyCompanyDocumentSearchForm.do?lang=EN&company_search=Fortune Minerals Ltd&document_selection=0&industry_group=A&FromDate=13&FromMonth=05&FromYear=2000&ToDate=13&ToMonth=11&ToYear=2020&Variable=Issuer,https://www.sedar.com/ModifyCompanyDocumentSearchForm.do?lang=EN&company_search=Fortune Minerals Ltd&document_selection=0&industry_group=A&FromDate=13&FromMonth=05&FromYear=2000&ToDate=13&ToMonth=11&ToYear=2020&Variable=Issuer,1620592295,16:31:35,20210509
33,2012-09-30,FT.TO,CAD,2012-09-30,2012-09-30,Q3,0.0,0.0,0.0,0.0,0.0,575643.0,0.0,0.0,846214.0,846214.0,20584.0,0.0,-533912.0,0.0,-846214.0,0.0,-140952.0,-966019.0,0.0,-363000.0,-603019.0,0.0,-0.01,-0.01,117076976,117076976,https://www.sedar.com/ModifyCompanyDocumentSearchForm.do?lang=EN&company_search=Fortune Minerals Ltd&document_selection=0&industry_group=A&FromDate=13&FromMonth=05&FromYear=2000&ToDate=13&ToMonth=11&ToYear=2020&Variable=Issuer,https://www.sedar.com/ModifyCompanyDocumentSearchForm.do?lang=EN&company_search=Fortune Minerals Ltd&document_selection=0&industry_group=A&FromDate=13&FromMonth=05&FromYear=2000&ToDate=13&ToMonth=11&ToYear=2020&Variable=Issuer,1620592295,16:31:35,20210509
34,2012-06-30,FT.TO,CAD,2012-06-30,2012-06-30,Q2,0.0,0.0,0.0,0.0,0.0,579070.0,0.0,0.0,843676.0,843676.0,14260.0,0.0,-539248.0,0.0,-843676.0,0.0,-89833.0,-907947.0,0.0,-359500.0,-548447.0,0.0,-0.00468449919649445,-0.00468449919649445,117076976,117076976,https://www.sedar.com/ModifyCompanyDocumentSearchForm.do?lang=EN&company_search=Fortune Minerals Ltd&document_selection=0&industry_group=A&FromDate=13&FromMonth=05&FromYear=2000&ToDate=13&ToMonth=11&ToYear=2020&Variable=Issuer,https://www.sedar.com/ModifyCompanyDocumentSearchForm.do?lang=EN&company_search=Fortune Minerals Ltd&document_selection=0&industry_group=A&FromDate=13&FromMonth=05&FromYear=2000&ToDate=13&ToMonth=11&ToYear=2020&Variable=Issuer,1620592295,16:31:35,20210509
35,2012-03-31,FT.TO,CAD,2012-03-31,2012-03-31,Q1,0.0,0.0,0.0,0.0,0.0,770703.0,0.0,0.0,1030931.0,1030931.0,19863.0,3656.0,-1027275.0,0.0,-1030931.0,0.0,842947.0,-170710.0,0.0,829000.0,-999710.0,0.0,-0.01,-0.01,117076976,117076976,https://www.sedar.com/ModifyCompanyDocumentSearchForm.do?lang=EN&company_search=Fortune Minerals Ltd&document_selection=0&industry_group=A&FromDate=13&FromMonth=05&FromYear=2000&ToDate=13&ToMonth=11&ToYear=2020&Variable=Issuer,https://www.sedar.com/ModifyCompanyDocumentSearchForm.do?lang=EN&company_search=Fortune Minerals Ltd&document_selection=0&industry_group=A&FromDate=13&FromMonth=05&FromYear=2000&ToDate=13&ToMonth=11&ToYear=2020&Variable=Issuer,1620592295,16:31:35,20210509
36,2011-12-31,FT.TO,CAD,2011-12-31,2011-12-31,Q4,0.0,0.0,0.0,0.0,0.0,1304263.0,0.0,0.0,1082386.0,1082386.0,22212.0,0.0,-1048398.0,0.0,-1082386.0,0.0,-524841.0,-1595451.0,0.0,-156000.0,-1439451.0,0.0,-0.004003443495791805,-0.004003443495791805,359553220,359553220,https://www.sedar.com/ModifyCompanyDocumentSearchForm.do?lang=EN&company_search=Fortune Minerals Ltd&document_selection=0&industry_group=A&FromDate=13&FromMonth=05&FromYear=2000&ToDate=13&ToMonth=11&ToYear=2020&Variable=Issuer,https://www.sedar.com/ModifyCompanyDocumentSearchForm.do?lang=EN&company_search=Fortune Minerals Ltd&document_selection=0&industry_group=A&FromDate=13&FromMonth=05&FromYear=2000&ToDate=13&ToMonth=11&ToYear=2020&Variable=Issuer,1620592295,16:31:35,20210509
37,2011-09-30,FT.TO,CAD,2011-09-30,2011-09-30,Q3,0.0,0.0,0.0,0.0,0.0,1108709.0,0.0,0.0,1335613.0,1335613.0,38011.0,0.0,-1097779.0,0.0,-1335613.0,0.0,9546003.0,8183309.0,0.0,2042000.0,6141309.0,0.0,0.06,0.05,108718408,122826180,https://www.sedar.com/ModifyCompanyDocumentSearchForm.do?lang=EN&company_search=Fortune Minerals Ltd&document_selection=0&industry_group=A&FromDate=13&FromMonth=05&FromYear=2000&ToDate=13&ToMonth=11&ToYear=2020&Variable=Issuer,https://www.sedar.com/ModifyCompanyDocumentSearchForm.do?lang=EN&company_search=Fortune Minerals Ltd&document_selection=0&industry_group=A&FromDate=13&FromMonth=05&FromYear=2000&ToDate=13&ToMonth=11&ToYear=2020&Variable=Issuer,1620592295,16:31:35,20210509
38,2011-06-30,FT.TO,CAD,2011-06-30,2011-06-30,Q2,0.0,0.0,0.0,0.0,0.0,579506.0,0.0,0.0,585270.0,585270.0,23971.0,0.0,-575744.0,0.0,-585270.0,0.0,-9808.0,-615287.0,0.0,-278000.0,-337287.0,0.0,-0.0031435151722066833,-0.0031435151722066833,107296126,107296126,https://www.sedar.com/ModifyCompanyDocumentSearchForm.do?lang=EN&company_search=Fortune Minerals Ltd&document_selection=0&industry_group=A&FromDate=13&FromMonth=05&FromYear=2000&ToDate=13&ToMonth=11&ToYear=2020&Variable=Issuer,https://www.sedar.com/ModifyCompanyDocumentSearchForm.do?lang=EN&company_search=Fortune Minerals Ltd&document_selection=0&industry_group=A&FromDate=13&FromMonth=05&FromYear=2000&ToDate=13&ToMonth=11&ToYear=2020&Variable=Issuer,1620592295,16:31:35,20210509
39,2011-03-31,FT.TO,CAD,2011-03-31,2011-03-31,Q1,0.0,0.0,0.0,0.0,0.0,490054.0,0.0,0.0,495893.0,495893.0,10411.0,5839.0,-490054.0,0.0,-495893.0,0.0,644309.0,146473.0,0.0,809500.0,-663027.0,0.0,-0.01,-0.01,107158345,107158345,https://www.sedar.com/ModifyCompanyDocumentSearchForm.do?lang=EN&company_search=Fortune Minerals Ltd&document_selection=0&industry_group=A&FromDate=13&FromMonth=05&FromYear=2000&ToDate=13&ToMonth=11&ToYear=2020&Variable=Issuer,https://www.sedar.com/ModifyCompanyDocumentSearchForm.do?lang=EN&company_search=Fortune Minerals Ltd&document_selection=0&industry_group=A&FromDate=13&FromMonth=05&FromYear=2000&ToDate=13&ToMonth=11&ToYear=2020&Variable=Issuer,1620592295,16:31:35,20210509
40,2010-12-31,FT.TO,CAD,2010-12-31,2010-12-31,Q4,6073.0,0.0,6073.0,1.0,0.0,1077830.0,0.0,0.0,648619.0,648619.0,-82965.0,4711.0,-637835.0,-105.0279927548164,-642546.0,-105.80372138975794,0.0,-605158.0,-99.64729128931336,-147000.0,-458158.0,-75.44179153630824,-0.0012742425168657924,-0.0012742425168657924,359553220,359553220,https://www.sedar.com/ModifyCompanyDocumentSearchForm.do?lang=EN&company_search=Fortune Minerals Ltd&document_selection=0&industry_group=A&FromDate=13&FromMonth=05&FromYear=2000&ToDate=13&ToMonth=11&ToYear=2020&Variable=Issuer,https://www.sedar.com/ModifyCompanyDocumentSearchForm.do?lang=EN&company_search=Fortune Minerals Ltd&document_selection=0&industry_group=A&FromDate=13&FromMonth=05&FromYear=2000&ToDate=13&ToMonth=11&ToYear=2020&Variable=Issuer,1620592295,16:31:35,20210509
41,2010-09-30,FT.TO,CAD,2010-09-30,2010-09-30,Q3,5397.0,0.0,5397.0,1.0,0.0,224907.0,0.0,0.0,329942.0,329942.0,83523.0,4512.0,-320033.0,-59.298313878080414,-324545.0,-60.134333889197706,0.0,-456496.0,-84.58328701130257,-12000.0,-444496.0,-82.35982953492682,-0.00464790165532978,-0.00464790165532978,95633693,95633693,https://www.sedar.com/ModifyCompanyDocumentSearchForm.do?lang=EN&company_search=Fortune Minerals Ltd&document_selection=0&industry_group=A&FromDate=13&FromMonth=05&FromYear=2000&ToDate=13&ToMonth=11&ToYear=2020&Variable=Issuer,https://www.sedar.com/ModifyCompanyDocumentSearchForm.do?lang=EN&company_search=Fortune Minerals Ltd&document_selection=0&industry_group=A&FromDate=13&FromMonth=05&FromYear=2000&ToDate=13&ToMonth=11&ToYear=2020&Variable=Issuer,1620592295,16:31:35,20210509
42,2010-06-30,FT.TO,CAD,2010-06-30,2010-06-30,Q2,5222.0,0.0,5222.0,1.0,0.0,521908.0,0.0,86946.0,820859.0,820859.0,83524.0,4443.0,-811194.0,-155.34163155878974,-815637.0,-156.19245499808503,86946.0,-812215.0,-155.53715051704327,-332525.0,-479690.0,-91.85944082726924,-0.005061120502684723,-0.005022307067512291,94779407,95511882,https://www.sedar.com/ModifyCompanyDocumentSearchForm.do?lang=EN&company_search=Fortune Minerals Ltd&document_selection=0&industry_group=A&FromDate=13&FromMonth=05&FromYear=2000&ToDate=13&ToMonth=11&ToYear=2020&Variable=Issuer,https://www.sedar.com/ModifyCompanyDocumentSearchForm.do?lang=EN&company_search=Fortune Minerals Ltd&document_selection=0&industry_group=A&FromDate=13&FromMonth=05&FromYear=2000&ToDate=13&ToMonth=11&ToYear=2020&Variable=Issuer,1620592295,16:31:35,20210509
43,2010-03-31,FT.TO,CAD,2010-03-31,2010-03-31,Q1,8197.0,0.0,8197.0,1.0,0.0,266029.0,0.0,74842.0,269581.0,269581.0,82407.0,3552.0,-257832.0,-31.454434549225326,-261384.0,-31.887763816030255,74842.0,-418633.0,-51.07148956935464,-89700.0,-328933.0,-40.1284616323045,-0.0034705112683391234,-0.003443896121741167,94779407,95511882,https://www.sedar.com/ModifyCompanyDocumentSearchForm.do?lang=EN&company_search=Fortune Minerals Ltd&document_selection=0&industry_group=A&FromDate=13&FromMonth=05&FromYear=2000&ToDate=13&ToMonth=11&ToYear=2020&Variable=Issuer,https://www.sedar.com/ModifyCompanyDocumentSearchForm.do?lang=EN&company_search=Fortune Minerals Ltd&document_selection=0&industry_group=A&FromDate=13&FromMonth=05&FromYear=2000&ToDate=13&ToMonth=11&ToYear=2020&Variable=Issuer,1620592295,16:31:35,20210509
44,2009-12-31,FT.TO,CAD,2009-12-31,2009-12-31,Q4,3636.0,0.0,3636.0,1.0,0.0,558236.0,0.0,-25430.0,346716.0,346716.0,81850.0,4980.0,-338100.0,-92.98679867986799,-343080.0,-94.35643564356435,-25430.0,-450360.0,-123.86138613861387,-58000.0,-392360.0,-107.9097909790979,-0.0010912431823027478,-0.0010912431823027478,359553220,359553220,https://www.sedar.com/ModifyCompanyDocumentSearchForm.do?lang=EN&company_search=Fortune Minerals Ltd&document_selection=0&industry_group=A&FromDate=13&FromMonth=05&FromYear=2000&ToDate=13&ToMonth=11&ToYear=2020&Variable=Issuer,https://www.sedar.com/ModifyCompanyDocumentSearchForm.do?lang=EN&company_search=Fortune Minerals Ltd&document_selection=0&industry_group=A&FromDate=13&FromMonth=05&FromYear=2000&ToDate=13&ToMonth=11&ToYear=2020&Variable=Issuer,1620592295,16:31:35,20210509
45,2009-09-30,FT.TO,CAD,2009-09-30,2009-09-30,Q3,6032.0,0.0,6032.0,1.0,0.0,247700.0,0.0,-53757.0,252658.0,252658.0,81849.0,4958.0,-241668.0,-40.064323607427056,-246626.0,-40.886273209549074,-53757.0,-382232.0,-63.36737400530504,-158000.0,-224232.0,-37.173740053050395,-0.0036979755121101226,-0.0036979755121101226,60636421,60636421,https://www.sedar.com/ModifyCompanyDocumentSearchForm.do?lang=EN&company_search=Fortune Minerals Ltd&document_selection=0&industry_group=A&FromDate=13&FromMonth=05&FromYear=2000&ToDate=13&ToMonth=11&ToYear=2020&Variable=Issuer,https://www.sedar.com/ModifyCompanyDocumentSearchForm.do?lang=EN&company_search=Fortune Minerals Ltd&document_selection=0&industry_group=A&FromDate=13&FromMonth=05&FromYear=2000&ToDate=13&ToMonth=11&ToYear=2020&Variable=Issuer,1620592295,16:31:35,20210509
46,2009-06-30,FT.TO,CAD,2009-06-30,2009-06-30,Q2,21180.0,0.0,21180.0,1.0,0.0,461573.0,0.0,0.0,466451.0,466451.0,81850.0,4878.0,-440393.0,-20.792870632672333,-445271.0,-21.02318224740321,0.0,-527121.0,-24.887677053824362,-3800.0,-523321.0,-24.70826251180359,-0.01,-0.01,57604056,57604056,https://www.sedar.com/ModifyCompanyDocumentSearchForm.do?lang=EN&company_search=Fortune Minerals Ltd&document_selection=0&industry_group=A&FromDate=13&FromMonth=05&FromYear=2000&ToDate=13&ToMonth=11&ToYear=2020&Variable=Issuer,https://www.sedar.com/ModifyCompanyDocumentSearchForm.do?lang=EN&company_search=Fortune Minerals Ltd&document_selection=0&industry_group=A&FromDate=13&FromMonth=05&FromYear=2000&ToDate=13&ToMonth=11&ToYear=2020&Variable=Issuer,1620592295,16:31:35,20210509
47,2009-03-31,FT.TO,CAD,2009-03-31,2009-03-31,Q1,19486.0,0.0,19486.0,1.0,0.0,239865.0,0.0,0.0,244742.0,244742.0,27283.0,4877.0,-220379.0,-11.30960689725957,-225256.0,-11.559889151185466,0.0,-252539.0,-12.960022580314071,-60000.0,-192539.0,-9.880888843272093,-0.003466041928596105,-0.003466041928596105,55550107,55550107,https://www.sedar.com/ModifyCompanyDocumentSearchForm.do?lang=EN&company_search=Fortune Minerals Ltd&document_selection=0&industry_group=A&FromDate=13&FromMonth=05&FromYear=2000&ToDate=13&ToMonth=11&ToYear=2020&Variable=Issuer,https://www.sedar.com/ModifyCompanyDocumentSearchForm.do?lang=EN&company_search=Fortune Minerals Ltd&document_selection=0&industry_group=A&FromDate=13&FromMonth=05&FromYear=2000&ToDate=13&ToMonth=11&ToYear=2020&Variable=Issuer,1620592295,16:31:35,20210509
48,2008-12-31,FT.TO,CAD,2008-12-31,2008-12-31,Q4,74981.0,0.0,0.0,0.0,0.0,664316.0,0.0,0.0,669753.0,669753.0,0.0,5437.0,-589335.0,-7.859791147090596,-594772.0,-7.932302850055347,0.0,-427749.0,-5.704765207185821,-31000.0,-396749.0,-5.29132713620784,-0.0011034499983062314,-0.0011034499983062314,359553220,359553220,https://www.sedar.com/ModifyCompanyDocumentSearchForm.do?lang=EN&company_search=Fortune Minerals Ltd&document_selection=0&industry_group=A&FromDate=13&FromMonth=05&FromYear=2000&ToDate=13&ToMonth=11&ToYear=2020&Variable=Issuer,https://www.sedar.com/ModifyCompanyDocumentSearchForm.do?lang=EN&company_search=Fortune Minerals Ltd&document_selection=0&industry_group=A&FromDate=13&FromMonth=05&FromYear=2000&ToDate=13&ToMonth=11&ToYear=2020&Variable=Issuer,1620592295,16:31:35,20210509
49,2008-09-30,FT.TO,CAD,2008-09-30,2008-09-30,Q3,98461.0,0.0,0.0,0.0,0.0,649240.0,0.0,0.0,654043.0,654043.0,0.0,4803.0,-550779.0,-5.593879810280212,-555582.0,-5.64266054579986,-167023.0,-722605.0,-7.338997166390754,-30000.0,-692605.0,-7.034308000121876,-0.01,-0.01,50353747,50353747,https://www.sedar.com/ModifyCompanyDocumentSearchForm.do?lang=EN&company_search=Fortune Minerals Ltd&document_selection=0&industry_group=A&FromDate=13&FromMonth=05&FromYear=2000&ToDate=13&ToMonth=11&ToYear=2020&Variable=Issuer,https://www.sedar.com/ModifyCompanyDocumentSearchForm.do?lang=EN&company_search=Fortune Minerals Ltd&document_selection=0&industry_group=A&FromDate=13&FromMonth=05&FromYear=2000&ToDate=13&ToMonth=11&ToYear=2020&Variable=Issuer,1620592295,16:31:35,20210509
50,2008-06-30,FT.TO,CAD,2008-06-30,2008-06-30,Q2,137026.0,0.0,0.0,0.0,0.0,323969.0,0.0,0.0,330042.0,330042.0,0.0,6073.0,-186943.0,-1.3642885291842424,-193016.0,-1.4086085852319998,0.0,-193016.0,-1.4086085852319998,-75500.0,-117516.0,-0.8576182622276064,-0.002346,-0.002346,49969308,49969308,https://www.sedar.com/ModifyCompanyDocumentSearchForm.do?lang=EN&company_search=Fortune Minerals Ltd&document_selection=0&industry_group=A&FromDate=13&FromMonth=05&FromYear=2000&ToDate=13&ToMonth=11&ToYear=2020&Variable=Issuer,https://www.sedar.com/ModifyCompanyDocumentSearchForm.do?lang=EN&company_search=Fortune Minerals Ltd&document_selection=0&industry_group=A&FromDate=13&FromMonth=05&FromYear=2000&ToDate=13&ToMonth=11&ToYear=2020&Variable=Issuer,1620592295,16:31:35,20210509
51,2008-03-31,FT.TO,CAD,2008-03-31,2008-03-31,Q1,196453.0,0.0,0.0,0.0,0.0,425918.0,0.0,0.0,430876.0,430876.0,0.0,4958.0,-229465.0,-1.1680401928196567,-234423.0,-1.1932777814540882,0.0,-234423.0,-1.1932777814540882,-62500.0,-171923.0,-0.875135528599716,-0.003441,-0.003441,49969308,49969308,https://www.sedar.com/ModifyCompanyDocumentSearchForm.do?lang=EN&company_search=Fortune Minerals Ltd&document_selection=0&industry_group=A&FromDate=13&FromMonth=05&FromYear=2000&ToDate=13&ToMonth=11&ToYear=2020&Variable=Issuer,https://www.sedar.com/ModifyCompanyDocumentSearchForm.do?lang=EN&company_search=Fortune Minerals Ltd&document_selection=0&industry_group=A&FromDate=13&FromMonth=05&FromYear=2000&ToDate=13&ToMonth=11&ToYear=2020&Variable=Issuer,1620592295,16:31:35,20210509
52,2007-12-31,FT.TO,CAD,2007-12-31,2007-12-31,Q4,294749.0,0.0,0.0,0.0,0.0,280851.0,0.0,0.0,282822.0,282822.0,0.0,1971.0,13898.0,0.04715198355210705,11927.0,0.04046493796416612,-39.0,0.0,0.0,0.0,2457888.0,8.338918876739191,0.0068359504609637484,0.0068359504609637484,359553220,359553220,https://www.sedar.com/ModifyCompanyDocumentSearchForm.do?lang=EN&company_search=Fortune Minerals Ltd&document_selection=0&industry_group=A&FromDate=13&FromMonth=05&FromYear=2000&ToDate=13&ToMonth=11&ToYear=2020&Variable=Issuer,https://www.sedar.com/ModifyCompanyDocumentSearchForm.do?lang=EN&company_search=Fortune Minerals Ltd&document_selection=0&industry_group=A&FromDate=13&FromMonth=05&FromYear=2000&ToDate=13&ToMonth=11&ToYear=2020&Variable=Issuer,1620592295,16:31:35,20210509
53,2007-09-30,FT.TO,CAD,2007-09-30,2007-09-30,Q3,203966.0,0.0,0.0,0.0,0.0,279911.0,0.0,-41623.0,281570.0,281570.0,0.0,1659.0,-75945.0,-0.3723414686761519,-77604.0,-0.38047517723542157,-42097.0,0.0,0.0,0.0,-119701.0,-0.5868674190796506,-0.00307,-0.00307,38996407,38996407,https://www.sedar.com/ModifyCompanyDocumentSearchForm.do?lang=EN&company_search=Fortune Minerals Ltd&document_selection=0&industry_group=A&FromDate=13&FromMonth=05&FromYear=2000&ToDate=13&ToMonth=11&ToYear=2020&Variable=Issuer,https://www.sedar.com/ModifyCompanyDocumentSearchForm.do?lang=EN&company_search=Fortune Minerals Ltd&document_selection=0&industry_group=A&FromDate=13&FromMonth=05&FromYear=2000&ToDate=13&ToMonth=11&ToYear=2020&Variable=Issuer,1620592295,16:31:35,20210509
54,2007-06-30,FT.TO,CAD,2007-06-30,2007-06-30,Q2,91495.0,0.0,0.0,0.0,0.0,201591.0,0.0,0.0,203095.0,203095.0,0.0,1504.0,-110096.0,-1.203300726815673,-111600.0,-1.2197387835400841,-896.0,0.0,0.0,0.0,-112496.0,-1.2295316683971802,-0.002888,-0.002888,38954308,38954308,https://www.sedar.com/ModifyCompanyDocumentSearchForm.do?lang=EN&company_search=Fortune Minerals Ltd&document_selection=0&industry_group=A&FromDate=13&FromMonth=05&FromYear=2000&ToDate=13&ToMonth=11&ToYear=2020&Variable=Issuer,https://www.sedar.com/ModifyCompanyDocumentSearchForm.do?lang=EN&company_search=Fortune Minerals Ltd&document_selection=0&industry_group=A&FromDate=13&FromMonth=05&FromYear=2000&ToDate=13&ToMonth=11&ToYear=2020&Variable=Issuer,1620592295,16:31:35,20210509
55,2007-03-31,FT.TO,CAD,2007-03-31,2007-03-31,Q1,109340.0,0.0,0.0,0.0,0.0,137801.0,0.0,0.0,139490.0,139490.0,0.0,1689.0,-28461.0,-0.26029815255167366,-30150.0,-0.2757453813791842,526.0,-30150.0,-0.2757453813791842,0.0,-29624.0,-0.2709346991037132,-0.000761,-0.000761,38936407,38936407,https://www.sedar.com/ModifyCompanyDocumentSearchForm.do?lang=EN&company_search=Fortune Minerals Ltd&document_selection=0&industry_group=A&FromDate=13&FromMonth=05&FromYear=2000&ToDate=13&ToMonth=11&ToYear=2020&Variable=Issuer,https://www.sedar.com/ModifyCompanyDocumentSearchForm.do?lang=EN&company_search=Fortune Minerals Ltd&document_selection=0&industry_group=A&FromDate=13&FromMonth=05&FromYear=2000&ToDate=13&ToMonth=11&ToYear=2020&Variable=Issuer,1620592295,16:31:35,20210509
56,2006-12-31,FT.TO,CAD,2006-12-31,2006-12-31,Q4,0.0,0.0,0.0,0.0,0.0,676410.0,0.0,0.0,678865.0,678865.0,0.0,2455.0,-80376.0,0.0,-82831.0,0.0,-53633.0,0.0,0.0,0.0,18856.0,0.0,5.244286228336378e-05,5.244286228336378e-05,359553220,359553220,https://www.sedar.com/ModifyCompanyDocumentSearchForm.do?lang=EN&company_search=Fortune Minerals Ltd&document_selection=0&industry_group=A&FromDate=13&FromMonth=05&FromYear=2000&ToDate=13&ToMonth=11&ToYear=2020&Variable=Issuer,https://www.sedar.com/ModifyCompanyDocumentSearchForm.do?lang=EN&company_search=Fortune Minerals Ltd&document_selection=0&industry_group=A&FromDate=13&FromMonth=05&FromYear=2000&ToDate=13&ToMonth=11&ToYear=2020&Variable=Issuer,1620592295,16:31:35,20210509
57,2006-09-30,FT.TO,CAD,2006-09-30,2006-09-30,Q3,0.0,0.0,0.0,0.0,0.0,96696.0,0.0,31629.0,98107.0,98107.0,0.0,1411.0,-96696.0,0.0,-98107.0,0.0,31713.0,0.0,0.0,0.0,189991.0,0.0,0.00506,0.00506,37550407,37550407,https://www.sedar.com/ModifyCompanyDocumentSearchForm.do?lang=EN&company_search=Fortune Minerals Ltd&document_selection=0&industry_group=A&FromDate=13&FromMonth=05&FromYear=2000&ToDate=13&ToMonth=11&ToYear=2020&Variable=Issuer,https://www.sedar.com/ModifyCompanyDocumentSearchForm.do?lang=EN&company_search=Fortune Minerals Ltd&document_selection=0&industry_group=A&FromDate=13&FromMonth=05&FromYear=2000&ToDate=13&ToMonth=11&ToYear=2020&Variable=Issuer,1620592295,16:31:35,20210509
58,2006-06-30,FT.TO,CAD,2006-06-30,2006-06-30,Q2,0.0,0.0,0.0,0.0,0.0,227174.0,0.0,0.0,230639.0,230639.0,0.0,3465.0,-227174.0,0.0,-230639.0,0.0,-540.0,0.0,0.0,0.0,-102386.0,0.0,-0.002909,-0.002909,35200515,35200515,https://www.sedar.com/ModifyCompanyDocumentSearchForm.do?lang=EN&company_search=Fortune Minerals Ltd&document_selection=0&industry_group=A&FromDate=13&FromMonth=05&FromYear=2000&ToDate=13&ToMonth=11&ToYear=2020&Variable=Issuer,https://www.sedar.com/ModifyCompanyDocumentSearchForm.do?lang=EN&company_search=Fortune Minerals Ltd&document_selection=0&industry_group=A&FromDate=13&FromMonth=05&FromYear=2000&ToDate=13&ToMonth=11&ToYear=2020&Variable=Issuer,1620592295,16:31:35,20210509
59,2006-03-31,FT.TO,CAD,2006-03-31,2006-03-31,Q1,139502.0,0.0,0.0,0.0,0.0,282811.0,0.0,0.0,285098.0,285098.0,0.0,2287.0,-143309.0,-1.0272899313271495,-145596.0,-1.0436839615202649,-70.0,0.0,0.0,0.0,-145666.0,-1.0441857464409112,-0.004156,-0.004156,35051403,35051403,https://www.sedar.com/ModifyCompanyDocumentSearchForm.do?lang=EN&company_search=Fortune Minerals Ltd&document_selection=0&industry_group=A&FromDate=13&FromMonth=05&FromYear=2000&ToDate=13&ToMonth=11&ToYear=2020&Variable=Issuer,https://www.sedar.com/ModifyCompanyDocumentSearchForm.do?lang=EN&company_search=Fortune Minerals Ltd&document_selection=0&industry_group=A&FromDate=13&FromMonth=05&FromYear=2000&ToDate=13&ToMonth=11&ToYear=2020&Variable=Issuer,1620592295,16:31:35,20210509
60,2005-12-31,FT.TO,CAD,2005-12-31,2005-12-31,Q4,155846.0,0.0,0.0,0.0,0.0,115857.0,0.0,0.0,118243.0,118243.0,0.0,2386.0,39989.0,0.25659304698227736,37603.0,0.24128306148377243,0.0,0.0,0.0,0.0,-181419.0,-1.1640914749175468,-0.0005045678634167148,-0.0005045678634167148,359553220,359553220,https://www.sedar.com/ModifyCompanyDocumentSearchForm.do?lang=EN&company_search=Fortune Minerals Ltd&document_selection=0&industry_group=A&FromDate=13&FromMonth=05&FromYear=2000&ToDate=13&ToMonth=11&ToYear=2020&Variable=Issuer,https://www.sedar.com/ModifyCompanyDocumentSearchForm.do?lang=EN&company_search=Fortune Minerals Ltd&document_selection=0&industry_group=A&FromDate=13&FromMonth=05&FromYear=2000&ToDate=13&ToMonth=11&ToYear=2020&Variable=Issuer,1620592295,16:31:35,20210509
61,2005-09-30,FT.TO,CAD,2005-09-30,2005-09-30,Q3,132275.0,0.0,0.0,0.0,0.0,117890.0,0.0,0.0,131172.0,131172.0,0.0,13282.0,14385.0,0.10875070875070875,1103.0,0.008338688338688338,0.0,0.0,0.0,0.0,1103.0,0.008338688338688338,3.3e-05,3.3e-05,33284278,33284278,https://www.sedar.com/ModifyCompanyDocumentSearchForm.do?lang=EN&company_search=Fortune Minerals Ltd&document_selection=0&industry_group=A&FromDate=13&FromMonth=05&FromYear=2000&ToDate=13&ToMonth=11&ToYear=2020&Variable=Issuer,https://www.sedar.com/ModifyCompanyDocumentSearchForm.do?lang=EN&company_search=Fortune Minerals Ltd&document_selection=0&industry_group=A&FromDate=13&FromMonth=05&FromYear=2000&ToDate=13&ToMonth=11&ToYear=2020&Variable=Issuer,1620592295,16:31:35,20210509
62,2005-06-30,FT.TO,CAD,2005-06-30,2005-06-30,Q2,177035.0,0.0,0.0,0.0,0.0,364197.0,0.0,0.0,365855.0,365855.0,0.0,1658.0,-187162.0,-1.0572033778631345,-188820.0,-1.066568757590307,-177035.0,-188820.0,-1.066568757590307,0.0,-188820.0,-1.066568757590307,-0.01,-0.01,34037573,34037573,https://www.sedar.com/ModifyCompanyDocumentSearchForm.do?lang=EN&company_search=Fortune Minerals Ltd&document_selection=0&industry_group=A&FromDate=13&FromMonth=05&FromYear=2000&ToDate=13&ToMonth=11&ToYear=2020&Variable=Issuer,https://www.sedar.com/ModifyCompanyDocumentSearchForm.do?lang=EN&company_search=Fortune Minerals Ltd&document_selection=0&industry_group=A&FromDate=13&FromMonth=05&FromYear=2000&ToDate=13&ToMonth=11&ToYear=2020&Variable=Issuer,1620592295,16:31:35,20210509
63,2005-03-31,FT.TO,CAD,2005-03-31,2005-03-31,Q1,114532.0,0.0,0.0,0.0,0.0,146933.0,0.0,0.0,148114.0,148114.0,0.0,1181.0,-32401.0,-0.2828991024342542,-33582.0,-0.29321063109000106,0.0,0.0,0.0,0.0,-33582.0,-0.29321063109000106,-0.001031,-0.001031,32563435,32563435,https://www.sedar.com/ModifyCompanyDocumentSearchForm.do?lang=EN&company_search=Fortune Minerals Ltd&document_selection=0&industry_group=A&FromDate=13&FromMonth=05&FromYear=2000&ToDate=13&ToMonth=11&ToYear=2020&Variable=Issuer,https://www.sedar.com/ModifyCompanyDocumentSearchForm.do?lang=EN&company_search=Fortune Minerals Ltd&document_selection=0&industry_group=A&FromDate=13&FromMonth=05&FromYear=2000&ToDate=13&ToMonth=11&ToYear=2020&Variable=Issuer,1620592295,16:31:35,20210509
64,2004-12-31,FT.TO,CAD,2004-12-31,2004-12-31,Q4,-875349.0,0.0,0.0,0.0,0.0,631433.0,0.0,0.0,632679.0,632679.0,0.0,1246.0,-1506782.0,1.7213499986862384,-1508028.0,1.7227734309401164,0.0,0.0,0.0,0.0,-631706.0,0.7216618742924251,-0.0017569193233758274,-0.0017569193233758274,359553220,359553220,https://www.sedar.com/ModifyCompanyDocumentSearchForm.do?lang=EN&company_search=Fortune Minerals Ltd&document_selection=0&industry_group=A&FromDate=13&FromMonth=05&FromYear=2000&ToDate=13&ToMonth=11&ToYear=2020&Variable=Issuer,https://www.sedar.com/ModifyCompanyDocumentSearchForm.do?lang=EN&company_search=Fortune Minerals Ltd&document_selection=0&industry_group=A&FromDate=13&FromMonth=05&FromYear=2000&ToDate=13&ToMonth=11&ToYear=2020&Variable=Issuer,1620592295,16:31:35,20210509
65,2004-09-30,FT.TO,CAD,2004-09-30,2004-09-30,Q3,1938.0,0.0,0.0,0.0,0.0,122617.0,0.0,0.0,123138.0,123138.0,0.0,521.0,-120679.0,-62.26986584107327,-121200.0,-62.538699690402474,0.0,0.0,0.0,0.0,-121200.0,-62.538699690402474,-0.01,-0.01,27033070,27033070,https://www.sedar.com/ModifyCompanyDocumentSearchForm.do?lang=EN&company_search=Fortune Minerals Ltd&document_selection=0&industry_group=A&FromDate=13&FromMonth=05&FromYear=2000&ToDate=13&ToMonth=11&ToYear=2020&Variable=Issuer,https://www.sedar.com/ModifyCompanyDocumentSearchForm.do?lang=EN&company_search=Fortune Minerals Ltd&document_selection=0&industry_group=A&FromDate=13&FromMonth=05&FromYear=2000&ToDate=13&ToMonth=11&ToYear=2020&Variable=Issuer,1620592295,16:31:35,20210509
66,2004-06-30,FT.TO,CAD,2004-06-30,2004-06-30,Q2,67544.0,0.0,0.0,0.0,0.0,147244.0,0.0,0.0,147766.0,147766.0,0.0,522.0,-79700.0,-1.179971574085041,-80222.0,-1.1876998697145564,0.0,-80222.0,-1.1876998697145564,0.0,-80222.0,-1.1876998697145564,-0.003108,-0.003108,25807730,25807730,https://www.sedar.com/ModifyCompanyDocumentSearchForm.do?lang=EN&company_search=Fortune Minerals Ltd&document_selection=0&industry_group=A&FromDate=13&FromMonth=05&FromYear=2000&ToDate=13&ToMonth=11&ToYear=2020&Variable=Issuer,https://www.sedar.com/ModifyCompanyDocumentSearchForm.do?lang=EN&company_search=Fortune Minerals Ltd&document_selection=0&industry_group=A&FromDate=13&FromMonth=05&FromYear=2000&ToDate=13&ToMonth=11&ToYear=2020&Variable=Issuer,1620592295,16:31:35,20210509
67,2004-03-31,FT.TO,CAD,2004-03-31,2004-03-31,Q1,29298.0,0.0,0.0,0.0,0.0,534516.0,0.0,0.0,535038.0,535038.0,0.0,522.0,-505218.0,-17.244112226090518,-505740.0,-17.26192914192095,0.0,0.0,0.0,0.0,-505740.0,-17.26192914192095,-0.02,-0.02,25440748,25440748,https://www.sedar.com/ModifyCompanyDocumentSearchForm.do?lang=EN&company_search=Fortune Minerals Ltd&document_selection=0&industry_group=A&FromDate=13&FromMonth=05&FromYear=2000&ToDate=13&ToMonth=11&ToYear=2020&Variable=Issuer,https://www.sedar.com/ModifyCompanyDocumentSearchForm.do?lang=EN&company_search=Fortune Minerals Ltd&document_selection=0&industry_group=A&FromDate=13&FromMonth=05&FromYear=2000&ToDate=13&ToMonth=11&ToYear=2020&Variable=Issuer,1620592295,16:31:35,20210509
68,2003-12-31,FT.TO,CAD,2003-12-31,2003-12-31,Q4,12485.0,0.0,0.0,0.0,0.0,514078.0,0.0,0.0,514979.0,514979.0,0.0,901.0,-501593.0,-40.175650780937126,-502494.0,-40.24781738085703,-12485.0,-502494.0,-40.24781738085703,-17500.0,-484994.0,-38.84613536243492,-0.0013488795900645806,-0.0013488795900645806,359553220,359553220,https://www.sedar.com/ModifyCompanyDocumentSearchForm.do?lang=EN&company_search=Fortune Minerals Ltd&document_selection=0&industry_group=A&FromDate=13&FromMonth=05&FromYear=2000&ToDate=13&ToMonth=11&ToYear=2020&Variable=Issuer,https://www.sedar.com/ModifyCompanyDocumentSearchForm.do?lang=EN&company_search=Fortune Minerals Ltd&document_selection=0&industry_group=A&FromDate=13&FromMonth=05&FromYear=2000&ToDate=13&ToMonth=11&ToYear=2020&Variable=Issuer,1620592295,16:31:35,20210509
69,2003-09-30,FT.TO,CAD,2003-09-30,2003-09-30,Q3,10504.0,0.0,0.0,0.0,0.0,70661.0,0.0,0.0,71506.0,71506.0,0.0,845.0,-60157.0,-5.727056359482102,-61002.0,-5.807501904036558,-10504.0,-61002.0,-5.807501904036558,0.0,-61002.0,-5.807501904036558,-0.002833,-0.002833,21534648,21534648,https://www.sedar.com/ModifyCompanyDocumentSearchForm.do?lang=EN&company_search=Fortune Minerals Ltd&document_selection=0&industry_group=A&FromDate=13&FromMonth=05&FromYear=2000&ToDate=13&ToMonth=11&ToYear=2020&Variable=Issuer,https://www.sedar.com/ModifyCompanyDocumentSearchForm.do?lang=EN&company_search=Fortune Minerals Ltd&document_selection=0&industry_group=A&FromDate=13&FromMonth=05&FromYear=2000&ToDate=13&ToMonth=11&ToYear=2020&Variable=Issuer,1620592295,16:31:35,20210509
70,2003-06-30,FT.TO,CAD,2003-06-30,2003-06-30,Q2,19510.0,0.0,0.0,0.0,0.0,103373.0,0.0,0.0,104359.0,104359.0,0.0,986.0,-83863.0,-4.298462327011789,-84849.0,-4.349000512557663,0.0,-84849.0,-4.349000512557663,-122000.0,37151.0,1.9042029728344438,0.001834,0.001834,20259718,20259718,https://www.sedar.com/ModifyCompanyDocumentSearchForm.do?lang=EN&company_search=Fortune Minerals Ltd&document_selection=0&industry_group=A&FromDate=13&FromMonth=05&FromYear=2000&ToDate=13&ToMonth=11&ToYear=2020&Variable=Issuer,https://www.sedar.com/ModifyCompanyDocumentSearchForm.do?lang=EN&company_search=Fortune Minerals Ltd&document_selection=0&industry_group=A&FromDate=13&FromMonth=05&FromYear=2000&ToDate=13&ToMonth=11&ToYear=2020&Variable=Issuer,1620592295,16:31:35,20210509
71,2003-03-31,FT.TO,CAD,2003-03-31,2003-03-31,Q1,4178.0,0.0,0.0,0.0,0.0,95622.0,0.0,0.0,96827.0,96827.0,0.0,1205.0,-91444.0,-21.887027285782672,-92649.0,-22.17544279559598,0.0,-92649.0,-22.17544279559598,0.0,-92649.0,-22.17544279559598,-0.004596,-0.004596,20159718,20159718,https://www.sedar.com/ModifyCompanyDocumentSearchForm.do?lang=EN&company_search=Fortune Minerals Ltd&document_selection=0&industry_group=A&FromDate=13&FromMonth=05&FromYear=2000&ToDate=13&ToMonth=11&ToYear=2020&Variable=Issuer,https://www.sedar.com/ModifyCompanyDocumentSearchForm.do?lang=EN&company_search=Fortune Minerals Ltd&document_selection=0&industry_group=A&FromDate=13&FromMonth=05&FromYear=2000&ToDate=13&ToMonth=11&ToYear=2020&Variable=Issuer,1620592295,16:31:35,20210509
72,2002-12-31,FT.TO,CAD,2002-12-31,2002-12-31,Q4,0.0,0.0,0.0,0.0,0.0,61376.0,0.0,0.0,62710.0,62710.0,0.0,354.0,-14822.0,0.0,-15176.0,0.0,0.0,-81145.0,0.0,19500.0,-100645.0,0.0,-0.000279916836789836,-0.000279916836789836,359553220,359553220,https://www.sedar.com/ModifyCompanyDocumentSearchForm.do?lang=EN&company_search=Fortune Minerals Ltd&document_selection=0&industry_group=A&FromDate=13&FromMonth=05&FromYear=2000&ToDate=13&ToMonth=11&ToYear=2020&Variable=Issuer,https://www.sedar.com/ModifyCompanyDocumentSearchForm.do?lang=EN&company_search=Fortune Minerals Ltd&document_selection=0&industry_group=A&FromDate=13&FromMonth=05&FromYear=2000&ToDate=13&ToMonth=11&ToYear=2020&Variable=Issuer,1620592295,16:31:35,20210509
73,2002-09-30,FT.TO,CAD,2002-09-30,2002-09-30,Q3,0.0,0.0,0.0,0.0,0.0,67845.0,0.0,0.0,69795.0,69795.0,0.0,1594.0,-68201.0,0.0,-69795.0,0.0,0.0,-60878.0,0.0,-17000.0,-43878.0,0.0,-0.002241,-0.002241,19575546,19575546,https://www.sedar.com/ModifyCompanyDocumentSearchForm.do?lang=EN&company_search=Fortune Minerals Ltd&document_selection=0&industry_group=A&FromDate=13&FromMonth=05&FromYear=2000&ToDate=13&ToMonth=11&ToYear=2020&Variable=Issuer,https://www.sedar.com/ModifyCompanyDocumentSearchForm.do?lang=EN&company_search=Fortune Minerals Ltd&document_selection=0&industry_group=A&FromDate=13&FromMonth=05&FromYear=2000&ToDate=13&ToMonth=11&ToYear=2020&Variable=Issuer,1620592295,16:31:35,20210509
74,2002-06-30,FT.TO,CAD,2002-06-30,2002-06-30,Q2,0.0,0.0,0.0,0.0,0.0,81844.0,0.0,0.0,83493.0,83493.0,0.0,1594.0,-81899.0,0.0,-83493.0,0.0,0.0,-67495.0,0.0,-17000.0,-50495.0,0.0,-0.002579,-0.002579,19575546,19575546,https://www.sedar.com/ModifyCompanyDocumentSearchForm.do?lang=EN&company_search=Fortune Minerals Ltd&document_selection=0&industry_group=A&FromDate=13&FromMonth=05&FromYear=2000&ToDate=13&ToMonth=11&ToYear=2020&Variable=Issuer,https://www.sedar.com/ModifyCompanyDocumentSearchForm.do?lang=EN&company_search=Fortune Minerals Ltd&document_selection=0&industry_group=A&FromDate=13&FromMonth=05&FromYear=2000&ToDate=13&ToMonth=11&ToYear=2020&Variable=Issuer,1620592295,16:31:35,20210509
75,2002-03-31,FT.TO,CAD,2002-03-31,2002-03-31,Q1,0.0,0.0,0.0,0.0,0.0,42436.0,0.0,0.0,49328.0,49328.0,0.0,1594.0,-47734.0,0.0,-49328.0,0.0,0.0,-29274.0,0.0,-7000.0,-22274.0,0.0,-0.001267,-0.001267,17586669,17586669,https://www.sedar.com/ModifyCompanyDocumentSearchForm.do?lang=EN&company_search=Fortune Minerals Ltd&document_selection=0&industry_group=A&FromDate=13&FromMonth=05&FromYear=2000&ToDate=13&ToMonth=11&ToYear=2020&Variable=Issuer,https://www.sedar.com/ModifyCompanyDocumentSearchForm.do?lang=EN&company_search=Fortune Minerals Ltd&document_selection=0&industry_group=A&FromDate=13&FromMonth=05&FromYear=2000&ToDate=13&ToMonth=11&ToYear=2020&Variable=Issuer,1620592295,16:31:35,20210509
76,2001-12-31,FT.TO,CAD,2001-12-31,2001-12-31,Q4,0.0,0.0,0.0,0.0,0.0,42488.0,0.0,0.0,52330.0,52330.0,0.0,1594.0,-50736.0,0.0,-52330.0,0.0,0.0,-155348.0,0.0,-19000.0,-136348.0,0.0,-0.00037921507141557513,-0.00037921507141557513,359553220,359553220,https://www.sedar.com/ModifyCompanyDocumentSearchForm.do?lang=EN&company_search=Fortune Minerals Ltd&document_selection=0&industry_group=A&FromDate=13&FromMonth=05&FromYear=2000&ToDate=13&ToMonth=11&ToYear=2020&Variable=Issuer,https://www.sedar.com/ModifyCompanyDocumentSearchForm.do?lang=EN&company_search=Fortune Minerals Ltd&document_selection=0&industry_group=A&FromDate=13&FromMonth=05&FromYear=2000&ToDate=13&ToMonth=11&ToYear=2020&Variable=Issuer,1620592295,16:31:35,20210509
77,2001-09-30,FT.TO,CAD,2001-09-30,2001-09-30,Q3,0.0,0.0,0.0,0.0,0.0,43891.0,0.0,0.0,56726.0,56726.0,0.0,1594.0,-55132.0,0.0,-56726.0,0.0,0.0,-16542.0,0.0,-7000.0,-9542.0,0.0,-0.000543,-0.000543,17586669,17586669,https://www.sedar.com/ModifyCompanyDocumentSearchForm.do?lang=EN&company_search=Fortune Minerals Ltd&document_selection=0&industry_group=A&FromDate=13&FromMonth=05&FromYear=2000&ToDate=13&ToMonth=11&ToYear=2020&Variable=Issuer,https://www.sedar.com/ModifyCompanyDocumentSearchForm.do?lang=EN&company_search=Fortune Minerals Ltd&document_selection=0&industry_group=A&FromDate=13&FromMonth=05&FromYear=2000&ToDate=13&ToMonth=11&ToYear=2020&Variable=Issuer,1620592295,16:31:35,20210509
78,2001-06-30,FT.TO,CAD,2001-06-30,2001-06-30,Q2,1.0,0.0,0.0,0.0,0.0,102548.0,0.0,0.0,116231.0,116231.0,0.0,1594.0,-114636.0,-114636.0,-116230.0,-116230.0,0.0,-75416.0,-75416.0,-51560.0,-23856.0,-23856.0,-0.001356,-0.001356,17586669,17586669,https://www.sedar.com/ModifyCompanyDocumentSearchForm.do?lang=EN&company_search=Fortune Minerals Ltd&document_selection=0&industry_group=A&FromDate=13&FromMonth=05&FromYear=2000&ToDate=13&ToMonth=11&ToYear=2020&Variable=Issuer,https://www.sedar.com/ModifyCompanyDocumentSearchForm.do?lang=EN&company_search=Fortune Minerals Ltd&document_selection=0&industry_group=A&FromDate=13&FromMonth=05&FromYear=2000&ToDate=13&ToMonth=11&ToYear=2020&Variable=Issuer,1620592295,16:31:35,20210509
79,2001-03-31,FT.TO,CAD,2001-03-31,2001-03-31,Q1,1.0,0.0,0.0,0.0,0.0,46417.0,0.0,0.0,48011.0,48011.0,0.0,1594.0,-46416.0,-46416.0,-48010.0,-48010.0,0.0,19306.0,19306.0,7560.0,11746.0,11746.0,0.000668,0.000668,17586669,17586669,https://www.sedar.com/ModifyCompanyDocumentSearchForm.do?lang=EN&company_search=Fortune Minerals Ltd&document_selection=0&industry_group=A&FromDate=13&FromMonth=05&FromYear=2000&ToDate=13&ToMonth=11&ToYear=2020&Variable=Issuer,https://www.sedar.com/ModifyCompanyDocumentSearchForm.do?lang=EN&company_search=Fortune Minerals Ltd&document_selection=0&industry_group=A&FromDate=13&FromMonth=05&FromYear=2000&ToDate=13&ToMonth=11&ToYear=2020&Variable=Issuer,1620592295,16:31:35,20210509
80,2000-12-31,FT.TO,CAD,2000-12-31,2000-12-31,Q4,1.0,0.0,0.0,0.0,0.0,83686.0,0.0,0.0,85466.0,85466.0,0.0,1780.0,-83685.0,-83685.0,-85465.0,-85465.0,63999.0,-221089.0,-221089.0,-90642.0,-66447.0,-66447.0,-0.00018480435246832165,-0.00018480435246832165,359553220,359553220,https://www.sedar.com/ModifyCompanyDocumentSearchForm.do?lang=EN&company_search=Fortune Minerals Ltd&document_selection=0&industry_group=A&FromDate=13&FromMonth=05&FromYear=2000&ToDate=13&ToMonth=11&ToYear=2020&Variable=Issuer,https://www.sedar.com/ModifyCompanyDocumentSearchForm.do?lang=EN&company_search=Fortune Minerals Ltd&document_selection=0&industry_group=A&FromDate=13&FromMonth=05&FromYear=2000&ToDate=13&ToMonth=11&ToYear=2020&Variable=Issuer,1620592295,16:31:35,20210509
81,2000-09-30,FT.TO,CAD,2000-09-30,2000-09-30,Q3,1.0,0.0,0.0,0.0,0.0,64602.0,0.0,0.0,66100.0,66100.0,0.0,0.0,-64601.0,-64601.0,-66099.0,-66099.0,0.0,10920.0,10920.0,7604.0,3316.0,3316.0,0.000189,0.000189,17586669,17586669,https://www.sedar.com/ModifyCompanyDocumentSearchForm.do?lang=EN&company_search=Fortune Minerals Ltd&document_selection=0&industry_group=A&FromDate=13&FromMonth=05&FromYear=2000&ToDate=13&ToMonth=11&ToYear=2020&Variable=Issuer,https://www.sedar.com/ModifyCompanyDocumentSearchForm.do?lang=EN&company_search=Fortune Minerals Ltd&document_selection=0&industry_group=A&FromDate=13&FromMonth=05&FromYear=2000&ToDate=13&ToMonth=11&ToYear=2020&Variable=Issuer,1620592295,16:31:35,20210509
82,2000-06-30,FT.TO,CAD,2000-06-30,2000-06-30,Q2,100000.0,0.0,0.0,0.0,0.0,0.0,0.0,0.0,0.0,0.0,0.0,0.0,100000.0,1.0,100000.0,1.0,0.0,0.0,0.0,-100000.0,0.0,0.0,0.0,0.0,17587000,17587000,https://www.sedar.com/ModifyCompanyDocumentSearchForm.do?lang=EN&company_search=Fortune Minerals Ltd&document_selection=0&industry_group=A&FromDate=13&FromMonth=05&FromYear=2000&ToDate=13&ToMonth=11&ToYear=2020&Variable=Issuer,https://www.sedar.com/ModifyCompanyDocumentSearchForm.do?lang=EN&company_search=Fortune Minerals Ltd&document_selection=0&industry_group=A&FromDate=13&FromMonth=05&FromYear=2000&ToDate=13&ToMonth=11&ToYear=2020&Variable=Issuer,1620592295,16:31:35,20210509
83,2000-03-31,FT.TO,CAD,2000-03-31,2000-03-31,Q1,100000.0,0.0,0.0,0.0,0.0,100000.0,0.0,0.0,100000.0,100000.0,0.0,0.0,0.0,0.0,0.0,0.0,0.0,0.0,0.0,-100000.0,0.0,0.0,0.0,0.0,17587000,17587000,https://www.sedar.com/ModifyCompanyDocumentSearchForm.do?lang=EN&company_search=Fortune Minerals Ltd&document_selection=0&industry_group=A&FromDate=13&FromMonth=05&FromYear=2000&ToDate=13&ToMonth=11&ToYear=2020&Variable=Issuer,https://www.sedar.com/ModifyCompanyDocumentSearchForm.do?lang=EN&company_search=Fortune Minerals Ltd&document_selection=0&industry_group=A&FromDate=13&FromMonth=05&FromYear=2000&ToDate=13&ToMonth=11&ToYear=2020&Variable=Issuer,1620592295,16:31:35,20210509
84,1999-12-31,FT.TO,CAD,1999-12-31,1999-12-31,Q4,0.0,0.0,0.0,0.0,0.0,0.0,0.0,0.0,0.0,0.0,0.0,0.0,0.0,0.0,0.0,0.0,-100000.0,0.0,0.0,0.0,-400000.0,0.0,-0.0011124917752092444,-0.0011124917752092444,359553220,359553220,https://www.sedar.com/ModifyCompanyDocumentSearchForm.do?lang=EN&company_search=Fortune Minerals Ltd&document_selection=0&industry_group=A&FromDate=13&FromMonth=05&FromYear=2000&ToDate=13&ToMonth=11&ToYear=2020&Variable=Issuer,https://www.sedar.com/ModifyCompanyDocumentSearchForm.do?lang=EN&company_search=Fortune Minerals Ltd&document_selection=0&industry_group=A&FromDate=13&FromMonth=05&FromYear=2000&ToDate=13&ToMonth=11&ToYear=2020&Variable=Issuer,1620592295,16:31:35,20210509
85,1999-09-30,FT.TO,CAD,1999-09-30,1999-09-30,Q3,100000.0,0.0,0.0,0.0,0.0,100000.0,0.0,0.0,100000.0,100000.0,0.0,0.0,0.0,0.0,0.0,0.0,1400000.0,0.0,0.0,0.0,1300000.0,13.0,0.08,0.08,16250000,16250000,https://www.sedar.com/ModifyCompanyDocumentSearchForm.do?lang=EN&company_search=Fortune Minerals Ltd&document_selection=0&industry_group=A&FromDate=13&FromMonth=05&FromYear=2000&ToDate=13&ToMonth=11&ToYear=2020&Variable=Issuer,https://www.sedar.com/ModifyCompanyDocumentSearchForm.do?lang=EN&company_search=Fortune Minerals Ltd&document_selection=0&industry_group=A&FromDate=13&FromMonth=05&FromYear=2000&ToDate=13&ToMonth=11&ToYear=2020&Variable=Issuer,1620592295,16:31:35,20210509
86,1999-06-30,FT.TO,CAD,1999-06-30,1999-06-30,Q2,100000.0,0.0,0.0,0.0,0.0,200000.0,0.0,0.0,200000.0,200000.0,0.0,0.0,-100000.0,-1.0,-100000.0,-1.0,0.0,0.0,0.0,0.0,0.0,0.0,0.0,0.0,17587000,17587000,https://www.sedar.com/ModifyCompanyDocumentSearchForm.do?lang=EN&company_search=Fortune Minerals Ltd&document_selection=0&industry_group=A&FromDate=13&FromMonth=05&FromYear=2000&ToDate=13&ToMonth=11&ToYear=2020&Variable=Issuer,https://www.sedar.com/ModifyCompanyDocumentSearchForm.do?lang=EN&company_search=Fortune Minerals Ltd&document_selection=0&industry_group=A&FromDate=13&FromMonth=05&FromYear=2000&ToDate=13&ToMonth=11&ToYear=2020&Variable=Issuer,1620592295,16:31:35,20210509
87,1999-03-31,FT.TO,CAD,1999-03-31,1999-03-31,Q1,100000.0,0.0,0.0,0.0,0.0,0.0,0.0,0.0,0.0,0.0,0.0,0.0,100000.0,1.0,100000.0,1.0,0.0,0.0,0.0,0.0,-100000.0,-1.0,-0.005852,-0.005852,17087000,17087000,https://www.sedar.com/ModifyCompanyDocumentSearchForm.do?lang=EN&company_search=Fortune Minerals Ltd&document_selection=0&industry_group=A&FromDate=13&FromMonth=05&FromYear=2000&ToDate=13&ToMonth=11&ToYear=2020&Variable=Issuer,https://www.sedar.com/ModifyCompanyDocumentSearchForm.do?lang=EN&company_search=Fortune Minerals Ltd&document_selection=0&industry_group=A&FromDate=13&FromMonth=05&FromYear=2000&ToDate=13&ToMonth=11&ToYear=2020&Variable=Issuer,1620592295,16:31:35,20210509
88,1998-12-31,FT.TO,CAD,1998-12-31,1998-12-31,Q4,0.0,0.0,0.0,0.0,0.0,100000.0,0.0,0.0,100000.0,100000.0,0.0,0.0,-100000.0,0.0,-100000.0,0.0,-300000.0,0.0,0.0,0.0,0.0,0.0,0.0,0.0,359553220,359553220,https://www.sedar.com/ModifyCompanyDocumentSearchForm.do?lang=EN&company_search=Fortune Minerals Ltd&document_selection=0&industry_group=A&FromDate=13&FromMonth=05&FromYear=2000&ToDate=13&ToMonth=11&ToYear=2020&Variable=Issuer,https://www.sedar.com/ModifyCompanyDocumentSearchForm.do?lang=EN&company_search=Fortune Minerals Ltd&document_selection=0&industry_group=A&FromDate=13&FromMonth=05&FromYear=2000&ToDate=13&ToMonth=11&ToYear=2020&Variable=Issuer,1620592295,16:31:35,20210509
89,1998-09-30,FT.TO,CAD,1998-09-30,1998-09-30,Q3,100000.0,0.0,0.0,0.0,0.0,0.0,0.0,0.0,0.0,0.0,0.0,0.0,100000.0,1.0,100000.0,1.0,100000.0,0.0,0.0,0.0,100000.0,1.0,0.005861,0.005861,17063000,17063000,https://www.sedar.com/ModifyCompanyDocumentSearchForm.do?lang=EN&company_search=Fortune Minerals Ltd&document_selection=0&industry_group=A&FromDate=13&FromMonth=05&FromYear=2000&ToDate=13&ToMonth=11&ToYear=2020&Variable=Issuer,https://www.sedar.com/ModifyCompanyDocumentSearchForm.do?lang=EN&company_search=Fortune Minerals Ltd&document_selection=0&industry_group=A&FromDate=13&FromMonth=05&FromYear=2000&ToDate=13&ToMonth=11&ToYear=2020&Variable=Issuer,1620592295,16:31:35,20210509
90,1998-06-30,FT.TO,CAD,1998-06-30,1998-06-30,Q2,100000.0,0.0,0.0,0.0,0.0,0.0,0.0,0.0,0.0,0.0,0.0,0.0,100000.0,1.0,100000.0,1.0,100000.0,0.0,0.0,0.0,0.0,0.0,0.0,0.0,17063000,17063000,https://www.sedar.com/ModifyCompanyDocumentSearchForm.do?lang=EN&company_search=Fortune Minerals Ltd&document_selection=0&industry_group=A&FromDate=13&FromMonth=05&FromYear=2000&ToDate=13&ToMonth=11&ToYear=2020&Variable=Issuer,https://www.sedar.com/ModifyCompanyDocumentSearchForm.do?lang=EN&company_search=Fortune Minerals Ltd&document_selection=0&industry_group=A&FromDate=13&FromMonth=05&FromYear=2000&ToDate=13&ToMonth=11&ToYear=2020&Variable=Issuer,1620592295,16:31:35,20210509
91,1998-03-31,FT.TO,CAD,1998-03-31,1998-03-31,Q1,100000.0,0.0,0.0,0.0,0.0,0.0,0.0,0.0,0.0,0.0,0.0,0.0,100000.0,1.0,100000.0,1.0,100000.0,0.0,0.0,0.0,0.0,0.0,0.0,0.0,17063000,17063000,https://www.sedar.com/ModifyCompanyDocumentSearchForm.do?lang=EN&company_search=Fortune Minerals Ltd&document_selection=0&industry_group=A&FromDate=13&FromMonth=05&FromYear=2000&ToDate=13&ToMonth=11&ToYear=2020&Variable=Issuer,https://www.sedar.com/ModifyCompanyDocumentSearchForm.do?lang=EN&company_search=Fortune Minerals Ltd&document_selection=0&industry_group=A&FromDate=13&FromMonth=05&FromYear=2000&ToDate=13&ToMonth=11&ToYear=2020&Variable=Issuer,1620592295,16:31:35,20210509
92,1997-12-31,FT.TO,CAD,1997-12-31,1997-12-31,Q4,0.0,0.0,0.0,0.0,0.0,100000.0,0.0,0.0,100000.0,100000.0,0.0,0.0,-100000.0,0.0,-100000.0,0.0,0.0,0.0,0.0,0.0,0.0,0.0,0.0,0.0,359553220,359553220,https://www.sedar.com/ModifyCompanyDocumentSearchForm.do?lang=EN&company_search=Fortune Minerals Ltd&document_selection=0&industry_group=A&FromDate=13&FromMonth=05&FromYear=2000&ToDate=13&ToMonth=11&ToYear=2020&Variable=Issuer,https://www.sedar.com/ModifyCompanyDocumentSearchForm.do?lang=EN&company_search=Fortune Minerals Ltd&document_selection=0&industry_group=A&FromDate=13&FromMonth=05&FromYear=2000&ToDate=13&ToMonth=11&ToYear=2020&Variable=Issuer,1620592295,16:31:35,20210509
93,1997-09-30,FT.TO,CAD,1997-09-30,1997-09-30,Q3,100000.0,0.0,0.0,0.0,0.0,0.0,0.0,100000.0,0.0,0.0,0.0,0.0,0.0,0.0,100000.0,1.0,200000.0,0.0,0.0,0.0,100000.0,1.0,0.01,0.01,17063000,17063000,https://www.sedar.com/ModifyCompanyDocumentSearchForm.do?lang=EN&company_search=Fortune Minerals Ltd&document_selection=0&industry_group=A&FromDate=13&FromMonth=05&FromYear=2000&ToDate=13&ToMonth=11&ToYear=2020&Variable=Issuer,https://www.sedar.com/ModifyCompanyDocumentSearchForm.do?lang=EN&company_search=Fortune Minerals Ltd&document_selection=0&industry_group=A&FromDate=13&FromMonth=05&FromYear=2000&ToDate=13&ToMonth=11&ToYear=2020&Variable=Issuer,1620592295,16:31:35,20210509
94,1997-06-30,FT.TO,CAD,1997-06-30,1997-06-30,Q2,100000.0,0.0,0.0,0.0,0.0,100000.0,0.0,0.0,100000.0,100000.0,0.0,0.0,0.0,0.0,0.0,0.0,0.0,0.0,0.0,0.0,0.0,0.0,0.0,0.0,17045937,17045937,https://www.sedar.com/ModifyCompanyDocumentSearchForm.do?lang=EN&company_search=Fortune Minerals Ltd&document_selection=0&industry_group=A&FromDate=13&FromMonth=05&FromYear=2000&ToDate=13&ToMonth=11&ToYear=2020&Variable=Issuer,https://www.sedar.com/ModifyCompanyDocumentSearchForm.do?lang=EN&company_search=Fortune Minerals Ltd&document_selection=0&industry_group=A&FromDate=13&FromMonth=05&FromYear=2000&ToDate=13&ToMonth=11&ToYear=2020&Variable=Issuer,1620592295,16:31:35,20210509
95,1997-03-31,FT.TO,CAD,1997-03-31,1997-03-31,Q1,100000.0,0.0,0.0,0.0,0.0,0.0,0.0,0.0,0.0,0.0,0.0,0.0,100000.0,1.0,100000.0,1.0,0.0,0.0,0.0,0.0,0.0,0.0,0.0,0.0,17045937,17045937,https://www.sedar.com/ModifyCompanyDocumentSearchForm.do?lang=EN&company_search=Fortune Minerals Ltd&document_selection=0&industry_group=A&FromDate=13&FromMonth=05&FromYear=2000&ToDate=13&ToMonth=11&ToYear=2020&Variable=Issuer,https://www.sedar.com/ModifyCompanyDocumentSearchForm.do?lang=EN&company_search=Fortune Minerals Ltd&document_selection=0&industry_group=A&FromDate=13&FromMonth=05&FromYear=2000&ToDate=13&ToMonth=11&ToYear=2020&Variable=Issuer,1620592295,16:31:35,20210509
