,date,symbol,reportedCurrency,fillingDate,acceptedDate,period,revenue,costOfRevenue,grossProfit,grossProfitRatio,researchAndDevelopmentExpenses,generalAndAdministrativeExpenses,sellingAndMarketingExpenses,otherExpenses,operatingExpenses,costAndExpenses,interestExpense,depreciationAndAmortization,ebitda,ebitdaratio,operatingIncome,operatingIncomeRatio,totalOtherIncomeExpensesNet,incomeBeforeTax,incomeBeforeTaxRatio,incomeTaxExpense,netIncome,netIncomeRatio,eps,epsdiluted,weightedAverageShsOut,weightedAverageShsOutDil,link,finalLink,timestamp,est_time,est_date
0,2019-06-30,TSG.L,USD,2019-06-30,2019-06-30,Q2,15777000.0,10075000.0,5702000.0,0.3614121822906763,0.0,2188750.0,0.0,0.0,0.0,12246750.0,410500.0,2999750.0,6530000.0,0.4138936426443557,3530250.0,0.2237592698231603,0.0,3148750.0,0.19957850034860874,897250.0,2251500.0,0.14270773911389997,0.022925,0.022925,98291305.0,98291305.0,https://find-and-update.company-information.service.gov.uk/search/companies?q=Trans-Siberian+Gold+PLC,https://find-and-update.company-information.service.gov.uk/search/companies?q=Trans-Siberian+Gold+PLC,1620599076,18:24:36,20210509
1,2019-03-31,TSG.L,USD,2019-03-31,2019-03-31,Q1,15777000.0,10075000.0,5702000.0,0.3614121822906763,0.0,2188750.0,0.0,0.0,0.0,12246750.0,410500.0,2999750.0,6530000.0,0.4138936426443557,3530250.0,0.2237592698231603,0.0,3148750.0,0.19957850034860874,897250.0,2251500.0,0.14270773911389997,0.022925,0.022925,98291305.0,98291305.0,https://find-and-update.company-information.service.gov.uk/search/companies?q=Trans-Siberian+Gold+PLC,https://find-and-update.company-information.service.gov.uk/search/companies?q=Trans-Siberian+Gold+PLC,1620599076,18:24:36,20210509
2,2019-01-31,TSG.L,USD,2019-01-31,2019-01-31,Q1,15777000.0,10075000.0,5702000.0,0.3614121822906763,0.0,2188750.0,0.0,0.0,0.0,12246750.0,410500.0,2999750.0,6530000.0,0.4138936426443557,3530250.0,0.2237592698231603,0.0,3148750.0,0.19957850034860874,897250.0,2251500.0,0.14270773911389997,0.022925,0.022925,98291305.0,98291305.0,https://find-and-update.company-information.service.gov.uk/search/companies?q=Trans-Siberian+Gold+PLC,https://find-and-update.company-information.service.gov.uk/search/companies?q=Trans-Siberian+Gold+PLC,1620599076,18:24:36,20210509
3,2018-06-30,TSG.L,USD,2018-06-30,2018-06-30,Q2,14942250.0,8461000.0,6481250.0,0.433753283474711,0.0,2098250.0,0.0,0.0,0.0,10489500.0,269250.0,2492000.0,6944750.0,0.46477270826013484,4452750.0,0.2979972895648246,0.0,4240750.0,0.28380933259716573,1132250.0,3108500.0,0.2080342652545634,0.02825,0.02825,110053073.0,110053073.0,https://find-and-update.company-information.service.gov.uk/search/companies?q=Trans-Siberian+Gold+PLC,https://find-and-update.company-information.service.gov.uk/search/companies?q=Trans-Siberian+Gold+PLC,1620599076,18:24:36,20210509
4,2018-03-31,TSG.L,USD,2018-03-31,2018-03-31,Q1,14942250.0,8461000.0,6481250.0,0.433753283474711,0.0,2098250.0,0.0,0.0,0.0,10489500.0,269250.0,2492000.0,6944750.0,0.46477270826013484,4452750.0,0.2979972895648246,0.0,4240750.0,0.28380933259716573,1132250.0,3108500.0,0.2080342652545634,0.02825,0.02825,110053073.0,110053073.0,https://find-and-update.company-information.service.gov.uk/search/companies?q=Trans-Siberian+Gold+PLC,https://find-and-update.company-information.service.gov.uk/search/companies?q=Trans-Siberian+Gold+PLC,1620599076,18:24:36,20210509
5,2018-01-31,TSG.L,USD,2018-01-31,2018-01-31,Q1,14942250.0,8461000.0,6481250.0,0.433753283474711,0.0,2098250.0,0.0,0.0,0.0,10489500.0,269250.0,2492000.0,6944750.0,0.46477270826013484,4452750.0,0.2979972895648246,0.0,4240750.0,0.28380933259716573,1132250.0,3108500.0,0.2080342652545634,0.02825,0.02825,110053073.0,110053073.0,https://find-and-update.company-information.service.gov.uk/search/companies?q=Trans-Siberian+Gold+PLC,https://find-and-update.company-information.service.gov.uk/search/companies?q=Trans-Siberian+Gold+PLC,1620599076,18:24:36,20210509
6,2017-06-30,TSG.L,USD,2017-06-30,2017-06-30,Q2,10861750.0,8149750.0,2712000.0,0.24968352245264344,0.0,1848000.0,0.0,0.0,0.0,9895000.0,304250.0,1991000.0,2957750.0,0.2723087900200244,966750.0,0.08900499459111101,0.0,759000.0,0.0698782424563261,130000.0,629000.0,0.05790963702902387,0.005725,0.005725,110053073.0,110053073.0,https://find-and-update.company-information.service.gov.uk/search/companies?q=Trans-Siberian+Gold+PLC,https://find-and-update.company-information.service.gov.uk/search/companies?q=Trans-Siberian+Gold+PLC,1620599076,18:24:36,20210509
7,2017-03-31,TSG.L,USD,2017-03-31,2017-03-31,Q1,10861750.0,8149750.0,2712000.0,0.24968352245264344,0.0,1848000.0,0.0,0.0,0.0,9895000.0,304250.0,1991000.0,2957750.0,0.2723087900200244,966750.0,0.08900499459111101,0.0,759000.0,0.0698782424563261,130000.0,629000.0,0.05790963702902387,0.005725,0.005725,110053073.0,110053073.0,https://find-and-update.company-information.service.gov.uk/search/companies?q=Trans-Siberian+Gold+PLC,https://find-and-update.company-information.service.gov.uk/search/companies?q=Trans-Siberian+Gold+PLC,1620599076,18:24:36,20210509
8,2017-01-31,TSG.L,USD,2017-01-31,2017-01-31,Q1,10861750.0,8149750.0,2712000.0,0.24968352245264344,0.0,1848000.0,0.0,0.0,0.0,9895000.0,304250.0,1991000.0,2957750.0,0.2723087900200244,966750.0,0.08900499459111101,0.0,759000.0,0.0698782424563261,130000.0,629000.0,0.05790963702902387,0.005725,0.005725,110053073.0,110053073.0,https://find-and-update.company-information.service.gov.uk/search/companies?q=Trans-Siberian+Gold+PLC,https://find-and-update.company-information.service.gov.uk/search/companies?q=Trans-Siberian+Gold+PLC,1620599076,18:24:36,20210509
9,2016-06-30,TSG.L,USD,2016-06-30,2016-06-30,Q2,11300500.0,7340250.0,3960250.0,0.35044909517277995,0.0,1455250.0,0.0,0.0,0.0,8739000.0,533000.0,2351750.0,4913250.0,0.4347816468297863,2561500.0,0.2266713862218486,0.0,2163750.0,0.19147382859165524,564750.0,1599000.0,0.14149816379806204,0.014525,0.014525,110053073.0,110053073.0,https://find-and-update.company-information.service.gov.uk/search/companies?q=Trans-Siberian+Gold+PLC,https://find-and-update.company-information.service.gov.uk/search/companies?q=Trans-Siberian+Gold+PLC,1620599076,18:24:36,20210509
10,2016-03-31,TSG.L,USD,2016-03-31,2016-03-31,Q1,11300500.0,7340250.0,3960250.0,0.35044909517277995,0.0,1455250.0,0.0,0.0,0.0,8739000.0,533000.0,2351750.0,4913250.0,0.4347816468297863,2561500.0,0.2266713862218486,0.0,2163750.0,0.19147382859165524,564750.0,1599000.0,0.14149816379806204,0.014525,0.014525,110053073.0,110053073.0,https://find-and-update.company-information.service.gov.uk/search/companies?q=Trans-Siberian+Gold+PLC,https://find-and-update.company-information.service.gov.uk/search/companies?q=Trans-Siberian+Gold+PLC,1620599076,18:24:36,20210509
11,2016-01-31,TSG.L,USD,2016-01-31,2016-01-31,Q1,11300500.0,7340250.0,3960250.0,0.35044909517277995,0.0,1455250.0,0.0,0.0,0.0,8739000.0,533000.0,2351750.0,4913250.0,0.4347816468297863,2561500.0,0.2266713862218486,0.0,2163750.0,0.19147382859165524,564750.0,1599000.0,0.14149816379806204,0.014525,0.014525,110053073.0,110053073.0,https://find-and-update.company-information.service.gov.uk/search/companies?q=Trans-Siberian+Gold+PLC,https://find-and-update.company-information.service.gov.uk/search/companies?q=Trans-Siberian+Gold+PLC,1620599076,18:24:36,20210509
12,2015-09-30,TSG.L,USD,2015-09-30,2015-09-30,Q3,11014750.0,7374750.0,3640000.0,0.33046596609092355,0.0,1390500.0,0.0,0.0,0.0,8743750.0,615250.0,1920250.0,4191250.0,0.3805124946095009,2271000.0,0.2061780793935405,0.0,1653500.0,0.15011688871740167,535750.0,1117750.0,0.10147756417531038,0.01015,0.01015,110123153.0,110123153.0,https://find-and-update.company-information.service.gov.uk/search/companies?q=Trans-Siberian+Gold+PLC,https://find-and-update.company-information.service.gov.uk/search/companies?q=Trans-Siberian+Gold+PLC,1620599076,18:24:36,20210509
13,2015-06-30,TSG.L,USD,2015-06-30,2015-06-30,Q2,11014750.0,7374750.0,3640000.0,0.33046596609092355,0.0,1390500.0,0.0,0.0,0.0,8743750.0,615250.0,1920250.0,4191250.0,0.3805124946095009,2271000.0,0.2061780793935405,0.0,1653500.0,0.15011688871740167,535750.0,1117750.0,0.10147756417531038,0.01015,0.01015,110123153.0,110123153.0,https://find-and-update.company-information.service.gov.uk/search/companies?q=Trans-Siberian+Gold+PLC,https://find-and-update.company-information.service.gov.uk/search/companies?q=Trans-Siberian+Gold+PLC,1620599076,18:24:36,20210509
14,2015-03-31,TSG.L,USD,2015-03-31,2015-03-31,Q1,11014750.0,7374750.0,3640000.0,0.33046596609092355,0.0,1390500.0,0.0,0.0,0.0,8743750.0,615250.0,1920250.0,4191250.0,0.3805124946095009,2271000.0,0.2061780793935405,0.0,1653500.0,0.15011688871740167,535750.0,1117750.0,0.10147756417531038,0.01015,0.01015,110123153.0,110123153.0,https://find-and-update.company-information.service.gov.uk/search/companies?q=Trans-Siberian+Gold+PLC,https://find-and-update.company-information.service.gov.uk/search/companies?q=Trans-Siberian+Gold+PLC,1620599076,18:24:36,20210509
15,2015-01-31,TSG.L,USD,2015-01-31,2015-01-31,Q1,11014750.0,7374750.0,3640000.0,0.33046596609092355,0.0,1390500.0,0.0,0.0,0.0,8743750.0,615250.0,1920250.0,4191250.0,0.3805124946095009,2271000.0,0.2061780793935405,0.0,1653500.0,0.15011688871740167,535750.0,1117750.0,0.10147756417531038,0.01015,0.01015,110123153.0,110123153.0,https://find-and-update.company-information.service.gov.uk/search/companies?q=Trans-Siberian+Gold+PLC,https://find-and-update.company-information.service.gov.uk/search/companies?q=Trans-Siberian+Gold+PLC,1620599076,18:24:36,20210509
16,2014-09-30,TSG.L,USD,2014-09-30,2014-09-30,Q3,11546000.0,8935250.0,2610750.0,0.22611727005023385,0.0,1392500.0,0.0,0.0,0.0,10300500.0,818750.0,2521000.0,3766500.0,0.3262168716438593,1245500.0,0.10787285640048502,0.0,322750.0,0.02795340377619955,354500.0,-31750.0,-0.0027498700848778796,-0.0003,-0.0003,105833333.0,105833333.0,https://find-and-update.company-information.service.gov.uk/search/companies?q=Trans-Siberian+Gold+PLC,https://find-and-update.company-information.service.gov.uk/search/companies?q=Trans-Siberian+Gold+PLC,1620599076,18:24:36,20210509
17,2014-06-30,TSG.L,USD,2014-06-30,2014-06-30,Q2,11546000.0,8935250.0,2610750.0,0.22611727005023385,0.0,1392500.0,0.0,0.0,0.0,10300500.0,818750.0,2521000.0,3766500.0,0.3262168716438593,1245500.0,0.10787285640048502,0.0,322750.0,0.02795340377619955,354500.0,-31750.0,-0.0027498700848778796,-0.0003,-0.0003,105833333.0,105833333.0,https://find-and-update.company-information.service.gov.uk/search/companies?q=Trans-Siberian+Gold+PLC,https://find-and-update.company-information.service.gov.uk/search/companies?q=Trans-Siberian+Gold+PLC,1620599076,18:24:36,20210509
18,2014-03-31,TSG.L,USD,2014-03-31,2014-03-31,Q1,11546000.0,8935250.0,2610750.0,0.22611727005023385,0.0,1392500.0,0.0,0.0,0.0,10300500.0,818750.0,2521000.0,3766500.0,0.3262168716438593,1245500.0,0.10787285640048502,0.0,322750.0,0.02795340377619955,354500.0,-31750.0,-0.0027498700848778796,-0.0003,-0.0003,105833333.0,105833333.0,https://find-and-update.company-information.service.gov.uk/search/companies?q=Trans-Siberian+Gold+PLC,https://find-and-update.company-information.service.gov.uk/search/companies?q=Trans-Siberian+Gold+PLC,1620599076,18:24:36,20210509
19,2014-01-31,TSG.L,USD,2014-01-31,2014-01-31,Q1,11546000.0,8935250.0,2610750.0,0.22611727005023385,0.0,1392500.0,0.0,0.0,0.0,10300500.0,818750.0,2521000.0,3766500.0,0.3262168716438593,1245500.0,0.10787285640048502,0.0,322750.0,0.02795340377619955,354500.0,-31750.0,-0.0027498700848778796,-0.0003,-0.0003,105833333.0,105833333.0,https://find-and-update.company-information.service.gov.uk/search/companies?q=Trans-Siberian+Gold+PLC,https://find-and-update.company-information.service.gov.uk/search/companies?q=Trans-Siberian+Gold+PLC,1620599076,18:24:36,20210509
20,2013-09-30,TSG.L,USD,2013-09-30,2013-09-30,Q3,11059250.0,12947250.0,-1888000.0,-0.1707168207609015,0.0,1710000.0,0.0,0.0,0.0,14625250.0,811250.0,4979750.0,1413750.0,0.1278341659696634,-3566000.0,-0.3224450120939485,0.0,-4127250.0,-0.373194384791012,-211250.0,-3916000.0,-0.3540927278070394,-0.035575,-0.035575,110077301.0,110077301.0,https://find-and-update.company-information.service.gov.uk/search/companies?q=Trans-Siberian+Gold+PLC,https://find-and-update.company-information.service.gov.uk/search/companies?q=Trans-Siberian+Gold+PLC,1620599076,18:24:36,20210509
21,2013-06-30,TSG.L,USD,2013-06-30,2013-06-30,Q2,11059250.0,12947250.0,-1888000.0,-0.1707168207609015,0.0,1710000.0,0.0,0.0,0.0,14625250.0,811250.0,4979750.0,1413750.0,0.1278341659696634,-3566000.0,-0.3224450120939485,0.0,-4127250.0,-0.373194384791012,-211250.0,-3916000.0,-0.3540927278070394,-0.035575,-0.035575,110077301.0,110077301.0,https://find-and-update.company-information.service.gov.uk/search/companies?q=Trans-Siberian+Gold+PLC,https://find-and-update.company-information.service.gov.uk/search/companies?q=Trans-Siberian+Gold+PLC,1620599076,18:24:36,20210509
22,2013-03-31,TSG.L,USD,2013-03-31,2013-03-31,Q1,11059250.0,12947250.0,-1888000.0,-0.1707168207609015,0.0,1710000.0,0.0,0.0,0.0,14625250.0,811250.0,4979750.0,1413750.0,0.1278341659696634,-3566000.0,-0.3224450120939485,0.0,-4127250.0,-0.373194384791012,-211250.0,-3916000.0,-0.3540927278070394,-0.035575,-0.035575,110077301.0,110077301.0,https://find-and-update.company-information.service.gov.uk/search/companies?q=Trans-Siberian+Gold+PLC,https://find-and-update.company-information.service.gov.uk/search/companies?q=Trans-Siberian+Gold+PLC,1620599076,18:24:36,20210509
23,2013-01-31,TSG.L,USD,2013-01-31,2013-01-31,Q1,11059250.0,12947250.0,-1888000.0,-0.1707168207609015,0.0,1710000.0,0.0,0.0,0.0,14625250.0,811250.0,4979750.0,1413750.0,0.1278341659696634,-3566000.0,-0.3224450120939485,0.0,-4127250.0,-0.373194384791012,-211250.0,-3916000.0,-0.3540927278070394,-0.035575,-0.035575,110077301.0,110077301.0,https://find-and-update.company-information.service.gov.uk/search/companies?q=Trans-Siberian+Gold+PLC,https://find-and-update.company-information.service.gov.uk/search/companies?q=Trans-Siberian+Gold+PLC,1620599076,18:24:36,20210509
24,2012-09-30,TSG.L,USD,2012-09-30,2012-09-30,Q3,11221500.0,9296000.0,1925500.0,0.17159025085772847,0.0,1567250.0,0.0,0.0,0.0,10844500.0,1027750.0,4837250.0,5214250.0,0.4646660428641447,377000.0,0.033596221539009936,0.0,-855750.0,-0.07625985830771287,326750.0,-1182500.0,-0.10537806888562135,-0.010825,-0.010825,109237875.0,109237875.0,https://find-and-update.company-information.service.gov.uk/search/companies?q=Trans-Siberian+Gold+PLC,https://find-and-update.company-information.service.gov.uk/search/companies?q=Trans-Siberian+Gold+PLC,1620599076,18:24:36,20210509
25,2012-06-30,TSG.L,USD,2012-06-30,2012-06-30,Q2,11221500.0,9296000.0,1925500.0,0.17159025085772847,0.0,1567250.0,0.0,0.0,0.0,10844500.0,1027750.0,4837250.0,5214250.0,0.4646660428641447,377000.0,0.033596221539009936,0.0,-855750.0,-0.07625985830771287,326750.0,-1182500.0,-0.10537806888562135,-0.010825,-0.010825,109237875.0,109237875.0,https://find-and-update.company-information.service.gov.uk/search/companies?q=Trans-Siberian+Gold+PLC,https://find-and-update.company-information.service.gov.uk/search/companies?q=Trans-Siberian+Gold+PLC,1620599076,18:24:36,20210509
26,2012-03-31,TSG.L,USD,2012-03-31,2012-03-31,Q1,11221500.0,9296000.0,1925500.0,0.17159025085772847,0.0,1567250.0,0.0,0.0,0.0,10844500.0,1027750.0,4837250.0,5214250.0,0.4646660428641447,377000.0,0.033596221539009936,0.0,-855750.0,-0.07625985830771287,326750.0,-1182500.0,-0.10537806888562135,-0.010825,-0.010825,109237875.0,109237875.0,https://find-and-update.company-information.service.gov.uk/search/companies?q=Trans-Siberian+Gold+PLC,https://find-and-update.company-information.service.gov.uk/search/companies?q=Trans-Siberian+Gold+PLC,1620599076,18:24:36,20210509
27,2012-01-31,TSG.L,USD,2012-01-31,2012-01-31,Q1,11221500.0,9296000.0,1925500.0,0.17159025085772847,0.0,1567250.0,0.0,0.0,0.0,10844500.0,1027750.0,4837250.0,5214250.0,0.4646660428641447,377000.0,0.033596221539009936,0.0,-855750.0,-0.07625985830771287,326750.0,-1182500.0,-0.10537806888562135,-0.010825,-0.010825,109237875.0,109237875.0,https://find-and-update.company-information.service.gov.uk/search/companies?q=Trans-Siberian+Gold+PLC,https://find-and-update.company-information.service.gov.uk/search/companies?q=Trans-Siberian+Gold+PLC,1620599076,18:24:36,20210509
28,2011-09-30,TSG.L,USD,2011-09-30,2011-09-30,Q3,2982317.9,2037425.1,944892.8,0.31683168316831684,0.0,1451500.0,0.0,0.0,366379.075,3342869.1,366767.6,873792.725,513241.52499999997,0.17209484106305367,-360551.2,-0.12089630015633143,0.0,-202421.525,-0.06787389265242313,-1348181.75,1145760.225,0.38418447107868686,0.0115,0.0115,104211000.0,104211000.0,https://find-and-update.company-information.service.gov.uk/search/companies?q=Trans-Siberian+Gold+PLC,https://find-and-update.company-information.service.gov.uk/search/companies?q=Trans-Siberian+Gold+PLC,1620599076,18:24:36,20210509
29,2011-06-30,TSG.L,USD,2011-06-30,2011-06-30,Q2,2982317.9,2037425.1,944892.8,0.31683168316831684,0.0,1451500.0,0.0,0.0,366379.075,3342869.1,366767.6,873792.725,513241.52499999997,0.17209484106305367,-360551.2,-0.12089630015633143,0.0,-202421.525,-0.06787389265242313,-1348181.75,1145760.225,0.38418447107868686,0.0115,0.0115,104211000.0,104211000.0,https://find-and-update.company-information.service.gov.uk/search/companies?q=Trans-Siberian+Gold+PLC,https://find-and-update.company-information.service.gov.uk/search/companies?q=Trans-Siberian+Gold+PLC,1620599076,18:24:36,20210509
30,2011-03-31,TSG.L,USD,2011-03-31,2011-03-31,Q1,2982317.9,2037425.1,944892.8,0.31683168316831684,0.0,1451500.0,0.0,0.0,366379.075,3342869.1,366767.6,873792.725,513241.52499999997,0.17209484106305367,-360551.2,-0.12089630015633143,0.0,-202421.525,-0.06787389265242313,-1348181.75,1145760.225,0.38418447107868686,0.0115,0.0115,104211000.0,104211000.0,https://find-and-update.company-information.service.gov.uk/search/companies?q=Trans-Siberian+Gold+PLC,https://find-and-update.company-information.service.gov.uk/search/companies?q=Trans-Siberian+Gold+PLC,1620599076,18:24:36,20210509
31,2011-01-31,TSG.L,USD,2011-01-31,2011-01-31,Q1,2982317.9,2037425.1,944892.8,0.31683168316831684,0.0,1451500.0,0.0,0.0,366379.075,3342869.1,366767.6,873792.725,513241.52499999997,0.17209484106305367,-360551.2,-0.12089630015633143,0.0,-202421.525,-0.06787389265242313,-1348181.75,1145760.225,0.38418447107868686,0.0115,0.0115,104211000.0,104211000.0,https://find-and-update.company-information.service.gov.uk/search/companies?q=Trans-Siberian+Gold+PLC,https://find-and-update.company-information.service.gov.uk/search/companies?q=Trans-Siberian+Gold+PLC,1620599076,18:24:36,20210509
32,2010-09-30,TSG.L,USD,2010-09-30,2010-09-30,Q3,0.0,0.0,0.0,0.0,0.0,1025250.0,0.0,0.0,849783.675,909280.275,26225.475,6262.8,-903017.475,0.0,-909280.275,0.0,0.0,-912803.1,0.0,-32096.85,-880706.25,0.0,-0.00925,-0.00925,99669000.0,99669000.0,https://find-and-update.company-information.service.gov.uk/search/companies?q=Trans-Siberian+Gold+PLC,https://find-and-update.company-information.service.gov.uk/search/companies?q=Trans-Siberian+Gold+PLC,1620599076,18:24:36,20210509
33,2010-06-30,TSG.L,USD,2010-06-30,2010-06-30,Q2,0.0,0.0,0.0,0.0,0.0,1025250.0,0.0,0.0,849783.675,909280.275,26225.475,6262.8,-903017.475,0.0,-909280.275,0.0,0.0,-912803.1,0.0,-32096.85,-880706.25,0.0,-0.00925,-0.00925,99669000.0,99669000.0,https://find-and-update.company-information.service.gov.uk/search/companies?q=Trans-Siberian+Gold+PLC,https://find-and-update.company-information.service.gov.uk/search/companies?q=Trans-Siberian+Gold+PLC,1620599076,18:24:36,20210509
34,2010-03-31,TSG.L,USD,2010-03-31,2010-03-31,Q1,0.0,0.0,0.0,0.0,0.0,1025250.0,0.0,0.0,849783.675,909280.275,26225.475,6262.8,-903017.475,0.0,-909280.275,0.0,0.0,-912803.1,0.0,-32096.85,-880706.25,0.0,-0.00925,-0.00925,99669000.0,99669000.0,https://find-and-update.company-information.service.gov.uk/search/companies?q=Trans-Siberian+Gold+PLC,https://find-and-update.company-information.service.gov.uk/search/companies?q=Trans-Siberian+Gold+PLC,1620599076,18:24:36,20210509
35,2010-01-31,TSG.L,USD,2010-01-31,2010-01-31,Q1,0.0,0.0,0.0,0.0,0.0,1025250.0,0.0,0.0,849783.675,909280.275,26225.475,6262.8,-903017.475,0.0,-909280.275,0.0,0.0,-912803.1,0.0,-32096.85,-880706.25,0.0,-0.00925,-0.00925,99669000.0,99669000.0,https://find-and-update.company-information.service.gov.uk/search/companies?q=Trans-Siberian+Gold+PLC,https://find-and-update.company-information.service.gov.uk/search/companies?q=Trans-Siberian+Gold+PLC,1620599076,18:24:36,20210509
36,2009-09-30,TSG.L,USD,2009-09-30,2009-09-30,Q3,0.0,0.0,0.0,0.0,0.0,777750.0,0.0,0.0,1221567.95,1376790.35,46890.1,104694.275,-1272096.0750000002,0.0,-1376790.35,0.0,0.0,-1345260.8,0.0,-31125.325,-1314135.475,0.0,-0.0155,-0.0155,84913031.0,84913031.0,https://find-and-update.company-information.service.gov.uk/search/companies?q=Trans-Siberian+Gold+PLC,https://find-and-update.company-information.service.gov.uk/search/companies?q=Trans-Siberian+Gold+PLC,1620599076,18:24:36,20210509
37,2009-06-30,TSG.L,USD,2009-06-30,2009-06-30,Q2,0.0,0.0,0.0,0.0,0.0,777750.0,0.0,0.0,1221567.95,1376790.35,46890.1,104694.275,-1272096.0750000002,0.0,-1376790.35,0.0,0.0,-1345260.8,0.0,-31125.325,-1314135.475,0.0,-0.0155,-0.0155,84913031.0,84913031.0,https://find-and-update.company-information.service.gov.uk/search/companies?q=Trans-Siberian+Gold+PLC,https://find-and-update.company-information.service.gov.uk/search/companies?q=Trans-Siberian+Gold+PLC,1620599076,18:24:36,20210509
38,2009-03-31,TSG.L,USD,2009-03-31,2009-03-31,Q1,0.0,0.0,0.0,0.0,0.0,777750.0,0.0,0.0,1221567.95,1376790.35,46890.1,104694.275,-1272096.0750000002,0.0,-1376790.35,0.0,0.0,-1345260.8,0.0,-31125.325,-1314135.475,0.0,-0.0155,-0.0155,84913031.0,84913031.0,https://find-and-update.company-information.service.gov.uk/search/companies?q=Trans-Siberian+Gold+PLC,https://find-and-update.company-information.service.gov.uk/search/companies?q=Trans-Siberian+Gold+PLC,1620599076,18:24:36,20210509
39,2009-01-31,TSG.L,USD,2009-01-31,2009-01-31,Q1,0.0,0.0,0.0,0.0,0.0,777750.0,0.0,0.0,1221567.95,1376790.35,46890.1,104694.275,-1272096.0750000002,0.0,-1376790.35,0.0,0.0,-1345260.8,0.0,-31125.325,-1314135.475,0.0,-0.0155,-0.0155,84913031.0,84913031.0,https://find-and-update.company-information.service.gov.uk/search/companies?q=Trans-Siberian+Gold+PLC,https://find-and-update.company-information.service.gov.uk/search/companies?q=Trans-Siberian+Gold+PLC,1620599076,18:24:36,20210509
40,2008-09-30,TSG.L,USD,2008-09-30,2008-09-30,Q3,0.0,0.0,0.0,0.0,0.0,1078500.0,0.0,0.0,905542.2,991940.55,29528.55,15675.65,-976264.9,0.0,-991940.55,0.0,0.0,-1976954.65,0.0,-2551.85,-1974402.8,0.0,-0.03875,-0.03875,84913031.0,84913031.0,https://find-and-update.company-information.service.gov.uk/search/companies?q=Trans-Siberian+Gold+PLC,https://find-and-update.company-information.service.gov.uk/search/companies?q=Trans-Siberian+Gold+PLC,1620599076,18:24:36,20210509
41,2008-06-30,TSG.L,USD,2008-06-30,2008-06-30,Q2,0.0,0.0,0.0,0.0,0.0,1078500.0,0.0,0.0,905542.2,991940.55,29528.55,15675.65,-976264.9,0.0,-991940.55,0.0,0.0,-1976954.65,0.0,-2551.85,-1974402.8,0.0,-0.03875,-0.03875,84913031.0,84913031.0,https://find-and-update.company-information.service.gov.uk/search/companies?q=Trans-Siberian+Gold+PLC,https://find-and-update.company-information.service.gov.uk/search/companies?q=Trans-Siberian+Gold+PLC,1620599076,18:24:36,20210509
42,2008-03-31,TSG.L,USD,2008-03-31,2008-03-31,Q1,0.0,0.0,0.0,0.0,0.0,1078500.0,0.0,0.0,905542.2,991940.55,29528.55,15675.65,-976264.9,0.0,-991940.55,0.0,0.0,-1976954.65,0.0,-2551.85,-1974402.8,0.0,-0.03875,-0.03875,84913031.0,84913031.0,https://find-and-update.company-information.service.gov.uk/search/companies?q=Trans-Siberian+Gold+PLC,https://find-and-update.company-information.service.gov.uk/search/companies?q=Trans-Siberian+Gold+PLC,1620599076,18:24:36,20210509
43,2008-01-31,TSG.L,USD,2008-01-31,2008-01-31,Q1,0.0,0.0,0.0,0.0,0.0,1078500.0,0.0,0.0,905542.2,991940.55,29528.55,15675.65,-976264.9,0.0,-991940.55,0.0,0.0,-1976954.65,0.0,-2551.85,-1974402.8,0.0,-0.03875,-0.03875,84913031.0,84913031.0,https://find-and-update.company-information.service.gov.uk/search/companies?q=Trans-Siberian+Gold+PLC,https://find-and-update.company-information.service.gov.uk/search/companies?q=Trans-Siberian+Gold+PLC,1620599076,18:24:36,20210509
44,2007-09-30,TSG.L,USD,2007-09-30,2007-09-30,Q3,0.0,0.0,0.0,0.0,0.0,1142250.0,0.0,1505.775,1084158.0,1145894.775,89844.575,14555.825,-1131338.95,0.0,-1145894.775,0.0,0.0,-831187.8,0.0,14053.9,4291458.75,0.0,0.10425,0.10425,41164000.0,41164000.0,https://find-and-update.company-information.service.gov.uk/search/companies?q=Trans-Siberian+Gold+PLC,https://find-and-update.company-information.service.gov.uk/search/companies?q=Trans-Siberian+Gold+PLC,1620599076,18:24:36,20210509
45,2007-06-30,TSG.L,USD,2007-06-30,2007-06-30,Q2,0.0,0.0,0.0,0.0,0.0,1142250.0,0.0,1505.775,1084158.0,1145894.775,89844.575,14555.825,-1131338.95,0.0,-1145894.775,0.0,0.0,-831187.8,0.0,14053.9,4291458.75,0.0,0.10425,0.10425,41164000.0,41164000.0,https://find-and-update.company-information.service.gov.uk/search/companies?q=Trans-Siberian+Gold+PLC,https://find-and-update.company-information.service.gov.uk/search/companies?q=Trans-Siberian+Gold+PLC,1620599076,18:24:36,20210509
46,2007-03-31,TSG.L,USD,2007-03-31,2007-03-31,Q1,0.0,0.0,0.0,0.0,0.0,1142250.0,0.0,1505.775,1084158.0,1145894.775,89844.575,14555.825,-1131338.95,0.0,-1145894.775,0.0,0.0,-831187.8,0.0,14053.9,4291458.75,0.0,0.10425,0.10425,41164000.0,41164000.0,https://find-and-update.company-information.service.gov.uk/search/companies?q=Trans-Siberian+Gold+PLC,https://find-and-update.company-information.service.gov.uk/search/companies?q=Trans-Siberian+Gold+PLC,1620599076,18:24:36,20210509
47,2007-01-31,TSG.L,USD,2007-01-31,2007-01-31,Q1,0.0,0.0,0.0,0.0,0.0,1142250.0,0.0,1505.775,1084158.0,1145894.775,89844.575,14555.825,-1131338.95,0.0,-1145894.775,0.0,0.0,-831187.8,0.0,14053.9,4291458.75,0.0,0.10425,0.10425,41164000.0,41164000.0,https://find-and-update.company-information.service.gov.uk/search/companies?q=Trans-Siberian+Gold+PLC,https://find-and-update.company-information.service.gov.uk/search/companies?q=Trans-Siberian+Gold+PLC,1620599076,18:24:36,20210509
48,2006-09-30,TSG.L,USD,2006-09-30,2006-09-30,Q3,0.0,0.0,0.0,0.0,0.0,1542250.0,0.0,9816.5,1587328.05,1674694.9,122706.25,23068.775,-1651626.125,0.0,-1674694.9,0.0,0.0,-1355658.65,0.0,47610.025,-1445970.45,0.0,-0.03525,-0.03525,41164000.0,41164000.0,https://find-and-update.company-information.service.gov.uk/search/companies?q=Trans-Siberian+Gold+PLC,https://find-and-update.company-information.service.gov.uk/search/companies?q=Trans-Siberian+Gold+PLC,1620599076,18:24:36,20210509
49,2006-06-30,TSG.L,USD,2006-06-30,2006-06-30,Q2,0.0,0.0,0.0,0.0,0.0,1542250.0,0.0,9816.5,1587328.05,1674694.9,122706.25,23068.775,-1651626.125,0.0,-1674694.9,0.0,0.0,-1355658.65,0.0,47610.025,-1445970.45,0.0,-0.03525,-0.03525,41164000.0,41164000.0,https://find-and-update.company-information.service.gov.uk/search/companies?q=Trans-Siberian+Gold+PLC,https://find-and-update.company-information.service.gov.uk/search/companies?q=Trans-Siberian+Gold+PLC,1620599076,18:24:36,20210509
50,2006-03-31,TSG.L,USD,2006-03-31,2006-03-31,Q1,0.0,0.0,0.0,0.0,0.0,1542250.0,0.0,9816.5,1587328.05,1674694.9,122706.25,23068.775,-1651626.125,0.0,-1674694.9,0.0,0.0,-1355658.65,0.0,47610.025,-1445970.45,0.0,-0.03525,-0.03525,41164000.0,41164000.0,https://find-and-update.company-information.service.gov.uk/search/companies?q=Trans-Siberian+Gold+PLC,https://find-and-update.company-information.service.gov.uk/search/companies?q=Trans-Siberian+Gold+PLC,1620599076,18:24:36,20210509
51,2006-01-31,TSG.L,USD,2006-01-31,2006-01-31,Q1,0.0,0.0,0.0,0.0,0.0,1542250.0,0.0,9816.5,1587328.05,1674694.9,122706.25,23068.775,-1651626.125,0.0,-1674694.9,0.0,0.0,-1355658.65,0.0,47610.025,-1445970.45,0.0,-0.03525,-0.03525,41164000.0,41164000.0,https://find-and-update.company-information.service.gov.uk/search/companies?q=Trans-Siberian+Gold+PLC,https://find-and-update.company-information.service.gov.uk/search/companies?q=Trans-Siberian+Gold+PLC,1620599076,18:24:36,20210509
52,2005-09-30,TSG.L,USD,2005-09-30,2005-09-30,Q3,0.0,0.0,0.0,0.0,0.0,1779250.0,0.0,0.0,2112098.325,2223057.675,0.0,39996.975,-2183060.6999999997,0.0,-2223057.675,0.0,0.0,-2064360.0,0.0,2580.45,-2076402.1,0.0,-0.0535,-0.0535,41164000.0,41164000.0,https://find-and-update.company-information.service.gov.uk/search/companies?q=Trans-Siberian+Gold+PLC,https://find-and-update.company-information.service.gov.uk/search/companies?q=Trans-Siberian+Gold+PLC,1620599076,18:24:36,20210509
53,2005-06-30,TSG.L,USD,2005-06-30,2005-06-30,Q2,0.0,0.0,0.0,0.0,0.0,1779250.0,0.0,0.0,2112098.325,2223057.675,0.0,39996.975,-2183060.6999999997,0.0,-2223057.675,0.0,0.0,-2064360.0,0.0,2580.45,-2076402.1,0.0,-0.0535,-0.0535,41164000.0,41164000.0,https://find-and-update.company-information.service.gov.uk/search/companies?q=Trans-Siberian+Gold+PLC,https://find-and-update.company-information.service.gov.uk/search/companies?q=Trans-Siberian+Gold+PLC,1620599076,18:24:36,20210509
54,2005-03-31,TSG.L,USD,2005-03-31,2005-03-31,Q1,0.0,0.0,0.0,0.0,0.0,1779250.0,0.0,0.0,2112098.325,2223057.675,0.0,39996.975,-2183060.6999999997,0.0,-2223057.675,0.0,0.0,-2064360.0,0.0,2580.45,-2076402.1,0.0,-0.0535,-0.0535,41164000.0,41164000.0,https://find-and-update.company-information.service.gov.uk/search/companies?q=Trans-Siberian+Gold+PLC,https://find-and-update.company-information.service.gov.uk/search/companies?q=Trans-Siberian+Gold+PLC,1620599076,18:24:36,20210509
55,2005-01-31,TSG.L,USD,2005-01-31,2005-01-31,Q1,0.0,0.0,0.0,0.0,0.0,1779250.0,0.0,0.0,2112098.325,2223057.675,0.0,39996.975,-2183060.6999999997,0.0,-2223057.675,0.0,0.0,-2064360.0,0.0,2580.45,-2076402.1,0.0,-0.0535,-0.0535,41164000.0,41164000.0,https://find-and-update.company-information.service.gov.uk/search/companies?q=Trans-Siberian+Gold+PLC,https://find-and-update.company-information.service.gov.uk/search/companies?q=Trans-Siberian+Gold+PLC,1620599076,18:24:36,20210509
56,2004-09-30,TSG.L,USD,2004-09-30,2004-09-30,Q3,0.0,0.0,0.0,0.0,0.0,1513750.0,0.0,0.0,991958.4,1097209.8,0.0,32200.2,-1065009.6,0.0,-1097209.8,0.0,0.0,-929961.0,0.0,12495.6,-908814.6,0.0,-2.9,-2.9,34932000.0,34932000.0,https://find-and-update.company-information.service.gov.uk/search/companies?q=Trans-Siberian+Gold+PLC,https://find-and-update.company-information.service.gov.uk/search/companies?q=Trans-Siberian+Gold+PLC,1620599076,18:24:36,20210509
57,2004-06-30,TSG.L,USD,2004-06-30,2004-06-30,Q2,0.0,0.0,0.0,0.0,0.0,1513750.0,0.0,0.0,991958.4,1097209.8,0.0,32200.2,-1065009.6,0.0,-1097209.8,0.0,0.0,-929961.0,0.0,12495.6,-908814.6,0.0,-2.9,-2.9,34932000.0,34932000.0,https://find-and-update.company-information.service.gov.uk/search/companies?q=Trans-Siberian+Gold+PLC,https://find-and-update.company-information.service.gov.uk/search/companies?q=Trans-Siberian+Gold+PLC,1620599076,18:24:36,20210509
58,2004-03-31,TSG.L,USD,2004-03-31,2004-03-31,Q1,0.0,0.0,0.0,0.0,0.0,1513750.0,0.0,0.0,991958.4,1097209.8,0.0,32200.2,-1065009.6,0.0,-1097209.8,0.0,0.0,-929961.0,0.0,12495.6,-908814.6,0.0,-2.9,-2.9,34932000.0,34932000.0,https://find-and-update.company-information.service.gov.uk/search/companies?q=Trans-Siberian+Gold+PLC,https://find-and-update.company-information.service.gov.uk/search/companies?q=Trans-Siberian+Gold+PLC,1620599076,18:24:36,20210509
59,2004-01-31,TSG.L,USD,2004-01-31,2004-01-31,Q1,0.0,0.0,0.0,0.0,0.0,1513750.0,0.0,0.0,991958.4,1097209.8,0.0,32200.2,-1065009.6,0.0,-1097209.8,0.0,0.0,-929961.0,0.0,12495.6,-908814.6,0.0,-2.9,-2.9,34932000.0,34932000.0,https://find-and-update.company-information.service.gov.uk/search/companies?q=Trans-Siberian+Gold+PLC,https://find-and-update.company-information.service.gov.uk/search/companies?q=Trans-Siberian+Gold+PLC,1620599076,18:24:36,20210509
60,2003-09-30,TSG.L,USD,2003-09-30,2003-09-30,Q3,0.0,0.0,0.0,0.0,0.0,537500.0,0.0,-23000.0,279751.725,314553.375,0.0,15169.95,-299383.425,0.0,-314553.375,0.0,0.0,-294475.5,0.0,0.0,-283767.3,0.0,-1.775,-1.775,28650779.0,28650779.0,https://find-and-update.company-information.service.gov.uk/search/companies?q=Trans-Siberian+Gold+PLC,https://find-and-update.company-information.service.gov.uk/search/companies?q=Trans-Siberian+Gold+PLC,1620599076,18:24:36,20210509
61,2003-06-30,TSG.L,USD,2003-06-30,2003-06-30,Q2,0.0,0.0,0.0,0.0,0.0,537500.0,0.0,-23000.0,279751.725,314553.375,0.0,15169.95,-299383.425,0.0,-314553.375,0.0,0.0,-294475.5,0.0,0.0,-283767.3,0.0,-1.775,-1.775,28650779.0,28650779.0,https://find-and-update.company-information.service.gov.uk/search/companies?q=Trans-Siberian+Gold+PLC,https://find-and-update.company-information.service.gov.uk/search/companies?q=Trans-Siberian+Gold+PLC,1620599076,18:24:36,20210509
62,2003-03-31,TSG.L,USD,2003-03-31,2003-03-31,Q1,0.0,0.0,0.0,0.0,0.0,537500.0,0.0,-23000.0,279751.725,314553.375,0.0,15169.95,-299383.425,0.0,-314553.375,0.0,0.0,-294475.5,0.0,0.0,-283767.3,0.0,-1.775,-1.775,28650779.0,28650779.0,https://find-and-update.company-information.service.gov.uk/search/companies?q=Trans-Siberian+Gold+PLC,https://find-and-update.company-information.service.gov.uk/search/companies?q=Trans-Siberian+Gold+PLC,1620599076,18:24:36,20210509
63,2003-01-31,TSG.L,USD,2003-01-31,2003-01-31,Q1,0.0,0.0,0.0,0.0,0.0,537500.0,0.0,-23000.0,279751.725,314553.375,0.0,15169.95,-299383.425,0.0,-314553.375,0.0,0.0,-294475.5,0.0,0.0,-283767.3,0.0,-1.775,-1.775,28650779.0,28650779.0,https://find-and-update.company-information.service.gov.uk/search/companies?q=Trans-Siberian+Gold+PLC,https://find-and-update.company-information.service.gov.uk/search/companies?q=Trans-Siberian+Gold+PLC,1620599076,18:24:36,20210509
64,2002-09-30,TSG.L,USD,2002-09-30,2002-09-30,Q3,0.0,0.0,0.0,0.0,0.0,0.0,0.0,0.0,218946.4,221361.25,0.0,2414.85,-218946.4,0.0,-221361.25,0.0,0.0,-283342.4,0.0,0.0,-280122.6,0.0,-0.02425,-0.02425,11303000.0,11303000.0,https://find-and-update.company-information.service.gov.uk/search/companies?q=Trans-Siberian+Gold+PLC,https://find-and-update.company-information.service.gov.uk/search/companies?q=Trans-Siberian+Gold+PLC,1620599076,18:24:36,20210509
65,2002-06-30,TSG.L,USD,2002-06-30,2002-06-30,Q2,0.0,0.0,0.0,0.0,0.0,0.0,0.0,0.0,218946.4,221361.25,0.0,2414.85,-218946.4,0.0,-221361.25,0.0,0.0,-283342.4,0.0,0.0,-280122.6,0.0,-0.02425,-0.02425,11303000.0,11303000.0,https://find-and-update.company-information.service.gov.uk/search/companies?q=Trans-Siberian+Gold+PLC,https://find-and-update.company-information.service.gov.uk/search/companies?q=Trans-Siberian+Gold+PLC,1620599076,18:24:36,20210509
66,2002-03-31,TSG.L,USD,2002-03-31,2002-03-31,Q1,0.0,0.0,0.0,0.0,0.0,0.0,0.0,0.0,218946.4,221361.25,0.0,2414.85,-218946.4,0.0,-221361.25,0.0,0.0,-283342.4,0.0,0.0,-280122.6,0.0,-0.02425,-0.02425,11303000.0,11303000.0,https://find-and-update.company-information.service.gov.uk/search/companies?q=Trans-Siberian+Gold+PLC,https://find-and-update.company-information.service.gov.uk/search/companies?q=Trans-Siberian+Gold+PLC,1620599076,18:24:36,20210509
67,2002-01-31,TSG.L,USD,2002-01-31,2002-01-31,Q1,0.0,0.0,0.0,0.0,0.0,0.0,0.0,0.0,218946.4,221361.25,0.0,2414.85,-218946.4,0.0,-221361.25,0.0,0.0,-283342.4,0.0,0.0,-280122.6,0.0,-0.02425,-0.02425,11303000.0,11303000.0,https://find-and-update.company-information.service.gov.uk/search/companies?q=Trans-Siberian+Gold+PLC,https://find-and-update.company-information.service.gov.uk/search/companies?q=Trans-Siberian+Gold+PLC,1620599076,18:24:36,20210509
68,2001-09-30,TSG.L,USD,2001-09-30,2001-09-30,Q3,0.0,0.0,0.0,0.0,0.0,0.0,0.0,0.0,0.0,46560.675,0.0,0.0,-46560.675,0.0,-46560.675,0.0,0.0,-45849.825,0.0,-355.425,-45494.4,0.0,-0.04625,-0.04625,982000.0,982000.0,https://find-and-update.company-information.service.gov.uk/search/companies?q=Trans-Siberian+Gold+PLC,https://find-and-update.company-information.service.gov.uk/search/companies?q=Trans-Siberian+Gold+PLC,1620599076,18:24:36,20210509
69,2001-06-30,TSG.L,USD,2001-06-30,2001-06-30,Q2,0.0,0.0,0.0,0.0,0.0,0.0,0.0,0.0,0.0,46560.675,0.0,0.0,-46560.675,0.0,-46560.675,0.0,0.0,-45849.825,0.0,-355.425,-45494.4,0.0,-0.04625,-0.04625,982000.0,982000.0,https://find-and-update.company-information.service.gov.uk/search/companies?q=Trans-Siberian+Gold+PLC,https://find-and-update.company-information.service.gov.uk/search/companies?q=Trans-Siberian+Gold+PLC,1620599076,18:24:36,20210509
70,2001-03-31,TSG.L,USD,2001-03-31,2001-03-31,Q1,0.0,0.0,0.0,0.0,0.0,0.0,0.0,0.0,0.0,46560.675,0.0,0.0,-46560.675,0.0,-46560.675,0.0,0.0,-45849.825,0.0,-355.425,-45494.4,0.0,-0.04625,-0.04625,982000.0,982000.0,https://find-and-update.company-information.service.gov.uk/search/companies?q=Trans-Siberian+Gold+PLC,https://find-and-update.company-information.service.gov.uk/search/companies?q=Trans-Siberian+Gold+PLC,1620599076,18:24:36,20210509
71,2001-01-31,TSG.L,USD,2001-01-31,2001-01-31,Q1,0.0,0.0,0.0,0.0,0.0,0.0,0.0,0.0,0.0,46560.675,0.0,0.0,-46560.675,0.0,-46560.675,0.0,0.0,-45849.825,0.0,-355.425,-45494.4,0.0,-0.04625,-0.04625,982000.0,982000.0,https://find-and-update.company-information.service.gov.uk/search/companies?q=Trans-Siberian+Gold+PLC,https://find-and-update.company-information.service.gov.uk/search/companies?q=Trans-Siberian+Gold+PLC,1620599076,18:24:36,20210509
