,date,symbol,reportedCurrency,fillingDate,acceptedDate,period,revenue,costOfRevenue,grossProfit,grossProfitRatio,researchAndDevelopmentExpenses,generalAndAdministrativeExpenses,sellingAndMarketingExpenses,otherExpenses,operatingExpenses,costAndExpenses,interestExpense,depreciationAndAmortization,ebitda,ebitdaratio,operatingIncome,operatingIncomeRatio,totalOtherIncomeExpensesNet,incomeBeforeTax,incomeBeforeTaxRatio,incomeTaxExpense,netIncome,netIncomeRatio,eps,epsdiluted,weightedAverageShsOut,weightedAverageShsOutDil,link,finalLink,timestamp,est_time,est_date
0,2020-12-31,SLR.TO,USD,2020-12-31,2020-12-31,Q4,0.0,150000.0,-150000.0,0.0,0.0,228000.0,0.0,60000.0,228000.0,378000.0,0.0,15000.0,-363000.0,0.0,-378000.0,0.0,-172000.0,-534000.0,0.0,0.0,-534000.0,0.0,-0.009189468249870934,-0.009189468249870934,58110000.0,58110000.0,https://www.sedar.com/ModifyCompanyDocumentSearchForm.do?lang=EN&company_search=Solitario Zinc Corp&document_selection=0&industry_group=A&FromDate=13&FromMonth=05&FromYear=2000&ToDate=13&ToMonth=11&ToYear=2020&Variable=Issuer,https://www.sedar.com/ModifyCompanyDocumentSearchForm.do?lang=EN&company_search=Solitario Zinc Corp&document_selection=0&industry_group=A&FromDate=13&FromMonth=05&FromYear=2000&ToDate=13&ToMonth=11&ToYear=2020&Variable=Issuer,1620598022,18:07:02,20210509
1,2020-09-30,SLR.TO,USD,2020-09-30,2020-09-30,Q3,0.0,118000.0,-118000.0,0.0,0.0,226000.0,0.0,0.0,226000.0,344000.0,0.0,15000.0,-329000.0,0.0,-344000.0,0.0,288000.0,-53000.0,0.0,0.0,-53000.0,0.0,-0.000912,-0.000912,58110000.0,58110000.0,https://www.sedar.com/ModifyCompanyDocumentSearchForm.do?lang=EN&company_search=Solitario Zinc Corp&document_selection=0&industry_group=A&FromDate=13&FromMonth=05&FromYear=2000&ToDate=13&ToMonth=11&ToYear=2020&Variable=Issuer,https://www.sedar.com/ModifyCompanyDocumentSearchForm.do?lang=EN&company_search=Solitario Zinc Corp&document_selection=0&industry_group=A&FromDate=13&FromMonth=05&FromYear=2000&ToDate=13&ToMonth=11&ToYear=2020&Variable=Issuer,1620598022,18:07:02,20210509
2,2020-06-30,SLR.TO,USD,2020-06-30,2020-06-30,Q2,0.0,51000.0,-51000.0,0.0,0.0,254000.0,0.0,44000.0,254000.0,305000.0,0.0,17000.0,-288000.0,0.0,-305000.0,0.0,533000.0,255000.0,0.0,0.0,255000.0,0.0,0.004388,0.004378,58116000.0,58249000.0,https://www.sedar.com/ModifyCompanyDocumentSearchForm.do?lang=EN&company_search=Solitario Zinc Corp&document_selection=0&industry_group=A&FromDate=13&FromMonth=05&FromYear=2000&ToDate=13&ToMonth=11&ToYear=2020&Variable=Issuer,https://www.sedar.com/ModifyCompanyDocumentSearchForm.do?lang=EN&company_search=Solitario Zinc Corp&document_selection=0&industry_group=A&FromDate=13&FromMonth=05&FromYear=2000&ToDate=13&ToMonth=11&ToYear=2020&Variable=Issuer,1620598022,18:07:02,20210509
3,2020-03-31,SLR.TO,USD,2020-03-31,2020-03-31,Q1,0.0,119000.0,-119000.0,0.0,0.0,336000.0,0.0,0.0,336000.0,455000.0,0.0,16000.0,-439000.0,0.0,-455000.0,0.0,-233000.0,-607000.0,0.0,0.0,-607000.0,0.0,-0.01,-0.01,58130000.0,58130000.0,https://www.sedar.com/ModifyCompanyDocumentSearchForm.do?lang=EN&company_search=Solitario Zinc Corp&document_selection=0&industry_group=A&FromDate=13&FromMonth=05&FromYear=2000&ToDate=13&ToMonth=11&ToYear=2020&Variable=Issuer,https://www.sedar.com/ModifyCompanyDocumentSearchForm.do?lang=EN&company_search=Solitario Zinc Corp&document_selection=0&industry_group=A&FromDate=13&FromMonth=05&FromYear=2000&ToDate=13&ToMonth=11&ToYear=2020&Variable=Issuer,1620598022,18:07:02,20210509
4,2019-12-31,SLR.TO,USD,2019-12-31,2019-12-31,Q4,0.0,133000.0,-133000.0,0.0,0.0,303000.0,0.0,0.0,303000.0,436000.0,0.0,14000.0,-422000.0,0.0,-436000.0,0.0,23000.0,-366000.0,0.0,0.0,-366000.0,0.0,-0.006298399586990191,-0.006298399586990191,58110000.0,58110000.0,https://www.sedar.com/ModifyCompanyDocumentSearchForm.do?lang=EN&company_search=Solitario Zinc Corp&document_selection=0&industry_group=A&FromDate=13&FromMonth=05&FromYear=2000&ToDate=13&ToMonth=11&ToYear=2020&Variable=Issuer,https://www.sedar.com/ModifyCompanyDocumentSearchForm.do?lang=EN&company_search=Solitario Zinc Corp&document_selection=0&industry_group=A&FromDate=13&FromMonth=05&FromYear=2000&ToDate=13&ToMonth=11&ToYear=2020&Variable=Issuer,1620598022,18:07:02,20210509
5,2019-09-30,SLR.TO,USD,2019-09-30,2019-09-30,Q3,0.0,821000.0,-821000.0,0.0,0.0,319000.0,0.0,0.0,319000.0,1140000.0,0.0,35000.0,-1105000.0,0.0,-1140000.0,0.0,-383000.0,-1480000.0,0.0,0.0,-1480000.0,0.0,-0.03,-0.03,58138000.0,58138000.0,https://www.sedar.com/ModifyCompanyDocumentSearchForm.do?lang=EN&company_search=Solitario Zinc Corp&document_selection=0&industry_group=A&FromDate=13&FromMonth=05&FromYear=2000&ToDate=13&ToMonth=11&ToYear=2020&Variable=Issuer,https://www.sedar.com/ModifyCompanyDocumentSearchForm.do?lang=EN&company_search=Solitario Zinc Corp&document_selection=0&industry_group=A&FromDate=13&FromMonth=05&FromYear=2000&ToDate=13&ToMonth=11&ToYear=2020&Variable=Issuer,1620598022,18:07:02,20210509
6,2019-06-30,SLR.TO,USD,2019-06-30,2019-06-30,Q2,0.0,708000.0,-708000.0,0.0,0.0,321000.0,0.0,0.0,321000.0,1029000.0,0.0,6000.0,-1023000.0,0.0,-1029000.0,0.0,-63000.0,-1002000.0,0.0,0.0,-1002000.0,0.0,-0.02,-0.02,58141000.0,58141000.0,https://www.sedar.com/ModifyCompanyDocumentSearchForm.do?lang=EN&company_search=Solitario Zinc Corp&document_selection=0&industry_group=A&FromDate=13&FromMonth=05&FromYear=2000&ToDate=13&ToMonth=11&ToYear=2020&Variable=Issuer,https://www.sedar.com/ModifyCompanyDocumentSearchForm.do?lang=EN&company_search=Solitario Zinc Corp&document_selection=0&industry_group=A&FromDate=13&FromMonth=05&FromYear=2000&ToDate=13&ToMonth=11&ToYear=2020&Variable=Issuer,1620598022,18:07:02,20210509
7,2019-03-31,SLR.TO,USD,2019-03-31,2019-03-31,Q1,408000.0,170000.0,238000.0,0.5833333333333334,0.0,425000.0,0.0,0.0,425000.0,595000.0,0.0,7000.0,-180000.0,-0.4411764705882353,-187000.0,-0.4583333333333333,-326000.0,-441000.0,-1.0808823529411764,0.0,-441000.0,-1.0808823529411764,-0.01,-0.01,58158000.0,58158000.0,https://www.sedar.com/ModifyCompanyDocumentSearchForm.do?lang=EN&company_search=Solitario Zinc Corp&document_selection=0&industry_group=A&FromDate=13&FromMonth=05&FromYear=2000&ToDate=13&ToMonth=11&ToYear=2020&Variable=Issuer,https://www.sedar.com/ModifyCompanyDocumentSearchForm.do?lang=EN&company_search=Solitario Zinc Corp&document_selection=0&industry_group=A&FromDate=13&FromMonth=05&FromYear=2000&ToDate=13&ToMonth=11&ToYear=2020&Variable=Issuer,1620598022,18:07:02,20210509
8,2018-12-31,SLR.TO,USD,2018-12-31,2018-12-31,Q4,0.0,574000.0,-574000.0,0.0,0.0,445000.0,0.0,0.0,445000.0,1019000.0,0.0,6000.0,-1013000.0,0.0,-1019000.0,0.0,-322000.0,-1258000.0,0.0,0.0,-1258000.0,0.0,-0.021648597487523662,-0.021648597487523662,58110000.0,58110000.0,https://www.sedar.com/ModifyCompanyDocumentSearchForm.do?lang=EN&company_search=Solitario Zinc Corp&document_selection=0&industry_group=A&FromDate=13&FromMonth=05&FromYear=2000&ToDate=13&ToMonth=11&ToYear=2020&Variable=Issuer,https://www.sedar.com/ModifyCompanyDocumentSearchForm.do?lang=EN&company_search=Solitario Zinc Corp&document_selection=0&industry_group=A&FromDate=13&FromMonth=05&FromYear=2000&ToDate=13&ToMonth=11&ToYear=2020&Variable=Issuer,1620598022,18:07:02,20210509
9,2018-09-30,SLR.TO,USD,2018-09-30,2018-09-30,Q3,0.0,351000.0,-351000.0,0.0,0.0,344000.0,0.0,0.0,344000.0,695000.0,0.0,7000.0,-688000.0,0.0,-695000.0,0.0,-74000.0,-723000.0,0.0,0.0,-723000.0,0.0,-0.01,-0.01,58303000.0,58303000.0,https://www.sedar.com/ModifyCompanyDocumentSearchForm.do?lang=EN&company_search=Solitario Zinc Corp&document_selection=0&industry_group=A&FromDate=13&FromMonth=05&FromYear=2000&ToDate=13&ToMonth=11&ToYear=2020&Variable=Issuer,https://www.sedar.com/ModifyCompanyDocumentSearchForm.do?lang=EN&company_search=Solitario Zinc Corp&document_selection=0&industry_group=A&FromDate=13&FromMonth=05&FromYear=2000&ToDate=13&ToMonth=11&ToYear=2020&Variable=Issuer,1620598022,18:07:02,20210509
10,2018-06-30,SLR.TO,USD,2018-06-30,2018-06-30,Q2,502000.0,168000.0,334000.0,0.6653386454183267,0.0,762000.0,0.0,0.0,762000.0,930000.0,0.0,6000.0,-422000.0,-0.8406374501992032,-428000.0,-0.852589641434263,-222000.0,-613000.0,-1.2211155378486056,0.0,-613000.0,-1.2211155378486056,-0.01,-0.01,58390000.0,58390000.0,https://www.sedar.com/ModifyCompanyDocumentSearchForm.do?lang=EN&company_search=Solitario Zinc Corp&document_selection=0&industry_group=A&FromDate=13&FromMonth=05&FromYear=2000&ToDate=13&ToMonth=11&ToYear=2020&Variable=Issuer,https://www.sedar.com/ModifyCompanyDocumentSearchForm.do?lang=EN&company_search=Solitario Zinc Corp&document_selection=0&industry_group=A&FromDate=13&FromMonth=05&FromYear=2000&ToDate=13&ToMonth=11&ToYear=2020&Variable=Issuer,1620598022,18:07:02,20210509
11,2018-03-31,SLR.TO,USD,2018-03-31,2018-03-31,Q1,0.0,186000.0,-186000.0,0.0,0.0,403000.0,0.0,0.0,403000.0,589000.0,0.0,6000.0,-583000.0,0.0,-589000.0,0.0,-441000.0,-1004000.0,0.0,0.0,-1004000.0,0.0,-0.02,-0.02,58444000.0,58444000.0,https://www.sedar.com/ModifyCompanyDocumentSearchForm.do?lang=EN&company_search=Solitario Zinc Corp&document_selection=0&industry_group=A&FromDate=13&FromMonth=05&FromYear=2000&ToDate=13&ToMonth=11&ToYear=2020&Variable=Issuer,https://www.sedar.com/ModifyCompanyDocumentSearchForm.do?lang=EN&company_search=Solitario Zinc Corp&document_selection=0&industry_group=A&FromDate=13&FromMonth=05&FromYear=2000&ToDate=13&ToMonth=11&ToYear=2020&Variable=Issuer,1620598022,18:07:02,20210509
12,2017-12-31,SLR.TO,USD,2017-12-31,2017-12-31,Q4,0.0,185000.0,-185000.0,0.0,0.0,302000.0,0.0,0.0,302000.0,487000.0,0.0,5000.0,-482000.0,0.0,-487000.0,0.0,4000.0,-474000.0,0.0,15000.0,-489000.0,0.0,-0.008415074858027878,-0.008415074858027878,58110000.0,58110000.0,https://www.sedar.com/ModifyCompanyDocumentSearchForm.do?lang=EN&company_search=Solitario Zinc Corp&document_selection=0&industry_group=A&FromDate=13&FromMonth=05&FromYear=2000&ToDate=13&ToMonth=11&ToYear=2020&Variable=Issuer,https://www.sedar.com/ModifyCompanyDocumentSearchForm.do?lang=EN&company_search=Solitario Zinc Corp&document_selection=0&industry_group=A&FromDate=13&FromMonth=05&FromYear=2000&ToDate=13&ToMonth=11&ToYear=2020&Variable=Issuer,1620598022,18:07:02,20210509
13,2017-09-30,SLR.TO,USD,2017-09-30,2017-09-30,Q3,0.0,186000.0,-186000.0,0.0,0.0,40000.0,0.0,0.0,40000.0,226000.0,0.0,6000.0,-220000.0,0.0,-226000.0,0.0,339000.0,151000.0,0.0,74000.0,77000.0,0.0,0.001378,0.001378,55864000.0,55864000.0,https://www.sedar.com/ModifyCompanyDocumentSearchForm.do?lang=EN&company_search=Solitario Zinc Corp&document_selection=0&industry_group=A&FromDate=13&FromMonth=05&FromYear=2000&ToDate=13&ToMonth=11&ToYear=2020&Variable=Issuer,https://www.sedar.com/ModifyCompanyDocumentSearchForm.do?lang=EN&company_search=Solitario Zinc Corp&document_selection=0&industry_group=A&FromDate=13&FromMonth=05&FromYear=2000&ToDate=13&ToMonth=11&ToYear=2020&Variable=Issuer,1620598022,18:07:02,20210509
14,2017-06-30,SLR.TO,USD,2017-06-30,2017-06-30,Q2,0.0,189000.0,-189000.0,0.0,0.0,560000.0,0.0,0.0,560000.0,749000.0,0.0,1000.0,-748000.0,0.0,-749000.0,0.0,113000.0,-606000.0,0.0,-89000.0,-517000.0,0.0,-0.01,-0.01,38655000.0,38655000.0,https://www.sedar.com/ModifyCompanyDocumentSearchForm.do?lang=EN&company_search=Solitario Zinc Corp&document_selection=0&industry_group=A&FromDate=13&FromMonth=05&FromYear=2000&ToDate=13&ToMonth=11&ToYear=2020&Variable=Issuer,https://www.sedar.com/ModifyCompanyDocumentSearchForm.do?lang=EN&company_search=Solitario Zinc Corp&document_selection=0&industry_group=A&FromDate=13&FromMonth=05&FromYear=2000&ToDate=13&ToMonth=11&ToYear=2020&Variable=Issuer,1620598022,18:07:02,20210509
15,2017-03-31,SLR.TO,USD,2017-03-31,2017-03-31,Q1,0.0,152000.0,-152000.0,0.0,0.0,300000.0,0.0,0.0,300000.0,452000.0,0.0,1000.0,-451000.0,0.0,-452000.0,0.0,393000.0,-13000.0,0.0,0.0,-13000.0,0.0,-0.000336,-0.000336,38692000.0,38692000.0,https://www.sedar.com/ModifyCompanyDocumentSearchForm.do?lang=EN&company_search=Solitario Zinc Corp&document_selection=0&industry_group=A&FromDate=13&FromMonth=05&FromYear=2000&ToDate=13&ToMonth=11&ToYear=2020&Variable=Issuer,https://www.sedar.com/ModifyCompanyDocumentSearchForm.do?lang=EN&company_search=Solitario Zinc Corp&document_selection=0&industry_group=A&FromDate=13&FromMonth=05&FromYear=2000&ToDate=13&ToMonth=11&ToYear=2020&Variable=Issuer,1620598022,18:07:02,20210509
16,2016-12-31,SLR.TO,USD,2016-12-31,2016-12-31,Q4,0.0,155000.0,-155000.0,0.0,0.0,252000.0,0.0,0.0,252000.0,407000.0,0.0,1000.0,-406000.0,0.0,-407000.0,0.0,374000.0,-29000.0,0.0,-89000.0,60000.0,0.0,0.0010325245224574084,0.0010325245224574084,58110000.0,58110000.0,https://www.sedar.com/ModifyCompanyDocumentSearchForm.do?lang=EN&company_search=Solitario Zinc Corp&document_selection=0&industry_group=A&FromDate=13&FromMonth=05&FromYear=2000&ToDate=13&ToMonth=11&ToYear=2020&Variable=Issuer,https://www.sedar.com/ModifyCompanyDocumentSearchForm.do?lang=EN&company_search=Solitario Zinc Corp&document_selection=0&industry_group=A&FromDate=13&FromMonth=05&FromYear=2000&ToDate=13&ToMonth=11&ToYear=2020&Variable=Issuer,1620598022,18:07:02,20210509
17,2016-09-30,SLR.TO,USD,2016-09-30,2016-09-30,Q3,0.0,133000.0,-133000.0,0.0,0.0,1213000.0,0.0,0.0,1213000.0,1346000.0,0.0,1000.0,-1345000.0,0.0,-1346000.0,0.0,173000.0,-1146000.0,0.0,-27000.0,-1119000.0,0.0,-0.03,-0.03,38961000.0,38961000.0,https://www.sedar.com/ModifyCompanyDocumentSearchForm.do?lang=EN&company_search=Solitario Zinc Corp&document_selection=0&industry_group=A&FromDate=13&FromMonth=05&FromYear=2000&ToDate=13&ToMonth=11&ToYear=2020&Variable=Issuer,https://www.sedar.com/ModifyCompanyDocumentSearchForm.do?lang=EN&company_search=Solitario Zinc Corp&document_selection=0&industry_group=A&FromDate=13&FromMonth=05&FromYear=2000&ToDate=13&ToMonth=11&ToYear=2020&Variable=Issuer,1620598022,18:07:02,20210509
18,2016-06-30,SLR.TO,USD,2016-06-30,2016-06-30,Q2,0.0,222000.0,-222000.0,0.0,0.0,256000.0,0.0,0.0,256000.0,478000.0,0.0,2000.0,-476000.0,0.0,-478000.0,0.0,140000.0,-337000.0,0.0,-175000.0,-162000.0,0.0,-0.004155,-0.004155,38988000.0,38988000.0,https://www.sedar.com/ModifyCompanyDocumentSearchForm.do?lang=EN&company_search=Solitario Zinc Corp&document_selection=0&industry_group=A&FromDate=13&FromMonth=05&FromYear=2000&ToDate=13&ToMonth=11&ToYear=2020&Variable=Issuer,https://www.sedar.com/ModifyCompanyDocumentSearchForm.do?lang=EN&company_search=Solitario Zinc Corp&document_selection=0&industry_group=A&FromDate=13&FromMonth=05&FromYear=2000&ToDate=13&ToMonth=11&ToYear=2020&Variable=Issuer,1620598022,18:07:02,20210509
19,2016-03-31,SLR.TO,USD,2016-03-31,2016-03-31,Q1,0.0,123000.0,-123000.0,0.0,0.0,442000.0,0.0,0.0,442000.0,565000.0,0.0,1000.0,-564000.0,0.0,-565000.0,0.0,2000.0,-551000.0,0.0,-62000.0,-489000.0,0.0,-0.01,-0.01,39121000.0,39121000.0,https://www.sedar.com/ModifyCompanyDocumentSearchForm.do?lang=EN&company_search=Solitario Zinc Corp&document_selection=0&industry_group=A&FromDate=13&FromMonth=05&FromYear=2000&ToDate=13&ToMonth=11&ToYear=2020&Variable=Issuer,https://www.sedar.com/ModifyCompanyDocumentSearchForm.do?lang=EN&company_search=Solitario Zinc Corp&document_selection=0&industry_group=A&FromDate=13&FromMonth=05&FromYear=2000&ToDate=13&ToMonth=11&ToYear=2020&Variable=Issuer,1620598022,18:07:02,20210509
20,2015-12-31,SLR.TO,USD,2015-12-31,2015-12-31,Q4,0.0,45000.0,-45000.0,0.0,0.0,452000.0,0.0,0.0,452000.0,497000.0,0.0,4000.0,-493000.0,0.0,-497000.0,0.0,2000.0,-487000.0,0.0,-437000.0,-487000.0,0.0,-0.008380657373945964,-0.008380657373945964,58110000.0,58110000.0,https://www.sedar.com/ModifyCompanyDocumentSearchForm.do?lang=EN&company_search=Solitario Zinc Corp&document_selection=0&industry_group=A&FromDate=13&FromMonth=05&FromYear=2000&ToDate=13&ToMonth=11&ToYear=2020&Variable=Issuer,https://www.sedar.com/ModifyCompanyDocumentSearchForm.do?lang=EN&company_search=Solitario Zinc Corp&document_selection=0&industry_group=A&FromDate=13&FromMonth=05&FromYear=2000&ToDate=13&ToMonth=11&ToYear=2020&Variable=Issuer,1620598022,18:07:02,20210509
21,2015-09-30,SLR.TO,USD,2015-09-30,2015-09-30,Q3,0.0,18000.0,-18000.0,0.0,0.0,481000.0,0.0,0.0,481000.0,499000.0,0.0,2000.0,-497000.0,0.0,-499000.0,0.0,-1304000.0,-1800000.0,0.0,997000.0,9950000.0,0.0,0.25,0.25,39314000.0,39314000.0,https://www.sedar.com/ModifyCompanyDocumentSearchForm.do?lang=EN&company_search=Solitario Zinc Corp&document_selection=0&industry_group=A&FromDate=13&FromMonth=05&FromYear=2000&ToDate=13&ToMonth=11&ToYear=2020&Variable=Issuer,https://www.sedar.com/ModifyCompanyDocumentSearchForm.do?lang=EN&company_search=Solitario Zinc Corp&document_selection=0&industry_group=A&FromDate=13&FromMonth=05&FromYear=2000&ToDate=13&ToMonth=11&ToYear=2020&Variable=Issuer,1620598022,18:07:02,20210509
22,2015-06-30,SLR.TO,USD,2015-06-30,2015-06-30,Q2,0.0,9000.0,-9000.0,0.0,0.0,478000.0,0.0,0.0,478000.0,487000.0,0.0,2000.0,-485000.0,0.0,-487000.0,0.0,344000.0,-142000.0,0.0,0.0,-141000.0,0.0,-0.00359,-0.00359,39273000.0,39273000.0,https://www.sedar.com/ModifyCompanyDocumentSearchForm.do?lang=EN&company_search=Solitario Zinc Corp&document_selection=0&industry_group=A&FromDate=13&FromMonth=05&FromYear=2000&ToDate=13&ToMonth=11&ToYear=2020&Variable=Issuer,https://www.sedar.com/ModifyCompanyDocumentSearchForm.do?lang=EN&company_search=Solitario Zinc Corp&document_selection=0&industry_group=A&FromDate=13&FromMonth=05&FromYear=2000&ToDate=13&ToMonth=11&ToYear=2020&Variable=Issuer,1620598022,18:07:02,20210509
23,2015-03-31,SLR.TO,USD,2015-03-31,2015-03-31,Q1,0.0,28000.0,-28000.0,0.0,0.0,554000.0,0.0,0.0,554000.0,582000.0,0.0,3000.0,-579000.0,0.0,-582000.0,0.0,131000.0,-451000.0,0.0,0.0,-450000.0,0.0,-0.01,-0.01,39248000.0,39248000.0,https://www.sedar.com/ModifyCompanyDocumentSearchForm.do?lang=EN&company_search=Solitario Zinc Corp&document_selection=0&industry_group=A&FromDate=13&FromMonth=05&FromYear=2000&ToDate=13&ToMonth=11&ToYear=2020&Variable=Issuer,https://www.sedar.com/ModifyCompanyDocumentSearchForm.do?lang=EN&company_search=Solitario Zinc Corp&document_selection=0&industry_group=A&FromDate=13&FromMonth=05&FromYear=2000&ToDate=13&ToMonth=11&ToYear=2020&Variable=Issuer,1620598022,18:07:02,20210509
24,2014-12-31,SLR.TO,USD,2014-12-31,2014-12-31,Q4,0.0,39000.0,-39000.0,0.0,0.0,447000.0,0.0,0.0,447000.0,486000.0,0.0,2000.0,-484000.0,0.0,-486000.0,0.0,227000.0,-259000.0,0.0,0.0,-257000.0,0.0,-0.004422646704525899,-0.004422646704525899,58110000.0,58110000.0,https://www.sedar.com/ModifyCompanyDocumentSearchForm.do?lang=EN&company_search=Solitario Zinc Corp&document_selection=0&industry_group=A&FromDate=13&FromMonth=05&FromYear=2000&ToDate=13&ToMonth=11&ToYear=2020&Variable=Issuer,https://www.sedar.com/ModifyCompanyDocumentSearchForm.do?lang=EN&company_search=Solitario Zinc Corp&document_selection=0&industry_group=A&FromDate=13&FromMonth=05&FromYear=2000&ToDate=13&ToMonth=11&ToYear=2020&Variable=Issuer,1620598022,18:07:02,20210509
25,2014-09-30,SLR.TO,USD,2014-09-30,2014-09-30,Q3,200000.0,61000.0,139000.0,0.695,0.0,794000.0,0.0,0.0,794000.0,855000.0,0.0,3000.0,-652000.0,-3.26,-655000.0,-3.275,147000.0,-508000.0,-2.54,0.0,-505000.0,-2.525,-0.01,-0.01,39248000.0,39248000.0,https://www.sedar.com/ModifyCompanyDocumentSearchForm.do?lang=EN&company_search=Solitario Zinc Corp&document_selection=0&industry_group=A&FromDate=13&FromMonth=05&FromYear=2000&ToDate=13&ToMonth=11&ToYear=2020&Variable=Issuer,https://www.sedar.com/ModifyCompanyDocumentSearchForm.do?lang=EN&company_search=Solitario Zinc Corp&document_selection=0&industry_group=A&FromDate=13&FromMonth=05&FromYear=2000&ToDate=13&ToMonth=11&ToYear=2020&Variable=Issuer,1620598022,18:07:02,20210509
26,2014-06-30,SLR.TO,USD,2014-06-30,2014-06-30,Q2,0.0,141000.0,-141000.0,0.0,0.0,404000.0,0.0,0.0,404000.0,545000.0,0.0,5000.0,-540000.0,0.0,-545000.0,0.0,103000.0,-441000.0,0.0,100000.0,-539000.0,0.0,-0.01,-0.01,39228000.0,39228000.0,https://www.sedar.com/ModifyCompanyDocumentSearchForm.do?lang=EN&company_search=Solitario Zinc Corp&document_selection=0&industry_group=A&FromDate=13&FromMonth=05&FromYear=2000&ToDate=13&ToMonth=11&ToYear=2020&Variable=Issuer,https://www.sedar.com/ModifyCompanyDocumentSearchForm.do?lang=EN&company_search=Solitario Zinc Corp&document_selection=0&industry_group=A&FromDate=13&FromMonth=05&FromYear=2000&ToDate=13&ToMonth=11&ToYear=2020&Variable=Issuer,1620598022,18:07:02,20210509
27,2014-03-31,SLR.TO,USD,2014-03-31,2014-03-31,Q1,0.0,51000.0,-51000.0,0.0,0.0,531000.0,0.0,0.0,531000.0,582000.0,0.0,3000.0,-579000.0,0.0,-582000.0,0.0,-53000.0,-635000.0,0.0,-100000.0,-532000.0,0.0,-0.01,-0.01,38130000.0,38130000.0,https://www.sedar.com/ModifyCompanyDocumentSearchForm.do?lang=EN&company_search=Solitario Zinc Corp&document_selection=0&industry_group=A&FromDate=13&FromMonth=05&FromYear=2000&ToDate=13&ToMonth=11&ToYear=2020&Variable=Issuer,https://www.sedar.com/ModifyCompanyDocumentSearchForm.do?lang=EN&company_search=Solitario Zinc Corp&document_selection=0&industry_group=A&FromDate=13&FromMonth=05&FromYear=2000&ToDate=13&ToMonth=11&ToYear=2020&Variable=Issuer,1620598022,18:07:02,20210509
28,2013-12-31,SLR.TO,USD,2013-12-31,2013-12-31,Q4,100000.0,28000.0,72000.0,0.72,0.0,687000.0,0.0,0.0,687000.0,715000.0,0.0,5000.0,-610000.0,-6.1,-615000.0,-6.15,99000.0,-515000.0,-5.15,-153000.0,-421000.0,-4.21,-0.0072448803992428154,-0.0072448803992428154,58110000.0,58110000.0,https://www.sedar.com/ModifyCompanyDocumentSearchForm.do?lang=EN&company_search=Solitario Zinc Corp&document_selection=0&industry_group=A&FromDate=13&FromMonth=05&FromYear=2000&ToDate=13&ToMonth=11&ToYear=2020&Variable=Issuer,https://www.sedar.com/ModifyCompanyDocumentSearchForm.do?lang=EN&company_search=Solitario Zinc Corp&document_selection=0&industry_group=A&FromDate=13&FromMonth=05&FromYear=2000&ToDate=13&ToMonth=11&ToYear=2020&Variable=Issuer,1620598022,18:07:02,20210509
29,2013-09-30,SLR.TO,USD,2013-09-30,2013-09-30,Q3,200000.0,81000.0,119000.0,0.595,0.0,413000.0,0.0,0.0,413000.0,494000.0,0.0,5000.0,-289000.0,-1.445,-294000.0,-1.47,40000.0,-254000.0,-1.27,-47000.0,-202000.0,-1.01,-0.01,-0.01,36463000.0,36463000.0,https://www.sedar.com/ModifyCompanyDocumentSearchForm.do?lang=EN&company_search=Solitario Zinc Corp&document_selection=0&industry_group=A&FromDate=13&FromMonth=05&FromYear=2000&ToDate=13&ToMonth=11&ToYear=2020&Variable=Issuer,https://www.sedar.com/ModifyCompanyDocumentSearchForm.do?lang=EN&company_search=Solitario Zinc Corp&document_selection=0&industry_group=A&FromDate=13&FromMonth=05&FromYear=2000&ToDate=13&ToMonth=11&ToYear=2020&Variable=Issuer,1620598022,18:07:02,20210509
30,2013-06-30,SLR.TO,USD,2013-06-30,2013-06-30,Q2,0.0,345000.0,-345000.0,0.0,0.0,517000.0,0.0,0.0,517000.0,862000.0,0.0,9000.0,-853000.0,0.0,-862000.0,0.0,611000.0,-249000.0,0.0,193000.0,-438000.0,0.0,-0.01,-0.01,34659000.0,34659000.0,https://www.sedar.com/ModifyCompanyDocumentSearchForm.do?lang=EN&company_search=Solitario Zinc Corp&document_selection=0&industry_group=A&FromDate=13&FromMonth=05&FromYear=2000&ToDate=13&ToMonth=11&ToYear=2020&Variable=Issuer,https://www.sedar.com/ModifyCompanyDocumentSearchForm.do?lang=EN&company_search=Solitario Zinc Corp&document_selection=0&industry_group=A&FromDate=13&FromMonth=05&FromYear=2000&ToDate=13&ToMonth=11&ToYear=2020&Variable=Issuer,1620598022,18:07:02,20210509
31,2013-03-31,SLR.TO,USD,2013-03-31,2013-03-31,Q1,0.0,369000.0,-369000.0,0.0,0.0,627000.0,0.0,0.0,627000.0,996000.0,0.0,7000.0,-989000.0,0.0,-996000.0,0.0,-221000.0,-1163000.0,0.0,-169000.0,-991000.0,0.0,-0.03,-0.03,34589000.0,34589000.0,https://www.sedar.com/ModifyCompanyDocumentSearchForm.do?lang=EN&company_search=Solitario Zinc Corp&document_selection=0&industry_group=A&FromDate=13&FromMonth=05&FromYear=2000&ToDate=13&ToMonth=11&ToYear=2020&Variable=Issuer,https://www.sedar.com/ModifyCompanyDocumentSearchForm.do?lang=EN&company_search=Solitario Zinc Corp&document_selection=0&industry_group=A&FromDate=13&FromMonth=05&FromYear=2000&ToDate=13&ToMonth=11&ToYear=2020&Variable=Issuer,1620598022,18:07:02,20210509
32,2012-12-31,SLR.TO,USD,2012-12-31,2012-12-31,Q4,100000.0,2047000.0,-1947000.0,-19.47,0.0,817000.0,0.0,0.0,-810000.0,1237000.0,72000.0,19000.0,-1118000.0,-11.18,-1137000.0,-11.37,195000.0,-1114000.0,-11.14,-216000.0,-883000.0,-8.83,-0.01519531922216486,-0.01519531922216486,58110000.0,58110000.0,https://www.sedar.com/ModifyCompanyDocumentSearchForm.do?lang=EN&company_search=Solitario Zinc Corp&document_selection=0&industry_group=A&FromDate=13&FromMonth=05&FromYear=2000&ToDate=13&ToMonth=11&ToYear=2020&Variable=Issuer,https://www.sedar.com/ModifyCompanyDocumentSearchForm.do?lang=EN&company_search=Solitario Zinc Corp&document_selection=0&industry_group=A&FromDate=13&FromMonth=05&FromYear=2000&ToDate=13&ToMonth=11&ToYear=2020&Variable=Issuer,1620598022,18:07:02,20210509
33,2012-09-30,SLR.TO,USD,2012-09-30,2012-09-30,Q3,200000.0,0.0,200000.0,1.0,0.0,571000.0,0.0,0.0,1093000.0,1093000.0,105000.0,15000.0,-878000.0,-4.39,-893000.0,-4.465,-869000.0,-1814000.0,-9.07,-436000.0,-1359000.0,-6.795,-0.04,-0.04,34466000.0,34466000.0,https://www.sedar.com/ModifyCompanyDocumentSearchForm.do?lang=EN&company_search=Solitario Zinc Corp&document_selection=0&industry_group=A&FromDate=13&FromMonth=05&FromYear=2000&ToDate=13&ToMonth=11&ToYear=2020&Variable=Issuer,https://www.sedar.com/ModifyCompanyDocumentSearchForm.do?lang=EN&company_search=Solitario Zinc Corp&document_selection=0&industry_group=A&FromDate=13&FromMonth=05&FromYear=2000&ToDate=13&ToMonth=11&ToYear=2020&Variable=Issuer,1620598022,18:07:02,20210509
34,2012-06-30,SLR.TO,USD,2012-06-30,2012-06-30,Q2,0.0,0.0,0.0,0.0,0.0,621000.0,0.0,0.0,1188000.0,1188000.0,73000.0,13000.0,-1175000.0,0.0,-1188000.0,0.0,875000.0,-347000.0,0.0,113000.0,-385000.0,0.0,-0.01,-0.01,34240000.0,34240000.0,https://www.sedar.com/ModifyCompanyDocumentSearchForm.do?lang=EN&company_search=Solitario Zinc Corp&document_selection=0&industry_group=A&FromDate=13&FromMonth=05&FromYear=2000&ToDate=13&ToMonth=11&ToYear=2020&Variable=Issuer,https://www.sedar.com/ModifyCompanyDocumentSearchForm.do?lang=EN&company_search=Solitario Zinc Corp&document_selection=0&industry_group=A&FromDate=13&FromMonth=05&FromYear=2000&ToDate=13&ToMonth=11&ToYear=2020&Variable=Issuer,1620598022,18:07:02,20210509
35,2012-03-31,SLR.TO,USD,2012-03-31,2012-03-31,Q1,0.0,0.0,0.0,0.0,0.0,671000.0,0.0,0.0,1143000.0,1143000.0,68000.0,14000.0,-1129000.0,0.0,-1143000.0,0.0,232000.0,-971000.0,0.0,-109000.0,-670000.0,0.0,-0.02,-0.02,34216000.0,34216000.0,https://www.sedar.com/ModifyCompanyDocumentSearchForm.do?lang=EN&company_search=Solitario Zinc Corp&document_selection=0&industry_group=A&FromDate=13&FromMonth=05&FromYear=2000&ToDate=13&ToMonth=11&ToYear=2020&Variable=Issuer,https://www.sedar.com/ModifyCompanyDocumentSearchForm.do?lang=EN&company_search=Solitario Zinc Corp&document_selection=0&industry_group=A&FromDate=13&FromMonth=05&FromYear=2000&ToDate=13&ToMonth=11&ToYear=2020&Variable=Issuer,1620598022,18:07:02,20210509
36,2011-12-31,SLR.TO,USD,2011-12-31,2011-12-31,Q4,42000.0,0.0,42000.0,1.0,0.0,0.0,0.0,0.0,3059000.0,3059000.0,0.0,12000.0,-3005000.0,-71.54761904761905,-3017000.0,-71.83333333333333,-87000.0,-3162000.0,-75.28571428571429,-159000.0,-1461000.0,-34.785714285714285,-0.025141972121837892,-0.025141972121837892,58110000.0,58110000.0,https://www.sedar.com/ModifyCompanyDocumentSearchForm.do?lang=EN&company_search=Solitario Zinc Corp&document_selection=0&industry_group=A&FromDate=13&FromMonth=05&FromYear=2000&ToDate=13&ToMonth=11&ToYear=2020&Variable=Issuer,https://www.sedar.com/ModifyCompanyDocumentSearchForm.do?lang=EN&company_search=Solitario Zinc Corp&document_selection=0&industry_group=A&FromDate=13&FromMonth=05&FromYear=2000&ToDate=13&ToMonth=11&ToYear=2020&Variable=Issuer,1620598022,18:07:02,20210509
37,2011-09-30,SLR.TO,USD,2011-09-30,2011-09-30,Q3,200000.0,0.0,200000.0,1.0,0.0,625000.0,0.0,0.0,2362000.0,2362000.0,63000.0,13000.0,-2149000.0,-10.745,-2162000.0,-10.81,-306000.0,-2470000.0,-12.35,-569000.0,-906000.0,-4.53,-0.03,-0.03,34163000.0,34163000.0,https://www.sedar.com/ModifyCompanyDocumentSearchForm.do?lang=EN&company_search=Solitario Zinc Corp&document_selection=0&industry_group=A&FromDate=13&FromMonth=05&FromYear=2000&ToDate=13&ToMonth=11&ToYear=2020&Variable=Issuer,https://www.sedar.com/ModifyCompanyDocumentSearchForm.do?lang=EN&company_search=Solitario Zinc Corp&document_selection=0&industry_group=A&FromDate=13&FromMonth=05&FromYear=2000&ToDate=13&ToMonth=11&ToYear=2020&Variable=Issuer,1620598022,18:07:02,20210509
38,2011-06-30,SLR.TO,USD,2011-06-30,2011-06-30,Q2,0.0,0.0,0.0,0.0,0.0,689000.0,0.0,0.0,1620000.0,1620000.0,68000.0,10000.0,-1610000.0,0.0,-1620000.0,0.0,159000.0,-1522000.0,0.0,-152000.0,-849000.0,0.0,-0.03,-0.03,33027000.0,33027000.0,https://www.sedar.com/ModifyCompanyDocumentSearchForm.do?lang=EN&company_search=Solitario Zinc Corp&document_selection=0&industry_group=A&FromDate=13&FromMonth=05&FromYear=2000&ToDate=13&ToMonth=11&ToYear=2020&Variable=Issuer,https://www.sedar.com/ModifyCompanyDocumentSearchForm.do?lang=EN&company_search=Solitario Zinc Corp&document_selection=0&industry_group=A&FromDate=13&FromMonth=05&FromYear=2000&ToDate=13&ToMonth=11&ToYear=2020&Variable=Issuer,1620598022,18:07:02,20210509
39,2011-03-31,SLR.TO,USD,2011-03-31,2011-03-31,Q1,0.0,0.0,0.0,0.0,0.0,956000.0,0.0,0.0,1754000.0,1754000.0,92000.0,11000.0,-1743000.0,0.0,-1754000.0,0.0,1347000.0,-449000.0,0.0,245000.0,-161000.0,0.0,-0.01,-0.01,29769000.0,29769000.0,https://www.sedar.com/ModifyCompanyDocumentSearchForm.do?lang=EN&company_search=Solitario Zinc Corp&document_selection=0&industry_group=A&FromDate=13&FromMonth=05&FromYear=2000&ToDate=13&ToMonth=11&ToYear=2020&Variable=Issuer,https://www.sedar.com/ModifyCompanyDocumentSearchForm.do?lang=EN&company_search=Solitario Zinc Corp&document_selection=0&industry_group=A&FromDate=13&FromMonth=05&FromYear=2000&ToDate=13&ToMonth=11&ToYear=2020&Variable=Issuer,1620598022,18:07:02,20210509
40,2010-12-31,SLR.TO,USD,2010-12-31,2010-12-31,Q4,0.0,0.0,0.0,0.0,0.0,2128000.0,0.0,0.0,3860000.0,3860000.0,0.0,11000.0,-3849000.0,0.0,-3860000.0,0.0,1599000.0,-3511000.0,0.0,-525000.0,-1876000.0,0.0,-0.03228360006883497,-0.03228360006883497,58110000.0,58110000.0,https://www.sedar.com/ModifyCompanyDocumentSearchForm.do?lang=EN&company_search=Solitario Zinc Corp&document_selection=0&industry_group=A&FromDate=13&FromMonth=05&FromYear=2000&ToDate=13&ToMonth=11&ToYear=2020&Variable=Issuer,https://www.sedar.com/ModifyCompanyDocumentSearchForm.do?lang=EN&company_search=Solitario Zinc Corp&document_selection=0&industry_group=A&FromDate=13&FromMonth=05&FromYear=2000&ToDate=13&ToMonth=11&ToYear=2020&Variable=Issuer,1620598022,18:07:02,20210509
41,2010-09-30,SLR.TO,USD,2010-09-30,2010-09-30,Q3,200000.0,0.0,200000.0,1.0,0.0,592000.0,0.0,0.0,1188000.0,1188000.0,0.0,12000.0,-976000.0,-4.88,-988000.0,-4.94,590000.0,-363000.0,-1.815,-341000.0,7000.0,0.035,0.000235,0.000235,29750000.0,29750000.0,https://www.sedar.com/ModifyCompanyDocumentSearchForm.do?lang=EN&company_search=Solitario Zinc Corp&document_selection=0&industry_group=A&FromDate=13&FromMonth=05&FromYear=2000&ToDate=13&ToMonth=11&ToYear=2020&Variable=Issuer,https://www.sedar.com/ModifyCompanyDocumentSearchForm.do?lang=EN&company_search=Solitario Zinc Corp&document_selection=0&industry_group=A&FromDate=13&FromMonth=05&FromYear=2000&ToDate=13&ToMonth=11&ToYear=2020&Variable=Issuer,1620598022,18:07:02,20210509
42,2010-06-30,SLR.TO,USD,2010-06-30,2010-06-30,Q2,0.0,0.0,0.0,0.0,0.0,1082000.0,0.0,0.0,2055000.0,2055000.0,0.0,20000.0,-2035000.0,0.0,-2055000.0,0.0,520000.0,-1535000.0,0.0,-178000.0,-1292000.0,0.0,-0.04,-0.04,29750000.0,29750000.0,https://www.sedar.com/ModifyCompanyDocumentSearchForm.do?lang=EN&company_search=Solitario Zinc Corp&document_selection=0&industry_group=A&FromDate=13&FromMonth=05&FromYear=2000&ToDate=13&ToMonth=11&ToYear=2020&Variable=Issuer,https://www.sedar.com/ModifyCompanyDocumentSearchForm.do?lang=EN&company_search=Solitario Zinc Corp&document_selection=0&industry_group=A&FromDate=13&FromMonth=05&FromYear=2000&ToDate=13&ToMonth=11&ToYear=2020&Variable=Issuer,1620598022,18:07:02,20210509
43,2010-03-31,SLR.TO,USD,2010-03-31,2010-03-31,Q1,0.0,0.0,0.0,0.0,0.0,478000.0,0.0,0.0,1277000.0,1277000.0,0.0,24000.0,-1253000.0,0.0,-1277000.0,0.0,134000.0,-1090000.0,0.0,-115000.0,-905000.0,0.0,-0.03,-0.03,29750000.0,29750000.0,https://www.sedar.com/ModifyCompanyDocumentSearchForm.do?lang=EN&company_search=Solitario Zinc Corp&document_selection=0&industry_group=A&FromDate=13&FromMonth=05&FromYear=2000&ToDate=13&ToMonth=11&ToYear=2020&Variable=Issuer,https://www.sedar.com/ModifyCompanyDocumentSearchForm.do?lang=EN&company_search=Solitario Zinc Corp&document_selection=0&industry_group=A&FromDate=13&FromMonth=05&FromYear=2000&ToDate=13&ToMonth=11&ToYear=2020&Variable=Issuer,1620598022,18:07:02,20210509
44,2009-12-31,SLR.TO,USD,2009-12-31,2009-12-31,Q4,0.0,0.0,0.0,0.0,0.0,627000.0,0.0,0.0,1631000.0,1631000.0,0.0,21000.0,-1610000.0,0.0,-1631000.0,0.0,3134000.0,1503000.0,0.0,1003000.0,650000.0,0.0,0.011185682326621925,0.011185682326621925,58110000.0,58110000.0,https://www.sedar.com/ModifyCompanyDocumentSearchForm.do?lang=EN&company_search=Solitario Zinc Corp&document_selection=0&industry_group=A&FromDate=13&FromMonth=05&FromYear=2000&ToDate=13&ToMonth=11&ToYear=2020&Variable=Issuer,https://www.sedar.com/ModifyCompanyDocumentSearchForm.do?lang=EN&company_search=Solitario Zinc Corp&document_selection=0&industry_group=A&FromDate=13&FromMonth=05&FromYear=2000&ToDate=13&ToMonth=11&ToYear=2020&Variable=Issuer,1620598022,18:07:02,20210509
45,2009-09-30,SLR.TO,USD,2009-09-30,2009-09-30,Q3,200000.0,0.0,200000.0,1.0,0.0,472000.0,0.0,0.0,669000.0,669000.0,0.0,23000.0,-446000.0,-2.23,-469000.0,-2.345,90000.0,-326000.0,-1.63,204000.0,-377000.0,-1.885,-0.01,-0.01,29750000.0,29750000.0,https://www.sedar.com/ModifyCompanyDocumentSearchForm.do?lang=EN&company_search=Solitario Zinc Corp&document_selection=0&industry_group=A&FromDate=13&FromMonth=05&FromYear=2000&ToDate=13&ToMonth=11&ToYear=2020&Variable=Issuer,https://www.sedar.com/ModifyCompanyDocumentSearchForm.do?lang=EN&company_search=Solitario Zinc Corp&document_selection=0&industry_group=A&FromDate=13&FromMonth=05&FromYear=2000&ToDate=13&ToMonth=11&ToYear=2020&Variable=Issuer,1620598022,18:07:02,20210509
46,2009-06-30,SLR.TO,USD,2009-06-30,2009-06-30,Q2,0.0,0.0,0.0,0.0,0.0,1410000.0,0.0,0.0,2231000.0,2231000.0,0.0,24000.0,-2207000.0,0.0,-2231000.0,0.0,493000.0,-1733000.0,0.0,-295000.0,-1388000.0,0.0,-0.05,-0.05,29750000.0,29750000.0,https://www.sedar.com/ModifyCompanyDocumentSearchForm.do?lang=EN&company_search=Solitario Zinc Corp&document_selection=0&industry_group=A&FromDate=13&FromMonth=05&FromYear=2000&ToDate=13&ToMonth=11&ToYear=2020&Variable=Issuer,https://www.sedar.com/ModifyCompanyDocumentSearchForm.do?lang=EN&company_search=Solitario Zinc Corp&document_selection=0&industry_group=A&FromDate=13&FromMonth=05&FromYear=2000&ToDate=13&ToMonth=11&ToYear=2020&Variable=Issuer,1620598022,18:07:02,20210509
47,2009-03-31,SLR.TO,USD,2009-03-31,2009-03-31,Q1,0.0,0.0,0.0,0.0,0.0,514000.0,0.0,0.0,1218000.0,1218000.0,0.0,23000.0,-1195000.0,0.0,-1218000.0,0.0,517000.0,-653000.0,0.0,84000.0,-671000.0,0.0,-0.02,-0.02,29750000.0,29750000.0,https://www.sedar.com/ModifyCompanyDocumentSearchForm.do?lang=EN&company_search=Solitario Zinc Corp&document_selection=0&industry_group=A&FromDate=13&FromMonth=05&FromYear=2000&ToDate=13&ToMonth=11&ToYear=2020&Variable=Issuer,https://www.sedar.com/ModifyCompanyDocumentSearchForm.do?lang=EN&company_search=Solitario Zinc Corp&document_selection=0&industry_group=A&FromDate=13&FromMonth=05&FromYear=2000&ToDate=13&ToMonth=11&ToYear=2020&Variable=Issuer,1620598022,18:07:02,20210509
48,2008-12-31,SLR.TO,USD,2008-12-31,2008-12-31,Q4,0.0,0.0,200000.0,0.0,0.0,0.0,0.0,0.0,-1180000.0,-1180000.0,0.0,-30000.0,1350000.0,0.0,1380000.0,0.0,-160000.0,1058000.0,0.0,866000.0,419000.0,0.0,0.007210462915160902,0.007210462915160902,58110000.0,58110000.0,https://www.sedar.com/ModifyCompanyDocumentSearchForm.do?lang=EN&company_search=Solitario Zinc Corp&document_selection=0&industry_group=A&FromDate=13&FromMonth=05&FromYear=2000&ToDate=13&ToMonth=11&ToYear=2020&Variable=Issuer,https://www.sedar.com/ModifyCompanyDocumentSearchForm.do?lang=EN&company_search=Solitario Zinc Corp&document_selection=0&industry_group=A&FromDate=13&FromMonth=05&FromYear=2000&ToDate=13&ToMonth=11&ToYear=2020&Variable=Issuer,1620598022,18:07:02,20210509
49,2008-09-30,SLR.TO,USD,2008-09-30,2008-09-30,Q3,0.0,0.0,0.0,0.0,0.0,0.0,0.0,0.0,2105000.0,2105000.0,0.0,38000.0,-2067000.0,0.0,-2105000.0,0.0,5890000.0,3933000.0,0.0,1779000.0,2154000.0,0.0,0.07241796664873588,0.07187427007908172,29744000.0,29969000.0,https://www.sedar.com/ModifyCompanyDocumentSearchForm.do?lang=EN&company_search=Solitario Zinc Corp&document_selection=0&industry_group=A&FromDate=13&FromMonth=05&FromYear=2000&ToDate=13&ToMonth=11&ToYear=2020&Variable=Issuer,https://www.sedar.com/ModifyCompanyDocumentSearchForm.do?lang=EN&company_search=Solitario Zinc Corp&document_selection=0&industry_group=A&FromDate=13&FromMonth=05&FromYear=2000&ToDate=13&ToMonth=11&ToYear=2020&Variable=Issuer,1620598022,18:07:02,20210509
50,2008-06-30,SLR.TO,USD,2008-06-30,2008-06-30,Q2,0.0,0.0,0.0,0.0,0.0,0.0,0.0,0.0,1852000.0,1852000.0,0.0,45000.0,-1807000.0,0.0,-1852000.0,0.0,-51000.0,-1853000.0,0.0,-252000.0,-1601000.0,0.0,-0.05,-0.05,29642000.0,29642000.0,https://www.sedar.com/ModifyCompanyDocumentSearchForm.do?lang=EN&company_search=Solitario Zinc Corp&document_selection=0&industry_group=A&FromDate=13&FromMonth=05&FromYear=2000&ToDate=13&ToMonth=11&ToYear=2020&Variable=Issuer,https://www.sedar.com/ModifyCompanyDocumentSearchForm.do?lang=EN&company_search=Solitario Zinc Corp&document_selection=0&industry_group=A&FromDate=13&FromMonth=05&FromYear=2000&ToDate=13&ToMonth=11&ToYear=2020&Variable=Issuer,1620598022,18:07:02,20210509
51,2008-03-31,SLR.TO,USD,2008-03-31,2008-03-31,Q1,0.0,0.0,0.0,0.0,0.0,0.0,0.0,0.0,1910000.0,1910000.0,0.0,45000.0,-1865000.0,0.0,-1910000.0,0.0,-65000.0,-1902000.0,0.0,-265000.0,-1589000.0,0.0,-0.05,-0.05,29628000.0,29628000.0,https://www.sedar.com/ModifyCompanyDocumentSearchForm.do?lang=EN&company_search=Solitario Zinc Corp&document_selection=0&industry_group=A&FromDate=13&FromMonth=05&FromYear=2000&ToDate=13&ToMonth=11&ToYear=2020&Variable=Issuer,https://www.sedar.com/ModifyCompanyDocumentSearchForm.do?lang=EN&company_search=Solitario Zinc Corp&document_selection=0&industry_group=A&FromDate=13&FromMonth=05&FromYear=2000&ToDate=13&ToMonth=11&ToYear=2020&Variable=Issuer,1620598022,18:07:02,20210509
52,2007-12-31,SLR.TO,USD,2007-12-31,2007-12-31,Q4,0.0,0.0,100000.0,0.0,0.0,0.0,0.0,0.0,1922000.0,1922000.0,0.0,-32000.0,-1854000.0,0.0,-1822000.0,0.0,-685000.0,-2487000.0,0.0,-194000.0,-2276000.0,0.0,-0.03916709688521769,-0.03916709688521769,58110000.0,58110000.0,https://www.sedar.com/ModifyCompanyDocumentSearchForm.do?lang=EN&company_search=Solitario Zinc Corp&document_selection=0&industry_group=A&FromDate=13&FromMonth=05&FromYear=2000&ToDate=13&ToMonth=11&ToYear=2020&Variable=Issuer,https://www.sedar.com/ModifyCompanyDocumentSearchForm.do?lang=EN&company_search=Solitario Zinc Corp&document_selection=0&industry_group=A&FromDate=13&FromMonth=05&FromYear=2000&ToDate=13&ToMonth=11&ToYear=2020&Variable=Issuer,1620598022,18:07:02,20210509
53,2007-09-30,SLR.TO,USD,2007-09-30,2007-09-30,Q3,0.0,0.0,0.0,0.0,0.0,0.0,0.0,0.0,1755000.0,1755000.0,0.0,41000.0,-1714000.0,0.0,-1755000.0,0.0,984000.0,-749000.0,0.0,160000.0,-909000.0,0.0,-0.03,-0.03,29607000.0,29607000.0,https://www.sedar.com/ModifyCompanyDocumentSearchForm.do?lang=EN&company_search=Solitario Zinc Corp&document_selection=0&industry_group=A&FromDate=13&FromMonth=05&FromYear=2000&ToDate=13&ToMonth=11&ToYear=2020&Variable=Issuer,https://www.sedar.com/ModifyCompanyDocumentSearchForm.do?lang=EN&company_search=Solitario Zinc Corp&document_selection=0&industry_group=A&FromDate=13&FromMonth=05&FromYear=2000&ToDate=13&ToMonth=11&ToYear=2020&Variable=Issuer,1620598022,18:07:02,20210509
54,2007-06-30,SLR.TO,USD,2007-06-30,2007-06-30,Q2,0.0,0.0,0.0,0.0,0.0,0.0,0.0,0.0,1347000.0,1347000.0,0.0,36000.0,-1311000.0,0.0,-1347000.0,0.0,0.0,-1324000.0,0.0,-225000.0,-1099000.0,0.0,-0.03711960009457223,-0.03635701998147413,29607000.0,30228000.0,https://www.sedar.com/ModifyCompanyDocumentSearchForm.do?lang=EN&company_search=Solitario Zinc Corp&document_selection=0&industry_group=A&FromDate=13&FromMonth=05&FromYear=2000&ToDate=13&ToMonth=11&ToYear=2020&Variable=Issuer,https://www.sedar.com/ModifyCompanyDocumentSearchForm.do?lang=EN&company_search=Solitario Zinc Corp&document_selection=0&industry_group=A&FromDate=13&FromMonth=05&FromYear=2000&ToDate=13&ToMonth=11&ToYear=2020&Variable=Issuer,1620598022,18:07:02,20210509
55,2007-03-31,SLR.TO,USD,2007-03-31,2007-03-31,Q1,0.0,0.0,0.0,0.0,0.0,0.0,0.0,0.0,1139000.0,1139000.0,0.0,40000.0,-1099000.0,0.0,-1139000.0,0.0,2063000.0,935000.0,0.0,562000.0,373000.0,0.0,0.012849662394929033,0.012339552732565833,29028000.0,30228000.0,https://www.sedar.com/ModifyCompanyDocumentSearchForm.do?lang=EN&company_search=Solitario Zinc Corp&document_selection=0&industry_group=A&FromDate=13&FromMonth=05&FromYear=2000&ToDate=13&ToMonth=11&ToYear=2020&Variable=Issuer,https://www.sedar.com/ModifyCompanyDocumentSearchForm.do?lang=EN&company_search=Solitario Zinc Corp&document_selection=0&industry_group=A&FromDate=13&FromMonth=05&FromYear=2000&ToDate=13&ToMonth=11&ToYear=2020&Variable=Issuer,1620598022,18:07:02,20210509
56,2006-12-31,SLR.TO,USD,2006-12-31,2006-12-31,Q4,0.0,0.0,0.0,0.0,0.0,0.0,0.0,0.0,1631000.0,1631000.0,0.0,13000.0,-1618000.0,0.0,-1631000.0,0.0,1055000.0,-572000.0,0.0,215000.0,-787000.0,0.0,-0.013543279986233007,-0.013543279986233007,58110000.0,58110000.0,https://www.sedar.com/ModifyCompanyDocumentSearchForm.do?lang=EN&company_search=Solitario Zinc Corp&document_selection=0&industry_group=A&FromDate=13&FromMonth=05&FromYear=2000&ToDate=13&ToMonth=11&ToYear=2020&Variable=Issuer,https://www.sedar.com/ModifyCompanyDocumentSearchForm.do?lang=EN&company_search=Solitario Zinc Corp&document_selection=0&industry_group=A&FromDate=13&FromMonth=05&FromYear=2000&ToDate=13&ToMonth=11&ToYear=2020&Variable=Issuer,1620598022,18:07:02,20210509
57,2006-09-30,SLR.TO,USD,2006-09-30,2006-09-30,Q3,0.0,0.0,0.0,0.0,0.0,0.0,0.0,0.0,1360000.0,1360000.0,0.0,17000.0,-1343000.0,0.0,-1360000.0,0.0,1030000.0,-328000.0,0.0,222000.0,-550000.0,0.0,-0.02,-0.02,28557000.0,28557000.0,https://www.sedar.com/ModifyCompanyDocumentSearchForm.do?lang=EN&company_search=Solitario Zinc Corp&document_selection=0&industry_group=A&FromDate=13&FromMonth=05&FromYear=2000&ToDate=13&ToMonth=11&ToYear=2020&Variable=Issuer,https://www.sedar.com/ModifyCompanyDocumentSearchForm.do?lang=EN&company_search=Solitario Zinc Corp&document_selection=0&industry_group=A&FromDate=13&FromMonth=05&FromYear=2000&ToDate=13&ToMonth=11&ToYear=2020&Variable=Issuer,1620598022,18:07:02,20210509
58,2006-06-30,SLR.TO,USD,2006-06-30,2006-06-30,Q2,0.0,0.0,0.0,0.0,0.0,0.0,0.0,0.0,1540000.0,1540000.0,0.0,9000.0,-1531000.0,0.0,-1540000.0,0.0,-15000.0,-1544000.0,0.0,-319000.0,-1225000.0,0.0,-0.04,-0.04,28512000.0,28512000.0,https://www.sedar.com/ModifyCompanyDocumentSearchForm.do?lang=EN&company_search=Solitario Zinc Corp&document_selection=0&industry_group=A&FromDate=13&FromMonth=05&FromYear=2000&ToDate=13&ToMonth=11&ToYear=2020&Variable=Issuer,https://www.sedar.com/ModifyCompanyDocumentSearchForm.do?lang=EN&company_search=Solitario Zinc Corp&document_selection=0&industry_group=A&FromDate=13&FromMonth=05&FromYear=2000&ToDate=13&ToMonth=11&ToYear=2020&Variable=Issuer,1620598022,18:07:02,20210509
59,2006-03-31,SLR.TO,USD,2006-03-31,2006-03-31,Q1,0.0,0.0,0.0,0.0,0.0,0.0,0.0,0.0,702000.0,702000.0,0.0,10000.0,-692000.0,0.0,-702000.0,0.0,9000.0,-685000.0,0.0,-64000.0,-621000.0,0.0,-0.02,-0.02,27976000.0,27976000.0,https://www.sedar.com/ModifyCompanyDocumentSearchForm.do?lang=EN&company_search=Solitario Zinc Corp&document_selection=0&industry_group=A&FromDate=13&FromMonth=05&FromYear=2000&ToDate=13&ToMonth=11&ToYear=2020&Variable=Issuer,https://www.sedar.com/ModifyCompanyDocumentSearchForm.do?lang=EN&company_search=Solitario Zinc Corp&document_selection=0&industry_group=A&FromDate=13&FromMonth=05&FromYear=2000&ToDate=13&ToMonth=11&ToYear=2020&Variable=Issuer,1620598022,18:07:02,20210509
60,2005-12-31,SLR.TO,USD,2005-12-31,2005-12-31,Q4,0.0,0.0,0.0,0.0,0.0,0.0,0.0,0.0,1051795.0,1051795.0,0.0,10296.0,-1041499.0,0.0,-1051795.0,0.0,-8364.0,-1047308.0,0.0,-52828.0,-993620.0,0.0,-0.0170989502667355,-0.0170989502667355,58110000.0,58110000.0,https://www.sedar.com/ModifyCompanyDocumentSearchForm.do?lang=EN&company_search=Solitario Zinc Corp&document_selection=0&industry_group=A&FromDate=13&FromMonth=05&FromYear=2000&ToDate=13&ToMonth=11&ToYear=2020&Variable=Issuer,https://www.sedar.com/ModifyCompanyDocumentSearchForm.do?lang=EN&company_search=Solitario Zinc Corp&document_selection=0&industry_group=A&FromDate=13&FromMonth=05&FromYear=2000&ToDate=13&ToMonth=11&ToYear=2020&Variable=Issuer,1620598022,18:07:02,20210509
61,2005-09-30,SLR.TO,USD,2005-09-30,2005-09-30,Q3,0.0,0.0,0.0,0.0,0.0,0.0,0.0,0.0,782609.0,782609.0,0.0,7535.0,-775074.0,0.0,-782609.0,0.0,1285407.0,516573.0,0.0,478691.0,37882.0,0.0,0.0013808916268727444,0.0013240362098493586,27433000.0,28611000.0,https://www.sedar.com/ModifyCompanyDocumentSearchForm.do?lang=EN&company_search=Solitario Zinc Corp&document_selection=0&industry_group=A&FromDate=13&FromMonth=05&FromYear=2000&ToDate=13&ToMonth=11&ToYear=2020&Variable=Issuer,https://www.sedar.com/ModifyCompanyDocumentSearchForm.do?lang=EN&company_search=Solitario Zinc Corp&document_selection=0&industry_group=A&FromDate=13&FromMonth=05&FromYear=2000&ToDate=13&ToMonth=11&ToYear=2020&Variable=Issuer,1620598022,18:07:02,20210509
62,2005-06-30,SLR.TO,USD,2005-06-30,2005-06-30,Q2,0.0,0.0,0.0,0.0,0.0,0.0,0.0,0.0,708001.0,708001.0,0.0,7271.0,-700730.0,0.0,-708001.0,0.0,-154799.0,-849764.0,0.0,-139319.0,-711260.0,0.0,-0.03,-0.03,27429000.0,27429000.0,https://www.sedar.com/ModifyCompanyDocumentSearchForm.do?lang=EN&company_search=Solitario Zinc Corp&document_selection=0&industry_group=A&FromDate=13&FromMonth=05&FromYear=2000&ToDate=13&ToMonth=11&ToYear=2020&Variable=Issuer,https://www.sedar.com/ModifyCompanyDocumentSearchForm.do?lang=EN&company_search=Solitario Zinc Corp&document_selection=0&industry_group=A&FromDate=13&FromMonth=05&FromYear=2000&ToDate=13&ToMonth=11&ToYear=2020&Variable=Issuer,1620598022,18:07:02,20210509
63,2005-03-31,SLR.TO,USD,2005-03-31,2005-03-31,Q1,0.0,0.0,0.0,0.0,0.0,0.0,0.0,0.0,557393.0,557393.0,0.0,4135.0,-553258.0,0.0,-557393.0,0.0,103374.0,-443268.0,0.0,-29772.0,-412670.0,0.0,-0.02,-0.02,26887000.0,26887000.0,https://www.sedar.com/ModifyCompanyDocumentSearchForm.do?lang=EN&company_search=Solitario Zinc Corp&document_selection=0&industry_group=A&FromDate=13&FromMonth=05&FromYear=2000&ToDate=13&ToMonth=11&ToYear=2020&Variable=Issuer,https://www.sedar.com/ModifyCompanyDocumentSearchForm.do?lang=EN&company_search=Solitario Zinc Corp&document_selection=0&industry_group=A&FromDate=13&FromMonth=05&FromYear=2000&ToDate=13&ToMonth=11&ToYear=2020&Variable=Issuer,1620598022,18:07:02,20210509
64,2004-12-31,SLR.TO,USD,2004-12-31,2004-12-31,Q4,0.0,0.0,0.0,0.0,0.0,0.0,0.0,0.0,398096.0,398096.0,0.0,120.0,-397976.0,0.0,-398096.0,0.0,38409.0,-359250.0,0.0,-12783.0,-346468.0,0.0,-0.005962278437446223,-0.005962278437446223,58110000.0,58110000.0,https://www.sedar.com/ModifyCompanyDocumentSearchForm.do?lang=EN&company_search=Solitario Zinc Corp&document_selection=0&industry_group=A&FromDate=13&FromMonth=05&FromYear=2000&ToDate=13&ToMonth=11&ToYear=2020&Variable=Issuer,https://www.sedar.com/ModifyCompanyDocumentSearchForm.do?lang=EN&company_search=Solitario Zinc Corp&document_selection=0&industry_group=A&FromDate=13&FromMonth=05&FromYear=2000&ToDate=13&ToMonth=11&ToYear=2020&Variable=Issuer,1620598022,18:07:02,20210509
65,2004-09-30,SLR.TO,USD,2004-09-30,2004-09-30,Q3,0.0,0.0,0.0,0.0,0.0,0.0,0.0,0.0,624653.0,624653.0,0.0,1392.0,-623261.0,0.0,-624653.0,0.0,473847.0,-24605.0,0.0,-253195.0,227796.0,0.0,0.009029491041699698,0.008646322022318378,25228000.0,26346000.0,https://www.sedar.com/ModifyCompanyDocumentSearchForm.do?lang=EN&company_search=Solitario Zinc Corp&document_selection=0&industry_group=A&FromDate=13&FromMonth=05&FromYear=2000&ToDate=13&ToMonth=11&ToYear=2020&Variable=Issuer,https://www.sedar.com/ModifyCompanyDocumentSearchForm.do?lang=EN&company_search=Solitario Zinc Corp&document_selection=0&industry_group=A&FromDate=13&FromMonth=05&FromYear=2000&ToDate=13&ToMonth=11&ToYear=2020&Variable=Issuer,1620598022,18:07:02,20210509
66,2004-06-30,SLR.TO,USD,2004-06-30,2004-06-30,Q2,0.0,0.0,0.0,0.0,0.0,0.0,0.0,0.0,627295.0,627295.0,0.0,-511.0,-627806.0,0.0,-627295.0,0.0,-1558870.0,-2151690.0,0.0,-290789.0,-1860901.0,0.0,-0.07,-0.07,25722000.0,25722000.0,https://www.sedar.com/ModifyCompanyDocumentSearchForm.do?lang=EN&company_search=Solitario Zinc Corp&document_selection=0&industry_group=A&FromDate=13&FromMonth=05&FromYear=2000&ToDate=13&ToMonth=11&ToYear=2020&Variable=Issuer,https://www.sedar.com/ModifyCompanyDocumentSearchForm.do?lang=EN&company_search=Solitario Zinc Corp&document_selection=0&industry_group=A&FromDate=13&FromMonth=05&FromYear=2000&ToDate=13&ToMonth=11&ToYear=2020&Variable=Issuer,1620598022,18:07:02,20210509
67,2004-03-31,SLR.TO,USD,2004-03-31,2004-03-31,Q1,0.0,0.0,0.0,0.0,0.0,0.0,0.0,0.0,576395.0,576395.0,0.0,118176.0,-458219.0,0.0,-576395.0,0.0,-780726.0,-1324337.0,0.0,-378164.0,-946173.0,0.0,-0.04,-0.04,25133000.0,25133000.0,https://www.sedar.com/ModifyCompanyDocumentSearchForm.do?lang=EN&company_search=Solitario Zinc Corp&document_selection=0&industry_group=A&FromDate=13&FromMonth=05&FromYear=2000&ToDate=13&ToMonth=11&ToYear=2020&Variable=Issuer,https://www.sedar.com/ModifyCompanyDocumentSearchForm.do?lang=EN&company_search=Solitario Zinc Corp&document_selection=0&industry_group=A&FromDate=13&FromMonth=05&FromYear=2000&ToDate=13&ToMonth=11&ToYear=2020&Variable=Issuer,1620598022,18:07:02,20210509
68,2003-12-31,SLR.TO,USD,2003-12-31,2003-12-31,Q4,0.0,0.0,-237655.0,0.0,0.0,0.0,0.0,0.0,981585.0,981585.0,0.0,470509.0,-748731.0,0.0,-1219240.0,0.0,5438115.0,0.0,0.0,0.0,3822939.0,0.0,0.06578797108931338,0.06578797108931338,58110000.0,58110000.0,https://www.sedar.com/ModifyCompanyDocumentSearchForm.do?lang=EN&company_search=Solitario Zinc Corp&document_selection=0&industry_group=A&FromDate=13&FromMonth=05&FromYear=2000&ToDate=13&ToMonth=11&ToYear=2020&Variable=Issuer,https://www.sedar.com/ModifyCompanyDocumentSearchForm.do?lang=EN&company_search=Solitario Zinc Corp&document_selection=0&industry_group=A&FromDate=13&FromMonth=05&FromYear=2000&ToDate=13&ToMonth=11&ToYear=2020&Variable=Issuer,1620598022,18:07:02,20210509
69,2003-09-30,SLR.TO,USD,2003-09-30,2003-09-30,Q3,91064.0,0.0,91064.0,1.0,0.0,0.0,0.0,0.0,312431.0,312431.0,0.0,5924.0,-215443.0,-2.3658416059035403,-221367.0,-2.430894755336906,0.0,0.0,0.0,0.0,-221367.0,-2.430894755336906,-0.01036,-0.01036,21367471.0,21367471.0,https://www.sedar.com/ModifyCompanyDocumentSearchForm.do?lang=EN&company_search=Solitario Zinc Corp&document_selection=0&industry_group=A&FromDate=13&FromMonth=05&FromYear=2000&ToDate=13&ToMonth=11&ToYear=2020&Variable=Issuer,https://www.sedar.com/ModifyCompanyDocumentSearchForm.do?lang=EN&company_search=Solitario Zinc Corp&document_selection=0&industry_group=A&FromDate=13&FromMonth=05&FromYear=2000&ToDate=13&ToMonth=11&ToYear=2020&Variable=Issuer,1620598022,18:07:02,20210509
70,2003-06-30,SLR.TO,USD,2003-06-30,2003-06-30,Q2,88096.0,0.0,88096.0,1.0,0.0,0.0,0.0,0.0,182855.0,182855.0,0.0,5719.0,-89040.0,-1.0107155830003633,-94759.0,-1.075633399927352,-25911.0,0.0,0.0,0.0,-120669.0,-1.3697443697784235,-0.009561,-0.009561,12620669.0,12620669.0,https://www.sedar.com/ModifyCompanyDocumentSearchForm.do?lang=EN&company_search=Solitario Zinc Corp&document_selection=0&industry_group=A&FromDate=13&FromMonth=05&FromYear=2000&ToDate=13&ToMonth=11&ToYear=2020&Variable=Issuer,https://www.sedar.com/ModifyCompanyDocumentSearchForm.do?lang=EN&company_search=Solitario Zinc Corp&document_selection=0&industry_group=A&FromDate=13&FromMonth=05&FromYear=2000&ToDate=13&ToMonth=11&ToYear=2020&Variable=Issuer,1620598022,18:07:02,20210509
71,2003-03-31,SLR.TO,USD,2003-03-31,2003-03-31,Q1,58539.0,0.0,58539.0,1.0,0.0,0.0,0.0,0.0,182425.0,182425.0,0.0,6126.0,-117760.0,-2.0116503527562823,-123886.0,-2.1162985360187228,0.0,0.0,0.0,0.0,-124566.0,-2.1279147235176548,-0.00987,-0.00987,12620669.0,12620669.0,https://www.sedar.com/ModifyCompanyDocumentSearchForm.do?lang=EN&company_search=Solitario Zinc Corp&document_selection=0&industry_group=A&FromDate=13&FromMonth=05&FromYear=2000&ToDate=13&ToMonth=11&ToYear=2020&Variable=Issuer,https://www.sedar.com/ModifyCompanyDocumentSearchForm.do?lang=EN&company_search=Solitario Zinc Corp&document_selection=0&industry_group=A&FromDate=13&FromMonth=05&FromYear=2000&ToDate=13&ToMonth=11&ToYear=2020&Variable=Issuer,1620598022,18:07:02,20210509
72,2002-12-31,SLR.TO,USD,2002-12-31,2002-12-31,Q4,37086.0,0.0,37086.0,1.0,0.0,0.0,0.0,0.0,357237.0,357237.0,0.0,6013.0,-314138.0,-8.470527962034192,-320151.0,-8.632664617375829,5968.0,0.0,0.0,0.0,-314819.0,-8.48889068651243,-0.005417638960591981,-0.005417638960591981,58110000.0,58110000.0,https://www.sedar.com/ModifyCompanyDocumentSearchForm.do?lang=EN&company_search=Solitario Zinc Corp&document_selection=0&industry_group=A&FromDate=13&FromMonth=05&FromYear=2000&ToDate=13&ToMonth=11&ToYear=2020&Variable=Issuer,https://www.sedar.com/ModifyCompanyDocumentSearchForm.do?lang=EN&company_search=Solitario Zinc Corp&document_selection=0&industry_group=A&FromDate=13&FromMonth=05&FromYear=2000&ToDate=13&ToMonth=11&ToYear=2020&Variable=Issuer,1620598022,18:07:02,20210509
73,2002-09-30,SLR.TO,USD,2002-09-30,2002-09-30,Q3,44100.0,0.0,44100.0,1.0,0.0,168210.0,0.0,0.0,398160.0,398160.0,0.0,14222.0,-339838.0,-7.706077097505669,-354060.0,-8.028571428571428,-88200.0,0.0,0.0,0.0,-442260.0,-10.028571428571428,-0.01997,-0.01997,22146219.0,22146219.0,https://www.sedar.com/ModifyCompanyDocumentSearchForm.do?lang=EN&company_search=Solitario Zinc Corp&document_selection=0&industry_group=A&FromDate=13&FromMonth=05&FromYear=2000&ToDate=13&ToMonth=11&ToYear=2020&Variable=Issuer,https://www.sedar.com/ModifyCompanyDocumentSearchForm.do?lang=EN&company_search=Solitario Zinc Corp&document_selection=0&industry_group=A&FromDate=13&FromMonth=05&FromYear=2000&ToDate=13&ToMonth=11&ToYear=2020&Variable=Issuer,1620598022,18:07:02,20210509
74,2002-06-30,SLR.TO,USD,2002-06-30,2002-06-30,Q2,25078.0,0.0,25078.0,1.0,0.0,244176.0,0.0,0.0,455355.0,455355.0,0.0,16660.0,-413617.0,-16.493221150011962,-430277.0,-17.15754844883962,0.0,0.0,0.0,0.0,-430278.0,-17.157588324427785,-0.02,-0.02,21513900.0,21513900.0,https://www.sedar.com/ModifyCompanyDocumentSearchForm.do?lang=EN&company_search=Solitario Zinc Corp&document_selection=0&industry_group=A&FromDate=13&FromMonth=05&FromYear=2000&ToDate=13&ToMonth=11&ToYear=2020&Variable=Issuer,https://www.sedar.com/ModifyCompanyDocumentSearchForm.do?lang=EN&company_search=Solitario Zinc Corp&document_selection=0&industry_group=A&FromDate=13&FromMonth=05&FromYear=2000&ToDate=13&ToMonth=11&ToYear=2020&Variable=Issuer,1620598022,18:07:02,20210509
75,2002-03-31,SLR.TO,USD,2002-03-31,2002-03-31,Q1,74060.0,0.0,74060.0,1.0,0.0,259210.0,0.0,0.0,557334.0,557334.0,0.0,3138.0,-480136.0,-6.483067782878747,-483274.0,-6.525438833378342,43306.0,0.0,0.0,0.0,-483274.0,-6.525438833378342,-0.02002,-0.02002,24139560.0,24139560.0,https://www.sedar.com/ModifyCompanyDocumentSearchForm.do?lang=EN&company_search=Solitario Zinc Corp&document_selection=0&industry_group=A&FromDate=13&FromMonth=05&FromYear=2000&ToDate=13&ToMonth=11&ToYear=2020&Variable=Issuer,https://www.sedar.com/ModifyCompanyDocumentSearchForm.do?lang=EN&company_search=Solitario Zinc Corp&document_selection=0&industry_group=A&FromDate=13&FromMonth=05&FromYear=2000&ToDate=13&ToMonth=11&ToYear=2020&Variable=Issuer,1620598022,18:07:02,20210509
76,2001-12-31,SLR.TO,USD,2001-12-31,2001-12-31,Q4,0.0,0.0,236211.0,0.0,0.0,19588.0,0.0,0.0,666744.0,666744.0,0.0,12248.0,-418285.0,0.0,-430533.0,0.0,-42124.0,0.0,0.0,0.0,-669096.0,0.0,-0.011514300464636034,-0.011514300464636034,58110000.0,58110000.0,https://www.sedar.com/ModifyCompanyDocumentSearchForm.do?lang=EN&company_search=Solitario Zinc Corp&document_selection=0&industry_group=A&FromDate=13&FromMonth=05&FromYear=2000&ToDate=13&ToMonth=11&ToYear=2020&Variable=Issuer,https://www.sedar.com/ModifyCompanyDocumentSearchForm.do?lang=EN&company_search=Solitario Zinc Corp&document_selection=0&industry_group=A&FromDate=13&FromMonth=05&FromYear=2000&ToDate=13&ToMonth=11&ToYear=2020&Variable=Issuer,1620598022,18:07:02,20210509
77,2001-09-30,SLR.TO,USD,2001-09-30,2001-09-30,Q3,0.0,0.0,0.0,0.0,0.0,314302.0,0.0,0.0,679297.0,679297.0,0.0,3043.0,-676254.0,0.0,-679297.0,0.0,-1230594.0,0.0,0.0,0.0,-1863000.0,0.0,-0.07997,-0.07997,23296236.0,23296236.0,https://www.sedar.com/ModifyCompanyDocumentSearchForm.do?lang=EN&company_search=Solitario Zinc Corp&document_selection=0&industry_group=A&FromDate=13&FromMonth=05&FromYear=2000&ToDate=13&ToMonth=11&ToYear=2020&Variable=Issuer,https://www.sedar.com/ModifyCompanyDocumentSearchForm.do?lang=EN&company_search=Solitario Zinc Corp&document_selection=0&industry_group=A&FromDate=13&FromMonth=05&FromYear=2000&ToDate=13&ToMonth=11&ToYear=2020&Variable=Issuer,1620598022,18:07:02,20210509
78,2001-06-30,SLR.TO,USD,2001-06-30,2001-06-30,Q2,661.0,0.0,661.0,1.0,0.0,397250.0,0.0,0.0,653050.0,653050.0,0.0,21658.0,-630731.0,-954.2072617246596,-652389.0,-986.9727685325265,0.0,0.0,0.0,0.0,-590257.0,-892.9757942511346,-0.03305,-0.03305,17859516.0,17859516.0,https://www.sedar.com/ModifyCompanyDocumentSearchForm.do?lang=EN&company_search=Solitario Zinc Corp&document_selection=0&industry_group=A&FromDate=13&FromMonth=05&FromYear=2000&ToDate=13&ToMonth=11&ToYear=2020&Variable=Issuer,https://www.sedar.com/ModifyCompanyDocumentSearchForm.do?lang=EN&company_search=Solitario Zinc Corp&document_selection=0&industry_group=A&FromDate=13&FromMonth=05&FromYear=2000&ToDate=13&ToMonth=11&ToYear=2020&Variable=Issuer,1620598022,18:07:02,20210509
79,2001-03-31,SLR.TO,USD,2001-03-31,2001-03-31,Q1,1269.0,0.0,1269.0,1.0,0.0,376784.0,0.0,0.0,621630.0,621630.0,0.0,12052.0,-608309.0,-479.36091410559493,-620361.0,-488.8581560283688,0.0,0.0,0.0,0.0,-534729.0,-421.3782505910165,-0.01269,-0.01269,42137825.0,42137825.0,https://www.sedar.com/ModifyCompanyDocumentSearchForm.do?lang=EN&company_search=Solitario Zinc Corp&document_selection=0&industry_group=A&FromDate=13&FromMonth=05&FromYear=2000&ToDate=13&ToMonth=11&ToYear=2020&Variable=Issuer,https://www.sedar.com/ModifyCompanyDocumentSearchForm.do?lang=EN&company_search=Solitario Zinc Corp&document_selection=0&industry_group=A&FromDate=13&FromMonth=05&FromYear=2000&ToDate=13&ToMonth=11&ToYear=2020&Variable=Issuer,1620598022,18:07:02,20210509
80,2000-12-31,SLR.TO,USD,2000-12-31,2000-12-31,Q4,99348.0,0.0,99348.0,1.0,0.0,334312.0,0.0,0.0,815861.0,815861.0,0.0,2698.0,-713815.0,-7.1849961750614,-716513.0,-7.212153239119056,-111775.0,0.0,0.0,0.0,-713764.0,-7.184482828038813,-0.012282980554121494,-0.012282980554121494,58110000.0,58110000.0,https://www.sedar.com/ModifyCompanyDocumentSearchForm.do?lang=EN&company_search=Solitario Zinc Corp&document_selection=0&industry_group=A&FromDate=13&FromMonth=05&FromYear=2000&ToDate=13&ToMonth=11&ToYear=2020&Variable=Issuer,https://www.sedar.com/ModifyCompanyDocumentSearchForm.do?lang=EN&company_search=Solitario Zinc Corp&document_selection=0&industry_group=A&FromDate=13&FromMonth=05&FromYear=2000&ToDate=13&ToMonth=11&ToYear=2020&Variable=Issuer,1620598022,18:07:02,20210509
81,2000-09-30,SLR.TO,USD,2000-09-30,2000-09-30,Q3,665.0,0.0,665.0,1.0,0.0,139730.0,0.0,0.0,334021.0,334021.0,0.0,0.0,-344002.0,-517.2962406015038,-333356.0,-501.2872180451128,13973.0,0.0,0.0,0.0,-198949.0,-299.1714285714286,-0.01331,-0.01331,14947333.0,14947333.0,https://www.sedar.com/ModifyCompanyDocumentSearchForm.do?lang=EN&company_search=Solitario Zinc Corp&document_selection=0&industry_group=A&FromDate=13&FromMonth=05&FromYear=2000&ToDate=13&ToMonth=11&ToYear=2020&Variable=Issuer,https://www.sedar.com/ModifyCompanyDocumentSearchForm.do?lang=EN&company_search=Solitario Zinc Corp&document_selection=0&industry_group=A&FromDate=13&FromMonth=05&FromYear=2000&ToDate=13&ToMonth=11&ToYear=2020&Variable=Issuer,1620598022,18:07:02,20210509
82,2000-06-30,SLR.TO,USD,2000-06-30,2000-06-30,Q2,67568.0,0.0,67568.0,1.0,0.0,202703.0,0.0,0.0,472973.0,472973.0,0.0,0.0,-6216216.0,-91.99940800378877,-405405.0,-5.999955600284158,5810811.0,0.0,0.0,0.0,5472973.0,80.99948200331518,0.33108,0.31757,16530666.0,17233911.0,https://www.sedar.com/ModifyCompanyDocumentSearchForm.do?lang=EN&company_search=Solitario Zinc Corp&document_selection=0&industry_group=A&FromDate=13&FromMonth=05&FromYear=2000&ToDate=13&ToMonth=11&ToYear=2020&Variable=Issuer,https://www.sedar.com/ModifyCompanyDocumentSearchForm.do?lang=EN&company_search=Solitario Zinc Corp&document_selection=0&industry_group=A&FromDate=13&FromMonth=05&FromYear=2000&ToDate=13&ToMonth=11&ToYear=2020&Variable=Issuer,1620598022,18:07:02,20210509
83,2000-03-31,SLR.TO,USD,2000-03-31,2000-03-31,Q1,68970.0,0.0,68970.0,1.0,0.0,68970.0,0.0,0.0,344851.0,344851.0,0.0,0.0,-275881.0,-4.000014499057562,-275881.0,-4.000014499057562,0.0,0.0,0.0,0.0,-275881.0,-4.000014499057562,-0.02069,-0.02069,13334026.0,13334026.0,https://www.sedar.com/ModifyCompanyDocumentSearchForm.do?lang=EN&company_search=Solitario Zinc Corp&document_selection=0&industry_group=A&FromDate=13&FromMonth=05&FromYear=2000&ToDate=13&ToMonth=11&ToYear=2020&Variable=Issuer,https://www.sedar.com/ModifyCompanyDocumentSearchForm.do?lang=EN&company_search=Solitario Zinc Corp&document_selection=0&industry_group=A&FromDate=13&FromMonth=05&FromYear=2000&ToDate=13&ToMonth=11&ToYear=2020&Variable=Issuer,1620598022,18:07:02,20210509
84,1999-12-31,SLR.TO,USD,1999-12-31,1999-12-31,Q4,32080.0,0.0,0.0,0.0,0.0,135234.0,0.0,0.0,836830.0,836830.0,0.0,0.0,-1237545.0,-38.5768391521197,-804750.0,-25.08572319201995,432795.0,0.0,0.0,0.0,-5321150.0,-165.87125935162095,-0.09157029771123731,-0.09157029771123731,58110000.0,58110000.0,https://www.sedar.com/ModifyCompanyDocumentSearchForm.do?lang=EN&company_search=Solitario Zinc Corp&document_selection=0&industry_group=A&FromDate=13&FromMonth=05&FromYear=2000&ToDate=13&ToMonth=11&ToYear=2020&Variable=Issuer,https://www.sedar.com/ModifyCompanyDocumentSearchForm.do?lang=EN&company_search=Solitario Zinc Corp&document_selection=0&industry_group=A&FromDate=13&FromMonth=05&FromYear=2000&ToDate=13&ToMonth=11&ToYear=2020&Variable=Issuer,1620598022,18:07:02,20210509
85,1999-09-30,SLR.TO,USD,1999-09-30,1999-09-30,Q3,68148.0,0.0,68148.0,1.0,0.0,68148.0,0.0,0.0,68148.0,68148.0,0.0,0.0,0.0,0.0,0.0,0.0,0.0,0.0,0.0,0.0,-68148.0,-1.0,-0.00681,-0.00681,10007048.0,10007048.0,https://www.sedar.com/ModifyCompanyDocumentSearchForm.do?lang=EN&company_search=Solitario Zinc Corp&document_selection=0&industry_group=A&FromDate=13&FromMonth=05&FromYear=2000&ToDate=13&ToMonth=11&ToYear=2020&Variable=Issuer,https://www.sedar.com/ModifyCompanyDocumentSearchForm.do?lang=EN&company_search=Solitario Zinc Corp&document_selection=0&industry_group=A&FromDate=13&FromMonth=05&FromYear=2000&ToDate=13&ToMonth=11&ToYear=2020&Variable=Issuer,1620598022,18:07:02,20210509
86,1999-06-30,SLR.TO,USD,1999-06-30,1999-06-30,Q2,68180.0,0.0,0.0,0.0,0.0,68180.0,0.0,0.0,68180.0,68180.0,0.0,0.0,477262.0,7.000029334115577,0.0,0.0,-477262.0,0.0,0.0,0.0,-545442.0,-8.000029334115576,-0.02727,-0.02727,20001540.0,20001540.0,https://www.sedar.com/ModifyCompanyDocumentSearchForm.do?lang=EN&company_search=Solitario Zinc Corp&document_selection=0&industry_group=A&FromDate=13&FromMonth=05&FromYear=2000&ToDate=13&ToMonth=11&ToYear=2020&Variable=Issuer,https://www.sedar.com/ModifyCompanyDocumentSearchForm.do?lang=EN&company_search=Solitario Zinc Corp&document_selection=0&industry_group=A&FromDate=13&FromMonth=05&FromYear=2000&ToDate=13&ToMonth=11&ToYear=2020&Variable=Issuer,1620598022,18:07:02,20210509
87,1999-03-31,SLR.TO,USD,1999-03-31,1999-03-31,Q1,66247.0,0.0,66247.0,1.0,0.0,132494.0,0.0,0.0,132494.0,132494.0,0.0,0.0,-66247.0,-1.0,-66247.0,-1.0,0.0,0.0,0.0,0.0,0.0,0.0,0.0,0.0,58110000.0,58110000.0,https://www.sedar.com/ModifyCompanyDocumentSearchForm.do?lang=EN&company_search=Solitario Zinc Corp&document_selection=0&industry_group=A&FromDate=13&FromMonth=05&FromYear=2000&ToDate=13&ToMonth=11&ToYear=2020&Variable=Issuer,https://www.sedar.com/ModifyCompanyDocumentSearchForm.do?lang=EN&company_search=Solitario Zinc Corp&document_selection=0&industry_group=A&FromDate=13&FromMonth=05&FromYear=2000&ToDate=13&ToMonth=11&ToYear=2020&Variable=Issuer,1620598022,18:07:02,20210509
88,1998-12-31,SLR.TO,USD,1998-12-31,1998-12-31,Q4,-743.0,0.0,-743.0,1.0,0.0,-2229.0,0.0,0.0,-2229.0,-2229.0,0.0,0.0,193068.0,-259.8492597577389,1486.0,-2.0,-191582.0,0.0,0.0,0.0,-191582.0,257.8492597577389,-0.0032968852176905867,-0.0032968852176905867,58110000.0,58110000.0,https://www.sedar.com/ModifyCompanyDocumentSearchForm.do?lang=EN&company_search=Solitario Zinc Corp&document_selection=0&industry_group=A&FromDate=13&FromMonth=05&FromYear=2000&ToDate=13&ToMonth=11&ToYear=2020&Variable=Issuer,https://www.sedar.com/ModifyCompanyDocumentSearchForm.do?lang=EN&company_search=Solitario Zinc Corp&document_selection=0&industry_group=A&FromDate=13&FromMonth=05&FromYear=2000&ToDate=13&ToMonth=11&ToYear=2020&Variable=Issuer,1620598022,18:07:02,20210509
89,1998-09-30,SLR.TO,USD,1998-09-30,1998-09-30,Q3,65347.0,0.0,65347.0,1.0,0.0,130693.0,0.0,0.0,130694.0,130694.0,0.0,0.0,65346.0,0.9999846970786723,-65347.0,-1.0,-130693.0,0.0,0.0,0.0,-130693.0,-1.9999846970786723,-0.013064,-0.013064,10003971.0,10003971.0,https://www.sedar.com/ModifyCompanyDocumentSearchForm.do?lang=EN&company_search=Solitario Zinc Corp&document_selection=0&industry_group=A&FromDate=13&FromMonth=05&FromYear=2000&ToDate=13&ToMonth=11&ToYear=2020&Variable=Issuer,https://www.sedar.com/ModifyCompanyDocumentSearchForm.do?lang=EN&company_search=Solitario Zinc Corp&document_selection=0&industry_group=A&FromDate=13&FromMonth=05&FromYear=2000&ToDate=13&ToMonth=11&ToYear=2020&Variable=Issuer,1620598022,18:07:02,20210509
90,1998-06-30,SLR.TO,USD,1998-06-30,1998-06-30,Q2,68027.0,0.0,0.0,0.0,0.0,0.0,0.0,0.0,0.0,0.0,0.0,0.0,68027.0,1.0,68027.0,1.0,0.0,0.0,0.0,0.0,0.0,0.0,0.0,0.0,9999574.0,9999574.0,https://www.sedar.com/ModifyCompanyDocumentSearchForm.do?lang=EN&company_search=Solitario Zinc Corp&document_selection=0&industry_group=A&FromDate=13&FromMonth=05&FromYear=2000&ToDate=13&ToMonth=11&ToYear=2020&Variable=Issuer,https://www.sedar.com/ModifyCompanyDocumentSearchForm.do?lang=EN&company_search=Solitario Zinc Corp&document_selection=0&industry_group=A&FromDate=13&FromMonth=05&FromYear=2000&ToDate=13&ToMonth=11&ToYear=2020&Variable=Issuer,1620598022,18:07:02,20210509
91,1998-03-31,SLR.TO,USD,1998-03-31,1998-03-31,Q1,70497.0,0.0,0.0,0.0,0.0,70497.0,0.0,0.0,70497.0,70497.0,0.0,0.0,70497.0,1.0,0.0,0.0,-70497.0,0.0,0.0,0.0,-70497.0,-1.0,-0.00705,-0.00705,9999574.0,9999574.0,https://www.sedar.com/ModifyCompanyDocumentSearchForm.do?lang=EN&company_search=Solitario Zinc Corp&document_selection=0&industry_group=A&FromDate=13&FromMonth=05&FromYear=2000&ToDate=13&ToMonth=11&ToYear=2020&Variable=Issuer,https://www.sedar.com/ModifyCompanyDocumentSearchForm.do?lang=EN&company_search=Solitario Zinc Corp&document_selection=0&industry_group=A&FromDate=13&FromMonth=05&FromYear=2000&ToDate=13&ToMonth=11&ToYear=2020&Variable=Issuer,1620598022,18:07:02,20210509
92,1997-12-31,SLR.TO,USD,1997-12-31,1997-12-31,Q4,-2451.0,0.0,0.0,0.0,0.0,195155.0,0.0,0.0,195154.0,195154.0,0.0,0.0,4264776.0,-1740.014687882497,-197605.0,80.62219502243983,-4462381.0,0.0,0.0,0.0,-4380168.0,1787.094247246022,-0.07537718120805369,-0.07537718120805369,58110000.0,58110000.0,https://www.sedar.com/ModifyCompanyDocumentSearchForm.do?lang=EN&company_search=Solitario Zinc Corp&document_selection=0&industry_group=A&FromDate=13&FromMonth=05&FromYear=2000&ToDate=13&ToMonth=11&ToYear=2020&Variable=Issuer,https://www.sedar.com/ModifyCompanyDocumentSearchForm.do?lang=EN&company_search=Solitario Zinc Corp&document_selection=0&industry_group=A&FromDate=13&FromMonth=05&FromYear=2000&ToDate=13&ToMonth=11&ToYear=2020&Variable=Issuer,1620598022,18:07:02,20210509
93,1997-09-30,SLR.TO,USD,1997-09-30,1997-09-30,Q3,72406.0,0.0,0.0,0.0,0.0,72406.0,0.0,0.0,72406.0,72406.0,0.0,0.0,506842.0,7.0,0.0,0.0,-506842.0,0.0,0.0,0.0,-579248.0,-8.0,-0.04344,-0.04344,13334438.0,13334438.0,https://www.sedar.com/ModifyCompanyDocumentSearchForm.do?lang=EN&company_search=Solitario Zinc Corp&document_selection=0&industry_group=A&FromDate=13&FromMonth=05&FromYear=2000&ToDate=13&ToMonth=11&ToYear=2020&Variable=Issuer,https://www.sedar.com/ModifyCompanyDocumentSearchForm.do?lang=EN&company_search=Solitario Zinc Corp&document_selection=0&industry_group=A&FromDate=13&FromMonth=05&FromYear=2000&ToDate=13&ToMonth=11&ToYear=2020&Variable=Issuer,1620598022,18:07:02,20210509
94,1997-06-30,SLR.TO,USD,1997-06-30,1997-06-30,Q2,72448.0,0.0,72448.0,1.0,0.0,217344.0,0.0,0.0,217344.0,217344.0,72448.0,0.0,-144896.0,-2.0,-144896.0,-2.0,0.0,0.0,0.0,0.0,-72448.0,-1.0,-0.00724,-0.00724,10006630.0,10006630.0,https://www.sedar.com/ModifyCompanyDocumentSearchForm.do?lang=EN&company_search=Solitario Zinc Corp&document_selection=0&industry_group=A&FromDate=13&FromMonth=05&FromYear=2000&ToDate=13&ToMonth=11&ToYear=2020&Variable=Issuer,https://www.sedar.com/ModifyCompanyDocumentSearchForm.do?lang=EN&company_search=Solitario Zinc Corp&document_selection=0&industry_group=A&FromDate=13&FromMonth=05&FromYear=2000&ToDate=13&ToMonth=11&ToYear=2020&Variable=Issuer,1620598022,18:07:02,20210509
95,1997-03-31,SLR.TO,USD,1997-03-31,1997-03-31,Q1,72218.0,0.0,72218.0,1.0,0.0,72218.0,0.0,0.0,72218.0,72218.0,0.0,0.0,-72218.0,-1.0,0.0,0.0,72218.0,0.0,0.0,0.0,-72218.0,-1.0,-0.0012427809327138187,-0.0012427809327138187,58110000.0,58110000.0,https://www.sedar.com/ModifyCompanyDocumentSearchForm.do?lang=EN&company_search=Solitario Zinc Corp&document_selection=0&industry_group=A&FromDate=13&FromMonth=05&FromYear=2000&ToDate=13&ToMonth=11&ToYear=2020&Variable=Issuer,https://www.sedar.com/ModifyCompanyDocumentSearchForm.do?lang=EN&company_search=Solitario Zinc Corp&document_selection=0&industry_group=A&FromDate=13&FromMonth=05&FromYear=2000&ToDate=13&ToMonth=11&ToYear=2020&Variable=Issuer,1620598022,18:07:02,20210509
