,date,symbol,reportedCurrency,fillingDate,acceptedDate,period,revenue,costOfRevenue,grossProfit,grossProfitRatio,researchAndDevelopmentExpenses,generalAndAdministrativeExpenses,sellingAndMarketingExpenses,otherExpenses,operatingExpenses,costAndExpenses,interestExpense,depreciationAndAmortization,ebitda,ebitdaratio,operatingIncome,operatingIncomeRatio,totalOtherIncomeExpensesNet,incomeBeforeTax,incomeBeforeTaxRatio,incomeTaxExpense,netIncome,netIncomeRatio,eps,epsdiluted,weightedAverageShsOut,weightedAverageShsOutDil,link,finalLink,timestamp,est_time,est_date
0,2021-04-03,MHK,USD,2021-04-30,2021-04-30,Q1,2669026000,1877257000,791769000,0.29665091310463065,0.0,474254000,0.0,-2227000.0,474254000.0,2351511000.0,-15241000.0,151216000.0,468731000.0,0.17561874631419852,317515000,0.11896287259846851,-2227000.0,304501000,0.11408693658285832,67690000.0,236811000.0,0.08872562500327835,3.326464391066161,3.326464391066161,71190000,71190000,https://www.sec.gov/Archives/edgar/data/851968/000085196821000042/0000851968-21-000042-index.htm,https://www.sec.gov/Archives/edgar/data/851968/000085196821000042/mhk-20210403.htm,1620594991,17:16:31,20210509
1,2020-12-31,MHK,USD,2021-02-24,2021-02-24 17:03:03,Q4,2641764000,1903680000,738084000,0.27939058901552144,0.0,455350000,0.0,3196000.0,455350000.0,2359030000.0,15898000.0,156555000.0,439289000.0,0.16628623904330592,282734000,0.1070247001624672,6741000.0,273577000,0.10355845563797524,25180000.0,248221000.0,0.0939603234808257,3.486739710633516,3.486739710633516,71190000,71190000,https://www.sec.gov/Archives/edgar/data/851968/000085196821000019/0000851968-21-000019-index.htm,https://www.sec.gov/Archives/edgar/data/851968/000085196821000019/mhk-20201231.htm,1620594991,17:16:31,20210509
2,2020-09-26,MHK,USD,2020-10-30,2020-10-30 13:29:44,Q3,2574870000,1868671000,706199000,0.2742658852679941,0.0,443455000,0.0,-726000.0,443455000.0,2312126000.0,-14854000.0,151342000.0,414086000.0,0.16081821606527708,262744000,0.10204165647197723,-726000.0,248616000,0.09655477752274873,43163000.0,205453000.0,0.0797916011293774,3.76,3.76,71190000,71190000,https://www.sec.gov/Archives/edgar/data/851968/000085196820000086/0000851968-20-000086-index.htm,https://www.sec.gov/Archives/edgar/data/851968/000085196820000086/mhk-20200926.htm,1620594991,17:16:31,20210509
3,2020-06-27,MHK,USD,2020-08-06,2020-08-06 16:12:09,Q2,2049800000,1629790000,420010000,0.204902917357791,0.0,417389000,0.0,1037000.0,484567000.0,2114357000.0,12956000.0,154094000.00000003,89537000.00000003,0.043680846911893854,-64557000,-0.03149429212606108,193000.0,-74951000,-0.03656503073470582,-26363000.0,-48257000.0,-0.023542296809444824,-0.6779,-0.6779,71186000,71186000,https://www.sec.gov/Archives/edgar/data/851968/000085196820000075/0000851968-20-000075-index.htm,https://www.sec.gov/Archives/edgar/data/851968/000085196820000075/mhk-20200627.htm,1620594991,17:16:31,20210509
4,2020-03-28,MHK,USD,2020-05-05,2020-05-05 16:44:35,Q1,2285763000,1657541000,628222000,0.2748412674454876,0.0,463912000,0.0,5679000.0,476739000.00000024,2134280000.0000002,8671000.0,145516000.0,296999000.0,0.12993429327537456,151483000,0.06627240006947352,1929000.0,137133000,0.05999440886916098,26668000.0,110514000.0,0.0483488445652502,1.53969,1.53969,71777000,71777000,https://www.sec.gov/Archives/edgar/data/851968/000085196820000051/0000851968-20-000051-index.htm,https://www.sec.gov/Archives/edgar/data/851968/000085196820000020/a2019q410-kdocument.htm,1620594991,17:16:31,20210509
5,2019-12-31,MHK,USD,2020-02-28,2020-02-28 16:47:26,Q4,2424512000,1801705000,622807000,0.2568793225193359,0.0,467993000,0.0,-2376000.0,467993000.0,2269698000.0,10962000.0,153759000.0,308573000.0,0.12727220983026688,154814000,0.06385367447139878,9522000.0,153374000,0.06325974051685453,-111299000.0,264667000.0,0.10916299857455851,3.69,3.68,71640000,71954000,https://www.sec.gov/Archives/edgar/data/851968/000085196820000020/0000851968-20-000020-index.htm,https://www.sec.gov/Archives/edgar/data/851968/000085196820000020/a2019q410-kdocument.htm,1620594991,17:16:31,20210509
6,2019-09-28,MHK,USD,2019-11-01,2019-11-01 16:31:25,Q3,2519185000,1820030000,699155000,0.2775322177609028,0.0,448914000,0.0,52713000.0,524107000.0000002,2344137000.0,9316000.0,144919999.99999997,319968000.0,0.12701250602873548,175048000,0.06948596470683971,11278000.0,178191000,0.07073359042706272,22522000.0,155518000.0,0.06173345744754752,2.14828,2.14828,72392000,72392000,https://www.sec.gov/Archives/edgar/data/851968/000085196819000082/0000851968-19-000082-index.htm,https://www.sec.gov/Archives/edgar/data/851968/000085196819000082/a2019q310qdocument.htm,1620594991,17:16:31,20210509
7,2019-06-29,MHK,USD,2019-08-02,2019-08-02 16:23:48,Q2,2584485000,1842000000,742485000,0.28728547466903465,0.0,466240000,0.0,-3048000.0,475625000.0,2317625000.0,10521000.0,140482000.00000003,407342000.0,0.15761051041116508,266860000,0.10325461358839381,5136000.0,259387000,0.10036312843758041,56733000.0,202441000.0,0.07832933834013353,2.78537,2.78537,72680000,72680000,https://www.sec.gov/Archives/edgar/data/851968/000085196819000071/0000851968-19-000071-index.htm,https://www.sec.gov/Archives/edgar/data/851968/000085196819000071/a2019q210qdocument.htm,1620594991,17:16:31,20210509
8,2019-03-30,MHK,USD,2019-05-03,2019-05-03 16:35:38,Q1,2442490000,1784961000,657529000,0.26920437750001025,0.0,456033000,0.0,-3736000.0,492198999.9999998,2277160000.0,10473000.0,137291000.0,302621000.0,0.12389856253249758,165330000,0.06768912052864086,2626000.0,158593000,0.06493086972720462,37018000.0,121585000.0,0.049779118850026,1.67366,1.67366,72646000,72646000,https://www.sec.gov/Archives/edgar/data/851968/000085196819000046/0000851968-19-000046-index.htm,https://www.sec.gov/Archives/edgar/data/851968/000085196819000020/a4q201810kdocument-classic.htm,1620594991,17:16:31,20210509
9,2018-12-31,MHK,USD,2019-02-28,2019-02-28 16:45:15,Q4,2448618000,1802228000,646390000,0.26398156021069846,0.0,433014000,0.0,4788000.0,433014000.0,2235242000.0,14411000.0,139092000.0,352468000.0,0.1439456869140062,213376000,0.08714139976100804,-504000.0,198461000,0.08105020872998565,-31582000.0,230314000.0,0.09405877111088785,3.07,3.05,73856000,74183000,https://www.sec.gov/Archives/edgar/data/851968/000085196819000020/0000851968-19-000020-index.htm,https://www.sec.gov/Archives/edgar/data/851968/000085196819000020/a4q201810kdocument-classic.htm,1620594991,17:16:31,20210509
10,2018-09-29,MHK,USD,2018-11-02,2018-11-02 16:19:46,Q3,2545800000,1815200000,730600000,0.2869824809490141,0.0,423500000,0.0,706000.0,443399999.9999999,2258600000.0,9025000.0,133000000.0,420200000.0,0.16505617094822844,287200000,0.11281326105742792,1800000.0,277500000,0.10900306386990337,49500000.0,227000000.0,0.08916647026474979,3.03071,3.03071,74900000,74900000,https://www.sec.gov/Archives/edgar/data/851968/000085196818000119/0000851968-18-000119-index.htm,https://www.sec.gov/Archives/edgar/data/851968/000085196818000119/a3q201810qdocument-classic.htm,1620594991,17:16:31,20210509
11,2018-06-30,MHK,USD,2018-08-03,2018-08-03 16:21:49,Q2,2577014000,1810459000,766555000,0.2974586090723605,0.0,440248000,0.0,1227000.0,440248000.0,2250707000.0,7863000.0,127048000.0,453355000.0,0.1759225987906934,326307000,0.1266221293326307,-2090000.0,316354000,0.12275990739670022,118809000.0,196586000.0,0.07628441289026758,2.64,2.62,74597000,74937000,https://www.sec.gov/Archives/edgar/data/851968/000085196818000103/0000851968-18-000103-index.htm,https://www.sec.gov/Archives/edgar/data/851968/000085196818000103/a2q201810qdocument-classic.htm,1620594991,17:16:31,20210509
12,2018-03-31,MHK,USD,2018-05-04,2018-05-04 16:16:29,Q1,2412202000,1707510000,704692000,0.29213639653727175,0.0,436293000,0.0,-844000.0,436293000.0,2143803000.0,7528000.0,122654000.0,391053000.0,0.1621145326966813,268399000,0.11126721559803035,-3998000.0,256873000,0.10648900879777067,47632000.0,208461000.0,0.0864193794715368,2.8,2.78,74453000,74929000,https://www.sec.gov/Archives/edgar/data/851968/000085196818000079/0000851968-18-000079-index.htm,https://www.sec.gov/Archives/edgar/data/851968/000085196818000038/a201710kdocument.htm,1620594991,17:16:31,20210509
13,2017-12-31,MHK,USD,2018-02-28,2018-02-28 16:19:31,Q4,2369097000,1615473000,753624000,0.31810601254401993,0.0,410158000,0.0,2851000.0,410158000.0,2025631000.0,7257000.0,118372000.0,461838000.0,0.19494263004005324,343466000,0.14497760117040376,-3750000.0,332459000,0.14033152715992633,91593000.0,240378000.0,0.10146397551472143,3.23,3.21,74414000,74915000,https://www.sec.gov/Archives/edgar/data/851968/000085196818000038/0000851968-18-000038-index.htm,https://www.sec.gov/Archives/edgar/data/851968/000085196818000038/a201710kdocument.htm,1620594991,17:16:31,20210509
14,2017-09-30,MHK,USD,2017-11-03,2017-11-03 16:16:27,Q3,2448510000,1665209000,783301000,0.3199092509321996,0.0,403203000,0.0,2283000.0,403203000.0,2068412000.0,7259000.0,113515000.0,493613000.0,0.2015972979485483,380098000,0.155236449922606,-1285000.0,371554000,0.15174698081690496,100532000.0,269979000.0,0.11026256784738474,3.63,3.61,74338000,74841000,https://www.sec.gov/Archives/edgar/data/851968/000085196817000092/0000851968-17-000092-index.htm,https://www.sec.gov/Archives/edgar/data/851968/000085196817000092/a3q201710qdocument.htm,1620594991,17:16:31,20210509
15,2017-07-01,MHK,USD,2017-08-04,2017-08-04 16:18:01,Q2,2453000000,1660900000,792100000,0.3229107215654301,0.0,420500000,0.0,3002000.0,436299999.9999997,2097199999.9999998,8393000.0,109800000.00000001,465600000.0,0.18980839788014675,355800000,0.14504688136975133,2000000.0,344400000,0.14039951080309826,82700000.0,260700000.0,0.10627802690582959,3.48529,3.48529,74800000,74800000,https://www.sec.gov/Archives/edgar/data/851968/000085196817000075/0000851968-17-000075-index.htm,https://www.sec.gov/Archives/edgar/data/851968/000085196817000075/a2q201710qdocument.htm,1620594991,17:16:31,20210509
16,2017-04-01,MHK,USD,2017-05-05,2017-05-05 16:28:59,Q1,2220600000,1537500000,683100000,0.3076195622804647,0.0,404400000,0.0,-2832000.0,408400000.0000001,1945900000.0,8202000.0,105000000.0,379800000.0,0.17103485544447447,274800000,0.12375033774655499,500000.0,269400000,0.12131856255066198,68400000.0,200600000.0,0.09033594524002522,2.68182,2.68182,74800000,74800000,https://www.sec.gov/Archives/edgar/data/851968/000085196817000057/0000851968-17-000057-index.htm,https://www.sec.gov/Archives/edgar/data/851968/000085196817000020/a201610kdocument.htm,1620594991,17:16:31,20210509
17,2016-12-31,MHK,USD,2017-02-27,2017-02-27 16:20:57,Q4,2182566000,1491567000,690999000,0.31659936056916493,0.0,385727000,0.0,3121000.0,385727000.0,1877294000.0,8485000.0,104379000.0,409651000.0,0.18769237677119502,305272000,0.13986839344148128,3190000.0,299977000,0.13744234996788185,65469000.0,233678000.0,0.10706571989117397,3.15,3.13,74164000,74638000,https://www.sec.gov/Archives/edgar/data/851968/000085196817000020/0000851968-17-000020-index.htm,https://www.sec.gov/Archives/edgar/data/851968/000085196817000020/a201610kdocument.htm,1620594991,17:16:31,20210509
18,2016-10-01,MHK,USD,2016-11-10,2016-11-10 16:16:33,Q3,2294100000,1550100000,744000000,0.3243101870014385,0.0,344400000,0.0,3839000.0,365700000.00000006,1915800000.0,9410000.0,103700000.00000001,482000000.0,0.2101041802885663,378300000,0.16490126847129594,-3000000.0,365100000,0.15914737805675427,94200000.0,269900000.0,0.11764962294581753,3.61796,3.61796,74600000,74600000,https://www.sec.gov/Archives/edgar/data/851968/000085196816000200/0000851968-16-000200-index.htm,https://www.sec.gov/Archives/edgar/data/851968/000085196816000200/a3q201610qdocument.htm,1620594991,17:16:31,20210509
19,2016-07-02,MHK,USD,2016-08-05,2016-08-05 16:16:50,Q2,2310300000,1552000000,758300000,0.328225771544821,0.0,401700000,0.0,-5807000.0,407599999.9999999,1959600000.0,10351000.0,101200000.0,451900000.0,0.195602302731247,350700000,0.15179846773146344,4100000.0,346100000,0.1498073843223824,90000000.0,255200000.0,0.11046184478206293,3.42091,3.42091,74600000,74600000,https://www.sec.gov/Archives/edgar/data/851968/000085196816000185/0000851968-16-000185-index.htm,https://www.sec.gov/Archives/edgar/data/851968/000085196816000185/a2q201610qdocument.htm,1620594991,17:16:31,20210509
20,2016-04-02,MHK,USD,2016-05-06,2016-05-06 16:16:51,Q1,2172000000,1526500000,645500000,0.2971915285451197,0.0,392800000,0.0,3429000.0,399900000.0000001,1926400000.0,12301000.0,100200000.0,345900000.0,0.15925414364640883,245700000,0.11312154696132597,1600000.0,229900000,0.10584714548802947,57800000.0,171500000.0,0.07895948434622468,2.30201,2.30201,74500000,74500000,https://www.sec.gov/Archives/edgar/data/851968/000085196816000161/0000851968-16-000161-index.htm,https://www.sec.gov/Archives/edgar/data/851968/000085196816000120/a201510kdocument.htm,1620594991,17:16:31,20210509
21,2015-12-31,MHK,USD,2016-02-29,2016-02-29 16:41:24,Q4,1997997000,1375787000,622210000,0.31141688400933537,0.0,372968000,0.0,258000.0,372968000.0,1748755000.0,18480000.0,94025000.0,343267000.0,0.17180556327161653,249242000,0.12474593305195153,-11525000.0,219237000,0.10972839298557506,27232000.0,191556000.0,0.0958740178288556,2.59,2.57,73924000,74475000,https://www.sec.gov/Archives/edgar/data/851968/000085196816000120/0000851968-16-000120-index.htm,https://www.sec.gov/Archives/edgar/data/851968/000085196816000120/a201510kdocument.htm,1620594991,17:16:31,20210509
22,2015-10-03,MHK,USD,2015-11-09,2015-11-09 16:22:54,Q3,2150700000,1482000000,668700000,0.3109220253870833,0.0,367200000,0.0,4249000.0,379900000.0000001,1861900000.0,19319000.0,94900000.00000003,383600000.0,0.17836053377969963,288700000,0.13423536522992513,1400000.0,265200000,0.12330869019389036,49500000.0,214900000.0,0.09992095596782442,2.88844,2.88844,74400000,74400000,https://www.sec.gov/Archives/edgar/data/851968/000085196815000098/0000851968-15-000098-index.htm,https://www.sec.gov/Archives/edgar/data/851968/000085196815000098/a3q201510qdocument.htm,1620594991,17:16:31,20210509
23,2015-07-04,MHK,USD,2015-08-07,2015-08-07 16:04:40,Q2,2041700000,1414300000,627400000,0.3072929421560464,0.0,353200000,0.0,2928000.0,371600000.0000001,1785900000.0000002,16838000.0,87999999.99999999,343800000.0,0.16838908752510162,255800000,0.12528775040407503,600000.0,236100000,0.11563892834402703,49300000.0,186500000.0,0.09134544742126659,2.5271,2.5271,73800000,73800000,https://www.sec.gov/Archives/edgar/data/851968/000085196815000080/0000851968-15-000080-index.htm,https://www.sec.gov/Archives/edgar/data/851968/000085196815000080/a2q201510qdocument.htm,1620594991,17:16:31,20210509
24,2015-04-04,MHK,USD,2015-05-08,2015-05-08 16:32:36,Q1,1881200000,1359300000,521900000,0.2774293004465235,0.0,465600000,0.0,-1083000.0,478100000.0000001,1837400000.0000002,16449000.0,85700000.0,129500000.0,0.0688390389113332,43800000,0.023283010844142037,600000.0,28400000,0.015096746757388901,5900000.0,22300000.0,0.01185413565809058,0.30548,0.30548,73000000,73000000,https://www.sec.gov/Archives/edgar/data/851968/000085196815000046/0000851968-15-000046-index.htm,https://www.sec.gov/Archives/edgar/data/851968/000085196815000022/a4q201410kdocument.htm,1620594991,17:16:31,20210509
25,2014-12-31,MHK,USD,2015-02-27,2015-02-27 15:12:28,Q4,1951446000,1409843000,541603000,0.27753932212318455,0.0,335483000,0.0,-7561000.0,335483000.0,1745326000.0,20623000.0,95665000.0,301785000.0,0.15464686186550897,206120000,0.10562423966638072,-9737000.0,175760000,0.0900665455257281,28680000.0,146868000.0,0.07526111406618477,2.01,2.0,72905000,73452000,https://www.sec.gov/Archives/edgar/data/851968/000085196815000022/0000851968-15-000022-index.htm,https://www.sec.gov/Archives/edgar/data/851968/000085196815000022/a4q201410kdocument.htm,1620594991,17:16:31,20210509
26,2014-09-27,MHK,USD,2014-11-03,2014-11-03 16:15:26,Q3,1990700000,1414600000,576100000,0.2893956899583061,0.0,325500000,0.0,-2374000.0,362400000.0000001,1777000000.0,34786000.0,85200000.00000001,298900000.0,0.15014818907921837,213700000,0.10734917365750742,7100000.0,181300000,0.09107349173657507,30000000.0,151300000.0,0.07600341588385995,2.06131,2.06131,73400000,73400000,https://www.sec.gov/Archives/edgar/data/851968/000085196814000083/0000851968-14-000083-index.htm,https://www.sec.gov/Archives/edgar/data/851968/000085196814000083/a3q201410qdocument.htm,1620594991,17:16:31,20210509
27,2014-06-28,MHK,USD,2014-08-04,2014-08-04 16:12:49,Q2,2048200000,1466700000,581500000,0.2839078215018065,0.0,348200000,0.0,-1555000.0,359299999.99999994,1826000000.0,20702000.0,83699999.99999999,305900000.0,0.14935064935064934,222200000,0.10848549946294307,500000.0,203100000,0.09916023825798262,50200000.0,152800000.0,0.07460208963968362,2.08458,2.08458,73300000,73300000,https://www.sec.gov/Archives/edgar/data/851968/000085196814000066/0000851968-14-000066-index.htm,https://www.sec.gov/Archives/edgar/data/851968/000085196814000066/a2q201410qdocument.htm,1620594991,17:16:31,20210509
28,2014-03-29,MHK,USD,2014-05-05,2014-05-05 16:13:01,Q1,1813100000,1326100000,487000000,0.2686007390656886,0.0,344500000,0.0,4890000.0,356300000.0000002,1682400000.0000002,22096000.0,81000000.0,211700000.0,0.11676134796756936,130700000,0.07208648171639732,1000000.0,103700000,0.057194859632673324,22700000.0,81100000.0,0.04473002040703767,1.10641,1.10641,73300000,73300000,https://www.sec.gov/Archives/edgar/data/851968/000085196814000044/0000851968-14-000044-index.htm,https://www.sec.gov/Archives/edgar/data/851968/000085196814000021/a4q201310kdocument.htm,1620594991,17:16:31,20210509
29,2013-12-31,MHK,USD,2014-02-28,2014-02-28 16:17:54,Q4,1924104000,1411307000,512797000,0.26651210121698204,0.0,361809000,0.0,782000.0,361809000.0,1773116000.0,22148000.0,86329000.0,237317000.0,0.12333896712443818,150988000,0.07847184975448313,-2656000.0,126184000,0.0655806546839464,15420000.0,94651000.0,0.0491922474045062,1.3,1.29,72654000,73214000,https://www.sec.gov/Archives/edgar/data/851968/000085196814000021/0000851968-14-000021-index.htm,https://www.sec.gov/Archives/edgar/data/851968/000085196814000021/a4q201310kdocument.htm,1620594991,17:16:31,20210509
30,2013-09-28,MHK,USD,2013-11-04,2013-11-04 16:31:02,Q3,1961500000,1429900000,531600000,0.2710170787662503,0.0,331300000,0.0,1168000.0,355699999.9999998,1785599999.9999998,25630000.0,81500000.0,257400000.0,0.1312261024725975,175900000,0.08967626816212082,1900000.0,149100000,0.07601325516186593,29000000.0,119100000.0,0.06071883762426714,1.62927,1.62927,73100000,73100000,https://www.sec.gov/Archives/edgar/data/851968/000085196813000079/0000851968-13-000079-index.htm,https://www.sec.gov/Archives/edgar/data/851968/000085196813000079/a3q201310qdocument.htm,1620594991,17:16:31,20210509
31,2013-06-29,MHK,USD,2013-08-07,2013-08-07 08:53:26,Q2,1976300000,1447900000,528400000,0.2673683145271467,0.0,353900000,0.0,-1097000.0,395199999.9999998,1843099999.9999998,25312000.0,80700000.0,213900000.0,0.10823255578606487,133200000,0.06739867429034054,1100000.0,109000000,0.05515356980215554,23200000.0,84600000.0,0.042807266103324394,1.16049,1.16049,72900000,72900000,https://www.sec.gov/Archives/edgar/data/851968/000085196813000072/0000851968-13-000072-index.htm,https://www.sec.gov/Archives/edgar/data/851968/000085196813000072/a2q201310qdocument.htm,1620594991,17:16:31,20210509
32,2013-03-30,MHK,USD,2013-05-06,2013-05-06 16:30:56,Q1,1486800000,1106300000,380500000,0.25591875168146355,0.0,283800000,0.0,6387000.0,293700000.00000006,1400000000.0,19156000.0,60300000.0,147100000.0,0.09893731503900996,86800000,0.0583804143126177,-2600000.0,61300000,0.04122948614474038,10700000.0,50500000.0,0.033965563626580576,0.72246,0.72246,69900000,69900000,https://www.sec.gov/Archives/edgar/data/851968/000085196813000050/0000851968-13-000050-index.htm,https://www.sec.gov/Archives/edgar/data/851968/000085196813000027/a201210k.htm,1620594991,17:16:31,20210509
33,2012-12-31,MHK,USD,2013-02-27,2013-02-27 16:47:24,Q4,1435659000,1066328000,369331000,0.2572553788887194,0.0,273471000,0.0,-1366000.0,273471000.0,1339799000.0,15402000.0,63878000.0,159738000.0,0.11126458302424183,95860000,0.06677073037538858,-1366000.0,79092000,0.05509107664145873,12703000.0,66389000.0,0.04624287522315536,0.96,0.95,69095000,69536000,https://www.sec.gov/Archives/edgar/data/851968/000085196813000027/0000851968-13-000027-index.htm,https://www.sec.gov/Archives/edgar/data/851968/000085196813000027/a201210k.htm,1620594991,17:16:31,20210509
34,2012-09-29,MHK,USD,2012-11-02,2012-11-02 16:07:23,Q3,1473500000,1097700000,375800000,0.25503902273498474,0.0,267600000,0.0,322000.0,271799999.99999994,1369500000.0,17969000.0,71300000.00000001,175300000.0,0.11896844248388191,104000000,0.07058025110281642,-500000.0,85700000,0.05816084153376315,15400000.0,70300000.0,0.047709535120461485,1.01443,1.01443,69300000,69300000,https://www.sec.gov/Archives/edgar/data/851968/000085196812000083/0000851968-12-000083-index.htm,https://www.sec.gov/Archives/edgar/data/851968/000085196812000083/a3q201210qdocument.htm,1620594991,17:16:31,20210509
35,2012-06-30,MHK,USD,2012-08-03,2012-08-03 17:03:11,Q2,1469793000,1081329000,388464000,0.26429844202550973,0.0,280746000,0.0,0.0,280746000.0,1362075000.0,18844000.0,71831000.0,179549000.0,0.12215937890573707,107718000,0.07328787114920264,-440000.0,88434000,0.06016765626180013,15246000.0,73188000.0,0.04979476701821277,1.0609416676330743,1.0567290893602275,68984000,69259000,https://www.sec.gov/Archives/edgar/data/851968/000085196812000061/0000851968-12-000061-index.htm,https://www.sec.gov/Archives/edgar/data/851968/000085196812000061/mhk-2012630x10qq2.htm,1620594991,17:16:31,20210509
36,2012-03-31,MHK,USD,2012-05-04,2012-05-04 16:55:50,Q1,1409035000,1049609000,359426000,0.25508663730851255,0.0,287450000,0.0,0.0,287450000.0,1337059000.0,22498000.0,73286000.0,145262000.0,0.1030932517645055,71976000,0.05108176872824309,1825000.0,51303000,0.03641002530100388,10291000.0,40377000.0,0.02865578214877558,0.59,0.58,68862000,69141000,https://www.sec.gov/Archives/edgar/data/851968/000119312512212198/0001193125-12-212198-index.htm,https://www.sec.gov/Archives/edgar/data/851968/000119312512087058/d261698d10k.htm,1620594991,17:16:31,20210509
37,2011-12-31,MHK,USD,2012-02-29,2012-02-29 07:02:10,Q4,1378297000,1042880000,335417000,0.24335611265206267,0.0,269123000,0.0,0.0,269123000.0,1312003000.0,24130000.0,74930000.0,141224000.0,0.10246267676705384,66294000,0.048098486755757286,-257000.0,41907000,0.030404912729259367,-1990000.0,42931000.0,0.031147858552982414,0.6221884057971014,0.6221884057971014,69000000,69000000,https://www.sec.gov/Archives/edgar/data/851968/000119312512087058/0001193125-12-087058-index.htm,https://www.sec.gov/Archives/edgar/data/851968/000119312512087058/d261698d10k.htm,1620594991,17:16:31,20210509
38,2011-10-01,MHK,USD,2011-11-04,2011-11-04 17:22:49,Q3,1442500000,1083700000,358800000,0.24873483535528595,0.0,265200000,0.0,15013000.0,267299999.99999994,1351000000.0,25132000.0,74200000.00000001,165700000.0,0.11487001733102253,91500000,0.0634315424610052,-900000.0,52900000,0.036672443674176776,5200000.0,46600000.0,0.032305025996533794,0.67536,0.67536,69000000,69000000,https://www.sec.gov/Archives/edgar/data/851968/000119312511297747/0001193125-11-297747-index.htm,https://www.sec.gov/Archives/edgar/data/851968/000119312511297747/d233465d10q.htm,1620594991,17:16:31,20210509
39,2011-07-02,MHK,USD,2011-08-05,2011-08-05 16:46:56,Q2,1477900000,1090100000,387800000,0.2623993504296637,0.0,279600000,0.0,2368000.0,286100000.0000001,1376200000.0000002,52355000.0,74300000.0,176000000.0,0.11908789498612897,101700000,0.06881385750050747,800000.0,75500000,0.05108600040598146,13500000.0,60900000.0,0.04120711820826849,0.88261,0.88261,69000000,69000000,https://www.sec.gov/Archives/edgar/data/851968/000119312511212447/0001193125-11-212447-index.htm,https://www.sec.gov/Archives/edgar/data/851968/000119312511212447/d10q.htm,1620594991,17:16:31,20210509
40,2011-04-02,MHK,USD,2011-05-06,2011-05-06 16:47:56,Q1,1343600000,995700000,347900000,0.258931229532599,0.0,285000000,0.0,3825000.0,291799999.99999994,1287500000.0,-23600000.0,74300000.0,130400000.0,0.09705269425424233,56100000,0.041753498064900266,-3000000.0,29500000,0.02195593926763918,5000000.0,23400000.0,0.017415897588568027,0.33962,0.33962,68900000,68900000,https://www.sec.gov/Archives/edgar/data/851968/000095012311046694/0000950123-11-046694-index.htm,https://www.sec.gov/Archives/edgar/data/851968/000095012311020223/g25981e10vk.htm,1620594991,17:16:31,20210509
41,2010-12-31,MHK,USD,2011-03-01,2011-03-01 08:09:09,Q4,1262198000,920532000,341666000,0.2706912861532026,0.0,256026000,0.0,0.0,256026000.0,1176558000.0,30166000.0,74522000.0,160162000.0,0.12689134351345827,85640000,0.06784989359831024,3002000.0,58476000,0.046328705955800915,11040000.0,45758000.0,0.0362526323128384,0.6650872093023256,0.6650872093023256,68800000,68800000,https://www.sec.gov/Archives/edgar/data/851968/000095012311020223/0000950123-11-020223-index.htm,https://www.sec.gov/Archives/edgar/data/851968/000095012311020223/g25981e10vk.htm,1620594991,17:16:31,20210509
42,2010-10-02,MHK,USD,2010-11-05,2010-11-05 17:25:44,Q3,1309600000,964600000,345000000,0.26343921808185705,0.0,258700000,0.0,-1249000.0,259800000.00000006,1224400000.0,-30000000.0,73000000.0,158200000.0,0.12080024434941967,85200000,0.06505803298717165,4600000.0,59800000,0.04566279780085522,7500000.0,51000000.0,0.038943188759926695,0.74128,0.74128,68800000,68800000,https://www.sec.gov/Archives/edgar/data/851968/000095012310101830/0000950123-10-101830-index.htm,https://www.sec.gov/Archives/edgar/data/851968/000095012310101830/g25036e10vq.htm,1620594991,17:16:31,20210509
43,2010-07-03,MHK,USD,2010-08-06,2010-08-06 16:15:54,Q2,1400100000,1025300000,374800000,0.26769516463109777,0.0,285000000,0.0,3675000.0,285100000.0000001,1310400000.0000002,-39000000.0,72500000.00000001,162200000.0,0.11584886793800443,89700000,0.06406685236768803,-500000.0,50200000,0.0358545818155846,-18800000.0,65000000.0,0.04642525533890436,0.94477,0.94477,68800000,68800000,https://www.sec.gov/Archives/edgar/data/851968/000095012310074324/0000950123-10-074324-index.htm,https://www.sec.gov/Archives/edgar/data/851968/000095012310074324/g22129e10vq.htm,1620594991,17:16:31,20210509
44,2010-04-03,MHK,USD,2010-05-03,2010-05-03 16:51:20,Q1,1347200000,1006000000,341200000,0.25326603325415675,0.0,287500000,0.0,162000.0,287599999.9999999,1293600000.0,-33908000.0,76800000.0,130400000.0,0.09679334916864608,53600000,0.03978622327790974,4500000.0,24200000,0.017963182897862234,3000000.0,20500000.0,0.015216745843230404,0.2984,0.2984,68700000,68700000,https://www.sec.gov/Archives/edgar/data/851968/000095012310042787/0000950123-10-042787-index.htm,https://www.sec.gov/Archives/edgar/data/851968/000095012310018309/g22145e10vk.htm,1620594991,17:16:31,20210509
45,2009-12-31,MHK,USD,2010-02-26,2010-02-26 17:09:36,Q4,1347108000,1005414000,341694000,0.2536500414220686,0.0,294829000,0.0,0.0,294829000.0,1300243000.0,34527000.0,81827000.0,128692000.0,0.09553205830564439,46865000,0.034789341314876016,0.0,12338000,0.009158879614700528,-8950000.0,19779000.0,0.014682564426905638,0.28790393013100435,0.28790393013100435,68700000,68700000,https://www.sec.gov/Archives/edgar/data/851968/000095012310018309/0000950123-10-018309-index.htm,https://www.sec.gov/Archives/edgar/data/851968/000095012310018309/g22145e10vk.htm,1620594991,17:16:31,20210509
46,2009-09-26,MHK,USD,2009-10-30,2009-10-30 16:34:55,Q3,1382600000,1013100000,369500000,0.26725010849124836,0.0,301400000,0.0,4404000.0,301400000.0,1314500000.0,-32318000.0,76500000.0,144600000.0,0.10458556343121655,68100000,0.049255026761174596,1700000.0,37400000,0.02705048459424273,2000000.0,34300000.0,0.02480833212787502,0.49927,0.49927,68700000,68700000,https://www.sec.gov/Archives/edgar/data/851968/000119312509218976/0001193125-09-218976-index.htm,https://www.sec.gov/Archives/edgar/data/851968/000119312509218976/d10q.htm,1620594991,17:16:31,20210509
47,2009-06-27,MHK,USD,2009-08-03,2009-08-03 16:06:00,Q2,1406000000,1038600000,367400000,0.2613086770981508,0.0,292700000,0.0,1136000.0,292700000.00000006,1331300000.0,-30002000.0,76999999.99999999,151700000.0,0.10789473684210527,74700000,0.053129445234708396,5600000.0,50200000,0.03570412517780939,3000000.0,46300000.0,0.032930298719772405,0.67493,0.67493,68600000,68600000,https://www.sec.gov/Archives/edgar/data/851968/000119312509162199/0001193125-09-162199-index.htm,https://www.sec.gov/Archives/edgar/data/851968/000119312509162199/d10q.htm,1620594991,17:16:31,20210509
48,2009-03-28,MHK,USD,2009-04-30,2009-04-30 15:17:11,Q1,1208300000,1054700000,153600000,0.12712074815856989,0.0,299600000,0.0,6199000.0,299500000.0,1354200000.0,-30184000.0,67700000.0,-78200000.0,-0.0647190267317719,-145900000,-0.12074815856989159,-1600000.0,-177700000,-0.1470661259620955,-72800000.0,-105900000.0,-0.08764379707026401,-1.54825,-1.54825,68400000,68400000,https://www.sec.gov/Archives/edgar/data/851968/000119312509094196/0001193125-09-094196-index.htm,https://www.sec.gov/Archives/edgar/data/851968/000119312509042512/d10k.htm,1620594991,17:16:31,20210509
49,2008-12-31,MHK,USD,2009-03-02,2009-03-02 16:01:18,Q4,1485172000,1129210000,355962000,0.23967728990312234,0.0,324892000,0.0,0.0,-1094020000.0,35190000.0,0.0,69034000.0,1519016000.0,1.0227879329801532,1449982000,0.9763057746846829,-142837000.0,-141768000,-0.09545561052861218,-14153000.0,-127615000.0,-0.08592607455567436,-1.865716374269006,-1.865716374269006,68400000,68400000,https://www.sec.gov/Archives/edgar/data/851968/000119312509042512/0001193125-09-042512-index.htm,https://www.sec.gov/Archives/edgar/data/851968/000119312509042512/d10k.htm,1620594991,17:16:31,20210509
50,2008-09-27,MHK,USD,2008-11-12,2008-11-12 06:30:40,Q3,1763000000,1324000000,439000000,0.24900737379466817,0.0,321300000,0.0,4942000.0,1740100000.0,3064100000.0,-30540000.0,77699999.99999999,-1223400000.0,-0.693930799773114,-1301100000,-0.7380034032898468,-2700000.0,-1334300000,-0.7568349404424277,148900000.0,-1484800000.0,-0.8422007941009643,-21.7076,-21.7076,68400000,68400000,https://www.sec.gov/Archives/edgar/data/851968/000119312508232856/0001193125-08-232856-index.htm,https://www.sec.gov/Archives/edgar/data/851968/000119312508232856/d10q.htm,1620594991,17:16:31,20210509
51,2008-06-28,MHK,USD,2008-08-05,2008-08-05 15:13:58,Q2,1840000000,1357200000,482800000,0.2623913043478261,0.0,336800000,0.0,4796000.0,336799999.99999994,1694000000.0,-32742000.0,75000000.00000001,221100000.0,0.12016304347826087,146100000,0.07940217391304348,-3146000.0,113300000,0.06157608695652174,22900000.0,88800000.0,0.04826086956521739,1.29446,1.29446,68600000,68600000,https://www.sec.gov/Archives/edgar/data/851968/000119312508166359/0001193125-08-166359-index.htm,https://www.sec.gov/Archives/edgar/data/851968/000119312508166359/d10q.htm,1620594991,17:16:31,20210509
52,2008-03-29,MHK,USD,2008-05-01,2008-05-01 17:14:09,Q1,1738100000,1278300000,459800000,0.26454174098153155,0.0,335500000,0.0,6446000.0,335500000.0,1613800000.0,-33767000.0,73300000.0,197600000.0,0.11368735976065819,124300000,0.07151487256199299,-1400000.0,89100000,0.05126287325240205,22400000.0,65400000.0,0.03762729417179679,0.95335,0.95335,68600000,68600000,https://www.sec.gov/Archives/edgar/data/851968/000119312508099356/0001193125-08-099356-index.htm,https://www.sec.gov/Archives/edgar/data/851968/000119312508043355/d10k.htm,1620594991,17:16:31,20210509
53,2007-12-31,MHK,USD,2008-02-29,2008-02-29 14:02:20,Q4,1807268000,1318005000,489263000,0.2707196719025623,0.0,308796000,0.0,0.0,308796000.0,1626801000.0,0.0,81573000.0,262040000.0,0.14499233096585565,180467000,0.09985624710889586,3000.0,144236000,0.07980886066703997,-234878000.0,379114000.0,0.20977187666688063,5.526443148688046,5.526443148688046,68600000,68600000,https://www.sec.gov/Archives/edgar/data/851968/000119312508043355/0001193125-08-043355-index.htm,https://www.sec.gov/Archives/edgar/data/851968/000119312508043355/d10k.htm,1620594991,17:16:31,20210509
54,2007-09-29,MHK,USD,2007-11-07,2007-11-07 15:59:38,Q3,1937700000,1392300000,545400000,0.2814677194612169,0.0,344600000,0.0,8541000.0,344600000.0000001,1736900000.0000002,-37518000.0,75700000.00000001,276500000.0,0.14269494761831036,200800000,0.10362801259224855,800000.0,164100000,0.08468803220312741,42000000.0,122100000.0,0.06301285028642205,1.77988,1.77988,68600000,68600000,https://www.sec.gov/Archives/edgar/data/851968/000085196807000061/0000851968-07-000061-index.htm,https://www.sec.gov/Archives/edgar/data/851968/000085196807000061/q30710q.htm,1620594991,17:16:31,20210509
55,2007-08-01,MHK,USD,2007-08-01,2007-08-01 16:33:25,Q2,1977210000,1420512000,556698000,0.28155734595718207,0.0,358450000,0.0,3439000.0,358450000.0,1778962000.0,-39138000.0,75382000.0,273630000.0,0.1383919765730499,198248000,0.1002665371912948,-6190000.0,161893000,0.08187951709732401,0.0,161893000.0,0.08187951709732401,2.37948,2.37948,68037000,68037000,https://www.sec.gov/Archives/edgar/data/851968/000085196807000049/0000851968-07-000049-index.htm,https://www.sec.gov/Archives/edgar/data/851968/000085196807000049/q22007.htm,1620594991,17:16:31,20210509
56,2007-06-30,MHK,USD,2007-08-01 00:00:00,2007-08-01 16:33:25,Q2,1977210000,1420512000,556698000,0.28155734595718207,0.0,358450000,0.0,0.0,358450000.0,1778962000.0,0.0,75382000.0,273630000.0,0.1383919765730499,198248000,0.1002665371912948,2783000.0,161893000,0.08187951709732401,46625000.0,115268000.0,0.05829830923371822,1.69,1.68,68167000,68533000,https://www.sec.gov/Archives/edgar/data/851968/000085196807000049/0000851968-07-000049-index.html,https://www.sec.gov/Archives/edgar/data/851968/000085196807000049/q22007.htm,1620594991,17:16:31,20210509
57,2007-05-10,MHK,USD,2007-05-10,2007-08-01 16:33:25,Q1,1863863000,1340423000,523440000,0.2808360914938491,0.0,352863000,0.0,5414000.0,352863000.0,1693286000.0,-41579000.0,73846000.0,244423000.0,0.13113785723521526,170577000,0.09151799247047664,-1187000.0,133893000,0.07183628839673302,0.0,133893000.0,0.07183628839673302,1.97174,1.97174,67906000,67906000,https://www.sec.gov/Archives/edgar/data/851968/000085196807000039/0000851968-07-000039-index.htm,https://www.sec.gov/Archives/edgar/data/851968/000119312507039047/d10k.htm,1620594991,17:16:31,20210509
58,2007-03-31,MHK,USD,2007-05-10 00:00:00,2007-05-10 11:55:54,Q1,1863863000,1340423000,523440000,0.2808360914938491,0.0,352863000,0.0,0.0,352863000.0,1693286000.0,0.0,73846000.0,244423000.0,0.13113785723521526,170577000,0.09151799247047664,4895000.0,133893000,0.07183628839673302,43515000.0,90378000.0,0.04848961538482174,1.33,1.32,67906000,68255000,https://www.sec.gov/Archives/edgar/data/851968/000085196807000039/0000851968-07-000039-index.html,https://www.sec.gov/Archives/edgar/data/851968/000085196807000039/q12007.htm,1620594991,17:16:31,20210509
59,2006-12-31,MHK,USD,2007-02-26,2007-02-26 08:01:28,Q4,1898594000,1344516000,554078000,0.29183595860937095,0.0,324704000,0.0,0.0,324704000.0,1669220000.0,0.0,72278000.0,301652000.0,0.15888178304576966,229374000,0.12081255918853635,2262000.0,189052000,0.09957473793765281,59561000.0,129491000.0,0.06820362857988596,1.9140183876784818,1.9140183876784818,67654000,67654000,https://www.sec.gov/Archives/edgar/data/851968/000119312507039047/0001193125-07-039047-index.htm,https://www.sec.gov/Archives/edgar/data/851968/000119312507039047/d10k.htm,1620594991,17:16:31,20210509
60,2006-11-03,MHK,USD,2006-11-06,2006-11-03 17:42:45,Q3,2024019000,1455508000,568511000,0.2808822446824857,0.0,345771000,0.0,1406000.0,345771000.0,1801279000.0,-44655000.0,68040000.0,290780000.0,0.14366465927444358,222740000,0.11004837405182462,-1351000.0,186864000,0.09232324400116797,0.0,186864000.0,0.09232324400116797,2.76205,2.76205,67654000,67654000,https://www.sec.gov/Archives/edgar/data/851968/000085196806000070/0000851968-06-000070-index.htm,https://www.sec.gov/Archives/edgar/data/851968/000085196806000070/thirdqtr06.htm,1620594991,17:16:31,20210509
61,2006-09-30,MHK,USD,2006-09-30,2006-09-30,Q3,2024019000,1455508000,568511000,0.2808822446824857,0.0,345771000,0.0,0.0,345771000.0,1801279000.0,0.0,68040000.0,290780000.0,0.14366465927444358,222740000,0.11004837405182462,8779000.0,186864000,0.09232324400116797,59156000.0,127708000.0,0.06309624563801032,1.89,1.88,67704000,68021000,,,1620594991,17:16:31,20210509
62,2006-08-07,MHK,USD,2006-08-09,2006-08-08 17:59:08,Q2,2058123000,1452411000,605712000,0.2943031101639698,0.0,369333000,0.0,4545000.0,369333000.0,1821744000.0,-46123000.0,69781000.0,306160000.0,0.1487569013125066,236379000,0.11485173626649137,-947000.0,192890000,0.09372131791928859,0.0,192890000.0,0.09372131791928859,2.85218,2.85218,67629000,67629000,https://www.sec.gov/Archives/edgar/data/851968/000085196806000052/0000851968-06-000052-index.htm,https://www.sec.gov/Archives/edgar/data/851968/000085196806000052/q22006html1.htm,1620594991,17:16:31,20210509
63,2006-07-01,MHK,USD,2006-07-01,2006-07-01,Q2,2058100000,1465700000,592400000,0.2878382974588212,0.0,369300000,0.0,0.0,369399999.9999999,1835099999.9999998,-46100000.0,69699999.99999999,292700000.0,0.1422185510908119,223000000,0.10835236383071765,2600000.0,179600000,0.08726495311209367,60000000.0,119500000.0,0.058063262232155875,1.75477,1.75477,68100000,68100000,,,1620594991,17:16:31,20210509
64,2006-05-09,MHK,USD,2006-05-09,2006-05-09 16:12:33,Q1,1925106000,1422096000,503010000,0.26128950821409314,0.0,352443000,0.0,3826000.0,352443000.0,1774539000.0,-40335000.0,64853000.0,215420000.0,0.11190033172199348,150567000,0.07821231662048739,-1099000.0,107505000,0.05584367821823837,0.0,107505000.0,0.05584367821823837,1.59116,1.59116,67564000,67564000,https://www.sec.gov/Archives/edgar/data/851968/000085196806000044/0000851968-06-000044-index.htm,https://www.sec.gov/Archives/edgar/data/851968/000085196806000032/k10fincomplete.htm,1620594991,17:16:31,20210509
65,2006-04-01,MHK,USD,2006-04-01,2006-04-01,Q1,1925100000,1408800000,516300000,0.2681938600592177,0.0,352400000,0.0,0.0,352400000.0000001,1761200000.0,-40300000.0,64900000.0,228800000.0,0.11885096878084256,163900000,0.08513843436704586,-2700000.0,120800000,0.06274998701366163,41700000.0,79100000.0,0.041088774609111214,1.16153,1.16153,68100000,68100000,,,1620594991,17:16:31,20210509
66,2006-03-15,MHK,USD,2006-03-16,2006-03-15 18:42:05,Q4,1804551000,1349496000,455055000,0.25217076159111046,0.0,289718000,0.0,5026000.0,289718000.0,1639214000.0,-31625000.0,54429000.0,219766000.0,0.12178431088952321,165337000,0.09162223733216739,-4092000.0,132778000,0.0735795219974387,0.0,132778000.0,0.0735795219974387,1.98377,1.98377,66932000,66932000,https://www.sec.gov/Archives/edgar/data/851968/000085196806000032/0000851968-06-000032-index.htm,https://www.sec.gov/Archives/edgar/data/851968/000085196806000032/k10fincomplete.htm,1620594991,17:16:31,20210509
67,2005-12-31,MHK,USD,2005-12-31,2005-12-31,Q4,1804551000,1349496000,455055000,0.25217076159111046,0.0,289718000,0.0,0.0,289718000.0,1639214000.0,0.0,54429000.0,219766000.0,0.12178431088952321,165337000,0.09162223733216739,-934000.0,132778000,0.0735795219974387,47066000.0,85712000.0,0.047497687790480844,1.2825953581636165,1.2825953581636165,66827000,66827000,,,1620594991,17:16:31,20210509
68,2005-11-02,MHK,USD,2005-11-03,2005-11-02 17:46:24,Q3,1697634000,1245766000,451868000,0.2661751590743352,0.0,274052000,0.0,1970000.0,274052000.0,1519818000.0,-10775000.0,31138000.0,208954000.0,0.12308542359542751,177816000,0.1047434252612754,-2370000.0,167441000,0.09863197838874575,0.0,167441000.0,0.09863197838874575,2.50559,2.50559,66827000,66827000,https://www.sec.gov/Archives/edgar/data/851968/000085196805000059/0000851968-05-000059-index.htm,https://www.sec.gov/Archives/edgar/data/851968/000085196805000059/e10q305.htm,1620594991,17:16:31,20210509
69,2005-10-01,MHK,USD,2005-10-01,2005-10-01,Q3,1697600000,1234700000,463000000,0.2727379830348728,0.0,274100000,0.0,0.0,274000000.0,1508700000.0,-10800000.0,31100000.00000001,220000000.0,0.12959472196041472,188900000,0.11127474081055608,400000.0,178500000,0.10514844486333648,62800000.0,115800000.0,0.06821394910461828,1.71556,1.71556,67500000,67500000,,,1620594991,17:16:31,20210509
70,2005-08-10,MHK,USD,2005-08-10,2005-08-10 10:07:09,Q2,1624692000,1193183000,431509000,0.2655943403426619,0.0,271020000,0.0,1991000.0,271020000.0,1464203000.0,-12515000.0,63762000.0,224251000.0,0.13802677676753503,160489000,0.09878118437217638,-1069000.0,147052000,0.09051069371917878,0.0,147052000.0,0.09051069371917878,2.20115,2.20115,66807000,66807000,https://www.sec.gov/Archives/edgar/data/851968/000085196805000054/0000851968-05-000054-index.htm,https://www.sec.gov/Archives/edgar/data/851968/000085196805000054/q10205.htm,1620594991,17:16:31,20210509
71,2005-07-02,MHK,USD,2005-07-02,2005-07-02,Q2,1624700000,1186500000,438200000,0.26971133132270575,0.0,271000000,0.0,0.0,271000000.0,1457500000.0,-12500000.0,31500000.0,198600000.0,0.12223795162183788,167100000,0.1028497568781929,-900000.0,153700000,0.0946020803840709,55600000.0,98100000.0,0.06038037791592294,1.45333,1.45333,67500000,67500000,,,1620594991,17:16:31,20210509
72,2005-05-06,MHK,USD,2005-05-06,2005-05-06,Q1,1493222000,1108520000,384702000,0.257632153825754,0.0,261072000,0.0,2727000.0,261072000.0,1369592000.0,-11876000.0,0.0,123630000.0,0.08279411902583808,123630000,0.08279411902583808,-723000.0,109750000,0.07349878316820942,0.0,109750000.0,0.07349878316820942,1.64287,1.64287,66804000,66804000,https://www.sec.gov/Archives/edgar/data/851968/000085196805000039/0000851968-05-000039-index.htm,https://www.sec.gov/Archives/edgar/data/851968/000085196805000039/q10105.htm,1620594991,17:16:31,20210509
73,2005-04-02,MHK,USD,2005-05-06,2005-05-06,Q1,1493200000,1102900000,390400000,0.2614519153495848,0.0,261100000,0.0,0.0,261000000.0,1363900000.0,-11900000.0,32300000.0,161600000.0,0.10822394856683633,129300000,0.08659255290650951,-2000000.0,115400000,0.07728368604339673,41800000.0,73700000.0,0.0493570854540584,1.08863,1.08863,67700000,67700000,https://www.sec.gov/Archives/edgar/data/851968/000085196805000039/0000851968-05-000039-index.htm,https://www.sec.gov/Archives/edgar/data/851968/000085196805000039/q10105.htm,1620594991,17:16:31,20210509
74,2004-12-31,MHK,USD,2004-12-31,2004-12-31,Q4,1471045000,1025975000,445070000,0.3025536268435024,0.0,272250000,0.0,0.0,272250000.0,1298225000.0,0.0,30014000.0,202834000.0,0.13788429313855116,172820000,0.11748111036711997,71000.0,160583000,0.10916253411690328,58113000.0,102470000.0,0.0696579642363082,1.536742651469706,1.536742651469706,66680000,66680000,,,1620594991,17:16:31,20210509
75,2004-11-10,MHK,USD,2004-11-10,2004-11-10,Q3,1531150000,1104340000,426810000,0.2787512653887601,0.0,233752000,0.0,3706000.0,233752000.0,1338092000.0,-13918000.0,0.0,193058000.0,0.12608692812591843,193058000,0.12608692812591843,-1239000.0,176673000,0.11538582111484831,0.0,176673000.0,0.11538582111484831,2.64957,2.64957,66680000,66680000,https://www.sec.gov/Archives/edgar/data/851968/000085196804000059/0000851968-04-000059-index.htm,https://www.sec.gov/Archives/edgar/data/851968/000085196804000059/q10304.htm,1620594991,17:16:31,20210509
76,2004-10-02,MHK,USD,2004-10-02,2004-10-02,Q3,1529700000,1093600000,436100000,0.28508857946002486,0.0,243000000,0.0,0.0,243000000.0,1336600000.0,-13900000.0,31999999.999999993,225100000.0,0.14715303654311304,193100000,0.12623390207230176,-2500000.0,176700000,0.11551284565601098,64000000.0,112700000.0,0.07367457671438844,1.66963,1.66963,67500000,67500000,,,1620594991,17:16:31,20210509
77,2004-08-09,MHK,USD,2004-08-09,2004-08-09,Q2,1486916000,1093686000,393230000,0.26446013090181286,0.0,242557000,0.0,2568000.0,242557000.0,1336243000.0,-13212000.0,0.0,150673000.0,0.10133255678195675,150673000,0.10133255678195675,-1577000.0,136470000,0.09178057133018946,0.0,136470000.0,0.09178057133018946,2.04646,2.04646,66686000,66686000,https://www.sec.gov/Archives/edgar/data/851968/000085196804000040/0000851968-04-000040-index.htm,https://www.sec.gov/Archives/edgar/data/851968/000085196804000040/q10204.htm,1620594991,17:16:31,20210509
78,2004-07-03,MHK,USD,2004-07-03,2004-07-03,Q2,1485900000,1082600000,403300000,0.27141799582744464,0.0,252600000,0.0,0.0,252600000.00000015,1335200000.0000002,-13200000.0,30100000.0,180800000.0,0.12167709805505081,150700000,0.10142001480584158,-1000000.0,136500000,0.09186351706036745,49300000.0,87200000.0,0.05868497207079884,1.28994,1.28994,67600000,67600000,,,1620594991,17:16:31,20210509
79,2004-05-10,MHK,USD,2004-05-10,2004-05-10,Q1,1391261000,1035530000,355731000,0.2556896225798035,0.0,236692000,0.0,1928000.0,236692000.0,1272222000.0,-13954000.0,0.0,119039000.0,0.08556194703941244,119039000,0.08556194703941244,-506000.0,103663000,0.07451010270538741,0.0,103663000.0,0.07451010270538741,1.55582,1.55582,66629000,66629000,https://www.sec.gov/Archives/edgar/data/851968/000085196804000028/0000851968-04-000028-index.htm,https://www.sec.gov/Archives/edgar/data/851968/000085196804000028/q10104.htm,1620594991,17:16:31,20210509
80,2004-04-03,MHK,USD,2004-04-03,2004-04-03,Q1,1389700000,1024200000,365500000,0.26300640425991223,0.0,246500000,0.0,0.0,246500000.0,1270700000.0,-14000000.0,31000000.0,150000000.0,0.10793696481254947,119000000,0.08562999208462257,-1400000.0,103700000,0.07462042167374254,37400000.0,66300000.0,0.047708138447146865,0.98077,0.98077,67600000,67600000,,,1620594991,17:16:31,20210509
81,2003-12-31,MHK,USD,2003-12-31,2003-12-31,Q4,1369991000,990400000,379591000,0.27707554283203323,0.0,205227000,0.0,0.0,205227000.0,1195627000.0,0.0,29171000.0,203535000.0,0.14856666941607646,174364000,0.12727382880617463,728000.0,160864000,0.11741974947280676,58722000.0,102142000.0,0.07455669416806388,1.5437000317378753,1.5437000317378753,66167000,66167000,,,1620594991,17:16:31,20210509
82,2003-10-31,MHK,USD,2003-10-31,2003-10-31,Q3,1303166000,938280000,364886000,0.27999963166626507,0.0,205482000,0.0,1800000.0,205482000.0,1143762000.0,-14162000.0,0.0,159404000.0,0.12232056391894816,159404000,0.12232056391894816,-467000.0,143909000,0.11043029053858065,0.0,143909000.0,0.11043029053858065,2.17494,2.17494,66167000,66167000,https://www.sec.gov/Archives/edgar/data/851968/000085196803000054/0000851968-03-000054-index.htm,https://www.sec.gov/Archives/edgar/data/851968/000085196803000054/q1032003x.htm,1620594991,17:16:31,20210509
83,2003-09-27,MHK,USD,2003-09-27,2003-09-27,Q3,1298900000,909000000,390000000,0.30025406112864733,0.0,230600000,0.0,0.0,230500000.0,1139500000.0,-14200000.0,26000000.000000007,185400000.0,0.1427361613673108,159400000,0.12271922395873432,-1300000.0,143900000,0.11078604973439064,52500000.0,91400000.0,0.07036723381322657,1.3581,1.3581,67300000,67300000,,,1620594991,17:16:31,20210509
84,2003-08-08,MHK,USD,2003-08-08,2003-08-08,Q2,1247181000,907078000,340103000,0.27269738714749503,0.0,210035000,0.0,1058000.0,210035000.0,1117113000.0,-14087000.0,0.0,130068000.0,0.10428959389214557,130068000,0.10428959389214557,-3163000.0,118086000,0.09468232758517008,0.0,118086000.0,0.09468232758517008,1.78593,1.78593,66120000,66120000,https://www.sec.gov/Archives/edgar/data/851968/000085196803000047/0000851968-03-000047-index.htm,https://www.sec.gov/Archives/edgar/data/851968/000085196803000047/x10q22003.htm,1620594991,17:16:31,20210509
85,2003-06-28,MHK,USD,2003-06-28,2003-06-28,Q2,1247200000,907100000,340100000,0.2726908274534958,0.0,210000000,0.0,0.0,209999999.9999999,1117100000.0,-14100000.0,26400000.0,156500000.0,0.12548107761385505,130100000,0.10431366260423348,2100000.0,118100000,0.09469211032713278,43100000.0,75000000.0,0.06013470173187941,1.12444,1.12444,66700000,66700000,,,1620594991,17:16:31,20210509
86,2003-05-07,MHK,USD,2003-05-07,2003-05-07,Q1,1084715000,809919000,274796000,0.2533347469150883,0.0,196603000,0.0,1391000.0,196603000.0,1006522000.0,-13098000.0,0.0,78193000.0,0.07208621619503741,78193000,0.07208621619503741,-1871000.0,65575000,0.060453667553228264,0.0,65575000.0,0.060453667553228264,0.98825,0.98825,66355000,66355000,https://www.sec.gov/Archives/edgar/data/851968/000085196803000030/0000851968-03-000030-index.htm,https://www.sec.gov/Archives/edgar/data/851968/000085196803000030/form10q103x1.htm,1620594991,17:16:31,20210509
87,2003-03-29,MHK,USD,2003-03-29,2003-03-29,Q1,1084700000,809900000,274800000,0.2533419378630036,0.0,196600000,0.0,0.0,196600000.00000003,1006500000.0,-13100000.0,25000000.0,103200000.0,0.09514151378261271,78200000,0.07209366645155342,500000.0,65600000,0.060477551396699546,23900000.0,41600000.0,0.03835161795888264,0.61997,0.61997,67100000,67100000,,,1620594991,17:16:31,20210509
88,2002-12-31,MHK,USD,2002-12-31,2002-12-31,Q4,1203476000,860800000,342676000,0.28473854069379034,0.0,179773000,0.0,0.0,179773000.0,1040573000.0,0.0,26442000.0,189345000.0,0.15733176232845525,162903000,0.13536040602388416,-6620000.0,129688000,0.10776118510049223,45487000.0,84201000.0,0.06996483519405455,1.2548584202682562,1.2548584202682562,67100000,67100000,,,1620594991,17:16:31,20210509
89,2002-09-28,MHK,USD,2002-11-08,2002-11-07 18:11:51,Q3,1224400000,883000000,341400000,0.2788304475661548,0.0,197800000,0.0,3681000.0,197799999.99999994,1080800000.0,-16426000.0,25000000.0,168600000.0,0.1377000980071872,143600000,0.11728193400849396,-1600000.0,125600000,0.10258085592943482,44000000.0,81600000.0,0.06664488729173473,1.20532,1.20532,67700000,67700000,https://www.sec.gov/Archives/edgar/data/851968/000093176302003347/0000931763-02-003347-index.htm,https://www.sec.gov/Archives/edgar/data/851968/000093176302003347/d10q.htm,1620594991,17:16:31,20210509
90,2002-06-29,MHK,USD,2002-08-09,2002-08-09 09:08:43,Q2,1227700000,887800000,339900000,0.2768591675490755,0.0,200100000,0.0,2131000.0,200200000.00000006,1088000000.0,-19427000.0,28900000.0,168700000.0,0.13741141972794657,139800000,0.11387146697075833,-600000.0,119800000,0.09758084222529934,44300000.0,75500000.0,0.06149710841410768,1.10058,1.10058,68600000,68600000,https://www.sec.gov/Archives/edgar/data/851968/000093176302002685/0000931763-02-002685-index.htm,https://www.sec.gov/Archives/edgar/data/851968/000093176302002685/d10q.htm,1620594991,17:16:31,20210509
91,2002-03-30,MHK,USD,2002-03-30,2002-03-30,Q1,866700000,651300000,215400000,0.2485289027345102,0.0,140300000,0.0,0.0,140400000.0000001,791700000.0000001,-6500000.0,21600000.0,96700000.0,0.11157263182185301,75100000,0.0866505134417907,100000.0,68600000,0.07915080189223492,25400000.0,43200000.0,0.04984423676012461,0.77143,0.77143,56000000,56000000,,,1620594991,17:16:31,20210509
92,2001-12-31,MHK,USD,2002-06-28,2002-06-28,Q4,1004248000,786734000,217514000,0.21659390907425258,0.0,119931000,0.0,0.0,119931000.0,906665000.0,0.0,21471000.0,119054000.0,0.11855039790967968,97583000,0.09717022090160995,-1860000.0,89989000,0.08960834375572568,30796000.0,59193000.0,0.05894261178513674,1.0570178571428572,1.0570178571428572,56000000,56000000,https://www.sec.gov/Archives/edgar/data/851968/000093176302002272/0000931763-02-002272-index.htm,https://www.sec.gov/Archives/edgar/data/851968/000093176302002272/d10ka.txt,1620594991,17:16:31,20210509
93,2001-09-29,MHK,USD,2001-11-07 00:00:00,2001-11-07 00:00:00,Q3,907900000,688400000,219400000,0.24165657010683997,0.0,127000000,0.0,0.0,127000000.0,815400000.0,-6900000.0,20700000.000000004,113100000.0,0.12457319088005286,92400000,0.1017733230531997,-1100000.0,84500000,0.09307192422072916,28800000.0,55700000.0,0.061350368983368216,1.04699,1.04699,53200000,53200000,https://www.sec.gov/Archives/edgar/data/851968/000093176301501955/0000931763-01-501955-index.html,https://www.sec.gov/Archives/edgar/data/851968/000093176301501955/d10q.txt,1620594991,17:16:31,20210509
94,2001-06-30,MHK,USD,2001-08-03 00:00:00,2001-08-03 00:00:00,Q2,828348000,611628000,216720000,0.26162917034869404,0.0,133159000,0.0,0.0,133159000.0,744787000.0,0.0,21076000.0,104637000.0,0.12632009735038896,83561000,0.10087668467842018,-1574000.0,73755000,0.0890386649089513,27289000.0,46466000.0,0.056094781420369215,0.89,0.88,52266000,52882000,https://www.sec.gov/Archives/edgar/data/851968/000093176301501210/0000931763-01-501210-index.html,https://www.sec.gov/Archives/edgar/data/851968/000093176301501210/d10q.txt,1620594991,17:16:31,20210509
95,2001-03-31,MHK,USD,2001-05-11 00:00:00,2001-05-11 00:00:00,Q1,743683000,565658000,178025000,0.2393829091158464,0.0,124420000,0.0,0.0,124420000.0,690078000.0,0.0,20943000.0,74548000.0,0.10024163521285279,53605000,0.07208044287687093,-1469000.0,43184000,0.0580677519857251,15978000.0,27206000.0,0.03658279132372261,0.52,0.51,52361000,52970000,https://www.sec.gov/Archives/edgar/data/851968/000093176301500556/0000931763-01-500556-index.html,https://www.sec.gov/Archives/edgar/data/851968/000093176301500556/d10q.txt,1620594991,17:16:31,20210509
96,2000-12-31,MHK,USD,2000-12-31,2000-12-31,Q4,799441000,576322000,223119000,0.2790937667695302,0.0,126755000,0.0,0.0,147690000.0,724012000.0,0.0,20935000.0,96364000.0,0.12053922678471582,75429000,0.09435217858478612,-1608000.0,64364000,0.08051125724099714,25102000.0,39262000.0,0.04911181688204633,0.7498328908920762,0.7498328908920762,52361000,52361000,,,1620594991,17:16:31,20210509
97,2000-09-30,MHK,USD,2000-11-03 00:00:00,2000-11-03 00:00:00,Q3,838514000,604702000,233812000,0.27884090188118504,0.0,127151000,0.0,0.0,146743000.0,751445000.0,0.0,19592000.0,106661000.0,0.12720240806951344,87069000,0.10383726449409313,-7846000.0,69050000,0.08234805858936166,26913000.0,42137000.0,0.05025199340738497,0.793585324971279,0.7856397061565424,53097000,53634000,https://www.sec.gov/Archives/edgar/data/851968/000093176300002367/0000931763-00-002367-index.html,https://www.sec.gov/Archives/edgar/data/851968/000093176300002367/0000931763-00-002367-0001.txt,1620594991,17:16:31,20210509
98,2000-07-01,MHK,USD,2000-08-04 00:00:00,2000-08-04 00:00:00,Q2,852800000,636900000,215900000,0.2531660412757974,0.0,127000000,0.0,0.0,127000000.0,763900000.0,-9700000.0,20900000.0,109800000.0,0.12875234521575984,88900000,0.10424484052532833,-1200000.0,78000000,0.09146341463414634,30800000.0,47200000.0,0.055347091932457786,0.86924,0.86924,54300000,54300000,https://www.sec.gov/Archives/edgar/data/851968/000093176300001820/0000931763-00-001820-index.html,https://www.sec.gov/Archives/edgar/data/851968/000093176300001820/0000931763-00-001820-0001.txt,1620594991,17:16:31,20210509
99,2000-04-01,MHK,USD,2000-05-05 00:00:00,2000-05-05 00:00:00,Q1,765100000,574500000,190600000,0.2491177623840021,0.0,124900000,0.0,0.0,124899999.99999999,699400000.0,-8700000.0,20900000.0,86600000.0,0.11318781858580577,65700000,0.08587112795712978,-800000.0,56200000,0.0734544503986407,22200000.0,34000000.0,0.044438635472487255,0.60606,0.60606,56100000,56100000,https://www.sec.gov/Archives/edgar/data/851968/000093176300001180/0000931763-00-001180-index.html,https://www.sec.gov/Archives/edgar/data/851968/0000931763-00-001180.txt,1620594991,17:16:31,20210509
100,1999-12-31,MHK,USD,1999-12-31,1999-12-31,Q4,775600000,552000000,223600000,0.2882929345023208,0.0,120200000,0.0,0.0,149400000.0,701400000.0,0.0,29200000.0,103400000.0,0.1333161423414131,74200000,0.09566787003610108,800000.0,66400000,0.08561113976276431,26300000.0,40100000.0,0.05170190820010315,0.6563011456628478,0.6563011456628478,61100000,61100000,,,1620594991,17:16:31,20210509
101,1999-10-02,MHK,USD,1999-10-02,1999-10-02,Q3,809900000,606700000,203200000,0.25089517224348684,0.0,119300000,0.0,0.0,119199999.99999993,725899999.9999999,-8300000.0,24799999.999999996,108800000.0,0.13433757253981973,84000000,0.10371650821089023,-1100000.0,74500000,0.09198666502037288,29400000.0,45100000.0,0.0556858871465613,0.73813,0.73813,61100000,61100000,,,1620594991,17:16:31,20210509
102,1999-07-03,MHK,USD,1999-07-03,1999-07-03,Q2,790600000,589700000,200900000,0.25411080192259045,0.0,120000000,0.0,0.0,120000000.0,709700000.0,-7800000.0,27799999.999999996,108700000.0,0.13749051353402478,80900000,0.10232734631925121,-300000.0,72900000,0.09220844927902859,28800000.0,44100000.0,0.05578041993422717,0.71941,0.71941,61300000,61300000,,,1620594991,17:16:31,20210509
103,1999-04-03,MHK,USD,1999-04-03,1999-04-03,Q1,707200000,528800000,178300000,0.2521210407239819,0.0,122700000,0.0,0.0,122700000.00000004,651500000.0,-7900000.0,23500000.0,79200000.0,0.11199095022624435,55700000,0.07876131221719457,-1700000.0,46100000,0.06518665158371041,18200000.0,27900000.0,0.03945135746606335,0.45514,0.45514,61300000,61300000,,,1620594991,17:16:31,20210509
104,1998-12-31,MHK,USD,1998-12-31,1998-12-31,Q4,1056700000,788000000,268700000,0.25428219929970663,0.0,162100000,0.0,0.0,181400000.0,969400000.0,0.0,19300000.0,106600000.0,0.10088009841960821,87300000,0.08261569035677108,-20600000.0,53800000,0.050913220403141855,24000000.0,29800000.0,0.028201003122929877,0.4869281045751634,0.4869281045751634,61200000,61200000,,,1620594991,17:16:31,20210509
105,1998-09-26,MHK,USD,1998-09-26,1998-09-26,Q3,718800000,541000000,177800000,0.24735670562047857,0.0,108300000,0.0,0.0,108299999.99999996,649300000.0,-7200000.0,19500000.0,89000000.0,0.1238174735670562,69500000,0.09668892598775737,-800000.0,61400000,0.08542014468558709,24400000.0,37100000.0,0.051613800779076235,0.60621,0.60621,61200000,61200000,,,1620594991,17:16:31,20210509
106,1998-06-27,MHK,USD,1998-07-24,1998-07-24,Q2,689400000,512200000,177300000,0.25718015665796345,0.0,109400000,0.0,0.0,109299999.99999996,621500000.0,-8100000.0,20200000.000000004,88100000.0,0.12779228314476357,67900000,0.09849144183347838,-900000.0,58900000,0.08543661154627212,23000000.0,35900000.0,0.05207426747896722,0.5866,0.5866,61200000,61200000,https://www.sec.gov/Archives/edgar/data/851968/0000931763-98-001920-index.html,https://www.sec.gov/Archives/edgar/data/851968/,1620594991,17:16:31,20210509
107,1998-03-28,MHK,USD,1998-03-28,1998-03-28,Q1,589500000,452800000,136700000,0.23189143341815097,0.0,98500000,0.0,0.0,98400000.00000003,551200000.0,-8000000.0,19500000.0,57800000.0,0.09804919423240034,38300000,0.06497031382527566,100000.0,30300000,0.051399491094147584,13200000.0,17100000.0,0.02900763358778626,0.28033,0.28033,61000000,61000000,,,1620594991,17:16:31,20210509
108,1997-12-31,MHK,USD,1998-06-19,1998-06-19,Q4,516200000,382700000,133500000,0.25862068965517243,0.0,76700000,0.0,0.0,90700000.0,473400000.0,0.0,14000000.0,56800000.0,0.11003487020534676,42800000,0.08291359938008523,-5900000.0,31900000,0.06179775280898876,12600000.0,19300000.0,0.03738860906625339,0.3163934426229508,0.3163934426229508,61000000,61000000,https://www.sec.gov/Archives/edgar/data/851968/0000931763-98-001643-index.html,https://www.sec.gov/Archives/edgar/data/851968/,1620594991,17:16:31,20210509
109,1997-09-27,MHK,USD,1997-10-22,1997-10-22,Q3,500800000,384300000,116500000,0.23262779552715654,0.0,74400000,0.0,0.0,74500000.0,458800000.0,-6700000.0,15299999.999999996,57300000.0,0.11441693290734824,42000000,0.08386581469648563,-900000.0,34500000,0.06888977635782748,13600000.0,20900000.0,0.041733226837060704,0.3981,0.3981,52500000,52500000,https://www.sec.gov/Archives/edgar/data/851968/0000931763-97-001754-index.html,https://www.sec.gov/Archives/edgar/data/851968/,1620594991,17:16:31,20210509
110,1997-06-28,MHK,USD,1997-06-28,1997-06-28,Q2,475100000,364100000,111000000,0.23363502420543045,0.0,70600000,0.0,0.0,70699999.99999999,434800000.0,-7500000.0,14900000.0,55300000.0,0.11639654809513787,40400000,0.08503472953062513,-1000000.0,31900000,0.06714375920858767,12600000.0,19300000.0,0.040623026731214484,0.36973,0.36973,52200000,52200000,,,1620594991,17:16:31,20210509
111,1997-03-29,MHK,USD,1997-03-29,1997-03-29,Q1,409300000,319500000,89700000,0.21915465428780845,0.0,67800000,0.0,0.0,67899999.99999999,387400000.0,-7400000.0,15100000.0,37000000.0,0.09039824089909601,21900000,0.05350598582946494,-400000.0,14100000,0.03444905936965551,5600000.0,8500000.0,0.02076716344979233,0.16252,0.16252,52300000,52300000,,,1620594991,17:16:31,20210509
112,1996-12-31,MHK,USD,1996-12-31,1996-12-31,Q4,465700000,338800000,126900000,0.2724930212583208,0.0,81500000,0.0,0.0,95300000.0,434100000.0,0.0,13800000.0,45400000.0,0.09748765299549066,31600000,0.06785484217307279,-2800000.0,22500000,0.04831436547133348,9900000.0,12600000.0,0.027056044663946746,0.24091778202676864,0.24091778202676864,52300000,52300000,,,1620594991,17:16:31,20210509
113,1996-09-28,MHK,USD,1996-11-12 00:00:00,1996-11-12 00:00:00,Q3,466500000,362200000,104300000,0.22357984994640942,0.0,69800000,0.0,0.0,71199999.99999999,433400000.0,-7900000.0,14299999.999999996,47400000.0,0.10160771704180065,33100000,0.07095391211146838,-700000.0,24500000,0.05251875669882101,9700000.0,14800000.0,0.03172561629153269,0.28352,0.28352,52200000,52200000,https://www.sec.gov/Archives/edgar/data/851968/000095010996007303/0000950109-96-007303-index.html,https://www.sec.gov/Archives/edgar/data/851968/0000950109-96-007303.txt,1620594991,17:16:31,20210509
114,1996-06-29,MHK,USD,1996-08-02 00:00:00,1996-08-02 00:00:00,Q2,467700000,358800000,108800000,0.23262775283301262,0.0,72100000,0.0,0.0,72099999.99999997,430899999.99999994,-8700000.0,13300000.0,50100000.0,0.10711994868505452,36800000,0.07868291639940132,-1000000.0,27100000,0.05794312593542869,10700000.0,16400000.0,0.03506521274321146,0.3166,0.3166,51800000,51800000,https://www.sec.gov/Archives/edgar/data/851968/000093176396000396/0000931763-96-000396-index.html,https://www.sec.gov/Archives/edgar/data/851968/0000931763-96-000396.txt,1620594991,17:16:31,20210509
