,date,symbol,reportedCurrency,fillingDate,acceptedDate,period,revenue,costOfRevenue,grossProfit,grossProfitRatio,researchAndDevelopmentExpenses,generalAndAdministrativeExpenses,sellingAndMarketingExpenses,otherExpenses,operatingExpenses,costAndExpenses,interestExpense,depreciationAndAmortization,ebitda,ebitdaratio,operatingIncome,operatingIncomeRatio,totalOtherIncomeExpensesNet,incomeBeforeTax,incomeBeforeTaxRatio,incomeTaxExpense,netIncome,netIncomeRatio,eps,epsdiluted,weightedAverageShsOut,weightedAverageShsOutDil,link,finalLink,timestamp,est_time,est_date
0,2020-12-31,CLEDUCATE.NS,INR,2020-12-31,2020-12-31,Q4,458939000,320510000,138429000,0.3016283209751187,0.0,0.0,0.0,8681000.0,124385000,444895000,13323000,16886000,30930000.0,0.06739457749286942,14044000.0,0.030601016692850248,0.0,9345000.0,0.020362183209533292,13268000.0,-4298000.0,-0.009365079019216061,-0.29,-0.29,14820690,14820690,https://www.nseindia.com/companies-listing/corporate-filings-annual-reports,https://www.nseindia.com/companies-listing/corporate-filings-annual-reports,1620590354,15:59:14,20210509
1,2020-09-30,CLEDUCATE.NS,INR,2020-09-30,2020-09-30,Q3,457754000,175350000,282404000,0.6169339863769623,0.0,0.0,0.0,15786000.0,301512000,476862000,15536000,22206000,3098000.0,0.006767827260930543,-19108000.0,-0.041742944900536094,0.0,-18686000.0,-0.04082105235563206,-7304000.0,-10331000.0,-0.02256889071422642,-0.77,-0.77,13416883,13416883,https://www.nseindia.com/companies-listing/corporate-filings-annual-reports,https://www.nseindia.com/companies-listing/corporate-filings-annual-reports,1620590354,15:59:14,20210509
2,2020-06-30,CLEDUCATE.NS,INR,2020-06-30,2020-06-30,Q2,470250000,209570000,260680000,0.5543434343434344,0.0,0.0,0.0,35047000.0,251707000,461277000,17067000,28932000,37905000.0,0.08060606060606061,8973000.0,0.01908133971291866,0.0,26645000.0,0.05666135034556087,11461000.0,14838000.0,0.031553429027113236,1.04,1.04,14267308,14267308,https://www.nseindia.com/companies-listing/corporate-filings-annual-reports,https://www.nseindia.com/companies-listing/corporate-filings-annual-reports,1620590354,15:59:14,20210509
3,2020-03-31,CLEDUCATE.NS,INR,2020-03-31,2020-03-31,Q1,540772000,257713000,283059000,0.5234350151265228,0.0,0.0,0.0,-26609000.0,211732000,469445000,10965000,-33039000,38288000.0,0.07080248237704614,71327000.0,0.13189847107468583,0.0,-690379000.0,-1.2766544865488598,-56439000.0,-631679000.0,-1.1681059670249199,-47.08090545322636,-47.08090545322636,13416883,13416883,https://www.nseindia.com/companies-listing/corporate-filings-annual-reports,https://www.nseindia.com/companies-listing/corporate-filings-annual-reports,1620590354,15:59:14,20210509
4,2019-12-31,CLEDUCATE.NS,INR,2019-12-31,2019-12-31,Q4,666275000,275020000,391255000,0.5872274961539905,0.0,0.0,0.0,26747000.0,395281000,670301000,27067000,36999000,32973000.0,0.049488574537540804,-4026000.0,-0.006042549998123898,0.0,-4751000.0,-0.007130689279951972,2498000.0,-3838000.0,-0.005760384225732618,-0.26,-0.26,14761538,14761538,https://www.nseindia.com/companies-listing/corporate-filings-annual-reports,https://www.nseindia.com/companies-listing/corporate-filings-annual-reports,1620590354,15:59:14,20210509
5,2019-09-30,CLEDUCATE.NS,INR,2019-09-30,2019-09-30,Q3,1016438000,387277000,629161000,0.6189861063832718,0.0,0.0,0.0,19709000.0,558659000,945936000,20723000,35443000,105945000.0,0.10423164029680118,70502000.0,0.06936183023460359,0.0,68616000.0,0.06750633093213752,22381000.0,49652000.0,0.048849019812325,3.53,3.53,14065722,14065722,https://www.nseindia.com/companies-listing/corporate-filings-annual-reports,https://www.nseindia.com/companies-listing/corporate-filings-annual-reports,1620590354,15:59:14,20210509
6,2019-06-30,CLEDUCATE.NS,INR,2019-06-30,2019-06-30,Q2,862655000,374463000,488192000,0.5659180089375243,0.0,0.0,0.0,28896000.0,422019000,796482000,20527000,33518000,99691000.0,0.11556300027241481,66173000.0,0.07670853353890025,0.0,73746000.0,0.08548724577032533,21264000.0,54258000.0,0.06289652294370288,3.94,3.94,13771066,13771066,https://www.nseindia.com/companies-listing/corporate-filings-annual-reports,https://www.nseindia.com/companies-listing/corporate-filings-annual-reports,1620590354,15:59:14,20210509
7,2019-03-31,CLEDUCATE.NS,INR,2019-03-31,2019-03-31,Q1,808751000,350696000,458055000,0.5663733336960325,0.0,0.0,0.0,-29251000.0,281040000,631736000,13390000,-34585000,142430000.0,0.17611106508678195,177015000.0,0.21887453616749777,0.0,31149000.0,0.03851494464921836,9174000.0,26364000.0,0.032598414097787826,1.9649869496514205,1.9649869496514205,13416883,13416883,https://www.nseindia.com/companies-listing/corporate-filings-annual-reports,https://www.nseindia.com/companies-listing/corporate-filings-annual-reports,1620590354,15:59:14,20210509
8,2018-12-31,CLEDUCATE.NS,INR,2018-12-31,2018-12-31,Q4,693687000,265661000,428026000,0.6170304474496423,0.0,0.0,0.0,25893000.0,385937000,651598000,17318000,23389000,65478000.0,0.09439127445086905,42089000.0,0.06067433871472292,0.0,50879000.0,0.07334575968700581,8011000.0,49226000.0,0.07096284058948776,3.49,3.49,14104871,14104871,https://www.nseindia.com/companies-listing/corporate-filings-annual-reports,https://www.nseindia.com/companies-listing/corporate-filings-annual-reports,1620590354,15:59:14,20210509
9,2018-09-30,CLEDUCATE.NS,INR,2018-09-30,2018-09-30,Q3,1018775000,402405000,616370000,0.6050109199774238,0.0,0.0,0.0,23931000.0,527656000,930061000,19316000,24200000,112914000.0,0.11083310838997816,88714000.0,0.08707909008367892,0.0,94072000.0,0.09233834752521411,27757000.0,75854000.0,0.07445608696719098,5.44,5.44,13943750,13943750,https://www.nseindia.com/companies-listing/corporate-filings-annual-reports,https://www.nseindia.com/companies-listing/corporate-filings-annual-reports,1620590354,15:59:14,20210509
10,2018-06-30,CLEDUCATE.NS,INR,2018-06-30,2018-06-30,Q2,871382000,367751000,503631000,0.5779681012460666,0.0,0.0,0.0,36857000.0,459805000,827556000,10990000,22554000,66380000.0,0.076177841635471,43826000.0,0.05029481903459103,0.0,68798000.0,0.07895274403189416,22867000.0,48023000.0,0.055111305948481834,3.41,3.41,14082991,14082991,https://www.nseindia.com/companies-listing/corporate-filings-annual-reports,https://www.nseindia.com/companies-listing/corporate-filings-annual-reports,1620590354,15:59:14,20210509
11,2018-03-31,CLEDUCATE.NS,INR,2018-03-31,2018-03-31,Q1,794882000,815256000,-20374000,-0.025631477376516262,0.0,0.0,0.0,0.0,18838000,834094000,15668000,-21997000,-61209000.0,-0.07700388233725257,-39212000.0,-0.04933059246529674,0.0,-16137000.0,-0.020301126456505492,5852000.0,-15892000.0,-0.01999290460722472,-1.1844777956251091,-1.1844777956251091,13416883,13416883,https://www.nseindia.com/companies-listing/corporate-filings-annual-reports,https://www.nseindia.com/companies-listing/corporate-filings-annual-reports,1620590354,15:59:14,20210509
12,2017-12-31,CLEDUCATE.NS,INR,2017-12-31,2017-12-31,Q4,648663000,153463000,495200000,0.7634164427445376,0.0,0.0,0.0,0.0,481902000,635365000,21229000,21416000,34714000.0,0.05351623262001995,13298000.0,0.020500629756899962,0.0,-5320000.0,-0.008201485208806421,9481000.0,-4651000.0,-0.007170133027473434,-0.33,-0.33,14093939,14093939,https://www.nseindia.com/companies-listing/corporate-filings-annual-reports,https://www.nseindia.com/companies-listing/corporate-filings-annual-reports,1620590354,15:59:14,20210509
13,2017-09-30,CLEDUCATE.NS,INR,2017-09-30,2017-09-30,Q3,715457000,187244000,528213000,0.7382875560655637,0.0,0.0,0.0,0.0,454490000,641734000,10281000,21237000,94960000.0,0.1327263553225421,73723000.0,0.1030432297119184,0.0,63322000.0,0.08850566840494957,16738000.0,45764000.0,0.06396471066744752,3.231173,3.231173,14163278,14163278,https://www.nseindia.com/companies-listing/corporate-filings-annual-reports,https://www.nseindia.com/companies-listing/corporate-filings-annual-reports,1620590354,15:59:14,20210509
14,2017-06-30,CLEDUCATE.NS,INR,2017-06-30,2017-06-30,Q2,729895000,207593000,522302000,0.7155851184074422,0.0,0.0,0.0,0.0,467986000,675579000,17120000,20360000,74676000.0,0.10231060632008714,54316000.0,0.07441618314963111,0.0,37196000.0,0.050960754629090485,14554000.0,31842000.0,0.043625452976113005,2.25,2.25,14152000,14152000,https://www.nseindia.com/companies-listing/corporate-filings-annual-reports,https://www.nseindia.com/companies-listing/corporate-filings-annual-reports,1620590354,15:59:14,20210509
15,2017-03-31,CLEDUCATE.NS,INR,2017-03-31,2017-03-31,Q1,748333485,971250053,-222916568,-0.29788399486092754,0.0,0.0,0.0,0.0,-413328450,557921603,14864196,16508740,206920622.0,0.27650857023991116,190411882.0,0.2544478976508715,0.0,122872953.0,0.1641954495728599,38987418.0,89463490.0,0.11955029648312476,6.6679786952006666,6.6679786952006666,13416883,13416883,https://www.nseindia.com/companies-listing/corporate-filings-annual-reports,https://www.nseindia.com/companies-listing/corporate-filings-annual-reports,1620590354,15:59:14,20210509
16,2016-12-31,CLEDUCATE.NS,INR,2016-12-31,2016-12-31,Q4,484733000,102478000,382255000,0.7885887694875323,0.0,0.0,0.0,0.0,399145000,501623000,21690000,16159000,-731000.0,-0.0015080466978728497,-16890000.0,-0.03484392438723999,0.0,-38580000.0,-0.0795902073925233,-12567000.0,-12695000.0,-0.02618967555334586,-0.896332,-0.896332,14163278,14163278,https://www.nseindia.com/companies-listing/corporate-filings-annual-reports,https://www.nseindia.com/companies-listing/corporate-filings-annual-reports,1620590354,15:59:14,20210509
17,2016-09-30,CLEDUCATE.NS,INR,2016-09-30,2016-09-30,Q3,755406000,177805000,577601000,0.7646232621927811,0.0,0.0,0.0,0.0,453266000,631071000,16910000,16018000,140353000.0,0.1857981006240353,124335000.0,0.16459360926442204,0.0,107425000.0,0.14220829593622503,36567000.0,73168000.0,0.09685917241854049,6.115587,6.105983,11964183,11983000,https://www.nseindia.com/companies-listing/corporate-filings-annual-reports,https://www.nseindia.com/companies-listing/corporate-filings-annual-reports,1620590354,15:59:14,20210509
18,2016-06-30,CLEDUCATE.NS,INR,2016-06-30,2016-06-30,Q2,710207000,156989000,553218000,0.7789531784395254,0.0,0.0,0.0,0.0,482593000,639582000,16501000,15497000,86122000.0,0.12126323733784657,70625000.0,0.09944283849638204,0.0,54124000.0,0.0762087673030539,16689000.0,38987000.0,0.05489526293038508,3.28,3.25,11886280,11996000,https://www.nseindia.com/companies-listing/corporate-filings-annual-reports,https://www.nseindia.com/companies-listing/corporate-filings-annual-reports,1620590354,15:59:14,20210509
