,date,symbol,reportedCurrency,fillingDate,acceptedDate,period,revenue,costOfRevenue,grossProfit,grossProfitRatio,researchAndDevelopmentExpenses,generalAndAdministrativeExpenses,sellingAndMarketingExpenses,otherExpenses,operatingExpenses,costAndExpenses,interestExpense,depreciationAndAmortization,ebitda,ebitdaratio,operatingIncome,operatingIncomeRatio,totalOtherIncomeExpensesNet,incomeBeforeTax,incomeBeforeTaxRatio,incomeTaxExpense,netIncome,netIncomeRatio,eps,epsdiluted,weightedAverageShsOut,weightedAverageShsOutDil,link,finalLink,timestamp,est_time,est_date
0,2020-12-31,VIVO.TO,CAD,2020-12-31,2020-12-31,Q4,7650487.0,8756243.0,-1105756.0,-0.14453406691626297,0.0,4626301.0,266582.0,-70674.0,5940142.0,14696385.0,162371.0,2288243.0,-4757655.0,-0.621876097560848,-7045898.0,-4.721464790411382,-28913236.0,-36121505.0,-4.721464790411382,-1134179.0,-34987326.0,-4.573215535167892,-0.11614487060520687,-0.11614487060520687,301238667.0,301238667.0,https://www.sedar.com/ModifyCompanyDocumentSearchForm.do?lang=EN&company_search=VIVO CANNABIS INC&document_selection=0&industry_group=A&FromDate=13&FromMonth=05&FromYear=2000&ToDate=13&ToMonth=11&ToYear=2020&Variable=Issuer,https://www.sedar.com/ModifyCompanyDocumentSearchForm.do?lang=EN&company_search=VIVO CANNABIS INC&document_selection=0&industry_group=A&FromDate=13&FromMonth=05&FromYear=2000&ToDate=13&ToMonth=11&ToYear=2020&Variable=Issuer,1620599540,18:32:20,20210509
1,2020-09-30,VIVO.TO,CAD,2020-09-30,2020-09-30,Q3,7496883.0,6899556.0,597327.0,0.0796767136421897,0.0,4370355.0,167236.0,62512.0,5617415.0,12516971.0,1207734.0,2016380.0,-3003708.0,-0.4006609146761394,-5020088.0,-0.6696233621359704,669678.0,-5558144.0,-0.7413939900089144,-583865.0,-4974279.0,-0.6635129559845072,-0.02,-0.02,301238667.0,301238667.0,https://www.sedar.com/ModifyCompanyDocumentSearchForm.do?lang=EN&company_search=VIVO CANNABIS INC&document_selection=0&industry_group=A&FromDate=13&FromMonth=05&FromYear=2000&ToDate=13&ToMonth=11&ToYear=2020&Variable=Issuer,https://www.sedar.com/ModifyCompanyDocumentSearchForm.do?lang=EN&company_search=VIVO CANNABIS INC&document_selection=0&industry_group=A&FromDate=13&FromMonth=05&FromYear=2000&ToDate=13&ToMonth=11&ToYear=2020&Variable=Issuer,1620599540,18:32:20,20210509
2,2020-06-30,VIVO.TO,CAD,2020-06-30,2020-06-30,Q2,9436491.0,7234929.0,2201562.0,0.23330303605439776,0.0,5056999.0,218070.0,47901.0,6389369.0,13624298.0,1193905.0,2058477.0,-2129330.0,-0.22564849582328855,-4187807.0,-0.4437885862446115,638380.0,-4743332.0,-0.5026584564113927,-108630.0,-4634702.0,-0.49114676207501284,-0.02,-0.02,295888654.0,295888654.0,https://www.sedar.com/ModifyCompanyDocumentSearchForm.do?lang=EN&company_search=VIVO CANNABIS INC&document_selection=0&industry_group=A&FromDate=13&FromMonth=05&FromYear=2000&ToDate=13&ToMonth=11&ToYear=2020&Variable=Issuer,https://www.sedar.com/ModifyCompanyDocumentSearchForm.do?lang=EN&company_search=VIVO CANNABIS INC&document_selection=0&industry_group=A&FromDate=13&FromMonth=05&FromYear=2000&ToDate=13&ToMonth=11&ToYear=2020&Variable=Issuer,1620599540,18:32:20,20210509
3,2020-03-31,VIVO.TO,CAD,2020-03-31,2020-03-31,Q1,8199717.0,8107367.0,92350.0,0.011262583818441538,0.0,5691652.0,190344.0,72668.0,6990053.0,15097420.0,1512530.0,2021962.0,-4875741.0,-0.5946230827234648,-6897703.0,-0.8412123247668182,-2653733.0,-11063966.0,-1.3493107140161056,-3062.0,-11060904.0,-1.3489372864941558,-0.04,-0.04,295888654.0,295888654.0,https://www.sedar.com/ModifyCompanyDocumentSearchForm.do?lang=EN&company_search=VIVO CANNABIS INC&document_selection=0&industry_group=A&FromDate=13&FromMonth=05&FromYear=2000&ToDate=13&ToMonth=11&ToYear=2020&Variable=Issuer,https://www.sedar.com/ModifyCompanyDocumentSearchForm.do?lang=EN&company_search=VIVO CANNABIS INC&document_selection=0&industry_group=A&FromDate=13&FromMonth=05&FromYear=2000&ToDate=13&ToMonth=11&ToYear=2020&Variable=Issuer,1620599540,18:32:20,20210509
4,2019-12-31,VIVO.TO,CAD,2019-12-31,2019-12-31,Q4,6598761.0,6818393.0,-219632.0,-0.03328382403908855,0.0,4356279.0,-567173.0,685.0,5163639.0,11982032.0,209314.0,2192428.0,-3190843.0,-0.48355183647354405,-5383271.0,-0.815800269171743,-5102761.0,-10695346.0,-1.6208112401706927,1449948.0,-12145294.0,-1.840541580457301,-0.040317845384702886,-0.040317845384702886,301238667.0,301238667.0,https://www.sedar.com/ModifyCompanyDocumentSearchForm.do?lang=EN&company_search=VIVO CANNABIS INC&document_selection=0&industry_group=A&FromDate=13&FromMonth=05&FromYear=2000&ToDate=13&ToMonth=11&ToYear=2020&Variable=Issuer,https://www.sedar.com/ModifyCompanyDocumentSearchForm.do?lang=EN&company_search=VIVO CANNABIS INC&document_selection=0&industry_group=A&FromDate=13&FromMonth=05&FromYear=2000&ToDate=13&ToMonth=11&ToYear=2020&Variable=Issuer,1620599540,18:32:20,20210509
5,2019-09-30,VIVO.TO,CAD,2019-09-30,2019-09-30,Q3,6293256.0,1515581.0,4777675.0,0.7591737885762155,0.0,6693715.0,890983.0,4447.0,8794200.0,10309781.0,1426696.0,1632524.0,-2384001.0,-0.37881837319187395,-4016525.0,-0.638226857448672,-4262666.0,-9705887.0,-1.5422679452417,24630.0,-9730517.0,-1.5461816585881776,-0.03,-0.03,295682719.0,295682719.0,https://www.sedar.com/ModifyCompanyDocumentSearchForm.do?lang=EN&company_search=VIVO CANNABIS INC&document_selection=0&industry_group=A&FromDate=13&FromMonth=05&FromYear=2000&ToDate=13&ToMonth=11&ToYear=2020&Variable=Issuer,https://www.sedar.com/ModifyCompanyDocumentSearchForm.do?lang=EN&company_search=VIVO CANNABIS INC&document_selection=0&industry_group=A&FromDate=13&FromMonth=05&FromYear=2000&ToDate=13&ToMonth=11&ToYear=2020&Variable=Issuer,1620599540,18:32:20,20210509
6,2019-06-30,VIVO.TO,CAD,2019-06-30,2019-06-30,Q2,5281456.0,1041236.0,4240220.0,0.8028505775680039,0.0,5389656.0,876010.0,0.0,7470635.0,8511871.0,1086569.0,1773599.0,-1456816.0,-0.27583605732964545,-3230415.0,-0.6116523549566635,-9512790.0,-13829774.0,-2.618553292879842,0.0,-13829774.0,-2.618553292879842,-0.05,-0.05,294818429.0,294818429.0,https://www.sedar.com/ModifyCompanyDocumentSearchForm.do?lang=EN&company_search=VIVO CANNABIS INC&document_selection=0&industry_group=A&FromDate=13&FromMonth=05&FromYear=2000&ToDate=13&ToMonth=11&ToYear=2020&Variable=Issuer,https://www.sedar.com/ModifyCompanyDocumentSearchForm.do?lang=EN&company_search=VIVO CANNABIS INC&document_selection=0&industry_group=A&FromDate=13&FromMonth=05&FromYear=2000&ToDate=13&ToMonth=11&ToYear=2020&Variable=Issuer,1620599540,18:32:20,20210509
7,2019-03-31,VIVO.TO,CAD,2019-03-31,2019-03-31,Q1,5053124.0,2923536.0,2129588.0,0.42143988550449185,0.0,4786607.0,1116790.0,2551.0,6981247.0,9904783.0,1073479.0,1619123.0,-3232536.0,-0.6397104048901234,-4851659.0,-0.9601306043548505,10946268.0,5021130.0,0.9936684712269084,0.0,5021130.0,0.9936684712269084,0.022788323706850914,0.021884979778383815,220337839.0,229432700.0,https://www.sedar.com/ModifyCompanyDocumentSearchForm.do?lang=EN&company_search=VIVO CANNABIS INC&document_selection=0&industry_group=A&FromDate=13&FromMonth=05&FromYear=2000&ToDate=13&ToMonth=11&ToYear=2020&Variable=Issuer,https://www.sedar.com/ModifyCompanyDocumentSearchForm.do?lang=EN&company_search=VIVO CANNABIS INC&document_selection=0&industry_group=A&FromDate=13&FromMonth=05&FromYear=2000&ToDate=13&ToMonth=11&ToYear=2020&Variable=Issuer,1620599540,18:32:20,20210509
8,2018-12-31,VIVO.TO,CAD,2018-12-31,2018-12-31,Q4,5833824.0,4943568.0,890256.0,0.15260247823725914,0.0,7510972.0,2210997.0,10748.0,10865837.0,15809405.0,26324.0,1480471.0,-8495110.0,-1.4561820857125618,-9975581.0,-1.709955768291947,812213.0,-9189392.0,-1.575191846720093,0.0,-8016167.0,-1.3740844770085625,-0.026610684079278576,-0.026610684079278576,301238667.0,301238667.0,https://www.sedar.com/ModifyCompanyDocumentSearchForm.do?lang=EN&company_search=VIVO CANNABIS INC&document_selection=0&industry_group=A&FromDate=13&FromMonth=05&FromYear=2000&ToDate=13&ToMonth=11&ToYear=2020&Variable=Issuer,https://www.sedar.com/ModifyCompanyDocumentSearchForm.do?lang=EN&company_search=VIVO CANNABIS INC&document_selection=0&industry_group=A&FromDate=13&FromMonth=05&FromYear=2000&ToDate=13&ToMonth=11&ToYear=2020&Variable=Issuer,1620599540,18:32:20,20210509
9,2018-09-30,VIVO.TO,CAD,2018-09-30,2018-09-30,Q3,2286690.0,1005946.0,1280744.0,0.5600864131124026,0.0,4290460.0,2107148.0,-209665.0,6505037.0,7510983.0,928754.0,743221.0,-4481072.0,-1.9596324818842956,-5224293.0,-2.284652926282093,-2949601.0,-9102648.0,-3.9807092347454183,0.0,-9102648.0,-3.9807092347454183,-0.04,-0.04,224739939.0,224739939.0,https://www.sedar.com/ModifyCompanyDocumentSearchForm.do?lang=EN&company_search=VIVO CANNABIS INC&document_selection=0&industry_group=A&FromDate=13&FromMonth=05&FromYear=2000&ToDate=13&ToMonth=11&ToYear=2020&Variable=Issuer,https://www.sedar.com/ModifyCompanyDocumentSearchForm.do?lang=EN&company_search=VIVO CANNABIS INC&document_selection=0&industry_group=A&FromDate=13&FromMonth=05&FromYear=2000&ToDate=13&ToMonth=11&ToYear=2020&Variable=Issuer,1620599540,18:32:20,20210509
10,2018-06-30,VIVO.TO,CAD,2018-06-30,2018-06-30,Q2,1053312.0,882918.0,170394.0,0.16176973204520598,106725.0,3396833.0,854868.0,372.0,4453363.0,5336281.0,1193379.0,378732.0,-3904237.0,-3.706629184894884,-4282969.0,-4.066192163385588,4678577.0,-794449.0,-0.7542390099039981,0.0,-794449.0,-0.7542390099039981,-0.01,-0.01,154286868.0,154286868.0,https://www.sedar.com/ModifyCompanyDocumentSearchForm.do?lang=EN&company_search=VIVO CANNABIS INC&document_selection=0&industry_group=A&FromDate=13&FromMonth=05&FromYear=2000&ToDate=13&ToMonth=11&ToYear=2020&Variable=Issuer,https://www.sedar.com/ModifyCompanyDocumentSearchForm.do?lang=EN&company_search=VIVO CANNABIS INC&document_selection=0&industry_group=A&FromDate=13&FromMonth=05&FromYear=2000&ToDate=13&ToMonth=11&ToYear=2020&Variable=Issuer,1620599540,18:32:20,20210509
11,2018-03-31,VIVO.TO,CAD,2018-03-31,2018-03-31,Q1,541284.0,477770.0,63514.0,0.11733951123624567,15371.0,5624237.0,600839.0,1837.0,6315883.0,6793653.0,933781.0,416918.0,-5835451.0,-10.78075649751332,-6252369.0,-11.550995410911831,-69796.0,-7049829.0,-13.02427006894717,0.0,-7049829.0,-13.02427006894717,-0.037509,-0.037509,187951106.0,187951106.0,https://www.sedar.com/ModifyCompanyDocumentSearchForm.do?lang=EN&company_search=VIVO CANNABIS INC&document_selection=0&industry_group=A&FromDate=13&FromMonth=05&FromYear=2000&ToDate=13&ToMonth=11&ToYear=2020&Variable=Issuer,https://www.sedar.com/ModifyCompanyDocumentSearchForm.do?lang=EN&company_search=VIVO CANNABIS INC&document_selection=0&industry_group=A&FromDate=13&FromMonth=05&FromYear=2000&ToDate=13&ToMonth=11&ToYear=2020&Variable=Issuer,1620599540,18:32:20,20210509
12,2017-12-31,VIVO.TO,CAD,2017-12-31,2017-12-31,Q4,308253.0,1476886.0,-1168633.0,-3.7911488290462705,1033791.0,5291453.0,725509.0,-20521.0,7074184.0,8551070.0,1141453.0,270410.0,-7972407.0,-25.8631935455616,-8242817.0,-26.740427505977234,-2153641.0,-11455331.0,-37.162107100336414,0.0,-11092600.0,-35.9853756492232,-0.03682329400295746,-0.03682329400295746,301238667.0,301238667.0,https://www.sedar.com/ModifyCompanyDocumentSearchForm.do?lang=EN&company_search=VIVO CANNABIS INC&document_selection=0&industry_group=A&FromDate=13&FromMonth=05&FromYear=2000&ToDate=13&ToMonth=11&ToYear=2020&Variable=Issuer,https://www.sedar.com/ModifyCompanyDocumentSearchForm.do?lang=EN&company_search=VIVO CANNABIS INC&document_selection=0&industry_group=A&FromDate=13&FromMonth=05&FromYear=2000&ToDate=13&ToMonth=11&ToYear=2020&Variable=Issuer,1620599540,18:32:20,20210509
13,2017-09-30,VIVO.TO,CAD,2017-09-30,2017-09-30,Q3,176975.0,1079986.0,-903011.0,-5.102477751094788,-25861.0,3057318.0,614882.0,4963.0,3710166.0,4790152.0,1277603.0,304260.0,-4308917.0,-24.347602768752648,-4613177.0,-26.06682864811414,2157981.0,-3701510.0,-20.915440033903092,0.0,-3701510.0,-20.915440033903092,-0.04,-0.04,94259810.0,94259810.0,https://www.sedar.com/ModifyCompanyDocumentSearchForm.do?lang=EN&company_search=VIVO CANNABIS INC&document_selection=0&industry_group=A&FromDate=13&FromMonth=05&FromYear=2000&ToDate=13&ToMonth=11&ToYear=2020&Variable=Issuer,https://www.sedar.com/ModifyCompanyDocumentSearchForm.do?lang=EN&company_search=VIVO CANNABIS INC&document_selection=0&industry_group=A&FromDate=13&FromMonth=05&FromYear=2000&ToDate=13&ToMonth=11&ToYear=2020&Variable=Issuer,1620599540,18:32:20,20210509
14,2017-06-30,VIVO.TO,CAD,2017-06-30,2017-06-30,Q2,264319.0,-64034.0,328353.0,1.2422602991082745,90000.0,8656734.0,322643.0,6331.0,9130597.0,9066563.0,1343019.0,0.0,-8747940.0,-33.09614518820062,-8802244.0,-33.30159390736194,-1300467.0,-11435210.0,-43.262913373612946,0.0,-11435210.0,-43.262913373612946,-0.12,-0.12,95451451.0,95451451.0,https://www.sedar.com/ModifyCompanyDocumentSearchForm.do?lang=EN&company_search=VIVO CANNABIS INC&document_selection=0&industry_group=A&FromDate=13&FromMonth=05&FromYear=2000&ToDate=13&ToMonth=11&ToYear=2020&Variable=Issuer,https://www.sedar.com/ModifyCompanyDocumentSearchForm.do?lang=EN&company_search=VIVO CANNABIS INC&document_selection=0&industry_group=A&FromDate=13&FromMonth=05&FromYear=2000&ToDate=13&ToMonth=11&ToYear=2020&Variable=Issuer,1620599540,18:32:20,20210509
15,2017-03-31,VIVO.TO,CAD,2017-03-31,2017-03-31,Q1,0.0,0.0,0.0,0.0,0.0,140655.0,0.0,0.0,140655.0,140655.0,43999.0,0.0,-140655.0,0.0,-140655.0,0.0,33959.0,-150695.0,0.0,0.0,-150695.0,0.0,-0.05,-0.05,2812500.0,2812500.0,https://www.sedar.com/ModifyCompanyDocumentSearchForm.do?lang=EN&company_search=VIVO CANNABIS INC&document_selection=0&industry_group=A&FromDate=13&FromMonth=05&FromYear=2000&ToDate=13&ToMonth=11&ToYear=2020&Variable=Issuer,https://www.sedar.com/ModifyCompanyDocumentSearchForm.do?lang=EN&company_search=VIVO CANNABIS INC&document_selection=0&industry_group=A&FromDate=13&FromMonth=05&FromYear=2000&ToDate=13&ToMonth=11&ToYear=2020&Variable=Issuer,1620599540,18:32:20,20210509
16,2016-12-31,VIVO.TO,CAD,2016-12-31,2016-12-31,Q4,0.0,0.0,0.0,0.0,0.0,86791.0,0.0,0.0,86791.0,86791.0,0.0,0.0,-86791.0,0.0,-86791.0,0.0,-1500.0,-85290.0,0.0,0.0,-85290.0,0.0,-0.0002831309833143034,-0.0002831309833143034,301238667.0,301238667.0,https://www.sedar.com/ModifyCompanyDocumentSearchForm.do?lang=EN&company_search=VIVO CANNABIS INC&document_selection=0&industry_group=A&FromDate=13&FromMonth=05&FromYear=2000&ToDate=13&ToMonth=11&ToYear=2020&Variable=Issuer,https://www.sedar.com/ModifyCompanyDocumentSearchForm.do?lang=EN&company_search=VIVO CANNABIS INC&document_selection=0&industry_group=A&FromDate=13&FromMonth=05&FromYear=2000&ToDate=13&ToMonth=11&ToYear=2020&Variable=Issuer,1620599540,18:32:20,20210509
17,2016-09-30,VIVO.TO,CAD,2016-09-30,2016-09-30,Q3,0.0,0.0,0.0,0.0,0.0,4949.0,0.0,0.0,4949.0,4949.0,0.0,0.0,-4949.0,0.0,-4949.0,0.0,0.0,-4949.0,0.0,0.0,-4949.0,0.0,-0.00176,-0.00176,2812500.0,2812500.0,https://www.sedar.com/ModifyCompanyDocumentSearchForm.do?lang=EN&company_search=VIVO CANNABIS INC&document_selection=0&industry_group=A&FromDate=13&FromMonth=05&FromYear=2000&ToDate=13&ToMonth=11&ToYear=2020&Variable=Issuer,https://www.sedar.com/ModifyCompanyDocumentSearchForm.do?lang=EN&company_search=VIVO CANNABIS INC&document_selection=0&industry_group=A&FromDate=13&FromMonth=05&FromYear=2000&ToDate=13&ToMonth=11&ToYear=2020&Variable=Issuer,1620599540,18:32:20,20210509
18,2016-06-30,VIVO.TO,CAD,2016-06-30,2016-06-30,Q2,0.0,907434.0,-763550.0,0.0,75000.0,893.0,6615.0,0.0,893.0,893.0,215654.0,0.0,-893.0,0.0,-893.0,0.0,-87148.0,-893.0,0.0,0.0,-893.0,0.0,-2.964426874190092e-06,-2.964426874190092e-06,301238667.0,301238667.0,https://www.sedar.com/ModifyCompanyDocumentSearchForm.do?lang=EN&company_search=VIVO CANNABIS INC&document_selection=0&industry_group=A&FromDate=13&FromMonth=05&FromYear=2000&ToDate=13&ToMonth=11&ToYear=2020&Variable=Issuer,https://www.sedar.com/ModifyCompanyDocumentSearchForm.do?lang=EN&company_search=VIVO CANNABIS INC&document_selection=0&industry_group=A&FromDate=13&FromMonth=05&FromYear=2000&ToDate=13&ToMonth=11&ToYear=2020&Variable=Issuer,1620599540,18:32:20,20210509
19,2016-03-31,VIVO.TO,CAD,2016-03-31,2016-03-31,Q1,0.0,0.0,0.0,0.0,0.0,12960.0,0.0,0.0,12960.0,12960.0,0.0,0.0,-12960.0,0.0,-12960.0,0.0,0.0,-12960.0,0.0,0.0,-12960.0,0.0,-0.004608,-0.004608,2812500.0,2812500.0,https://www.sedar.com/ModifyCompanyDocumentSearchForm.do?lang=EN&company_search=VIVO CANNABIS INC&document_selection=0&industry_group=A&FromDate=13&FromMonth=05&FromYear=2000&ToDate=13&ToMonth=11&ToYear=2020&Variable=Issuer,https://www.sedar.com/ModifyCompanyDocumentSearchForm.do?lang=EN&company_search=VIVO CANNABIS INC&document_selection=0&industry_group=A&FromDate=13&FromMonth=05&FromYear=2000&ToDate=13&ToMonth=11&ToYear=2020&Variable=Issuer,1620599540,18:32:20,20210509
20,2015-12-31,VIVO.TO,CAD,2015-12-31,2015-12-31,Q4,0.0,0.0,0.0,0.0,0.0,105304.0,0.0,0.0,105304.0,105304.0,0.0,0.0,-105304.0,0.0,-105304.0,0.0,0.0,-105177.0,0.0,0.0,-105177.0,0.0,-0.0003491484046435513,-0.0003491484046435513,301238667.0,301238667.0,https://www.sedar.com/ModifyCompanyDocumentSearchForm.do?lang=EN&company_search=VIVO CANNABIS INC&document_selection=0&industry_group=A&FromDate=13&FromMonth=05&FromYear=2000&ToDate=13&ToMonth=11&ToYear=2020&Variable=Issuer,https://www.sedar.com/ModifyCompanyDocumentSearchForm.do?lang=EN&company_search=VIVO CANNABIS INC&document_selection=0&industry_group=A&FromDate=13&FromMonth=05&FromYear=2000&ToDate=13&ToMonth=11&ToYear=2020&Variable=Issuer,1620599540,18:32:20,20210509
21,2015-09-30,VIVO.TO,CAD,2015-09-30,2015-09-30,Q3,0.0,0.0,0.0,0.0,0.0,4436.0,0.0,0.0,4436.0,4436.0,0.0,0.0,-4436.0,0.0,-4436.0,0.0,0.0,-4436.0,0.0,0.0,-4436.0,0.0,-0.01,-0.01,412500.0,412500.0,https://www.sedar.com/ModifyCompanyDocumentSearchForm.do?lang=EN&company_search=VIVO CANNABIS INC&document_selection=0&industry_group=A&FromDate=13&FromMonth=05&FromYear=2000&ToDate=13&ToMonth=11&ToYear=2020&Variable=Issuer,https://www.sedar.com/ModifyCompanyDocumentSearchForm.do?lang=EN&company_search=VIVO CANNABIS INC&document_selection=0&industry_group=A&FromDate=13&FromMonth=05&FromYear=2000&ToDate=13&ToMonth=11&ToYear=2020&Variable=Issuer,1620599540,18:32:20,20210509
22,2015-06-30,VIVO.TO,CAD,2015-06-30,2015-06-30,Q2,0.0,0.0,0.0,0.0,0.0,5271.0,0.0,0.0,5271.0,5271.0,0.0,0.0,-5271.0,0.0,-5271.0,0.0,0.0,-5271.0,0.0,0.0,-5271.0,0.0,-0.012778,-0.012778,412500.0,412500.0,https://www.sedar.com/ModifyCompanyDocumentSearchForm.do?lang=EN&company_search=VIVO CANNABIS INC&document_selection=0&industry_group=A&FromDate=13&FromMonth=05&FromYear=2000&ToDate=13&ToMonth=11&ToYear=2020&Variable=Issuer,https://www.sedar.com/ModifyCompanyDocumentSearchForm.do?lang=EN&company_search=VIVO CANNABIS INC&document_selection=0&industry_group=A&FromDate=13&FromMonth=05&FromYear=2000&ToDate=13&ToMonth=11&ToYear=2020&Variable=Issuer,1620599540,18:32:20,20210509
23,2015-03-31,VIVO.TO,CAD,2015-03-31,2015-03-31,Q1,0.0,0.0,0.0,0.0,0.0,3042.0,0.0,0.0,3042.0,3042.0,0.0,0.0,-3042.0,0.0,-3042.0,0.0,0.0,-3042.0,0.0,0.0,-3042.0,0.0,-0.007375,-0.007375,412500.0,412500.0,https://www.sedar.com/ModifyCompanyDocumentSearchForm.do?lang=EN&company_search=VIVO CANNABIS INC&document_selection=0&industry_group=A&FromDate=13&FromMonth=05&FromYear=2000&ToDate=13&ToMonth=11&ToYear=2020&Variable=Issuer,https://www.sedar.com/ModifyCompanyDocumentSearchForm.do?lang=EN&company_search=VIVO CANNABIS INC&document_selection=0&industry_group=A&FromDate=13&FromMonth=05&FromYear=2000&ToDate=13&ToMonth=11&ToYear=2020&Variable=Issuer,1620599540,18:32:20,20210509
24,2014-12-31,VIVO.TO,CAD,2014-12-31,2014-12-31,Q4,0.0,0.0,0.0,0.0,0.0,4844.0,0.0,0.0,4844.0,4844.0,0.0,0.0,-4844.0,0.0,-4844.0,0.0,0.0,-4844.0,0.0,0.0,-4844.0,0.0,-1.6080272988327888e-05,-1.6080272988327888e-05,301238667.0,301238667.0,https://www.sedar.com/ModifyCompanyDocumentSearchForm.do?lang=EN&company_search=VIVO CANNABIS INC&document_selection=0&industry_group=A&FromDate=13&FromMonth=05&FromYear=2000&ToDate=13&ToMonth=11&ToYear=2020&Variable=Issuer,https://www.sedar.com/ModifyCompanyDocumentSearchForm.do?lang=EN&company_search=VIVO CANNABIS INC&document_selection=0&industry_group=A&FromDate=13&FromMonth=05&FromYear=2000&ToDate=13&ToMonth=11&ToYear=2020&Variable=Issuer,1620599540,18:32:20,20210509
25,2014-09-30,VIVO.TO,CAD,2014-09-30,2014-09-30,Q3,0.0,0.0,0.0,0.0,0.0,9226.0,0.0,0.0,9226.0,9226.0,0.0,0.0,-9226.0,0.0,-9226.0,0.0,0.0,-9226.0,0.0,0.0,-9226.0,0.0,-0.022366,-0.022366,412500.0,412500.0,https://www.sedar.com/ModifyCompanyDocumentSearchForm.do?lang=EN&company_search=VIVO CANNABIS INC&document_selection=0&industry_group=A&FromDate=13&FromMonth=05&FromYear=2000&ToDate=13&ToMonth=11&ToYear=2020&Variable=Issuer,https://www.sedar.com/ModifyCompanyDocumentSearchForm.do?lang=EN&company_search=VIVO CANNABIS INC&document_selection=0&industry_group=A&FromDate=13&FromMonth=05&FromYear=2000&ToDate=13&ToMonth=11&ToYear=2020&Variable=Issuer,1620599540,18:32:20,20210509
26,2014-06-30,VIVO.TO,CAD,2014-06-30,2014-06-30,Q2,0.0,0.0,0.0,0.0,0.0,7154.0,0.0,0.0,7154.0,7154.0,0.0,0.0,-7154.0,0.0,-7154.0,0.0,0.0,-7154.0,0.0,0.0,-7154.0,0.0,-0.017343,-0.017343,412500.0,412500.0,https://www.sedar.com/ModifyCompanyDocumentSearchForm.do?lang=EN&company_search=VIVO CANNABIS INC&document_selection=0&industry_group=A&FromDate=13&FromMonth=05&FromYear=2000&ToDate=13&ToMonth=11&ToYear=2020&Variable=Issuer,https://www.sedar.com/ModifyCompanyDocumentSearchForm.do?lang=EN&company_search=VIVO CANNABIS INC&document_selection=0&industry_group=A&FromDate=13&FromMonth=05&FromYear=2000&ToDate=13&ToMonth=11&ToYear=2020&Variable=Issuer,1620599540,18:32:20,20210509
27,2014-03-31,VIVO.TO,CAD,2014-03-31,2014-03-31,Q1,0.0,0.0,0.0,0.0,0.0,14406.0,0.0,0.0,14406.0,14406.0,0.0,0.0,-14406.0,0.0,-14406.0,0.0,0.0,-14406.0,0.0,0.0,-14406.0,0.0,-0.034924,-0.034924,412500.0,412500.0,https://www.sedar.com/ModifyCompanyDocumentSearchForm.do?lang=EN&company_search=VIVO CANNABIS INC&document_selection=0&industry_group=A&FromDate=13&FromMonth=05&FromYear=2000&ToDate=13&ToMonth=11&ToYear=2020&Variable=Issuer,https://www.sedar.com/ModifyCompanyDocumentSearchForm.do?lang=EN&company_search=VIVO CANNABIS INC&document_selection=0&industry_group=A&FromDate=13&FromMonth=05&FromYear=2000&ToDate=13&ToMonth=11&ToYear=2020&Variable=Issuer,1620599540,18:32:20,20210509
28,2013-12-31,VIVO.TO,CAD,2013-12-31,2013-12-31,Q4,0.0,0.0,0.0,0.0,0.0,7408.0,0.0,0.0,7408.0,7408.0,0.0,0.0,-7408.0,0.0,-7408.0,0.0,0.0,-7407.0,0.0,0.0,-7407.0,0.0,-2.4588476883679744e-05,-2.4588476883679744e-05,301238667.0,301238667.0,https://www.sedar.com/ModifyCompanyDocumentSearchForm.do?lang=EN&company_search=VIVO CANNABIS INC&document_selection=0&industry_group=A&FromDate=13&FromMonth=05&FromYear=2000&ToDate=13&ToMonth=11&ToYear=2020&Variable=Issuer,https://www.sedar.com/ModifyCompanyDocumentSearchForm.do?lang=EN&company_search=VIVO CANNABIS INC&document_selection=0&industry_group=A&FromDate=13&FromMonth=05&FromYear=2000&ToDate=13&ToMonth=11&ToYear=2020&Variable=Issuer,1620599540,18:32:20,20210509
29,2013-09-30,VIVO.TO,CAD,2013-09-30,2013-09-30,Q3,0.0,0.0,0.0,0.0,0.0,11554.0,0.0,0.0,11554.0,11554.0,0.0,0.0,-11554.0,0.0,-11554.0,0.0,0.0,-11554.0,0.0,0.0,-11554.0,0.0,-0.02801,-0.02801,412500.0,412500.0,https://www.sedar.com/ModifyCompanyDocumentSearchForm.do?lang=EN&company_search=VIVO CANNABIS INC&document_selection=0&industry_group=A&FromDate=13&FromMonth=05&FromYear=2000&ToDate=13&ToMonth=11&ToYear=2020&Variable=Issuer,https://www.sedar.com/ModifyCompanyDocumentSearchForm.do?lang=EN&company_search=VIVO CANNABIS INC&document_selection=0&industry_group=A&FromDate=13&FromMonth=05&FromYear=2000&ToDate=13&ToMonth=11&ToYear=2020&Variable=Issuer,1620599540,18:32:20,20210509
30,2013-06-30,VIVO.TO,CAD,2013-06-30,2013-06-30,Q2,0.0,0.0,0.0,0.0,0.0,32663.0,0.0,0.0,32663.0,32663.0,0.0,0.0,-32663.0,0.0,-32663.0,0.0,1.0,-32522.0,0.0,0.0,-32522.0,0.0,-0.08,-0.08,412500.0,412500.0,https://www.sedar.com/ModifyCompanyDocumentSearchForm.do?lang=EN&company_search=VIVO CANNABIS INC&document_selection=0&industry_group=A&FromDate=13&FromMonth=05&FromYear=2000&ToDate=13&ToMonth=11&ToYear=2020&Variable=Issuer,https://www.sedar.com/ModifyCompanyDocumentSearchForm.do?lang=EN&company_search=VIVO CANNABIS INC&document_selection=0&industry_group=A&FromDate=13&FromMonth=05&FromYear=2000&ToDate=13&ToMonth=11&ToYear=2020&Variable=Issuer,1620599540,18:32:20,20210509
31,2013-03-31,VIVO.TO,CAD,2013-03-31,2013-03-31,Q1,0.0,0.0,0.0,0.0,0.0,21663.0,0.0,0.0,21663.0,21663.0,0.0,0.0,-21663.0,0.0,-21663.0,0.0,0.0,-21663.0,0.0,0.0,-21663.0,0.0,-0.08,-0.08,412500.0,412500.0,https://www.sedar.com/ModifyCompanyDocumentSearchForm.do?lang=EN&company_search=VIVO CANNABIS INC&document_selection=0&industry_group=A&FromDate=13&FromMonth=05&FromYear=2000&ToDate=13&ToMonth=11&ToYear=2020&Variable=Issuer,https://www.sedar.com/ModifyCompanyDocumentSearchForm.do?lang=EN&company_search=VIVO CANNABIS INC&document_selection=0&industry_group=A&FromDate=13&FromMonth=05&FromYear=2000&ToDate=13&ToMonth=11&ToYear=2020&Variable=Issuer,1620599540,18:32:20,20210509
32,2012-12-31,VIVO.TO,CAD,2012-12-31,2012-12-31,Q4,0.0,0.0,0.0,0.0,0.0,44824.0,0.0,0.0,44824.0,44824.0,0.0,0.0,-44824.0,0.0,-44824.0,0.0,0.0,-12459.0,0.0,0.0,-12459.0,0.0,-4.135923227943377e-05,-4.135923227943377e-05,301238667.0,301238667.0,https://www.sedar.com/ModifyCompanyDocumentSearchForm.do?lang=EN&company_search=VIVO CANNABIS INC&document_selection=0&industry_group=A&FromDate=13&FromMonth=05&FromYear=2000&ToDate=13&ToMonth=11&ToYear=2020&Variable=Issuer,https://www.sedar.com/ModifyCompanyDocumentSearchForm.do?lang=EN&company_search=VIVO CANNABIS INC&document_selection=0&industry_group=A&FromDate=13&FromMonth=05&FromYear=2000&ToDate=13&ToMonth=11&ToYear=2020&Variable=Issuer,1620599540,18:32:20,20210509
33,2012-09-30,VIVO.TO,CAD,2012-09-30,2012-09-30,Q3,0.0,0.0,0.0,0.0,0.0,24.0,0.0,0.0,24.0,24.0,0.0,0.0,-395.0,0.0,-24.0,0.0,371.0,455.0,0.0,0.0,455.0,0.0,0.001103030303030303,0.001103030303030303,412500.0,412500.0,https://www.sedar.com/ModifyCompanyDocumentSearchForm.do?lang=EN&company_search=VIVO CANNABIS INC&document_selection=0&industry_group=A&FromDate=13&FromMonth=05&FromYear=2000&ToDate=13&ToMonth=11&ToYear=2020&Variable=Issuer,https://www.sedar.com/ModifyCompanyDocumentSearchForm.do?lang=EN&company_search=VIVO CANNABIS INC&document_selection=0&industry_group=A&FromDate=13&FromMonth=05&FromYear=2000&ToDate=13&ToMonth=11&ToYear=2020&Variable=Issuer,1620599540,18:32:20,20210509
34,2012-06-30,VIVO.TO,CAD,2012-06-30,2012-06-30,Q2,136.0,0.0,136.0,1.0,0.0,28081.0,0.0,0.0,28081.0,28081.0,0.0,0.0,-27945.0,-205.47794117647058,-27945.0,-205.47794117647058,0.0,0.0,0.0,0.0,-27945.0,-205.47794117647058,-0.08,-0.08,412500.0,412500.0,https://www.sedar.com/ModifyCompanyDocumentSearchForm.do?lang=EN&company_search=VIVO CANNABIS INC&document_selection=0&industry_group=A&FromDate=13&FromMonth=05&FromYear=2000&ToDate=13&ToMonth=11&ToYear=2020&Variable=Issuer,https://www.sedar.com/ModifyCompanyDocumentSearchForm.do?lang=EN&company_search=VIVO CANNABIS INC&document_selection=0&industry_group=A&FromDate=13&FromMonth=05&FromYear=2000&ToDate=13&ToMonth=11&ToYear=2020&Variable=Issuer,1620599540,18:32:20,20210509
35,2012-03-31,VIVO.TO,CAD,2012-03-31,2012-03-31,Q1,0.0,0.0,0.0,0.0,0.0,4357.0,0.0,0.0,4357.0,4357.0,0.0,0.0,-4357.0,0.0,-4357.0,0.0,0.0,0.0,0.0,0.0,-4357.0,0.0,-0.010562424242424243,-0.010562424242424243,412500.0,412500.0,https://www.sedar.com/ModifyCompanyDocumentSearchForm.do?lang=EN&company_search=VIVO CANNABIS INC&document_selection=0&industry_group=A&FromDate=13&FromMonth=05&FromYear=2000&ToDate=13&ToMonth=11&ToYear=2020&Variable=Issuer,https://www.sedar.com/ModifyCompanyDocumentSearchForm.do?lang=EN&company_search=VIVO CANNABIS INC&document_selection=0&industry_group=A&FromDate=13&FromMonth=05&FromYear=2000&ToDate=13&ToMonth=11&ToYear=2020&Variable=Issuer,1620599540,18:32:20,20210509
36,2011-12-31,VIVO.TO,CAD,2011-12-31,2011-12-31,Q4,-186.0,0.0,-186.0,1.0,0.0,0.0,0.0,0.0,50602.0,50602.0,0.0,0.0,-50788.0,273.0537634408602,-50788.0,273.0537634408602,0.0,0.0,0.0,0.0,-49847.0,267.994623655914,-0.00016547344501428166,-0.00016547344501428166,301238667.0,301238667.0,https://www.sedar.com/ModifyCompanyDocumentSearchForm.do?lang=EN&company_search=VIVO CANNABIS INC&document_selection=0&industry_group=A&FromDate=13&FromMonth=05&FromYear=2000&ToDate=13&ToMonth=11&ToYear=2020&Variable=Issuer,https://www.sedar.com/ModifyCompanyDocumentSearchForm.do?lang=EN&company_search=VIVO CANNABIS INC&document_selection=0&industry_group=A&FromDate=13&FromMonth=05&FromYear=2000&ToDate=13&ToMonth=11&ToYear=2020&Variable=Issuer,1620599540,18:32:20,20210509
37,2011-09-30,VIVO.TO,CAD,2011-09-30,2011-09-30,Q3,186.0,0.0,186.0,1.0,0.0,17796.0,0.0,0.0,17796.0,17796.0,0.0,0.0,-17610.0,-94.6774193548387,-17610.0,-94.6774193548387,0.0,0.0,0.0,0.0,-17610.0,-94.6774193548387,-0.08,-0.08,412500.0,412500.0,https://www.sedar.com/ModifyCompanyDocumentSearchForm.do?lang=EN&company_search=VIVO CANNABIS INC&document_selection=0&industry_group=A&FromDate=13&FromMonth=05&FromYear=2000&ToDate=13&ToMonth=11&ToYear=2020&Variable=Issuer,https://www.sedar.com/ModifyCompanyDocumentSearchForm.do?lang=EN&company_search=VIVO CANNABIS INC&document_selection=0&industry_group=A&FromDate=13&FromMonth=05&FromYear=2000&ToDate=13&ToMonth=11&ToYear=2020&Variable=Issuer,1620599540,18:32:20,20210509
38,2011-06-30,VIVO.TO,CAD,2011-06-30,2011-06-30,Q2,0.0,0.0,0.0,0.0,0.0,16445.0,0.0,0.0,16445.0,16445.0,0.0,0.0,-16445.0,0.0,-16445.0,0.0,0.0,0.0,0.0,0.0,-16445.0,0.0,-0.03986666666666667,-0.03986666666666667,412500.0,412500.0,https://www.sedar.com/ModifyCompanyDocumentSearchForm.do?lang=EN&company_search=VIVO CANNABIS INC&document_selection=0&industry_group=A&FromDate=13&FromMonth=05&FromYear=2000&ToDate=13&ToMonth=11&ToYear=2020&Variable=Issuer,https://www.sedar.com/ModifyCompanyDocumentSearchForm.do?lang=EN&company_search=VIVO CANNABIS INC&document_selection=0&industry_group=A&FromDate=13&FromMonth=05&FromYear=2000&ToDate=13&ToMonth=11&ToYear=2020&Variable=Issuer,1620599540,18:32:20,20210509
39,2011-03-31,VIVO.TO,CAD,2011-03-31,2011-03-31,Q1,0.0,0.0,0.0,0.0,0.0,8012.0,0.0,0.0,8012.0,8012.0,0.0,0.0,-8012.0,0.0,-8012.0,0.0,0.0,0.0,0.0,0.0,-8012.0,0.0,-0.019423030303030303,-0.019423030303030303,412500.0,412500.0,https://www.sedar.com/ModifyCompanyDocumentSearchForm.do?lang=EN&company_search=VIVO CANNABIS INC&document_selection=0&industry_group=A&FromDate=13&FromMonth=05&FromYear=2000&ToDate=13&ToMonth=11&ToYear=2020&Variable=Issuer,https://www.sedar.com/ModifyCompanyDocumentSearchForm.do?lang=EN&company_search=VIVO CANNABIS INC&document_selection=0&industry_group=A&FromDate=13&FromMonth=05&FromYear=2000&ToDate=13&ToMonth=11&ToYear=2020&Variable=Issuer,1620599540,18:32:20,20210509
40,2010-12-31,VIVO.TO,CAD,2010-12-31,2010-12-31,Q4,270.0,0.0,270.0,1.0,0.0,11325.0,0.0,0.0,11325.0,11325.0,0.0,0.0,-11055.0,-40.94444444444444,-11055.0,-40.94444444444444,0.0,0.0,0.0,0.0,-11054.0,-40.94074074074074,-3.669515640234857e-05,-3.669515640234857e-05,301238667.0,301238667.0,https://www.sedar.com/ModifyCompanyDocumentSearchForm.do?lang=EN&company_search=VIVO CANNABIS INC&document_selection=0&industry_group=A&FromDate=13&FromMonth=05&FromYear=2000&ToDate=13&ToMonth=11&ToYear=2020&Variable=Issuer,https://www.sedar.com/ModifyCompanyDocumentSearchForm.do?lang=EN&company_search=VIVO CANNABIS INC&document_selection=0&industry_group=A&FromDate=13&FromMonth=05&FromYear=2000&ToDate=13&ToMonth=11&ToYear=2020&Variable=Issuer,1620599540,18:32:20,20210509
41,2010-09-30,VIVO.TO,CAD,2010-09-30,2010-09-30,Q3,1312.0,0.0,1312.0,1.0,0.0,18170.0,0.0,0.0,18170.0,18170.0,0.0,0.0,-16858.0,-12.849085365853659,-16858.0,-12.849085365853659,0.0,0.0,0.0,0.0,-16858.0,-12.849085365853659,-0.08,-0.08,412500.0,412500.0,https://www.sedar.com/ModifyCompanyDocumentSearchForm.do?lang=EN&company_search=VIVO CANNABIS INC&document_selection=0&industry_group=A&FromDate=13&FromMonth=05&FromYear=2000&ToDate=13&ToMonth=11&ToYear=2020&Variable=Issuer,https://www.sedar.com/ModifyCompanyDocumentSearchForm.do?lang=EN&company_search=VIVO CANNABIS INC&document_selection=0&industry_group=A&FromDate=13&FromMonth=05&FromYear=2000&ToDate=13&ToMonth=11&ToYear=2020&Variable=Issuer,1620599540,18:32:20,20210509
42,2010-06-30,VIVO.TO,CAD,2010-06-30,2010-06-30,Q2,0.0,0.0,0.0,0.0,0.0,11855.0,0.0,0.0,11855.0,11855.0,0.0,0.0,-11855.0,0.0,-11855.0,0.0,0.0,0.0,0.0,0.0,-11855.0,0.0,-0.02313170731707317,-0.02313170731707317,512500.0,512500.0,https://www.sedar.com/ModifyCompanyDocumentSearchForm.do?lang=EN&company_search=VIVO CANNABIS INC&document_selection=0&industry_group=A&FromDate=13&FromMonth=05&FromYear=2000&ToDate=13&ToMonth=11&ToYear=2020&Variable=Issuer,https://www.sedar.com/ModifyCompanyDocumentSearchForm.do?lang=EN&company_search=VIVO CANNABIS INC&document_selection=0&industry_group=A&FromDate=13&FromMonth=05&FromYear=2000&ToDate=13&ToMonth=11&ToYear=2020&Variable=Issuer,1620599540,18:32:20,20210509
43,2010-03-31,VIVO.TO,CAD,2010-03-31,2010-03-31,Q1,0.0,0.0,0.0,0.0,0.0,15972.0,0.0,0.0,15972.0,15972.0,0.0,0.0,-15972.0,0.0,-15972.0,0.0,0.0,0.0,0.0,0.0,-15972.0,0.0,-0.031164878048780487,-0.031164878048780487,512500.0,512500.0,https://www.sedar.com/ModifyCompanyDocumentSearchForm.do?lang=EN&company_search=VIVO CANNABIS INC&document_selection=0&industry_group=A&FromDate=13&FromMonth=05&FromYear=2000&ToDate=13&ToMonth=11&ToYear=2020&Variable=Issuer,https://www.sedar.com/ModifyCompanyDocumentSearchForm.do?lang=EN&company_search=VIVO CANNABIS INC&document_selection=0&industry_group=A&FromDate=13&FromMonth=05&FromYear=2000&ToDate=13&ToMonth=11&ToYear=2020&Variable=Issuer,1620599540,18:32:20,20210509
44,2009-12-31,VIVO.TO,CAD,2009-12-31,2009-12-31,Q4,0.0,0.0,0.0,0.0,0.0,38580.0,0.0,0.0,38580.0,38580.0,0.0,0.0,-38580.0,0.0,-38580.0,0.0,0.0,0.0,0.0,0.0,-38580.0,0.0,-0.00012807120806971304,-0.00012807120806971304,301238667.0,301238667.0,https://www.sedar.com/ModifyCompanyDocumentSearchForm.do?lang=EN&company_search=VIVO CANNABIS INC&document_selection=0&industry_group=A&FromDate=13&FromMonth=05&FromYear=2000&ToDate=13&ToMonth=11&ToYear=2020&Variable=Issuer,https://www.sedar.com/ModifyCompanyDocumentSearchForm.do?lang=EN&company_search=VIVO CANNABIS INC&document_selection=0&industry_group=A&FromDate=13&FromMonth=05&FromYear=2000&ToDate=13&ToMonth=11&ToYear=2020&Variable=Issuer,1620599540,18:32:20,20210509
45,2009-09-30,VIVO.TO,CAD,2009-09-30,2009-09-30,Q3,26.0,0.0,26.0,1.0,0.0,13131.0,0.0,0.0,13131.0,13131.0,0.0,0.0,-13105.0,-504.03846153846155,-13105.0,-504.03846153846155,0.0,0.0,0.0,0.0,-13104.0,-504.0,-0.02556878048780488,-0.02556878048780488,512500.0,512500.0,https://www.sedar.com/ModifyCompanyDocumentSearchForm.do?lang=EN&company_search=VIVO CANNABIS INC&document_selection=0&industry_group=A&FromDate=13&FromMonth=05&FromYear=2000&ToDate=13&ToMonth=11&ToYear=2020&Variable=Issuer,https://www.sedar.com/ModifyCompanyDocumentSearchForm.do?lang=EN&company_search=VIVO CANNABIS INC&document_selection=0&industry_group=A&FromDate=13&FromMonth=05&FromYear=2000&ToDate=13&ToMonth=11&ToYear=2020&Variable=Issuer,1620599540,18:32:20,20210509
46,2009-06-30,VIVO.TO,CAD,2009-06-30,2009-06-30,Q2,1296.0,0.0,1296.0,1.0,0.0,19971.0,0.0,0.0,19971.0,19971.0,0.0,0.0,-18675.0,-14.409722222222221,-18675.0,-14.409722222222221,0.0,0.0,0.0,0.0,-18675.0,-14.409722222222221,-0.0364390243902439,-0.0364390243902439,512500.0,512500.0,https://www.sedar.com/ModifyCompanyDocumentSearchForm.do?lang=EN&company_search=VIVO CANNABIS INC&document_selection=0&industry_group=A&FromDate=13&FromMonth=05&FromYear=2000&ToDate=13&ToMonth=11&ToYear=2020&Variable=Issuer,https://www.sedar.com/ModifyCompanyDocumentSearchForm.do?lang=EN&company_search=VIVO CANNABIS INC&document_selection=0&industry_group=A&FromDate=13&FromMonth=05&FromYear=2000&ToDate=13&ToMonth=11&ToYear=2020&Variable=Issuer,1620599540,18:32:20,20210509
47,2009-03-31,VIVO.TO,CAD,2009-03-31,2009-03-31,Q1,178.0,0.0,178.0,1.0,0.0,14475.0,0.0,0.0,14475.0,14475.0,0.0,0.0,-14297.0,-80.32022471910112,-14297.0,-80.32022471910112,0.0,0.0,0.0,0.0,-14296.0,-80.31460674157303,-0.027894634146341465,-0.027894634146341465,512500.0,512500.0,https://www.sedar.com/ModifyCompanyDocumentSearchForm.do?lang=EN&company_search=VIVO CANNABIS INC&document_selection=0&industry_group=A&FromDate=13&FromMonth=05&FromYear=2000&ToDate=13&ToMonth=11&ToYear=2020&Variable=Issuer,https://www.sedar.com/ModifyCompanyDocumentSearchForm.do?lang=EN&company_search=VIVO CANNABIS INC&document_selection=0&industry_group=A&FromDate=13&FromMonth=05&FromYear=2000&ToDate=13&ToMonth=11&ToYear=2020&Variable=Issuer,1620599540,18:32:20,20210509
48,2008-12-31,VIVO.TO,CAD,2008-12-31,2008-12-31,Q4,9072.0,0.0,9072.0,1.0,0.0,0.0,0.0,0.0,22742.0,22742.0,0.0,0.0,-13670.0,-1.5068342151675485,-13670.0,-1.5068342151675485,0.0,0.0,0.0,0.0,-13670.0,-1.5068342151675485,-4.537930052651574e-05,-4.537930052651574e-05,301238667.0,301238667.0,https://www.sedar.com/ModifyCompanyDocumentSearchForm.do?lang=EN&company_search=VIVO CANNABIS INC&document_selection=0&industry_group=A&FromDate=13&FromMonth=05&FromYear=2000&ToDate=13&ToMonth=11&ToYear=2020&Variable=Issuer,https://www.sedar.com/ModifyCompanyDocumentSearchForm.do?lang=EN&company_search=VIVO CANNABIS INC&document_selection=0&industry_group=A&FromDate=13&FromMonth=05&FromYear=2000&ToDate=13&ToMonth=11&ToYear=2020&Variable=Issuer,1620599540,18:32:20,20210509
49,2008-09-30,VIVO.TO,CAD,2008-09-30,2008-09-30,Q3,193.0,0.0,193.0,1.0,0.0,0.0,0.0,0.0,49618.0,49618.0,0.0,0.0,-49425.0,-256.0880829015544,-49425.0,-256.0880829015544,0.0,0.0,0.0,0.0,-49425.0,-256.0880829015544,-0.08,-0.08,512500.0,512500.0,https://www.sedar.com/ModifyCompanyDocumentSearchForm.do?lang=EN&company_search=VIVO CANNABIS INC&document_selection=0&industry_group=A&FromDate=13&FromMonth=05&FromYear=2000&ToDate=13&ToMonth=11&ToYear=2020&Variable=Issuer,https://www.sedar.com/ModifyCompanyDocumentSearchForm.do?lang=EN&company_search=VIVO CANNABIS INC&document_selection=0&industry_group=A&FromDate=13&FromMonth=05&FromYear=2000&ToDate=13&ToMonth=11&ToYear=2020&Variable=Issuer,1620599540,18:32:20,20210509
50,2008-06-30,VIVO.TO,CAD,2008-06-30,2008-06-30,Q2,4808.0,0.0,4808.0,1.0,0.0,0.0,0.0,0.0,26906.0,26906.0,0.0,0.0,-22098.0,-4.596089850249584,-22098.0,-4.596089850249584,0.0,0.0,0.0,0.0,-22098.0,-4.596089850249584,-0.16,-0.16,512500.0,512500.0,https://www.sedar.com/ModifyCompanyDocumentSearchForm.do?lang=EN&company_search=VIVO CANNABIS INC&document_selection=0&industry_group=A&FromDate=13&FromMonth=05&FromYear=2000&ToDate=13&ToMonth=11&ToYear=2020&Variable=Issuer,https://www.sedar.com/ModifyCompanyDocumentSearchForm.do?lang=EN&company_search=VIVO CANNABIS INC&document_selection=0&industry_group=A&FromDate=13&FromMonth=05&FromYear=2000&ToDate=13&ToMonth=11&ToYear=2020&Variable=Issuer,1620599540,18:32:20,20210509
51,2008-03-31,VIVO.TO,CAD,2008-03-31,2008-03-31,Q1,0.0,0.0,0.0,0.0,0.0,0.0,0.0,0.0,12866.0,12866.0,0.0,0.0,-12866.0,0.0,-12866.0,0.0,0.0,0.0,0.0,0.0,-12866.0,0.0,-0.02510439024390244,-0.02510439024390244,512500.0,512500.0,https://www.sedar.com/ModifyCompanyDocumentSearchForm.do?lang=EN&company_search=VIVO CANNABIS INC&document_selection=0&industry_group=A&FromDate=13&FromMonth=05&FromYear=2000&ToDate=13&ToMonth=11&ToYear=2020&Variable=Issuer,https://www.sedar.com/ModifyCompanyDocumentSearchForm.do?lang=EN&company_search=VIVO CANNABIS INC&document_selection=0&industry_group=A&FromDate=13&FromMonth=05&FromYear=2000&ToDate=13&ToMonth=11&ToYear=2020&Variable=Issuer,1620599540,18:32:20,20210509
52,2007-12-31,VIVO.TO,CAD,2007-12-31,2007-12-31,Q4,0.0,0.0,0.0,0.0,0.0,0.0,0.0,0.0,-19251.0,-19251.0,0.0,0.0,18446.0,0.0,18446.0,0.0,0.0,0.0,0.0,0.0,18445.0,0.0,6.123051925468784e-05,6.123051925468784e-05,301238667.0,301238667.0,https://www.sedar.com/ModifyCompanyDocumentSearchForm.do?lang=EN&company_search=VIVO CANNABIS INC&document_selection=0&industry_group=A&FromDate=13&FromMonth=05&FromYear=2000&ToDate=13&ToMonth=11&ToYear=2020&Variable=Issuer,https://www.sedar.com/ModifyCompanyDocumentSearchForm.do?lang=EN&company_search=VIVO CANNABIS INC&document_selection=0&industry_group=A&FromDate=13&FromMonth=05&FromYear=2000&ToDate=13&ToMonth=11&ToYear=2020&Variable=Issuer,1620599540,18:32:20,20210509
53,2007-09-30,VIVO.TO,CAD,2007-09-30,2007-09-30,Q3,611.0,0.0,611.0,1.0,0.0,0.0,0.0,0.0,29153.0,29153.0,0.0,0.0,-28542.0,-46.713584288052374,-28542.0,-46.713584288052374,0.0,0.0,0.0,0.0,-28541.0,-46.711947626841244,-0.106523,-0.106523,267934.0,267934.0,https://www.sedar.com/ModifyCompanyDocumentSearchForm.do?lang=EN&company_search=VIVO CANNABIS INC&document_selection=0&industry_group=A&FromDate=13&FromMonth=05&FromYear=2000&ToDate=13&ToMonth=11&ToYear=2020&Variable=Issuer,https://www.sedar.com/ModifyCompanyDocumentSearchForm.do?lang=EN&company_search=VIVO CANNABIS INC&document_selection=0&industry_group=A&FromDate=13&FromMonth=05&FromYear=2000&ToDate=13&ToMonth=11&ToYear=2020&Variable=Issuer,1620599540,18:32:20,20210509
54,2007-06-30,VIVO.TO,CAD,2007-06-30,2007-06-30,Q2,97.0,0.0,97.0,1.0,0.0,0.0,0.0,0.0,10692.0,10692.0,0.0,0.0,-10595.0,-109.22680412371135,-10595.0,-109.22680412371135,0.0,0.0,0.0,0.0,-10595.0,-109.22680412371135,-0.04,-0.04,262500.0,262500.0,https://www.sedar.com/ModifyCompanyDocumentSearchForm.do?lang=EN&company_search=VIVO CANNABIS INC&document_selection=0&industry_group=A&FromDate=13&FromMonth=05&FromYear=2000&ToDate=13&ToMonth=11&ToYear=2020&Variable=Issuer,https://www.sedar.com/ModifyCompanyDocumentSearchForm.do?lang=EN&company_search=VIVO CANNABIS INC&document_selection=0&industry_group=A&FromDate=13&FromMonth=05&FromYear=2000&ToDate=13&ToMonth=11&ToYear=2020&Variable=Issuer,1620599540,18:32:20,20210509
