,date,symbol,reportedCurrency,fillingDate,acceptedDate,period,revenue,costOfRevenue,grossProfit,grossProfitRatio,researchAndDevelopmentExpenses,generalAndAdministrativeExpenses,sellingAndMarketingExpenses,otherExpenses,operatingExpenses,costAndExpenses,interestExpense,depreciationAndAmortization,ebitda,ebitdaratio,operatingIncome,operatingIncomeRatio,totalOtherIncomeExpensesNet,incomeBeforeTax,incomeBeforeTaxRatio,incomeTaxExpense,netIncome,netIncomeRatio,eps,epsdiluted,weightedAverageShsOut,weightedAverageShsOutDil,link,finalLink,timestamp,est_time,est_date
0,2021-01-31,AMSWA,USD,2021-03-05,2021-03-05 13:22:36,Q3,27683000.0,12422000.0,15261000.0,0.5512769569772062,4242000.0,5002000.0,5029000.0,1342000.0,14326000.0,26748000.0,0.0,1247000.0,2182000.0,0.07882093703717083,935000.0,0.033775241122710686,1342000.0,2367000.0,0.08550373875663765,56000.0,2311000.0,0.08348083661452878,0.07,0.07,32628000,33293000,https://www.sec.gov/Archives/edgar/data/713425/000162828021004014/0001628280-21-004014-index.htm,https://www.sec.gov/Archives/edgar/data/713425/000162828021004014/amswa-20210131.htm,1620587931,15:18:51,20210509
1,2020-10-31,AMSWA,USD,2020-12-04,2020-12-04 15:46:14,Q2,27881000.0,13064000.0,14817000.0,0.5314371794411965,4337000.0,4367000.0,5429000.0,53000.0,14186000.0,27250000.0,0.0,3194000.0,3825000.0,0.1371902012122951,631000.0,0.022631899860119795,0.0,589000.0,0.021125497650729887,-103000.0,692000.0,0.02481976973566228,0.021012996477590185,0.021012996477590185,32932000,32932000,https://www.sec.gov/Archives/edgar/data/713425/000162828020017098/0001628280-20-017098-index.htm,https://www.sec.gov/Archives/edgar/data/713425/000162828020017098/amswa-20201031.htm,1620587931,15:18:51,20210509
2,2020-07-31,AMSWA,USD,2020-09-04 00:00:00,2020-09-04 12:53:15,Q1,27278000.0,13037000.0,14241000.0,0.5220690666471149,4095000.0,4464000.0,4744000.0,53000.0,13356000.0,26393000.0,1332000.0,1680000.0,2565000.0,0.09403182051470049,885000.0,0.03244372754600777,1206000.0,2217000.0,0.08127428697118558,183000.0,2034000.0,0.07456558398709583,0.06176,0.06176,32932000,32932000,https://www.sec.gov/Archives/edgar/data/713425/000162828020013323/0001628280-20-013323-index.htm,https://www.sec.gov/Archives/edgar/data/713425/000162828020013323/amswa-20200731.htm,1620587931,15:18:51,20210509
3,2020-04-30,AMSWA,USD,2020-07-10,2020-07-10 17:20:47,Q4,29273000.0,13365000.0,15908000.0,0.5434359307211424,3958000.0,4596000.0,5712000.0,53000.0,14319000.0,27684000.0,290000.0,1793000.0,3382000.0,0.11553308509548048,1589000.0,0.054282102961773646,-1755000.0,124000.0,0.004235985379018208,-421000.0,545000.0,0.018617838964233253,0.01667,0.01667,32688000,32688000,https://www.sec.gov/Archives/edgar/data/713425/000162828020010300/0001628280-20-010300-index.htm,https://www.sec.gov/Archives/edgar/data/713425/000162828020010300/amswa-20200430x10k.htm,1620587931,15:18:51,20210509
4,2020-01-31,AMSWA,USD,2020-03-06 00:00:00,2020-03-06 12:35:07,Q3,30600000.0,13158000.0,17442000.0,0.57,3853000.0,5194000.0,5519000.0,57000.0,14623000.0,27781000.0,360000.0,1881999.9999999998,4701000.0,0.15362745098039216,2819000.0,0.09212418300653595,618000.0,3797000.0,0.12408496732026143,511000.0,3286000.0,0.10738562091503268,0.10059,0.10059,32668000,32668000,https://www.sec.gov/Archives/edgar/data/713425/000162828020003129/0001628280-20-003129-index.html,https://www.sec.gov/Archives/edgar/data/713425/000162828020003129/amswa-20200131x10q.htm,1620587931,15:18:51,20210509
5,2019-10-31,AMSWA,USD,2019-12-06 00:00:00,2019-12-06 14:41:26,Q2,28210000.0,13024000.0,15186000.0,0.5383197447713577,4209000.0,4908000.0,5148000.0,78000.0,14343000.000000002,27367000.000000004,400000.0,2183000.0,3026000.0,0.10726692662176533,843000.0,0.029883020205600852,312000.0,1555000.0,0.05512229705778093,-204000.0,1759000.0,0.062353775257001066,0.05444,0.05444,32310000,32310000,https://www.sec.gov/Archives/edgar/data/713425/000162828019014808/0001628280-19-014808-index.html,https://www.sec.gov/Archives/edgar/data/713425/000162828019014808/amswa-20191031x10q.htm,1620587931,15:18:51,20210509
6,2019-07-31,AMSWA,USD,2019-09-06,2019-09-06 13:19:58,Q1,27383000.0,12761000.0,14622000.0,0.533980937077749,3328000.0,4821000.0,5579000.0,97000.0,13825000.0,26586000.0,475000.0,2245000.0,3042000.0,0.11109082277325348,797000.0,0.029105649490559837,50000.0,1322000.0,0.048278128766022714,170000.0,1152000.0,0.04206989738158712,0.03606,0.03606,31951000,31951000,https://www.sec.gov/Archives/edgar/data/713425/000162828019008742/amswa-20190430x10k.htm,https://www.sec.gov/Archives/edgar/data/713425/000162828019008742/amswa-20190430x10k.htm,1620587931,15:18:51,20210509
7,2019-04-30,AMSWA,USD,2019-07-15 00:00:00,2019-07-12 17:44:17,Q4,26271000.0,11989000.0,14282000.0,0.5436412774542271,3260000.0,4103000.0,5809000.0,97000.0,13268999.999999998,25257999.999999996,541000.0,2048000.0,3061000.0,0.11651631076091508,1013000.0,0.03855962848768604,734000.0,2288000.0,0.08709223097712307,414000.0,1874000.0,0.07133340946290587,0.05957,0.05957,31459000,31459000,https://www.sec.gov/Archives/edgar/data/713425/000162828019008742/0001628280-19-008742-index.html,https://www.sec.gov/Archives/edgar/data/713425/000162828019008742/amswa-20190430x10k.htm,1620587931,15:18:51,20210509
8,2019-01-31,AMSWA,USD,2019-03-07 00:00:00,2019-03-07 14:29:44,Q3,27003000.0,12964000.0,14039000.0,0.5199051957189942,2811000.0,4302000.0,4699000.0,97000.0,11909000.0,24873000.0,523000.0,1960000.0000000005,4090000.0000000005,0.15146465207569532,2130000.0,0.07888012443061881,4000.0,2657000.0,0.09839647446580009,356000.0,2301000.0,0.08521275413842906,0.07379,0.07379,31183000,31183000,https://www.sec.gov/Archives/edgar/data/713425/000162828019002599/0001628280-19-002599-index.html,https://www.sec.gov/Archives/edgar/data/713425/000162828019002599/amswa-20190131x10q.htm,1620587931,15:18:51,20210509
9,2018-10-31,AMSWA,USD,2018-12-07 00:00:00,2018-12-07 16:51:08,Q2,28033000.0,13366000.0,14667000.0,0.5232047943495166,3332000.0,4408000.0,5304000.0,97000.0,13141000.000000002,26507000.000000004,524000.0,1910999.9999999998,3437000.0,0.1226055006599365,1526000.0,0.05443584347019584,-714000.0,1336000.0,0.0476581172189919,93000.0,1243000.0,0.04434059858024471,0.03949,0.03949,31477000,31477000,https://www.sec.gov/Archives/edgar/data/713425/000119312518344996/0001193125-18-344996-index.html,https://www.sec.gov/Archives/edgar/data/713425/000119312518344996/d645446d10q.htm,1620587931,15:18:51,20210509
10,2018-07-31,AMSWA,USD,2018-09-10 00:00:00,2018-09-07 18:12:02,Q1,27400000.0,13650000.0,13750000.0,0.5018248175182481,3680000.0,4193000.0,5180000.0,97000.0,13145000.0,26790000.0,500000.0,1800000.0,2410000.0,0.08795620437956204,610000.0,0.02226277372262774,250000.0,1360000.0,0.049635036496350364,-30000.0,1390000.0,0.05072992700729927,0.04435,0.04435,31340000,31340000,https://www.sec.gov/Archives/edgar/data/713425/000119312518269319/0001193125-18-269319-index.html,https://www.sec.gov/Archives/edgar/data/713425/000119312518269319/d613928d10q.htm,1620587931,15:18:51,20210509
11,2018-04-30,AMSWA,USD,2018-07-13 00:00:00,2018-07-13 12:35:18,Q4,29360000.0,12940000.0,16430000.0,0.5596049046321526,3630000.0,4639000.0,5603000.0,94000.0,13963000.0,26900000.0,1760000.0,1720000.0000000007,4180000.000000001,0.1423705722070845,2460000.0,0.0837874659400545,-16220000.0,1800000.0,0.06130790190735695,640000.0,1270000.0,0.043256130790190736,0.0383,0.0383,33160000,33160000,https://www.sec.gov/Archives/edgar/data/713425/000119312518217611/0001193125-18-217611-index.html,https://www.sec.gov/Archives/edgar/data/713425/000119312518217611/d580667d10k.htm,1620587931,15:18:51,20210509
12,2018-01-31,AMSWA,USD,2018-03-09 00:00:00,2018-03-09 09:36:37,Q3,30120000.0,13070000.0,17050000.0,0.5660690571049137,3100000.0,4263000.0,5385000.0,95000.0,12842000.0,25910000.0,400000.0,1599999.9999999995,5800000.0,0.19256308100929614,4200000.0,0.1394422310756972,1170000.0,5780000.0,0.19189907038512616,1300000.0,5580000.0,0.1852589641434263,0.18176,0.18176,30700000,30700000,https://www.sec.gov/Archives/edgar/data/713425/000119312518076290/0001193125-18-076290-index.html,https://www.sec.gov/Archives/edgar/data/713425/000119312518076290/d516507d10q.htm,1620587931,15:18:51,20210509
13,2017-10-31,AMSWA,USD,2017-12-08 00:00:00,2017-12-08 09:10:46,Q2,26340000.0,12330000.0,14010000.0,0.5318906605922551,2640000.0,3616000.0,4437000.0,43000.0,10764000.0,23100000.0,350000.0,1320000.0,4560000.0,0.17312072892938496,3240000.0,0.12300683371298406,320000.0,3920000.0,0.14882308276385725,1440000.0,2480000.0,0.09415337889141989,0.08204,0.08204,30230000,30230000,https://www.sec.gov/Archives/edgar/data/713425/000119312517364464/0001193125-17-364464-index.html,https://www.sec.gov/Archives/edgar/data/713425/000119312517364464/d413390d10q.htm,1620587931,15:18:51,20210509
14,2017-07-31,AMSWA,USD,2017-09-08 00:00:00,2017-09-08 14:55:47,Q1,26890000.0,11660000.0,15230000.0,0.5663815544812197,2510000.0,3515000.0,5233000.0,348000.0,11603000.0,23260000.0,360000.0,1390000.0,5010000.0,0.18631461509854966,3620000.0,0.13462253625883228,240000.0,4220000.0,0.1569356638155448,1500000.0,2730000.0,0.10152473038304202,0.09103,0.09103,29990000,29990000,https://www.sec.gov/Archives/edgar/data/713425/000119312517280439/0001193125-17-280439-index.html,https://www.sec.gov/Archives/edgar/data/713425/000119312517280439/d437680d10q.htm,1620587931,15:18:51,20210509
15,2017-04-30,AMSWA,USD,2017-07-14 00:00:00,2017-07-14 15:54:10,Q4,26270000.0,11930000.0,14340000.0,0.5458698134754473,2550000.0,3518000.0,4980000.0,339000.0,11383000.0,23310000.0,1680000.0,1590000.0,4550000.0,0.17320137038446898,2960000.0,0.11267605633802817,-1150000.0,15290000.0,0.5820327369623144,5010000.0,10280000.0,0.39132089836315187,0.31787,0.31787,32340000,32340000,https://www.sec.gov/Archives/edgar/data/713425/000119312517228535/0001193125-17-228535-index.html,https://www.sec.gov/Archives/edgar/data/713425/000119312517228535/d353589d10k.htm,1620587931,15:18:51,20210509
16,2017-01-31,AMSWA,USD,2017-03-02 00:00:00,2017-03-02 17:17:03,Q3,26440000.0,12390000.0,14050000.0,0.5313918305597579,3070000.0,3500000.0,4635000.0,385000.0,11594000.0,23989999.999999996,290000.0,2010000.0,4470000.0,0.16906202723146746,2460000.0,0.09304084720121028,740000.0,3480000.0,0.13161875945537066,1240000.0,2240000.0,0.08472012102874432,0.0756,0.0756,29630000,29630000,https://www.sec.gov/Archives/edgar/data/713425/000119312517067960/0001193125-17-067960-index.html,https://www.sec.gov/Archives/edgar/data/713425/000119312517067960/d310562d10q.htm,1620587931,15:18:51,20210509
17,2016-10-31,AMSWA,USD,2016-12-08 00:00:00,2016-12-08 14:53:57,Q2,26150000.0,13130000.0,13020000.0,0.49789674952198854,3170000.0,3690000.0,5201000.0,249000.0,12310000.0,25440000.0,280000.0,1630000.0,2340000.0,0.08948374760994264,710000.0,0.027151051625239005,-450000.0,540000.0,0.020650095602294454,130000.0,410000.0,0.015678776290630976,0.01387,0.01387,29550000,29550000,https://www.sec.gov/Archives/edgar/data/713425/000119312516788376/0001193125-16-788376-index.html,https://www.sec.gov/Archives/edgar/data/713425/000119312516788376/d274088d10q.htm,1620587931,15:18:51,20210509
18,2016-07-31,AMSWA,USD,2016-09-08,2016-09-08 14:19:24,Q1,27430000.0,13640000.0,13800000.0,0.5030987969376595,3100000.0,3511000.0,5471000.0,68000.0,12149999.999999998,25790000.0,320000.0,1410000.0,3060000.0,0.11155668975574189,1650000.0,0.06015311702515494,340000.0,2310000.0,0.08421436383521691,620000.0,1690000.0,0.061611374407582936,0.05778,0.05778,29250000,29250000,https://www.sec.gov/Archives/edgar/data/713425/000119312516648270/d165679d10k.htm,https://www.sec.gov/Archives/edgar/data/713425/000119312516648270/d165679d10k.htm,1620587931,15:18:51,20210509
19,2016-04-30,AMSWA,USD,2016-07-14,2016-07-14 16:16:37,Q4,28870000.0,13030000.0,15840000.0,0.5486664357464496,3070000.0,2642000.0,6197000.0,68000.0,11978000.0,25010000.000000004,340000.0,1400000.0000000005,5260000.0,0.1821960512642882,3860000.0,0.13370280568063733,590000.0,4790000.0,0.1659161759612054,1390000.0,3410000.0,0.11811569102874957,0.11718,0.11718,29100000,29100000,https://www.sec.gov/Archives/edgar/data/713425/000119312516648270/d165679d10k.htm,https://www.sec.gov/Archives/edgar/data/713425/000119312516648270/d165679d10k.htm,1620587931,15:18:51,20210509
20,2016-01-31,AMSWA,USD,2016-03-04 00:00:00,2016-03-04 14:15:01,Q3,27100000.0,13490000.0,13610000.0,0.5022140221402214,3010000.0,2740000.0,5269000.0,68000.0,11089000.0,24579999.999999996,350000.0,1400000.0,3920000.0,0.14464944649446496,2520000.0,0.0929889298892989,-550000.0,2320000.0,0.08560885608856089,210000.0,2110000.0,0.07785977859778598,0.07248,0.07248,29110000,29110000,https://www.sec.gov/Archives/edgar/data/713425/000119312516493131/0001193125-16-493131-index.html,https://www.sec.gov/Archives/edgar/data/713425/000119312516493131/d62300d10q.htm,1620587931,15:18:51,20210509
21,2015-10-31,AMSWA,USD,2015-12-07 00:00:00,2015-12-07 11:43:23,Q2,29070000.0,14170000.0,14900000.0,0.5125558995528036,2420000.0,3620000.0,5465000.0,68000.0,11569000.0,25740000.0,330000.0,1410000.0,4740000.0,0.16305469556243551,3330000.0,0.11455108359133127,-190000.0,3460000.0,0.11902304781561747,1310000.0,2150000.0,0.0739594083247334,0.06819,0.06819,31530000,31530000,https://www.sec.gov/Archives/edgar/data/713425/000119312515396143/0001193125-15-396143-index.html,https://www.sec.gov/Archives/edgar/data/713425/000119312515396143/d67970d10q.htm,1620587931,15:18:51,20210509
22,2015-07-31,AMSWA,USD,2015-09-04 00:00:00,2015-09-04 11:35:56,Q1,28860000.0,13540000.0,15320000.0,0.5308385308385308,2750000.0,3447000.0,5233000.0,68000.0,11497000.0,25040000.0,330000.0,1410000.0,5230000.0,0.1812196812196812,3820000.0,0.13236313236313235,-30000.0,4120000.0,0.14275814275814275,1550000.0,2570000.0,0.08905058905058905,0.08899,0.08899,28880000,28880000,https://www.sec.gov/Archives/edgar/data/713425/000119312515312669/0001193125-15-312669-index.html,https://www.sec.gov/Archives/edgar/data/713425/000119312515312669/d54550d10q.htm,1620587931,15:18:51,20210509
23,2015-04-30,AMSWA,USD,2015-07-10 00:00:00,2015-07-10 14:56:41,Q4,27600000.0,13480000.0,14120000.0,0.5115942028985507,2480000.0,3394000.0,4909000.0,-83000.0,10699000.0,24180000.0,340000.0,1520000.0000000005,4950000.0,0.1793478260869565,3430000.0,0.12427536231884058,0.0,3770000.0,0.13659420289855073,1190000.0,2580000.0,0.09347826086956522,0.08983,0.08983,28720000,28720000,https://www.sec.gov/Archives/edgar/data/713425/000119312515250260/0001193125-15-250260-index.html,https://www.sec.gov/Archives/edgar/data/713425/000119312515250260/d905856d10k.htm,1620587931,15:18:51,20210509
24,2015-01-31,AMSWA,USD,2015-03-06,2015-03-06 11:51:58,Q3,25840000.0,12990000.0,12850000.0,0.49729102167182665,2600000.0,3153000.0,4540000.0,178000.0,10474000.0,23460000.0,330000.0,1469999.9999999998,3850000.0,0.1489938080495356,2380000.0,0.09210526315789473,-410000.0,2300000.0,0.0890092879256966,-550000.0,2840000.0,0.10990712074303406,0.09947,0.09947,28550000,28550000,https://www.sec.gov/Archives/edgar/data/713425/000119312515080349/d849218d10q.htm,https://www.sec.gov/Archives/edgar/data/713425/000119312515080349/d849218d10q.htm,1620587931,15:18:51,20210509
25,2014-10-31,AMSWA,USD,2014-12-05 00:00:00,2014-12-05 13:36:00,Q2,24580000.0,12480000.0,12100000.0,0.49227013832384053,2810000.0,3161000.0,4574000.0,172000.0,10717000.0,23200000.0,280000.0,1460000.0,2840000.0,0.11554109031733116,1380000.0,0.05614320585842148,210000.0,1870000.0,0.07607811228641172,690000.0,1180000.0,0.04800650935720097,0.04127,0.04127,28590000,28590000,https://www.sec.gov/Archives/edgar/data/713425/000119312514434590/0001193125-14-434590-index.html,https://www.sec.gov/Archives/edgar/data/713425/000119312514434590/d810724d10q.htm,1620587931,15:18:51,20210509
26,2014-07-31,AMSWA,USD,2014-09-05 00:00:00,2014-09-05 14:09:00,Q1,24860000.0,11510000.0,13350000.0,0.5370072405470635,3200000.0,3215000.0,4644000.0,127000.0,11182000.0,22690000.0,280000.0,1380000.0,3540000.0,0.1423974255832663,2160000.0,0.08688656476267095,30000.0,2470000.0,0.09935639581657281,940000.0,1530000.0,0.06154465004022526,0.05348,0.05348,28610000,28610000,https://www.sec.gov/Archives/edgar/data/713425/000119312514333489/0001193125-14-333489-index.html,https://www.sec.gov/Archives/edgar/data/713425/000119312514333489/d767912d10q.htm,1620587931,15:18:51,20210509
27,2014-04-30,AMSWA,USD,2014-07-14 00:00:00,2014-07-14 16:11:09,Q4,25930000.0,10680000.0,15240000.0,0.587736212880833,2630000.0,3295000.0,5970000.0,134000.0,12031000.0,22710000.0,240000.0,710000.0,3920000.0,0.15117624373312766,3210000.0,0.1237948322406479,480000.0,3920000.0,0.15117624373312766,1360000.0,2570000.0,0.09911299652911686,0.09008,0.09008,28530000,28530000,https://www.sec.gov/Archives/edgar/data/713425/000119312514267720/0001193125-14-267720-index.html,https://www.sec.gov/Archives/edgar/data/713425/000119312514267720/d705183d10k.htm,1620587931,15:18:51,20210509
28,2014-01-31,AMSWA,USD,2014-03-12,2014-03-12 16:02:44,Q3,24430000.0,10460000.0,13960000.0,0.5714285714285714,2340000.0,2882000.0,5032000.0,172000.0,10424000.0,20890000.0,230000.0,439999.99999999994,3980000.0,0.16291444944740074,3540000.0,0.14490380679492426,-30000.0,3740000.0,0.15309046254604994,1260000.0,2480000.0,0.10151453131395825,0.08797,0.08797,28190000,28190000,https://www.sec.gov/Archives/edgar/data/713425/000119312514095556/d655565d10q.htm,https://www.sec.gov/Archives/edgar/data/713425/000119312514095556/d655565d10q.htm,1620587931,15:18:51,20210509
29,2013-10-31,AMSWA,USD,2013-12-06 00:00:00,2013-12-06 13:06:55,Q2,26930000.0,11410000.0,15530000.0,0.5766802822131452,2000000.0,3071000.0,5018000.0,41000.0,10134000.0,21540000.0,220000.0,429999.99999999994,5820000.0,0.21611585592276272,5390000.0,0.20014853323431117,200000.0,5810000.0,0.21574452283698478,2120000.0,3690000.0,0.1370219086520609,0.1324,0.1324,27870000,27870000,https://www.sec.gov/Archives/edgar/data/713425/000119312513464868/0001193125-13-464868-index.html,https://www.sec.gov/Archives/edgar/data/713425/000119312513464868/d605115d10q.htm,1620587931,15:18:51,20210509
30,2013-07-31,AMSWA,USD,2013-09-09 00:00:00,2013-09-09 14:50:51,Q1,23320000.0,11160000.0,12160000.0,0.5214408233276158,2100000.0,3153000.0,4394000.0,125000.0,9772000.0,20940000.0,250000.0,1030000.0,3410000.0,0.14622641509433962,2380000.0,0.10205831903945112,-210000.0,2430000.0,0.10420240137221269,830000.0,1590000.0,0.06818181818181818,0.05715,0.05715,27820000,27820000,https://www.sec.gov/Archives/edgar/data/713425/000119312513361244/0001193125-13-361244-index.html,https://www.sec.gov/Archives/edgar/data/713425/000119312513361244/d573812d10q.htm,1620587931,15:18:51,20210509
31,2013-04-30,AMSWA,USD,2013-07-12 00:00:00,2013-07-12 12:34:11,Q4,25210000.0,11030000.0,14190000.0,0.5628718762395875,2260000.0,3272000.0,5203000.0,-90000.0,10649000.0,21680000.0,260000.0,1030000.0000000002,4570000.0,0.18127727092423643,3540000.0,0.1404204680682269,440000.0,4240000.0,0.16818722729075763,1160000.0,3080000.0,0.12217374057913527,0.1129,0.1129,27280000,27280000,https://www.sec.gov/Archives/edgar/data/713425/000119312513289120/0001193125-13-289120-index.html,https://www.sec.gov/Archives/edgar/data/713425/000119312513289120/d493236d10k.htm,1620587931,15:18:51,20210509
32,2013-01-31,AMSWA,USD,2013-03-06 00:00:00,2013-03-06 13:56:55,Q3,23080000.0,11040000.0,12030000.0,0.5212305025996534,3050000.0,2590000.0,4868000.0,-840000.0,9741000.0,20790000.0,290000.0,1030000.0000000002,3320000.0,0.1438474870017331,2290000.0,0.09922010398613518,160000.0,2750000.0,0.11915077989601386,610000.0,2140000.0,0.0927209705372617,0.07751,0.07751,27610000,27610000,https://www.sec.gov/Archives/edgar/data/713425/000119312513093507/0001193125-13-093507-index.html,https://www.sec.gov/Archives/edgar/data/713425/000119312513093507/d444197d10q.htm,1620587931,15:18:51,20210509
33,2012-10-31,AMSWA,USD,2012-12-07 00:00:00,2012-12-07 13:45:22,Q2,26260000.0,11580000.0,14680000.0,0.559025133282559,2300000.0,2939000.0,4937000.0,265000.0,10444000.0,22030000.0,280000.0,1049999.9999999998,5290000.0,0.20144706778370144,4240000.0,0.16146230007616147,30000.0,4550000.0,0.17326732673267325,1770000.0,2770000.0,0.10548362528560548,0.10025,0.10025,27630000,27630000,https://www.sec.gov/Archives/edgar/data/713425/000119312512495034/0001193125-12-495034-index.html,https://www.sec.gov/Archives/edgar/data/713425/000119312512495034/d398300d10q.htm,1620587931,15:18:51,20210509
34,2012-07-31,AMSWA,USD,2012-09-07 00:00:00,2012-09-07 11:24:56,Q1,25910000.0,11900000.0,14010000.0,0.5407178695484369,2970000.0,3110000.0,4821000.0,-860000.0,10289000.0,22190000.0,310000.0,1040000.0,4760000.0,0.18371285218062525,3720000.0,0.1435739096873794,-30000.0,3990000.0,0.15399459668081822,1570000.0,2420000.0,0.09340023157082207,0.08778,0.08778,27570000,27570000,https://www.sec.gov/Archives/edgar/data/713425/000119312512384293/0001193125-12-384293-index.html,https://www.sec.gov/Archives/edgar/data/713425/000119312512384293/d342200d10q.htm,1620587931,15:18:51,20210509
35,2012-04-30,AMSWA,USD,2012-07-12 00:00:00,2012-07-12 15:33:52,Q4,27930000.0,12470000.0,15470000.0,0.5538847117794486,3020000.0,3582000.0,5160000.0,-780000.0,10903000.0,23370000.0,290000.0,1049999.9999999998,5620000.0,0.20121732903687792,4570000.0,0.1636233440744719,240000.0,5090000.0,0.18224131757966344,1610000.0,3480000.0,0.12459720730397422,0.12655,0.12655,27500000,27500000,https://www.sec.gov/Archives/edgar/data/713425/000119312512300790/0001193125-12-300790-index.html,https://www.sec.gov/Archives/edgar/data/713425/000119312512300790/d347126d10k.htm,1620587931,15:18:51,20210509
36,2012-01-31,AMSWA,USD,2012-03-08 00:00:00,2012-03-08 12:38:06,Q3,25400000.0,11890000.0,13500000.0,0.531496062992126,2770000.0,3362000.0,4536000.0,-690000.0,10209000.0,22100000.0,300000.0,1069999.9999999998,4360000.0,0.17165354330708663,3290000.0,0.12952755905511812,180000.0,3780000.0,0.14881889763779527,1190000.0,2590000.0,0.10196850393700788,0.09398,0.09398,27560000,27560000,https://www.sec.gov/Archives/edgar/data/713425/000119312512103012/0001193125-12-103012-index.html,https://www.sec.gov/Archives/edgar/data/713425/000119312512103012/d287205d10q.htm,1620587931,15:18:51,20210509
37,2011-10-31,AMSWA,USD,2011-12-09 00:00:00,2011-12-09 12:21:48,Q2,25600000.0,10960000.0,14630000.0,0.571484375,2610000.0,3010000.0,4795000.0,-660000.0,9918000.0,20879999.999999996,330000.0,1090000.0,5810000.0,0.226953125,4720000.0,0.184375,-230000.0,4820000.0,0.18828125,1840000.0,2980000.0,0.11640625,0.11107,0.11107,26830000,26830000,https://www.sec.gov/Archives/edgar/data/713425/000119312511336164/0001193125-11-336164-index.html,https://www.sec.gov/Archives/edgar/data/713425/000119312511336164/d234102d10q.htm,1620587931,15:18:51,20210509
38,2011-07-31,AMSWA,USD,2011-09-08 00:00:00,2011-09-08 11:17:08,Q1,23710000.0,10520000.0,13190000.0,0.556305356389709,2550000.0,3116000.0,4306000.0,-600000.0,9598000.0,20120000.0,360000.0,1090000.0,4680000.0,0.19738506959088992,3590000.0,0.15141290594685786,-380000.0,3580000.0,0.15099114297764657,1290000.0,2290000.0,0.09658371994938844,0.08548,0.08548,26790000,26790000,https://www.sec.gov/Archives/edgar/data/713425/000119312511243003/0001193125-11-243003-index.html,https://www.sec.gov/Archives/edgar/data/713425/000119312511243003/d10q.htm,1620587931,15:18:51,20210509
39,2011-04-30,AMSWA,USD,2011-07-14 00:00:00,2011-07-14 15:11:06,Q4,25170000.0,11310000.0,13860000.0,0.5506555423122765,2560000.0,3654000.0,18000.0,-780000.0,10466000.0,21559999.999999996,340000.0,1090000.0,4710000.0,0.1871275327771156,3620000.0,0.14382201032975764,260000.0,4210000.0,0.16726261422328167,1460000.0,2750000.0,0.10925705204608661,0.1037,0.1037,26520000,26520000,https://www.sec.gov/Archives/edgar/data/713425/000119312511188351/0001193125-11-188351-index.html,https://www.sec.gov/Archives/edgar/data/713425/000119312511188351/d10k.htm,1620587931,15:18:51,20210509
40,2011-01-31,AMSWA,USD,2011-03-10,2011-03-10 14:33:27,Q3,20370000.0,10020000.0,10350000.0,0.508100147275405,2450000.0,2874000.0,18000.0,-530000.0,8559999.999999998,18580000.0,360000.0,1100000.0,2890000.0,0.14187530682376043,1790000.0,0.08787432498772704,110000.0,2250000.0,0.11045655375552282,490000.0,1760000.0,0.08640157093765341,0.06689,0.06689,26310000,26310000,https://www.sec.gov/Archives/edgar/data/713425/000119312511062133/d10q.htm,https://www.sec.gov/Archives/edgar/data/713425/000119312511062133/d10q.htm,1620587931,15:18:51,20210509
41,2010-10-31,AMSWA,USD,2010-12-08 00:00:00,2010-12-08 16:11:15,Q2,20950000.0,9950000.0,11000000.0,0.5250596658711217,2540000.0,3049000.0,18000.0,-630000.0,9007000.0,19180000.0,360000.0,1170000.0,2950000.0,0.14081145584725538,1780000.0,0.08496420047732697,280000.0,2410000.0,0.11503579952267304,940000.0,1470000.0,0.07016706443914081,0.05656,0.05656,25990000,25990000,https://www.sec.gov/Archives/edgar/data/713425/000119312510276636/0001193125-10-276636-index.html,https://www.sec.gov/Archives/edgar/data/713425/000119312510276636/d10q.htm,1620587931,15:18:51,20210509
42,2010-07-31,AMSWA,USD,2010-09-08 00:00:00,2010-09-08 16:55:35,Q1,19090000.0,8900000.0,10190000.0,0.533787323205867,2410000.0,2842000.0,17000.0,-630000.0,8178000.0,17079999.999999996,370000.0,560000.0,2580000.0,0.13514929282346777,2020000.0,0.10581456259821896,-130000.0,2260000.0,0.11838658983761131,880000.0,1370000.0,0.071765322158198,0.05283,0.05283,25930000,25930000,https://www.sec.gov/Archives/edgar/data/713425/000119312510206754/0001193125-10-206754-index.html,https://www.sec.gov/Archives/edgar/data/713425/000119312510206754/d10q.htm,1620587931,15:18:51,20210509
43,2010-04-30,AMSWA,USD,2010-07-14 00:00:00,2010-07-14 16:06:34,Q4,18890000.0,8560000.0,10340000.0,0.5473795659078877,2390000.0,2961000.0,20000.0,-640000.0,8700000.0,17559999.999999996,360000.0,480000.0000000002,1810000.0000000002,0.09581789306511383,1330000.0,0.07040762308099524,310000.0,2000000.0,0.10587612493382742,670000.0,1330000.0,0.07040762308099524,0.05137,0.05137,25890000,25890000,https://www.sec.gov/Archives/edgar/data/713425/000119312510158807/0001193125-10-158807-index.html,https://www.sec.gov/Archives/edgar/data/713425/000119312510158807/d10k.htm,1620587931,15:18:51,20210509
44,2010-01-31,AMSWA,USD,2010-03-10 00:00:00,2010-03-10 13:51:26,Q3,19830000.0,8760000.0,11070000.0,0.5582450832072617,1610000.0,2954000.0,20000.0,0.0,8301000.0,17060000.0,360000.0,530000.0,3310000.0,0.1669188098840141,2780000.0,0.14019162884518407,-110000.0,3020000.0,0.15229450327786181,1180000.0,1840000.0,0.09278870398386284,0.07091,0.07091,25950000,25950000,https://www.sec.gov/Archives/edgar/data/713425/000119312510052356/0001193125-10-052356-index.html,https://www.sec.gov/Archives/edgar/data/713425/000119312510052356/d10q.htm,1620587931,15:18:51,20210509
45,2009-10-31,AMSWA,USD,2009-12-09 00:00:00,2009-12-09 16:05:30,Q2,18720000.0,8470000.0,10250000.0,0.5475427350427351,1700000.0,2875000.0,3829000.0,-88000.0,8515000.0,16980000.0,350000.0,589999.9999999999,2330000.0,0.12446581196581197,1740000.0,0.09294871794871795,50000.0,2140000.0,0.11431623931623931,780000.0,1350000.0,0.07211538461538461,0.05192,0.05192,26000000,26000000,https://www.sec.gov/Archives/edgar/data/713425/000119312509249954/0001193125-09-249954-index.html,https://www.sec.gov/Archives/edgar/data/713425/000119312509249954/d10q.htm,1620587931,15:18:51,20210509
46,2009-07-31,AMSWA,USD,2009-09-09 00:00:00,2009-09-09 15:48:36,Q1,17830000.0,7190000.0,10640000.0,0.5967470555243971,2230000.0,3731000.0,3700000.0,-560000.0,9189000.0,16379999.999999998,410000.0,560000.0,2010000.0,0.11273135165451487,1450000.0,0.08132361189007291,210000.0,2070000.0,0.1160964666292765,800000.0,1180000.0,0.06618059450364554,0.04584,0.04584,25740000,25740000,https://www.sec.gov/Archives/edgar/data/713425/000119312509189346/0001193125-09-189346-index.html,https://www.sec.gov/Archives/edgar/data/713425/000119312509189346/d10q.htm,1620587931,15:18:51,20210509
47,2009-04-30,AMSWA,USD,2009-07-14 00:00:00,2009-07-14 17:00:17,Q4,18940000.0,7630000.0,11310000.0,0.5971488912354804,2260000.0,4154000.0,3882000.0,-550000.0,9529000.0,17160000.0,1207000.0,520000.0,2300000.0,0.12143611404435058,1780000.0,0.09398099260823653,240000.0,2240000.0,0.11826821541710665,850000.0,1160000.0,0.061246040126715945,0.04522,0.04522,25650000,25650000,https://www.sec.gov/Archives/edgar/data/713425/000119312509148771/0001193125-09-148771-index.html,https://www.sec.gov/Archives/edgar/data/713425/000119312509148771/d10k.htm,1620587931,15:18:51,20210509
48,2009-01-31,AMSWA,USD,2009-03-10 00:00:00,2009-03-10 15:44:16,Q3,20040000.0,8770000.0,11270000.0,0.562375249500998,1770000.0,3203000.0,3829000.0,343000.0,9139000.0,17910000.0,-212000.0,1000000.0,3130000.0,0.156187624750499,2130000.0,0.1062874251497006,-790000.0,1940000.0,0.0968063872255489,950000.0,780000.0,0.038922155688622756,0.03047,0.03047,25600000,25600000,https://www.sec.gov/Archives/edgar/data/713425/000119312509049704/0001193125-09-049704-index.html,https://www.sec.gov/Archives/edgar/data/713425/000119312509049704/d10q.htm,1620587931,15:18:51,20210509
49,2008-10-31,AMSWA,USD,2008-12-10 00:00:00,2008-12-10 14:27:46,Q2,19850000.0,9620000.0,10230000.0,0.5153652392947103,1340000.0,0.0,3472000.0,140000.0,8235000.0,17850000.000000004,-275000.0,1010000.0,3010000.0,0.15163727959697734,2000000.0,0.10075566750629723,-1790000.0,810000.0,0.040806045340050376,150000.0,470000.0,0.02367758186397985,0.01789,0.01789,26270000,26270000,https://www.sec.gov/Archives/edgar/data/713425/000119312508251178/0001193125-08-251178-index.html,https://www.sec.gov/Archives/edgar/data/713425/000119312508251178/d10q.htm,1620587931,15:18:51,20210509
50,2008-07-31,AMSWA,USD,2008-09-09 00:00:00,2008-09-09 15:59:26,Q1,19200000.0,9110000.0,10090000.0,0.5255208333333333,2340000.0,0.0,3796000.0,-510000.0,8807000.0,17920000.000000004,370000.0,950000.0,2230000.0,0.11614583333333334,1280000.0,0.06666666666666667,-510000.0,1150000.0,0.059895833333333336,450000.0,610000.0,0.03177083333333333,0.02348,0.02348,25980000,25980000,https://www.sec.gov/Archives/edgar/data/713425/000119312508192985/0001193125-08-192985-index.html,https://www.sec.gov/Archives/edgar/data/713425/000119312508192985/d10q.htm,1620587931,15:18:51,20210509
51,2008-04-30,AMSWA,USD,2008-07-14 00:00:00,2008-07-14 17:03:16,Q4,21590000.0,10310000.0,11280000.0,0.5224641037517369,2500000.0,0.0,18000.0,-520000.0,10047000.0,20360000.0,1000.0,960000.0000000003,2190000.0000000005,0.10143584993052342,1230000.0,0.05697081982399259,-20000.0,1710000.0,0.07920333487725799,610000.0,900000.0,0.041685965724872626,0.03399,0.03399,26480000,26480000,https://www.sec.gov/Archives/edgar/data/713425/000119312508150516/0001193125-08-150516-index.html,https://www.sec.gov/Archives/edgar/data/713425/000119312508150516/d10k.htm,1620587931,15:18:51,20210509
52,2008-01-31,AMSWA,USD,2008-03-10,2008-03-10 16:15:26,Q3,22070000.0,10570000.0,11500000.0,0.5210693248753965,2240000.0,0.0,7478000.0,-480000.0,8743000.0,20510000.0,214000.0,989999.9999999998,2550000.0,0.11554145899410966,1560000.0,0.07068418667874943,-680000.0,1710000.0,0.07748074309016764,460000.0,1140000.0,0.051653828726778435,0.0431,0.0431,26450000,26450000,https://www.sec.gov/Archives/edgar/data/713425/000119312508051578/d10q.htm,https://www.sec.gov/Archives/edgar/data/713425/000119312508051578/d10q.htm,1620587931,15:18:51,20210509
53,2007-10-31,AMSWA,USD,2007-12-10 00:00:00,2007-12-10 16:37:26,Q2,23620000.0,11880000.0,11740000.0,0.4970364098221846,2460000.0,0.0,428000.0,-630000.0,8979999.999999998,20860000.0,-450000.0,1040000.0,3800000.0,0.16088060965283657,2760000.0,0.11685012701100762,840000.0,4420000.0,0.18712955122777308,1670000.0,2540000.0,0.10753598645215919,0.09527,0.09527,26660000,26660000,https://www.sec.gov/Archives/edgar/data/713425/000119312507262337/0001193125-07-262337-index.html,https://www.sec.gov/Archives/edgar/data/713425/000119312507262337/d10q.htm,1620587931,15:18:51,20210509
54,2007-07-31,AMSWA,USD,2007-09-10 00:00:00,2007-09-10 16:51:34,Q1,21720000.0,10270000.0,11450000.0,0.5271639042357275,2440000.0,0.0,3392000.0,-530000.0,8907000.0,19180000.0,236000.0,1040000.0,3590000.0,0.1652854511970534,2550000.0,0.11740331491712708,60000.0,3460000.0,0.15930018416206262,1270000.0,1960000.0,0.09023941068139964,0.07308,0.07308,26820000,26820000,https://www.sec.gov/Archives/edgar/data/713425/000119312507198287/0001193125-07-198287-index.html,https://www.sec.gov/Archives/edgar/data/713425/000119312507198287/d10q.htm,1620587931,15:18:51,20210509
55,2007-04-30,AMSWA,USD,2007-07-16 00:00:00,2007-07-16 17:03:02,Q4,22480000.0,9770000.0,12720000.0,0.5658362989323843,2780000.0,0.0,17000.0,-590000.0,9089000.0,18860000.0,1000.0,1099999.9999999995,4730000.0,0.21040925266903915,3630000.0,0.16147686832740213,440000.0,4810000.0,0.2139679715302491,1680000.0,2860000.0,0.12722419928825623,0.10992,0.10992,26020000,26020000,https://www.sec.gov/Archives/edgar/data/713425/000119312507155732/0001193125-07-155732-index.html,https://www.sec.gov/Archives/edgar/data/713425/000119312507155732/d10k.htm,1620587931,15:18:51,20210509
56,2007-01-31,AMSWA,USD,2007-03-12,2007-03-12 16:44:11,Q3,21480000.0,9260000.0,12220000.0,0.568901303538175,2410000.0,0.0,3560000.0,-500000.0,9255000.0,18520000.0,-265000.0,1000000.0,3960000.0,0.18435754189944134,2960000.0,0.1378026070763501,660000.0,4390000.0,0.20437616387337057,1640000.0,2500000.0,0.11638733705772812,0.09667,0.09667,25860000,25860000,https://www.sec.gov/Archives/edgar/data/713425/000119312507052264/d10q.htm,https://www.sec.gov/Archives/edgar/data/713425/000119312507052264/d10q.htm,1620587931,15:18:51,20210509
57,2006-10-31,AMSWA,USD,2006-12-11,2006-12-11 17:11:20,Q2,20230000.0,9700000.0,10530000.0,0.5205140879881365,2310000.0,0.0,3523000.0,-590000.0,8806000.0,18460000.000000004,138000.0,1170000.0,2940000.0,0.1453287197231834,1770000.0,0.0874938210578349,820000.0,3230000.0,0.15966386554621848,1270000.0,1820000.0,0.08996539792387544,0.07096,0.07096,25650000,25650000,https://www.sec.gov/Archives/edgar/data/713425/000119312506250703/d10q.htm,https://www.sec.gov/Archives/edgar/data/713425/000119312506250703/d10q.htm,1620587931,15:18:51,20210509
58,2006-07-31,AMSWA,USD,2006-09-11,2006-09-11 17:00:27,Q1,20180000.0,9880000.0,10310000.0,0.5109018830525273,2320000.0,0.0,3517000.0,-600000.0,8632000.0,18510000.0,127000.0,1120000.0,2790000.0,0.13825569871159563,1670000.0,0.08275520317145689,-20000.0,2280000.0,0.11298315163528246,910000.0,1250000.0,0.06194251734390486,0.04947,0.04947,25270000,25270000,https://www.sec.gov/Archives/edgar/data/713425/000119312506147073/d10k.htm,https://www.sec.gov/Archives/edgar/data/713425/000119312506147073/d10k.htm,1620587931,15:18:51,20210509
59,2006-04-30,AMSWA,USD,2006-07-14,2006-07-14 17:22:54,Q4,20460000.0,10380000.0,10090000.0,0.49315738025415445,1850000.0,0.0,18000.0,0.0,8723000.0,19379999.999999996,1000.0,1180000.0000000002,2260000.0,0.1104594330400782,1080000.0,0.05278592375366569,620000.0,2250000.0,0.10997067448680352,870000.0,1190000.0,0.05816226783968719,0.04795,0.04795,24820000,24820000,https://www.sec.gov/Archives/edgar/data/713425/000119312506147073/d10k.htm,https://www.sec.gov/Archives/edgar/data/713425/000119312506147073/d10k.htm,1620587931,15:18:51,20210509
60,2006-01-31,AMSWA,USD,2006-03-13,2006-03-13 16:52:08,Q3,20370000.0,9630000.0,10740000.0,0.5272459499263623,2280000.0,0.0,3675000.0,-540000.0,8623000.0,18250000.0,-519000.0,609999.9999999999,2730000.0,0.13402061855670103,2120000.0,0.10407461953853707,880000.0,3490000.0,0.1713303878252332,1280000.0,1990000.0,0.0976926853215513,0.0785,0.0785,25350000,25350000,https://www.sec.gov/Archives/edgar/data/713425/000119312506052351/d10q.htm,https://www.sec.gov/Archives/edgar/data/713425/000119312506052351/d10q.htm,1620587931,15:18:51,20210509
61,2005-10-31,AMSWA,USD,2005-12-12,2005-12-12 17:23:51,Q2,19030000.0,8610000.0,10420000.0,0.5475564897530215,1600000.0,0.0,3524000.0,172000.0,8539000.0,17240000.0,421000.0,850000.0000000001,2650000.0,0.13925380977404098,1800000.0,0.09458749343142407,-240000.0,2000000.0,0.10509721492380451,760000.0,820000.0,0.04308985811875985,0.03258,0.03258,25170000,25170000,https://www.sec.gov/Archives/edgar/data/713425/000119312505240888/d10q.htm,https://www.sec.gov/Archives/edgar/data/713425/000119312505240888/d10q.htm,1620587931,15:18:51,20210509
62,2005-07-31,AMSWA,USD,2005-10-14,2005-10-14 17:21:57,Q1,16770000.0,8170000.0,8600000.0,0.5128205128205128,1510000.0,0.0,3112000.0,161000.0,7866000.0,16039999.999999998,98000.0,980000.0,1710000.0,0.10196779964221825,730000.0,0.043530113297555156,720000.0,1850000.0,0.11031604054859868,720000.0,1020000.0,0.06082289803220036,0.0407,0.0407,25060000,25060000,https://www.sec.gov/Archives/edgar/data/713425/000119312505201867/d10k.htm,https://www.sec.gov/Archives/edgar/data/713425/000119312505201867/d10k.htm,1620587931,15:18:51,20210509
63,2005-04-30,AMSWA,USD,2005-10-14,2005-10-14 17:13:26,Q4,18600000.0,9200000.0,9400000.0,0.5053763440860215,2460000.0,0.0,3283000.0,-1120000.0,8057000.0,18060000.0,-78000.0,970000.0000000002,1510000.0000000002,0.08118279569892474,540000.0,0.02903225806451613,-150000.0,850000.0,0.0456989247311828,290000.0,600000.0,0.03225806451612903,0.02385,0.02385,25160000,25160000,https://www.sec.gov/Archives/edgar/data/713425/000119312505201867/d10k.htm,https://www.sec.gov/Archives/edgar/data/713425/000119312505201867/d10k.htm,1620587931,15:18:51,20210509
64,2005-01-31,AMSWA,USD,2005-03-14,2005-03-14 16:10:09,Q3,17360000.0,9090000.0,8270000.0,0.4763824884792627,2020000.0,0.0,3275000.0,-700000.0,7739999.999999998,16829999.999999996,340000.0,1040000.0,1570000.0,0.09043778801843318,530000.0,0.03052995391705069,500000.0,1360000.0,0.07834101382488479,1340000.0,50000.0,0.002880184331797235,0.00198,0.00198,25190000,25190000,https://www.sec.gov/Archives/edgar/data/713425/000119312505049467/d10q.htm,https://www.sec.gov/Archives/edgar/data/713425/000119312505049467/d10q.htm,1620587931,15:18:51,20210509
65,2004-10-31,AMSWA,USD,2004-12-10,2004-12-10 11:26:24,Q2,14880000.0,7570000.0,7310000.0,0.49126344086021506,1850000.0,0.0,2891000.0,-710000.0,6461000.0,14070000.0,340000.0,1140000.0,1950000.0,0.1310483870967742,810000.0,0.05443548387096774,260000.0,1410000.0,0.09475806451612903,0.0,1480000.0,0.09946236559139784,0.05887,0.05887,25140000,25140000,https://www.sec.gov/Archives/edgar/data/713425/000119312504210826/d10q.htm,https://www.sec.gov/Archives/edgar/data/713425/000119312504210826/d10q.htm,1620587931,15:18:51,20210509
66,2004-07-31,AMSWA,USD,2004-09-09,2004-09-09 11:11:41,Q1,13710000.0,6780000.0,6930000.0,0.5054704595185996,1810000.0,0.0,2895000.0,-670000.0,6360000.0,13140000.0,190000.0,1040000.0,1610000.0,0.1174325309992706,570000.0,0.04157549234135667,440000.0,1200000.0,0.087527352297593,0.0,1150000.0,0.08388037928519329,0.04589,0.04589,25060000,25060000,https://www.sec.gov/Archives/edgar/data/713425/000119312504118173/d10k.htm,https://www.sec.gov/Archives/edgar/data/713425/000119312504118173/d10k.htm,1620587931,15:18:51,20210509
67,2004-04-30,AMSWA,USD,2004-07-14,2004-07-14 16:12:30,Q4,13390000.0,6600000.0,6790000.0,0.5070948469006722,2250000.0,0.0,3011000.0,-1340000.0,6289000.0,13270000.0,300000.0,1310000.0000000005,1430000.0000000005,0.1067961165048544,120000.0,0.008961911874533234,-110000.0,310000.0,0.02315160567587752,80000.0,220000.0,0.016430171769977596,0.00868,0.00868,25340000,25340000,https://www.sec.gov/Archives/edgar/data/713425/000119312504118173/d10k.htm,https://www.sec.gov/Archives/edgar/data/713425/000119312504118173/d10k.htm,1620587931,15:18:51,20210509
68,2004-01-31,AMSWA,USD,2004-03-15,2004-03-15 16:26:01,Q3,14640000.0,6720000.0,7920000.0,0.5409836065573771,1890000.0,0.0,2899000.0,-830000.0,6452000.0,13180000.0,300000.0,1460000.0,2930000.0,0.20013661202185792,1470000.0,0.10040983606557377,450000.0,2220000.0,0.15163934426229508,0.0,2060000.0,0.1407103825136612,0.0822,0.0822,25060000,25060000,https://www.sec.gov/Archives/edgar/data/713425/000119312504042267/d10q.htm,https://www.sec.gov/Archives/edgar/data/713425/000119312504042267/d10q.htm,1620587931,15:18:51,20210509
69,2003-10-31,AMSWA,USD,2003-12-12,2003-12-12 16:11:39,Q2,13540000.0,6160000.0,7380000.0,0.5450516986706057,1940000.0,0.0,2573000.0,-870000.0,5779999.999999999,11939999.999999998,280000.0,1420000.0,3020000.0,0.22304283604135894,1600000.0,0.11816838995568685,450000.0,2340000.0,0.172821270310192,0.0,2310000.0,0.1706056129985229,0.09375,0.09375,24640000,24640000,https://www.sec.gov/Archives/edgar/data/713425/000119312503093605/d10q.htm,https://www.sec.gov/Archives/edgar/data/713425/000119312503093605/d10q.htm,1620587931,15:18:51,20210509
70,2003-07-31,AMSWA,USD,2003-09-12,2003-09-12 13:18:17,Q1,13090000.0,6270000.0,6820000.0,0.5210084033613446,2000000.0,0.0,2976000.0,-830000.0,6400000.0,12670000.0,290000.0,1380000.0,1800000.0,0.13750954927425516,420000.0,0.03208556149732621,470000.0,1180000.0,0.09014514896867838,0.0,1130000.0,0.08632543926661573,0.04652,0.04652,24290000,24290000,https://www.sec.gov/Archives/edgar/data/713425/000119312503024760/d10k.htm,https://www.sec.gov/Archives/edgar/data/713425/000119312503024760/d10k.htm,1620587931,15:18:51,20210509
71,2003-04-30,AMSWA,USD,2003-07-28,2003-07-28 16:28:55,Q4,15020000.0,6780000.0,8240000.0,0.5486018641810919,1910000.0,0.0,3002000.0,-720000.0,6651000.0,13430000.0,310000.0,1350000.0,2940000.0,0.19573901464713714,1590000.0,0.10585885486018642,120000.0,2020000.0,0.13448735019973368,0.0,2450000.0,0.16311584553928096,0.10601,0.10601,23110000,23110000,https://www.sec.gov/Archives/edgar/data/713425/000119312503024760/d10k.htm,https://www.sec.gov/Archives/edgar/data/713425/000119312503024760/d10k.htm,1620587931,15:18:51,20210509
72,2003-01-31,AMSWA,USD,2003-03-14,2003-03-14 15:59:40,Q3,14930000.0,7330000.0,7610000.0,0.5097119892833222,1920000.0,0.0,2807000.0,-690000.0,6608000.0,13930000.0,290000.0,1370000.0,2370000.0,0.15874079035498995,1000000.0,0.06697923643670463,-60000.0,1230000.0,0.08238446081714669,0.0,1660000.0,0.11118553248492967,0.07239,0.07239,22930000,22930000,https://www.sec.gov/Archives/edgar/data/713425/000093176303000525/d10q.htm,https://www.sec.gov/Archives/edgar/data/713425/000093176303000525/d10q.htm,1620587931,15:18:51,20210509
73,2002-10-31,AMSWA,USD,2002-12-13,2002-12-13 16:23:09,Q2,14790000.0,7240000.0,7550000.0,0.5104800540906017,2020000.0,0.0,5806000.0,-760000.0,6393000.0,13630000.000000002,320000.0,1219999.9999999998,2380000.0,0.16091954022988506,1160000.0,0.0784313725490196,120000.0,1590000.0,0.1075050709939148,0.0,2030000.0,0.13725490196078433,0.08815,0.08815,23030000,23030000,https://www.sec.gov/Archives/edgar/data/713425/000093176302003635/d10q.htm,https://www.sec.gov/Archives/edgar/data/713425/000093176302003635/d10q.htm,1620587931,15:18:51,20210509
74,2002-07-31,AMSWA,USD,2002-09-13 00:00:00,2002-09-13 17:11:01,Q1,14560000.0,6980000.0,7580000.0,0.5206043956043956,2250000.0,5339000.0,21000.0,-810000.0,6801000.0,13779999.999999998,350000.0,1350000.0,2130000.0,0.1462912087912088,780000.0,0.05357142857142857,-160000.0,970000.0,0.06662087912087912,0.0,1450000.0,0.09958791208791208,0.06175,0.06175,23480000,23480000,https://www.sec.gov/Archives/edgar/data/713425/000093176302003079/0000931763-02-003079-index.html,https://www.sec.gov/Archives/edgar/data/713425/000093176302003079/d10q.htm,1620587931,15:18:51,20210509
75,2002-04-30,AMSWA,USD,2002-07-26 00:00:00,2002-07-26 17:14:39,Q4,16290000.0,6870000.0,9420000.0,0.578268876611418,2460000.0,6500000.0,0.0,-830000.0,8133000.0,14999999.999999998,390000.0,-149999.99999999948,1140000.0000000005,0.06998158379373852,1290000.0,0.07918968692449356,350000.0,2030000.0,0.12461632903621854,0.0,15340000.0,0.941682013505218,0.65444,0.65444,23440000,23440000,https://www.sec.gov/Archives/edgar/data/713425/000093176302002541/0000931763-02-002541-index.html,https://www.sec.gov/Archives/edgar/data/713425/000093176302002541/d10k.htm,1620587931,15:18:51,20210509
76,2002-01-31,AMSWA,USD,2002-03-14,2002-03-14,Q3,14990000.0,6390000.0,8610000.0,0.5743829219479654,2370000.0,5770000.0,0.0,-640000.0,7502000.0,13890000.000000002,210000.0,2279999.9999999995,3379999.9999999995,0.22548365577051366,1100000.0,0.0733822548365577,150000.0,1460000.0,0.09739826551034023,0.0,1130000.0,0.07538358905937291,0.0493,0.0493,22920000,22920000,https://www.sec.gov/Archives/edgar/data/713425/000093176302000646/0000931763-02-000646-index.htm,https://www.sec.gov/Archives/edgar/data/713425/000093176302000646/d10q.txt,1620587931,15:18:51,20210509
77,2001-10-31,AMSWA,USD,2001-12-14 00:00:00,2001-12-14 00:00:00,Q2,15430000.0,6490000.0,8940000.0,0.5793907971484121,2760000.0,6080000.0,0.0,-780000.0,8590000.0,14550000.0,320000.0,3080000.0,3960000.0,0.2566429034348671,880000.0,0.057031756318859365,410000.0,1600000.0,0.10369410239792612,0.0,1130000.0,0.07323395981853532,0.0496,0.0496,22780000,22780000,https://www.sec.gov/Archives/edgar/data/713425/000093176301502463/0000931763-01-502463-index.html,https://www.sec.gov/Archives/edgar/data/713425/000093176301502463/d10q.txt,1620587931,15:18:51,20210509
78,2001-07-31,AMSWA,USD,2001-09-14 00:00:00,2001-09-14 00:00:00,Q1,17920000.0,6880000.0,11040000.0,0.6160714285714286,2900000.0,7300000.0,0.0,-1040000.0,10022000.0,16040000.0,330000.0,1910000.0,3790000.0,0.21149553571428573,1880000.0,0.10491071428571429,230000.0,2440000.0,0.13616071428571427,0.0,1110000.0,0.06194196428571429,0.04871,0.04871,22790000,22790000,https://www.sec.gov/Archives/edgar/data/713425/000093176301501662/0000931763-01-501662-index.html,https://www.sec.gov/Archives/edgar/data/713425/000093176301501662/d10q.txt,1620587931,15:18:51,20210509
79,2001-04-30,AMSWA,USD,2001-07-24,2001-07-24,Q4,18730000.0,7360000.0,11370000.0,0.6070475173518419,3410000.0,7330000.0,0.0,-1070000.0,10228000.0,17060000.0,300000.0,-479999.99999999866,1190000.0000000014,0.06353443673251476,1670000.0,0.08916177255739455,-220000.0,1750000.0,0.09343299519487454,0.0,220000.0,0.011745862253069941,0.00966,0.00966,22780000,22780000,https://www.sec.gov/Archives/edgar/data/713425/000093176301501108/0000931763-01-501108-index.htm,https://www.sec.gov/Archives/edgar/data/713425/000093176301501108/d10k405.txt,1620587931,15:18:51,20210509
80,2001-01-31,AMSWA,USD,2001-03-16 00:00:00,2001-03-16 00:00:00,Q3,17190000.0,7970000.0,9220000.0,0.5363583478766725,3520000.0,9060000.0,0.0,-620000.0,13961000.0,20170000.000000004,860000.0,3099999.9999999995,119999.99999999953,0.00698080279232109,-2980000.0,-0.1733566026759744,-1110000.0,-3230000.0,-0.1878999418266434,-2420000.0,-3190000.0,-0.18557300756253636,-0.1401,-0.1401,22770000,22770000,https://www.sec.gov/Archives/edgar/data/713425/000093176301000439/0000931763-01-000439-index.html,https://www.sec.gov/Archives/edgar/data/713425/000093176301000439/0000931763-01-000439-0001.txt,1620587931,15:18:51,20210509
81,2000-10-31,AMSWA,USD,2000-12-15 00:00:00,2000-12-15 00:00:00,Q2,13210000.0,4450000.0,8760000.0,0.6631339894019682,5310000.0,8630000.0,0.0,-2260000.0,23461000.0,26310000.0,270000.0,3380000.0,-9720000.0,-0.7358062074186222,-13100000.0,-0.991672975018925,290000.0,-12540000.0,-0.9492808478425435,0.0,-15910000.0,-1.2043906131718396,-0.69873,-0.69873,22770000,22770000,https://www.sec.gov/Archives/edgar/data/713425/000093176300002734/0000931763-00-002734-index.html,https://www.sec.gov/Archives/edgar/data/713425/000093176300002734/0000931763-00-002734-0001.txt,1620587931,15:18:51,20210509
82,2000-07-31,AMSWA,USD,2000-09-14 00:00:00,2000-09-14 00:00:00,Q1,22040000.0,13820000.0,8220000.0,0.37295825771324864,3060000.0,9150000.0,0.0,0.0,12203000.0,26020000.0,570000.0,2550000.0,-1430000.0,-0.0648820326678766,-3980000.0,-0.18058076225045372,-290000.0,-3700000.0,-0.16787658802177857,0.0,-3690000.0,-0.16742286751361163,-0.16327,-0.16327,22600000,22600000,https://www.sec.gov/Archives/edgar/data/713425/000093176300002155/0000931763-00-002155-index.html,https://www.sec.gov/Archives/edgar/data/713425/000093176300002155/0000931763-00-002155-0001.txt,1620587931,15:18:51,20210509
83,2000-04-30,AMSWA,USD,2000-07-28 00:00:00,2000-07-28 00:00:00,Q4,23290000.0,15220000.0,8070000.0,0.3465006440532417,8110000.0,8280000.0,0.0,-5260000.0,11131000.0,26350000.0,250000.0,-219999.99999999974,-3279999.9999999995,-0.1408329755259768,-3060000.0,-0.13138686131386862,-5260000.0,-2810000.0,-0.12065264061829112,0.0,-2730000.0,-0.11721768999570631,-0.12204,-0.12204,22370000,22370000,https://www.sec.gov/Archives/edgar/data/713425/000093176300001768/0000931763-00-001768-index.html,https://www.sec.gov/Archives/edgar/data/713425/000093176300001768/0000931763-00-001768-0001.txt,1620587931,15:18:51,20210509
84,2000-01-31,AMSWA,USD,2000-01-31,2000-01-31,Q3,25800000.0,15030000.0,10770000.0,0.4174418604651163,4770000.0,9460000.0,0.0,-2590000.0,11641000.0,26670000.000000004,630000.0,2490000.0,1620000.0,0.06279069767441861,-870000.0,-0.03372093023255814,0.0,-250000.0,-0.009689922480620155,0.0,-420000.0,-0.01627906976744186,-0.01955,-0.01955,21480000,21480000,,,1620587931,15:18:51,20210509
85,1999-10-31,AMSWA,USD,1999-12-14 00:00:00,1999-12-14 00:00:00,Q2,28180000.0,15080000.0,13100000.0,0.46486870120652946,5090000.0,10090000.0,0.0,-2590000.0,12584000.0,27660000.0,700000.0,2570000.0,3090000.0,0.10965223562810504,520000.0,0.018452803406671398,-2590000.0,1220000.0,0.043293115684882894,150000.0,1000000.0,0.035486160397444996,0.04564,0.04564,21910000,21910000,https://www.sec.gov/Archives/edgar/data/713425/000093176399003416/0000931763-99-003416-index.html,https://www.sec.gov/Archives/edgar/data/713425/0000931763-99-003416.txt,1620587931,15:18:51,20210509
86,1999-07-31,AMSWA,USD,1999-09-13 00:00:00,1999-09-13 00:00:00,Q1,28240000.0,15600000.0,12640000.0,0.4475920679886686,2160000.0,9900000.0,0.0,0.0,12054000.0,27650000.0,430000.0,2520000.0,3110000.0,0.11012747875354108,590000.0,0.020892351274787536,0.0,1010000.0,0.03576487252124646,0.0,900000.0,0.03186968838526912,0.04039,0.04039,22280000,22280000,https://www.sec.gov/Archives/edgar/data/713425/000093176399002587/0000931763-99-002587-index.html,https://www.sec.gov/Archives/edgar/data/713425/0000931763-99-002587.txt,1620587931,15:18:51,20210509
87,1999-04-30,AMSWA,USD,1999-07-27 00:00:00,1999-07-27 00:00:00,Q4,28750000.0,15860000.0,12890000.0,0.4483478260869565,-5560000.0,9710000.0,0.0,8290000.0,11001000.0,26860000.0,820000.0,3750000.0,5640000.0,0.19617391304347825,1890000.0,0.0657391304347826,8290000.0,2710000.0,0.0942608695652174,-2140000.0,4890000.0,0.17008695652173914,0.22587,0.22587,21650000,21650000,https://www.sec.gov/Archives/edgar/data/713425/000093176399002165/0000931763-99-002165-index.html,https://www.sec.gov/Archives/edgar/data/713425/0000931763-99-002165.txt,1620587931,15:18:51,20210509
88,1999-01-31,AMSWA,USD,1999-01-31,1999-01-31,Q3,28010000.0,15080000.0,12930000.0,0.46162084969653694,5140000.0,10140000.0,0.0,-2770000.0,12515000.0,27590000.0,930000.0,1799999.9999999998,2210000.0,0.07890039271688683,410000.0,0.014637629418064976,-2770000.0,1340000.0,0.047840057122456266,170000.0,1010000.0,0.03605855051767226,0.04587,0.04587,22020000,22020000,,,1620587931,15:18:51,20210509
89,1998-10-31,AMSWA,USD,1998-12-11 00:00:00,1998-12-11 00:00:00,Q2,25060000.0,17760000.0,7300000.0,0.29130087789305664,5820000.0,12490000.0,0.0,-3220000.0,41293000.0,59049999.99999999,0.0,3110000.0,-30880000.0,-1.2322426177174781,-33990000.0,-1.35634477254589,-300000.0,-34290000.0,-1.368316041500399,0.0,-33320000.0,-1.329608938547486,-1.47892,-1.47892,22530000,22530000,https://www.sec.gov/Archives/edgar/data/713425/000093176398003154/0000931763-98-003154-index.html,https://www.sec.gov/Archives/edgar/data/713425/0000931763-98-003154.txt,1620587931,15:18:51,20210509
90,1998-07-31,AMSWA,USD,1998-09-14 00:00:00,1998-09-14 00:00:00,Q1,27370000.0,15240000.0,12120000.0,0.44282060650347094,6110000.0,12820000.0,0.0,-2300000.0,16631000.0,33670000.0,570000.0,3190000.0,-3120000.0,-0.11399342345633906,-6310000.0,-0.23054439166971136,-2300000.0,-5740000.0,-0.20971867007672634,200000.0,-5410000.0,-0.19766167336499818,-0.23791,-0.23791,22740000,22740000,https://www.sec.gov/Archives/edgar/data/713425/000093176398002417/0000931763-98-002417-index.html,https://www.sec.gov/Archives/edgar/data/713425/0000931763-98-002417.txt,1620587931,15:18:51,20210509
91,1998-04-30,AMSWA,USD,1998-04-30,1998-04-30,Q4,29940000.0,13230000.0,16710000.0,0.5581162324649298,5500000.0,10440000.0,0.0,-2360000.0,13575000.0,26809999.999999996,1580000.0,4250000.0,7390000.0,0.24682698730794922,3140000.0,0.10487641950567803,-2360000.0,4720000.0,0.1576486305945224,1940000.0,2570000.0,0.08583834335337341,0.10642,0.10642,24150000,24150000,,,1620587931,15:18:51,20210509
92,1998-01-31,AMSWA,USD,1998-01-31,1998-01-31,Q3,26540000.0,12230000.0,14310000.0,0.5391861341371514,5190000.0,9480000.0,0.0,-2090000.0,12575000.0,24800000.0,1160000.0,2540000.0,4280000.0,0.16126601356443104,1740000.0,0.06556141672946496,-2090000.0,2900000.0,0.1092690278824416,980000.0,1870000.0,0.07045968349660889,0.07636,0.07636,24490000,24490000,,,1620587931,15:18:51,20210509
93,1997-10-31,AMSWA,USD,1997-12-15 00:00:00,1997-12-15 00:00:00,Q2,25880000.0,11700000.0,14180000.0,0.5479134466769706,4970000.0,8790000.0,0.0,-2300000.0,11464000.0,23160000.0,550000.0,2480000.0000000005,5200000.0,0.2009273570324575,2720000.0,0.10510046367851623,-2300000.0,3270000.0,0.12635239567233386,1030000.0,2000000.0,0.07727975270479134,0.08068,0.08068,24790000,24790000,https://www.sec.gov/Archives/edgar/data/713425/000093176397002154/0000931763-97-002154-index.html,https://www.sec.gov/Archives/edgar/data/713425/0000931763-97-002154.txt,1620587931,15:18:51,20210509
94,1997-07-31,AMSWA,USD,1997-09-16 00:00:00,1997-09-16 00:00:00,Q1,25120000.0,12110000.0,13010000.0,0.5179140127388535,5290000.0,8730000.0,0.0,-2080000.0,11943000.0,24050000.0,980000.0,2380000.0,3440000.0,0.13694267515923567,1060000.0,0.04219745222929936,-2080000.0,2040000.0,0.08121019108280254,700000.0,1350000.0,0.05374203821656051,0.05572,0.05572,24230000,24230000,https://www.sec.gov/Archives/edgar/data/713425/000093176397001553/0000931763-97-001553-index.html,https://www.sec.gov/Archives/edgar/data/713425/0000931763-97-001553.txt,1620587931,15:18:51,20210509
95,1997-04-30,AMSWA,USD,1997-07-31 00:00:00,1997-07-31 00:00:00,Q4,25070000.0,11580000.0,13490000.0,0.538093338651775,5040000.0,8530000.0,0.0,-2290000.0,8964119.0,22860000.0,460000.0,2569999.9999999995,4780000.0,0.190666134822497,2210000.0,0.08815317112086159,-2290000.0,2660000.0,0.10610291184682888,720000.0,1950000.0,0.07778220981252493,0.0818,0.0818,23840000,23840000,https://www.sec.gov/Archives/edgar/data/713425/000093176397001218/0000931763-97-001218-index.html,https://www.sec.gov/Archives/edgar/data/713425/0000931763-97-001218.txt,1620587931,15:18:51,20210509
96,1997-01-31,AMSWA,USD,1997-03-17 00:00:00,1997-03-17 00:00:00,Q3,21570000.0,10480000.0,11090000.0,0.5141400092721372,3850000.0,8740000.0,0.0,-2280000.0,9328120.0,20780000.0,660000.0,2100000.0,2880000.0,0.13351877607788595,780000.0,0.03616133518776078,-2280000.0,1440000.0,0.06675938803894298,290000.0,1150000.0,0.05331478905887807,0.04826,0.04826,23830000,23830000,https://www.sec.gov/Archives/edgar/data/713425/000093176397000308/0000931763-97-000308-index.html,https://www.sec.gov/Archives/edgar/data/713425/0000931763-97-000308.txt,1620587931,15:18:51,20210509
97,1996-10-31,AMSWA,USD,1996-12-16 00:00:00,1996-12-16 00:00:00,Q2,19950000.0,10240000.0,9710000.0,0.4867167919799499,3880000.0,8080000.0,0.0,-2260000.0,8833506.0,19930000.0,510000.0,1750000.0,1770000.0,0.0887218045112782,20000.0,0.0010025062656641604,-2260000.0,530000.0,0.026566416040100252,80000.0,440000.0,0.02205513784461153,0.01876,0.01876,23450000,23450000,https://www.sec.gov/Archives/edgar/data/713425/000095010996008394/0000950109-96-008394-index.html,https://www.sec.gov/Archives/edgar/data/713425/0000950109-96-008394.txt,1620587931,15:18:51,20210509
98,1996-07-31,AMSWA,USD,1996-09-13 00:00:00,1996-09-13 00:00:00,Q1,18130000.0,9840000.0,8290000.0,0.45725317153888584,4470000.0,8210000.0,0.0,-3070000.0,8725245.0,19450000.0,120000.0,1690000.0,370000.0,0.02040816326530612,-1320000.0,-0.07280750137892995,-3070000.0,-1200000.0,-0.06618863761720904,0.0,-1200000.0,-0.06618863761720904,-0.05381,-0.05381,22300000,22300000,https://www.sec.gov/Archives/edgar/data/713425/000093176396000671/0000931763-96-000671-index.html,https://www.sec.gov/Archives/edgar/data/713425/0000931763-96-000671.txt,1620587931,15:18:51,20210509
99,1996-04-30,AMSWA,USD,1996-07-29 00:00:00,1996-07-29 00:00:00,Q4,17820000.0,18260000.0,-440000.0,-0.024691358024691357,0.0,12510000.0,0.0,0.0,14600000.0,30769999.999999996,210000.0,3269999.9999999995,-9680000.0,-0.5432098765432098,-12950000.0,-0.7267115600448933,0.0,-12740000.0,-0.7149270482603816,-2990000.0,-9750000.0,-0.5471380471380471,-0.43801,-0.43801,22260000,22260000,https://www.sec.gov/Archives/edgar/data/713425/000095010996004710/0000950109-96-004710-index.html,https://www.sec.gov/Archives/edgar/data/713425/0000950109-96-004710.txt,1620587931,15:18:51,20210509
100,1996-01-31,AMSWA,USD,1996-03-15 00:00:00,1996-03-15 00:00:00,Q3,17370000.0,10850000.0,6520000.0,0.37535981577432354,0.0,8970000.0,0.0,0.0,10800000.0,19820000.0,1160000.0,3180000.0000000005,730000.0000000005,0.04202648244099024,-2450000.0,-0.14104778353483016,0.0,-1290000.0,-0.07426597582037997,-520000.0,-780000.0,-0.044905008635578586,-0.03506,-0.03506,22250000,22250000,https://www.sec.gov/Archives/edgar/data/713425/000093176396000079/0000931763-96-000079-index.html,https://www.sec.gov/Archives/edgar/data/713425/0000931763-96-000079.txt,1620587931,15:18:51,20210509
101,1995-10-31,AMSWA,USD,1995-12-15 00:00:00,1995-12-15 00:00:00,Q2,21410000.0,11340000.0,10070000.0,0.4703409621672116,0.0,10020000.0,0.0,0.0,11900000.0,21370000.0,620000.0,2790000.0,2830000.0,0.13218122372723026,40000.0,0.0018682858477347033,0.0,660000.0,0.030826716487622606,250000.0,410000.0,0.01914992993928071,0.01728,0.01728,23730000,23730000,https://www.sec.gov/Archives/edgar/data/713425/000093176395000224/0000931763-95-000224-index.html,https://www.sec.gov/Archives/edgar/data/713425/0000931763-95-000224.txt,1620587931,15:18:51,20210509
102,1995-07-31,AMSWA,USD,1995-09-14 00:00:00,1995-09-14 00:00:00,Q1,20960000.0,11370000.0,9590000.0,0.4575381679389313,0.0,9560000.0,0.0,0.0,12000000.0,20930000.0,590000.0,2910000.0,2940000.0,0.14026717557251908,30000.0,0.0014312977099236641,0.0,620000.0,0.029580152671755726,250000.0,370000.0,0.017652671755725192,0.01582,0.01582,23390000,23390000,https://www.sec.gov/Archives/edgar/data/713425/000093176395000155/0000931763-95-000155-index.html,https://www.sec.gov/Archives/edgar/data/713425/0000931763-95-000155.txt,1620587931,15:18:51,20210509
103,1995-04-30,AMSWA,USD,1995-07-28 00:00:00,1995-07-28 00:00:00,Q4,20350000.0,11730000.0,8620000.0,0.42358722358722356,0.0,9270000.0,0.0,0.0,12100000.0,21000000.0,1000000.0,2929999.9999999995,2279999.9999999995,0.11203931203931201,-650000.0,-0.03194103194103194,0.0,350000.0,0.0171990171990172,190000.0,160000.0,0.007862407862407862,0.00717,0.00717,22300000,22300000,https://www.sec.gov/Archives/edgar/data/713425/000093176395000116/0000931763-95-000116-index.html,https://www.sec.gov/Archives/edgar/data/713425/0000931763-95-000116.txt,1620587931,15:18:51,20210509
104,1995-01-31,AMSWA,USD,1995-03-16,1995-03-16,Q4,20600000.0,9700000.0,10900000.0,0.529126213592233,0.0,10000000.0,0.0,0.0,12900000.0,22600000.0,0.0,2900000.0,900000.0,0.043689320388349516,-2000000.0,-0.0970873786407767,200000.0,-1800000.0,-0.08737864077669903,-800000.0,-1000000.0,-0.04854368932038835,-0.04,-0.04,25000000,25000000,https://www.sec.gov/Archives/edgar/data/713425/0000931763-95-000038-index.html,https://www.sec.gov/Archives/edgar/data/713425/,1620587931,15:18:51,20210509
105,1994-10-31,AMSWA,USD,1994-10-31,1994-10-31,Q4,20300000.0,9500000.0,10800000.0,0.5320197044334976,0.0,13000000.0,0.0,0.0,16000000.0,25500000.0,0.0,3000000.0,-2200000.0,-0.10837438423645321,-5200000.0,-0.2561576354679803,200000.0,-5000000.0,-0.24630541871921183,-2100000.0,-2900000.0,-0.14285714285714285,-0.13,-0.13,22307692,22307692,,,1620587931,15:18:51,20210509
106,1994-07-31,AMSWA,USD,1994-07-31,1994-07-31,Q1,18300000.0,9400000.0,8900000.0,0.48633879781420764,0.0,11700000.0,0.0,0.0,14600000.0,24000000.0,0.0,2900000.0,-2800000.0,-0.15300546448087432,-5700000.0,-0.3114754098360656,800000.0,-5000000.0,-0.273224043715847,-2000000.0,-3000000.0,-0.16393442622950818,-0.13,-0.13,23076923,23076923,,,1620587931,15:18:51,20210509
107,1994-04-30,AMSWA,USD,1994-04-30,1994-04-30,Q4,22300000.0,11800000.0,10500000.0,0.47085201793721976,0.0,15900000.0,0.0,0.0,19200000.0,31000000.0,0.0,3300000.0,-5400000.0,-0.242152466367713,-8700000.0,-0.3901345291479821,300000.0,-8200000.0,-0.36771300448430494,-3300000.0,-4900000.0,-0.21973094170403587,-0.245,-0.245,20000000,20000000,,,1620587931,15:18:51,20210509
108,1994-01-31,AMSWA,USD,1994-01-31,1994-01-31,Q4,24300000.0,11300000.0,13000000.0,0.5349794238683128,0.0,10400000.0,0.0,0.0,13600000.0,24900000.0,0.0,3200000.0,2600000.0,0.10699588477366255,-600000.0,-0.024691358024691357,800000.0,100000.0,0.00411522633744856,-100000.0,200000.0,0.00823045267489712,0.01,0.01,20000000,20000000,,,1620587931,15:18:51,20210509
109,1993-10-31,AMSWA,USD,1993-10-31,1993-10-31,Q4,22400000.0,11100000.0,11300000.0,0.5044642857142857,0.0,14200000.0,0.0,0.0,17100000.0,28200000.0,0.0,2900000.0,-2900000.0,-0.12946428571428573,-5800000.0,-0.25892857142857145,800000.0,-4900000.0,-0.21875,-2000000.0,-2900000.0,-0.12946428571428573,-0.13,-0.13,22307692,22307692,,,1620587931,15:18:51,20210509
110,1993-07-31,AMSWA,USD,1993-07-31,1993-07-31,Q1,25200000.0,10900000.0,14300000.0,0.5674603174603174,0.0,10500000.0,0.0,0.0,13300000.0,24200000.0,0.0,2800000.0,3800000.0,0.15079365079365079,1000000.0,0.03968253968253968,500000.0,1400000.0,0.05555555555555555,400000.0,1000000.0,0.03968253968253968,0.05,0.05,20000000,20000000,,,1620587931,15:18:51,20210509
111,1993-04-30,AMSWA,USD,1993-04-30,1993-04-30,Q4,25700000.0,12700000.0,13000000.0,0.5058365758754864,0.0,10300000.0,0.0,0.0,12700000.0,25400000.0,0.0,2400000.0,2700000.0,0.10505836575875487,300000.0,0.011673151750972763,700000.0,1000000.0,0.038910505836575876,200000.0,800000.0,0.0311284046692607,0.03636363636363636,0.03636363636363636,22000000,22000000,,,1620587931,15:18:51,20210509
112,1993-01-31,AMSWA,USD,1993-01-31,1993-01-31,Q4,25700000.0,12600000.0,13100000.0,0.5097276264591439,0.0,10600000.0,0.0,0.0,12700000.0,25300000.0,0.0,2100000.0,2500000.0,0.09727626459143969,400000.0,0.01556420233463035,900000.0,1200000.0,0.04669260700389105,100000.0,1100000.0,0.042801556420233464,0.05,0.05,22000000,22000000,,,1620587931,15:18:51,20210509
113,1992-10-31,AMSWA,USD,1992-10-31,1992-10-31,Q4,27700000.0,13100000.0,14600000.0,0.5270758122743683,0.0,11700000.0,0.0,0.0,14000000.0,27100000.0,0.0,2300000.0,2900000.0,0.10469314079422383,600000.0,0.021660649819494584,700000.0,1400000.0,0.05054151624548736,300000.0,1100000.0,0.039711191335740074,0.05,0.05,22000000,22000000,,,1620587931,15:18:51,20210509
114,1992-07-31,AMSWA,USD,1992-07-31,1992-07-31,Q1,27700000.0,11700000.0,16000000.0,0.5776173285198556,0.0,12100000.0,0.0,0.0,14100000.0,25800000.0,0.0,2000000.0,3900000.0,0.1407942238267148,1900000.0,0.06859205776173286,1300000.0,3100000.0,0.11191335740072202,1000000.0,2100000.0,0.07581227436823104,0.09,0.09,23333333,23333333,,,1620587931,15:18:51,20210509
115,1992-04-30,AMSWA,USD,1992-04-30,1992-04-30,Q4,28000000.0,11600000.0,16400000.0,0.5857142857142857,0.0,10300000.0,0.0,0.0,12200000.0,23800000.0,0.0,1900000.0,6100000.0,0.21785714285714286,4200000.0,0.15,1200000.0,5300000.0,0.18928571428571428,1600000.0,3700000.0,0.13214285714285715,0.15770492113517878,0.15770492113517878,23461538,23461538,,,1620587931,15:18:51,20210509
116,1992-01-31,AMSWA,USD,1992-01-31,1992-01-31,Q4,31100000.0,10100000.0,21000000.0,0.6752411575562701,0.0,11200000.0,0.0,0.0,13000000.0,23100000.0,0.0,1900000.0,9900000.0,0.3183279742765273,8000000.0,0.2572347266881029,1300000.0,9300000.0,0.2990353697749196,3200000.0,6100000.0,0.19614147909967847,0.26,0.26,23461538,23461538,,,1620587931,15:18:51,20210509
117,1991-10-31,AMSWA,USD,1991-10-31,1991-10-31,Q4,26700000.0,9300000.0,17400000.0,0.651685393258427,0.0,10300000.0,0.0,0.0,12200000.0,21500000.0,0.0,1900000.0,7100000.0,0.26591760299625467,5200000.0,0.1947565543071161,1100000.0,6300000.0,0.23595505617977527,2100000.0,4200000.0,0.15730337078651685,0.18,0.18,23333333,23333333,,,1620587931,15:18:51,20210509
118,1991-07-31,AMSWA,USD,1991-07-31,1991-07-31,Q1,27400000.0,9800000.0,17600000.0,0.6423357664233577,0.0,10000000.0,0.0,0.0,11600000.0,21400000.0,0.0,1600000.0,7600000.0,0.2773722627737226,6000000.0,0.21897810218978103,1000000.0,6800000.0,0.24817518248175183,2300000.0,4500000.0,0.16423357664233576,0.2,0.2,22500000,22500000,,,1620587931,15:18:51,20210509
119,1991-04-30,AMSWA,USD,1991-04-30,1991-04-30,Q4,28600000.0,10100000.0,18500000.0,0.6468531468531469,0.0,9900000.0,0.0,0.0,11500000.0,21600000.0,0.0,1600000.0,8600000.0,0.3006993006993007,7000000.0,0.24475524475524477,1200000.0,8300000.0,0.2902097902097902,3000000.0,5300000.0,0.1853146853146853,0.22918918918918918,0.22918918918918918,23125000,23125000,,,1620587931,15:18:51,20210509
120,1991-01-31,AMSWA,USD,1991-01-31,1991-01-31,Q4,24500000.0,8900000.0,15600000.0,0.636734693877551,0.0,10300000.0,0.0,0.0,11500000.0,20400000.0,0.0,1300000.0,5400000.0,0.22040816326530613,4100000.0,0.1673469387755102,1400000.0,5400000.0,0.22040816326530613,1700000.0,3700000.0,0.1510204081632653,0.16,0.16,23125000,23125000,,,1620587931,15:18:51,20210509
121,1990-10-31,AMSWA,USD,1990-10-31,1990-10-31,Q4,26400000.0,8900000.0,17500000.0,0.6628787878787878,0.0,9900000.0,0.0,0.0,11200000.0,20100000.0,0.0,1200000.0,7500000.0,0.2840909090909091,6300000.0,0.23863636363636365,700000.0,7000000.0,0.26515151515151514,2500000.0,4500000.0,0.17045454545454544,0.2,0.2,22500000,22500000,,,1620587931,15:18:51,20210509
122,1990-07-31,AMSWA,USD,1990-07-31,1990-07-31,Q1,22300000.0,7600000.0,14700000.0,0.6591928251121076,0.0,8800000.0,0.0,0.0,10100000.0,17700000.0,0.0,1300000.0,5900000.0,0.2645739910313901,4600000.0,0.2062780269058296,1300000.0,5900000.0,0.2645739910313901,2000000.0,3900000.0,0.17488789237668162,0.17,0.17,22941176,22941176,,,1620587931,15:18:51,20210509
123,1990-04-30,AMSWA,USD,1990-04-30,1990-04-30,Q4,26500000.0,8300000.0,18200000.0,0.6867924528301886,0.0,9700000.0,0.0,0.0,10800000.0,19100000.0,0.0,1100000.0,8500000.0,0.32075471698113206,7400000.0,0.2792452830188679,800000.0,8300000.0,0.3132075471698113,2800000.0,5500000.0,0.20754716981132076,0.24553571428571427,0.24553571428571427,22400000,22400000,,,1620587931,15:18:51,20210509
124,1990-01-31,AMSWA,USD,1990-01-31,1990-01-31,Q4,23600000.0,7200000.0,16400000.0,0.6949152542372882,0.0,7700000.0,0.0,0.0,8900000.0,16100000.0,0.0,0.0,7600000.0,0.3220338983050847,7500000.0,0.3177966101694915,1100000.0,8500000.0,0.3601694915254237,2900000.0,5600000.0,0.23728813559322035,0.25,0.25,22400000,22400000,,,1620587931,15:18:51,20210509
125,1989-10-31,AMSWA,USD,1989-10-31,1989-10-31,Q4,20900000.0,0.0,0.0,0.0,0.0,0.0,0.0,0.0,0.0,0.0,0.0,0.0,20900000.0,1.0,20900000.0,1.0,0.0,0.0,0.0,0.0,0.0,0.0,0.16,0.16,22657000,22657000,,,1620587931,15:18:51,20210509
126,1989-07-31,AMSWA,USD,1989-07-31,1989-07-31,Q1,20100000.0,0.0,0.0,0.0,0.0,0.0,0.0,0.0,0.0,0.0,0.0,0.0,20100000.0,1.0,20100000.0,1.0,0.0,0.0,0.0,0.0,0.0,0.0,0.17,0.17,22388000,22388000,,,1620587931,15:18:51,20210509
127,1989-04-30,AMSWA,USD,1989-04-30,1989-04-30,Q4,21700000.0,0.0,0.0,0.0,0.0,0.0,0.0,0.0,0.0,0.0,0.0,0.0,-30200000.0,-1.391705069124424,-30200000.0,-1.391705069124424,0.0,0.0,0.0,0.0,0.0,0.0,0.0,0.0,22535000,22535000,,,1620587931,15:18:51,20210509
128,1989-01-31,AMSWA,USD,1989-01-31,1989-01-31,Q4,19700000.0,0.0,0.0,0.0,0.0,0.0,0.0,0.0,0.0,0.0,0.0,0.0,19700000.0,1.0,19700000.0,1.0,0.0,0.0,0.0,0.0,0.0,0.0,0.21,0.21,22535000,22535000,,,1620587931,15:18:51,20210509
129,1988-10-31,AMSWA,USD,1988-10-31,1988-10-31,Q4,14900000.0,0.0,0.0,0.0,0.0,0.0,0.0,0.0,0.0,0.0,0.0,0.0,14900000.0,1.0,14900000.0,1.0,0.0,0.0,0.0,0.0,0.0,0.0,0.12,0.12,22480000,22480000,,,1620587931,15:18:51,20210509
130,1988-07-31,AMSWA,USD,1988-07-31,1988-07-31,Q1,15300000.0,0.0,0.0,0.0,0.0,0.0,0.0,0.0,0.0,0.0,0.0,0.0,15300000.0,1.0,15300000.0,1.0,0.0,0.0,0.0,0.0,0.0,0.0,0.13,0.13,22912000,22912000,,,1620587931,15:18:51,20210509
131,1988-04-30,AMSWA,USD,1988-04-30,1988-04-30,Q4,14400000.0,0.0,0.0,0.0,0.0,0.0,0.0,0.0,0.0,0.0,0.0,0.0,-25800000.0,-1.7916666666666667,-25800000.0,-1.7916666666666667,0.0,0.0,0.0,0.0,0.0,0.0,0.0,0.0,23520000,23520000,,,1620587931,15:18:51,20210509
132,1988-01-31,AMSWA,USD,1988-01-31,1988-01-31,Q4,15100000.0,0.0,0.0,0.0,0.0,0.0,0.0,0.0,0.0,0.0,0.0,0.0,15100000.0,1.0,15100000.0,1.0,0.0,0.0,0.0,0.0,0.0,0.0,0.17,0.17,23520000,23520000,,,1620587931,15:18:51,20210509
133,1987-10-31,AMSWA,USD,1987-10-31,1987-10-31,Q4,13500000.0,0.0,0.0,0.0,0.0,0.0,0.0,0.0,0.0,0.0,0.0,0.0,13500000.0,1.0,13500000.0,1.0,0.0,0.0,0.0,0.0,0.0,0.0,0.11,0.11,23534000,23534000,,,1620587931,15:18:51,20210509
134,1987-07-31,AMSWA,USD,1987-07-31,1987-07-31,Q1,11200000.0,0.0,0.0,0.0,0.0,0.0,0.0,0.0,0.0,0.0,0.0,0.0,11200000.0,1.0,11200000.0,1.0,0.0,0.0,0.0,0.0,0.0,0.0,0.05,0.05,23513000,23513000,,,1620587931,15:18:51,20210509
135,1987-04-30,AMSWA,USD,1987-04-30,1987-04-30,Q4,12800000.0,0.0,0.0,0.0,0.0,0.0,0.0,0.0,0.0,0.0,0.0,0.0,-20200000.0,-1.578125,-20200000.0,-1.578125,0.0,0.0,0.0,0.0,0.0,0.0,0.0,0.0,23168000,23168000,,,1620587931,15:18:51,20210509
136,1987-01-31,AMSWA,USD,1987-01-31,1987-01-31,Q4,13100000.0,0.0,0.0,0.0,0.0,0.0,0.0,0.0,0.0,0.0,0.0,0.0,13100000.0,1.0,13100000.0,1.0,0.0,0.0,0.0,0.0,0.0,0.0,0.13,0.13,23168000,23168000,,,1620587931,15:18:51,20210509
137,1986-10-31,AMSWA,USD,1986-10-31,1986-10-31,Q4,10800000.0,0.0,0.0,0.0,0.0,0.0,0.0,0.0,0.0,0.0,0.0,0.0,10800000.0,1.0,10800000.0,1.0,0.0,0.0,0.0,0.0,0.0,0.0,0.09,0.09,23168000,23168000,,,1620587931,15:18:51,20210509
138,1986-07-31,AMSWA,USD,1986-07-31,1986-07-31,Q1,10000000.0,0.0,0.0,0.0,0.0,0.0,0.0,0.0,0.0,0.0,0.0,0.0,10000000.0,1.0,10000000.0,1.0,0.0,0.0,0.0,0.0,0.0,0.0,0.07,0.07,23168000,23168000,,,1620587931,15:18:51,20210509
139,1986-04-30,AMSWA,USD,1986-04-30,1986-04-30,Q4,10300000.0,0.0,0.0,0.0,0.0,0.0,0.0,0.0,0.0,0.0,0.0,0.0,-20300000.0,-1.970873786407767,-20300000.0,-1.970873786407767,0.0,0.0,0.0,0.0,0.0,0.0,0.0,0.0,23168000,23168000,,,1620587931,15:18:51,20210509
140,1986-01-31,AMSWA,USD,1986-01-31,1986-01-31,Q4,8900000.0,0.0,0.0,0.0,0.0,0.0,0.0,0.0,0.0,0.0,0.0,0.0,8900000.0,1.0,8900000.0,1.0,0.0,0.0,0.0,0.0,0.0,0.0,0.06,0.06,23168000,23168000,,,1620587931,15:18:51,20210509
141,1985-10-31,AMSWA,USD,1985-10-31,1985-10-31,Q4,10200000.0,0.0,0.0,0.0,0.0,0.0,0.0,0.0,0.0,0.0,0.0,0.0,10200000.0,1.0,10200000.0,1.0,0.0,0.0,0.0,0.0,0.0,0.0,0.07,0.07,23168000,23168000,,,1620587931,15:18:51,20210509
