,date,symbol,reportedCurrency,fillingDate,acceptedDate,period,revenue,costOfRevenue,grossProfit,grossProfitRatio,researchAndDevelopmentExpenses,generalAndAdministrativeExpenses,sellingAndMarketingExpenses,otherExpenses,operatingExpenses,costAndExpenses,interestExpense,depreciationAndAmortization,ebitda,ebitdaratio,operatingIncome,operatingIncomeRatio,totalOtherIncomeExpensesNet,incomeBeforeTax,incomeBeforeTaxRatio,incomeTaxExpense,netIncome,netIncomeRatio,eps,epsdiluted,weightedAverageShsOut,weightedAverageShsOutDil,link,finalLink,timestamp,est_time,est_date
0,2020-12-31,CCLP,USD,2021-03-04,2021-03-04 17:17:41,Q4,35737000,27059000.0,8678000.0,0.24282956039958586,0.0,4717000.0,0.0,-27000.0,4717000.0,31776000.0,13833000.0,20561000.0,24522000.0,0.6861795897808993,3961000.0,0.11083750734532836,-1046000.0,-10918000.0,-0.30550969583344995,1221000.0,-23025000.0,-0.6442902314128215,-0.486249,-0.49,47352291.0,47352291.0,https://www.sec.gov/Archives/edgar/data/1449488/000144948821000004/0001449488-21-000004-index.htm,https://www.sec.gov/Archives/edgar/data/1449488/000144948821000004/cclp-20201231.htm,1620590034,15:53:54,20210509
1,2020-09-30,CCLP,USD,2020-11-02,2020-11-02 07:47:48,Q3,79158000,98826000.0,-19668000.0,-0.2484650951262033,0.0,9150000.0,0.0,-1326000.0,29097000.0,107976000.0,-13886000.0,19947000.0,8035000.0,0.10150584906137093,-11912000.0,-0.15048384244169888,-1326000.0,-11912000.0,-0.15048384244169888,695000.0,-12607000.0,-0.15926375097905454,-0.0010746584683996693,-0.0010746584683996693,47333260.0,47333260.0,https://www.sec.gov/Archives/edgar/data/1449488/000144948820000018/0001449488-20-000018-index.htm,https://www.sec.gov/Archives/edgar/data/1449488/000144948820000018/tti-20200930.htm,1620590034,15:53:54,20210509
2,2020-06-30,CCLP,USD,2020-08-03,2020-08-03 16:16:58,Q2,96413000,63243000.0,33170000.0,0.3440407413937954,0.0,10172000.0,0.0,4186000.0,30289000.0,106694999.99999999,13580000.0,20116999.999999996,9834999.999999996,0.10200906516756035,-10282000.0,-0.10664536940039206,4403000.0,-23562000.0,-0.2443861305010735,1016000.0,-24578000.0,-0.25492412848889673,-0.51925,-0.51925,47333260.0,47333260.0,https://www.sec.gov/Archives/edgar/data/1449488/000144948820000014/0001449488-20-000014-index.htm,https://www.sec.gov/Archives/edgar/data/1449488/000144948820000014/a2020063010qcclp.htm,1620590034,15:53:54,20210509
3,2020-03-31,CCLP,USD,2020-05-07 00:00:00,2020-05-07 16:12:53,Q1,90279000,54553000.0,35726000.0,0.39572879628706564,0.0,10256000.0,0.0,440000.0,30164000.0,90528000.00000001,13169000.0,19908000.0,19659000.0,0.21775828265709635,-249000.0,-0.002758116505499618,0.0,-13418000.0,-0.1486281416497746,212000.0,-13630000.0,-0.15097641755003932,-0.28891,-0.28891,47176640.0,47176640.0,https://www.sec.gov/Archives/edgar/data/1449488/000144948820000009/0001449488-20-000009-index.html,https://www.sec.gov/Archives/edgar/data/1449488/000144948820000009/a2020033110qcclp.htm,1620590034,15:53:54,20210509
4,2019-12-31,CCLP,USD,2020-03-16 00:00:00,2020-03-16 14:35:09,Q4,123542000,81973000.0,41569000.0,0.33647666380664065,0.0,10125000.0,0.0,-762000.0,30743000.0,111954000.0,-13498000.0,20617999.999999996,32205999.999999996,0.2606886726781175,11588000.0,0.09379806057858865,0.0,-1910000.0,-0.01546032928073044,47000.0,-1957000.0,-0.015840766702821713,-0.04157,-0.04157,47079250.0,47079250.0,https://www.sec.gov/Archives/edgar/data/1449488/000144948820000005/0001449488-20-000005-index.html,https://www.sec.gov/Archives/edgar/data/1449488/000144948820000005/cclp2019123110k.htm,1620590034,15:53:54,20210509
5,2019-09-30,CCLP,USD,2019-11-07 00:00:00,2019-11-06 17:45:04,Q3,113747000,74076000.0,39671000.0,0.3487652421602328,0.0,11336000.0,0.0,-530000.0,29795000.0,104190000.0,13533000.0,18459000.000000004,28016000.000000004,0.24630100134509045,9557000.0,0.08401979832435141,0.0,-3976000.0,-0.03495476803783836,-363000.0,-3613000.0,-0.03176347508066147,-0.07675,-0.07675,47072940.0,47072940.0,https://www.sec.gov/Archives/edgar/data/1449488/000144948819000014/0001449488-19-000014-index.html,https://www.sec.gov/Archives/edgar/data/1449488/000144948819000014/a2019093010qcclp.htm,1620590034,15:53:54,20210509
6,2019-06-30,CCLP,USD,2019-08-08 00:00:00,2019-08-07 19:21:32,Q2,135856000,93350000.0,42506000.0,0.31287539747968435,0.0,10974000.0,0.0,607000.0,30028000.0,126296000.00000001,13045000.0,19054000.0,28614000.0,0.21062006830761984,9560000.0,0.07036862560358026,0.0,-3651000.0,-0.02687404310446355,-704000.0,-2947000.0,-0.021692085737840067,-0.06265,-0.06265,47040710.0,47040710.0,https://www.sec.gov/Archives/edgar/data/1449488/000144948819000010/0001449488-19-000010-index.html,https://www.sec.gov/Archives/edgar/data/1449488/000144948819000010/a2019063010qcclp.htm,1620590034,15:53:54,20210509
7,2019-03-31,CCLP,USD,2019-05-09 00:00:00,2019-05-08 20:49:42,Q1,103436000,68100000.0,35336000.0,0.34162187246219883,0.0,10665000.0,0.0,-381000.0,29197000.0,96916000.0,13299000.0,18532000.0,25052000.0,0.24219807417146835,6520000.0,0.06303414671874395,0.0,-8083000.0,-0.07814493986619746,4373000.0,-12456000.0,-0.12042229011175992,-0.26598,-0.26598,46830610.0,46830610.0,https://www.sec.gov/Archives/edgar/data/1449488/000144948819000007/0001449488-19-000007-index.html,https://www.sec.gov/Archives/edgar/data/1449488/000144948819000007/a2019033110qcclp.htm,1620590034,15:53:54,20210509
8,2018-12-31,CCLP,USD,2019-03-04 00:00:00,2019-03-04 16:44:00,Q4,138068000,102206000.0,35862000.0,0.2597415766144219,0.0,9862000.0,0.0,-647000.0,27866000.0,130105999.99999999,13482000.0,18003999.999999996,25965999.999999996,0.18806674971753046,7962000.0,0.057667236434220816,0.0,-3145000.0,-0.022778630819596142,557000.0,-3702000.0,-0.026812874815308398,-0.08286,-0.08286,44679410.0,44679410.0,https://www.sec.gov/Archives/edgar/data/1449488/000144948819000004/0001449488-19-000004-index.html,https://www.sec.gov/Archives/edgar/data/1449488/000144948819000004/cclp2018123110k.htm,1620590034,15:53:54,20210509
9,2018-09-30,CCLP,USD,2018-11-08 00:00:00,2018-11-08 14:36:01,Q3,115256000,80697000.0,34559000.0,0.2998455611855348,0.0,10592000.0,0.0,-78000.0,28273000.0,108892000.0,13847000.0,17696000.000000004,24060000.000000004,0.20875268966474633,6364000.0,0.055216214340251264,0.0,-8053000.0,-0.06987054903866176,-106000.0,-7947000.0,-0.06895085722218366,-0.18755,-0.18755,42373000.0,42373000.0,https://www.sec.gov/Archives/edgar/data/1449488/000144948818000011/0001449488-18-000011-index.html,https://www.sec.gov/Archives/edgar/data/1449488/000144948818000011/a2018093010qcclp.htm,1620590034,15:53:54,20210509
10,2018-06-30,CCLP,USD,2018-08-08 00:00:00,2018-08-08 17:04:07,Q2,99900000,67500000.0,32400000.0,0.32432432432432434,0.0,10800000.0,0.0,-400000.0,28297000.0,95400000.0,13823000.0,17400000.0,21900000.0,0.21921921921921922,4500000.0,0.04504504504504504,-400000.0,-8700000.0,-0.08708708708708708,900000.0,-9600000.0,-0.0960960960960961,-0.23762,-0.23762,40400000.0,40400000.0,https://www.sec.gov/Archives/edgar/data/1449488/000144948818000008/0001449488-18-000008-index.html,https://www.sec.gov/Archives/edgar/data/1449488/000144948818000008/a2018063010qcclp.htm,1620590034,15:53:54,20210509
11,2018-03-31,CCLP,USD,2018-05-09 00:00:00,2018-05-09 14:17:15,Q1,85400000,58000000.0,27400000.0,0.32084309133489464,0.0,8300000.0,0.0,3200000.0,25664000.0,86900000.0,11433000.0,17400000.0,16000000.0,0.1873536299765808,-1400000.0,-0.01639344262295082,3200000.0,-14400000.0,-0.1686182669789227,1300000.0,-15700000.0,-0.18384074941451992,-0.40568,-0.40568,38700000.0,38700000.0,https://www.sec.gov/Archives/edgar/data/1449488/000144948818000005/0001449488-18-000005-index.html,https://www.sec.gov/Archives/edgar/data/1449488/000144948818000005/a2018033110qcclp.htm,1620590034,15:53:54,20210509
12,2017-12-31,CCLP,USD,2018-03-02 00:00:00,2018-03-01 17:59:30,Q4,83100000,55300000.0,27800000.0,0.3345367027677497,0.0,7800000.0,0.0,0.0,25040000.0,80400000.00000001,11232000.0,17199999.999999996,19899999.999999996,0.23947051744885675,2700000.0,0.032490974729241874,0.0,-10100000.0,-0.12154031287605295,600000.0,-10700000.0,-0.12876052948255115,-0.29155,-0.29155,36700000.0,36700000.0,https://www.sec.gov/Archives/edgar/data/1449488/000144948818000002/0001449488-18-000002-index.html,https://www.sec.gov/Archives/edgar/data/1449488/000144948818000002/cclp2017123110k.htm,1620590034,15:53:54,20210509
13,2017-09-30,CCLP,USD,2017-11-08 00:00:00,2017-11-08 15:30:36,Q3,71600000,45500000.0,26100000.0,0.3645251396648045,0.0,8700000.0,0.0,-2700000.0,26043000.0,68900000.0,11071000.0,17400000.0,20100000.0,0.2807262569832402,2700000.0,0.03770949720670391,-2700000.0,-7000000.0,-0.09776536312849161,800000.0,-7800000.0,-0.10893854748603352,-0.22034,-0.22034,35400000.0,35400000.0,https://www.sec.gov/Archives/edgar/data/1449488/000144948817000013/0001449488-17-000013-index.html,https://www.sec.gov/Archives/edgar/data/1449488/000144948817000013/a2017093010qcclp.htm,1620590034,15:53:54,20210509
14,2017-06-30,CCLP,USD,2017-08-08 00:00:00,2017-08-08 15:04:24,Q2,75300000,50600000.0,24700000.0,0.3280212483399734,0.0,8200000.0,0.0,100000.0,25434000.0,76200000.0,10449000.0,17200000.0,16400000.0,0.21779548472775564,-800000.0,-0.010624169986719787,100000.0,-5800000.0,-0.07702523240371846,600000.0,-6400000.0,-0.0849933598937583,-0.18551,-0.18551,34500000.0,34500000.0,https://www.sec.gov/Archives/edgar/data/1449488/000144948817000010/0001449488-17-000010-index.html,https://www.sec.gov/Archives/edgar/data/1449488/000144948817000010/a2017063010qcclp.htm,1620590034,15:53:54,20210509
15,2017-03-31,CCLP,USD,2017-05-09 00:00:00,2017-05-09 16:35:57,Q1,65600000,42100000.0,23500000.0,0.35823170731707316,0.0,8800000.0,0.0,0.0,26061000.0,68100000.0,10383000.0,17300000.0,14800000.0,0.22560975609756098,-2500000.0,-0.038109756097560975,0.0,-14800000.0,-0.22560975609756098,800000.0,-15600000.0,-0.23780487804878048,-0.46567,-0.46567,33500000.0,33500000.0,https://www.sec.gov/Archives/edgar/data/1449488/000144948817000007/0001449488-17-000007-index.html,https://www.sec.gov/Archives/edgar/data/1449488/000144948817000007/a2017033110qcclp.htm,1620590034,15:53:54,20210509
16,2016-12-31,CCLP,USD,2017-02-28 00:00:00,2017-02-28 16:46:53,Q4,82900000,58700000.0,24200000.0,0.29191797346200243,0.0,8500000.0,0.0,-7700000.0,25637000.0,79000000.0,10621000.0,17099999.999999993,20999999.999999993,0.2533172496984318,3900000.0,0.047044632086851626,-7700000.0,-11800000.0,-0.14234016887816647,400000.0,-12100000.0,-0.14595898673100122,-0.36228,-0.36228,33400000.0,33400000.0,https://www.sec.gov/Archives/edgar/data/1449488/000144948817000004/0001449488-17-000004-index.html,https://www.sec.gov/Archives/edgar/data/1449488/000144948817000004/cclp2016123110k.htm,1620590034,15:53:54,20210509
17,2016-09-30,CCLP,USD,2016-11-09 00:00:00,2016-11-09 13:58:24,Q3,70700000,40500000.0,30200000.0,0.42715700141442714,0.0,9300000.0,0.0,9100000.0,27101000.0,76700000.0,9762000.0,17799999.999999996,11799999.999999996,0.16690240452616684,-6000000.0,-0.08486562942008487,9100000.0,-15800000.0,-0.22347949080622348,200000.0,-16000000.0,-0.2263083451202263,-0.48193,-0.48193,33200000.0,33200000.0,https://www.sec.gov/Archives/edgar/data/1449488/000144948816000161/0001449488-16-000161-index.html,https://www.sec.gov/Archives/edgar/data/1449488/000144948816000161/a2016093010qcclp.htm,1620590034,15:53:54,20210509
18,2016-06-30,CCLP,USD,2016-08-09 00:00:00,2016-08-09 16:31:03,Q2,76100000,43700000.0,32400000.0,0.42575558475689884,0.0,8200000.0,0.0,700000.0,26925000.0,71300000.0,8870000.0,18700000.000000004,23500000.000000004,0.30880420499342975,4800000.0,0.06307490144546649,700000.0,-4100000.0,-0.05387647831800263,600000.0,-4700000.0,-0.06176084099868594,-0.14157,-0.14157,33200000.0,33200000.0,https://www.sec.gov/Archives/edgar/data/1449488/000144948816000136/0001449488-16-000136-index.html,https://www.sec.gov/Archives/edgar/data/1449488/000144948816000136/a2016063010qcclp.htm,1620590034,15:53:54,20210509
19,2016-03-31,CCLP,USD,2016-05-10 00:00:00,2016-05-10 17:24:36,Q1,81700000,48400000.0,33300000.0,0.40758873929008566,0.0,10200000.0,0.0,300000.0,28682000.0,177500000.0,8802000.0,18500000.0,-77400000.0,-0.9473684210526315,-95900000.0,-1.1738066095471236,300000.0,-104700000.0,-1.281517747858017,700000.0,-105300000.0,-1.2888616891064872,-3.17169,-3.17169,33200000.0,33200000.0,https://www.sec.gov/Archives/edgar/data/1449488/000144948816000106/0001449488-16-000106-index.html,https://www.sec.gov/Archives/edgar/data/1449488/000144948816000106/a2016033110qcclp.htm,1620590034,15:53:54,20210509
20,2015-12-31,CCLP,USD,2016-03-07 00:00:00,2016-03-07 17:15:56,Q4,99400000,59800000.0,39600000.0,0.3983903420523139,0.0,11200000.0,0.0,-1700000.0,31818000.0,241100000.0,8110000.0,20599999.999999993,-121100000.0,-1.2183098591549295,-141700000.0,-1.4255533199195172,-1700000.0,-152600000.0,-1.5352112676056338,-1400000.0,-151200000.0,-1.5211267605633803,-4.55422,-4.55422,33200000.0,33200000.0,https://www.sec.gov/Archives/edgar/data/1449488/000144948816000090/0001449488-16-000090-index.html,https://www.sec.gov/Archives/edgar/data/1449488/000144948816000090/cclp2015123110k.htm,1620590034,15:53:54,20210509
21,2015-09-30,CCLP,USD,2015-11-10 00:00:00,2015-11-10 17:31:31,Q3,128900000,86100000.0,42800000.0,0.33204034134988364,0.0,10500000.0,0.0,1500000.0,31079000.0,118700000.00000001,8201000.0,20600000.0,30800000.0,0.23894491854150504,10200000.0,0.0791311093871218,1500000.0,2000000.0,0.015515903801396431,400000.0,1600000.0,0.012412723041117145,0.04819,0.04819,33200000.0,33200000.0,https://www.sec.gov/Archives/edgar/data/1449488/000144948815000076/0001449488-15-000076-index.html,https://www.sec.gov/Archives/edgar/data/1449488/000144948815000076/a2015093010qcclp.htm,1620590034,15:53:54,20210509
22,2015-06-30,CCLP,USD,2015-08-11 00:00:00,2015-08-11 14:49:46,Q2,126500000,84700000.0,41800000.0,0.33043478260869563,0.0,10600000.0,0.0,1200000.0,31183000.0,117000000.0,7961000.0,20600000.0,30000000.0,0.23715415019762845,9400000.0,0.07430830039525692,1200000.0,1500000.0,0.011857707509881422,300000.0,1200000.0,0.009486166007905139,0.03614,0.03614,33200000.0,33200000.0,https://www.sec.gov/Archives/edgar/data/1449488/000144948815000059/0001449488-15-000059-index.html,https://www.sec.gov/Archives/edgar/data/1449488/000144948815000059/a2015063010qcclp.htm,1620590034,15:53:54,20210509
23,2015-03-31,CCLP,USD,2015-05-12 00:00:00,2015-05-12 15:19:50,Q1,102900000,60100000.0,42800000.0,0.4159378036929057,0.0,11200000.0,0.0,1200000.0,31237000.0,92599999.99999999,7906000.0,20000000.0,30300000.0,0.2944606413994169,10300000.0,0.1000971817298348,1200000.0,2400000.0,0.023323615160349854,600000.0,1800000.0,0.01749271137026239,0.05438,0.05438,33100000.0,33100000.0,https://www.sec.gov/Archives/edgar/data/1449488/000144948815000041/0001449488-15-000041-index.html,https://www.sec.gov/Archives/edgar/data/1449488/000144948815000041/a2015033110qcclp.htm,1620590034,15:53:54,20210509
24,2014-12-31,CCLP,USD,2015-03-20,2015-03-19 18:32:57,Q4,124800000,78800000.0,46000000.0,0.3685897435897436,0.0,12800000.0,0.0,1900000.0,33084000.0,113800000.0,7662000.0,20000000.0,31000000.0,0.2483974358974359,11000000.0,0.08814102564102565,1900000.0,3400000.0,0.027243589743589744,-1000000.0,4400000.0,0.035256410256410256,0.13213,0.13213,33300000.0,33300000.0,https://www.sec.gov/Archives/edgar/data/1449488/000144948815000013/compressco2014123110k.htm,https://www.sec.gov/Archives/edgar/data/1449488/000144948815000013/compressco2014123110k.htm,1620590034,15:53:54,20210509
25,2014-09-30,CCLP,USD,2014-11-14 00:00:00,2014-11-14 16:02:43,Q3,95900000,62400000.0,33400000.0,0.3482794577685089,0.0,10200000.0,0.0,8800000.0,23639000.0,94800000.0,4998000.0,13499999.999999998,14499999.999999998,0.15119916579770593,1000000.0,0.010427528675703858,8800000.0,-4000000.0,-0.04171011470281543,-1400000.0,-2600000.0,-0.027111574556830033,-0.0963,-0.0963,27000000.0,27000000.0,https://www.sec.gov/Archives/edgar/data/1449488/000144948814000086/0001449488-14-000086-index.html,https://www.sec.gov/Archives/edgar/data/1449488/000144948814000086/a2014093010qgsjk.htm,1620590034,15:53:54,20210509
26,2014-06-30,CCLP,USD,2014-08-14 00:00:00,2014-08-14 16:01:35,Q2,32100000,17300000.0,14800000.0,0.46105919003115264,0.0,5000000.0,0.0,500000.0,8759000.0,26600000.0,145000.0,3700000.0,9300000.0,0.2897196261682243,5600000.0,0.17445482866043613,500000.0,5400000.0,0.16822429906542055,500000.0,4900000.0,0.1526479750778816,0.3141,0.3141,15600000.0,15600000.0,https://www.sec.gov/Archives/edgar/data/1449488/000144948814000074/0001449488-14-000074-index.html,https://www.sec.gov/Archives/edgar/data/1449488/000144948814000074/a2014063010qgsjk.htm,1620590034,15:53:54,20210509
27,2014-03-31,CCLP,USD,2014-05-13 00:00:00,2014-05-12 19:09:51,Q1,29800000,16100000.0,13700000.0,0.4597315436241611,0.0,4100000.0,0.0,500000.0,7776000.0,24399999.999999996,159000.0,3700000.0,9100000.0,0.3053691275167785,5400000.0,0.18120805369127516,500000.0,5300000.0,0.17785234899328858,600000.0,4600000.0,0.15436241610738255,0.29487,0.29487,15600000.0,15600000.0,https://www.sec.gov/Archives/edgar/data/1449488/000144948814000032/0001449488-14-000032-index.html,https://www.sec.gov/Archives/edgar/data/1449488/000144948814000032/a2014033110qgsjk.htm,1620590034,15:53:54,20210509
28,2013-12-31,CCLP,USD,2014-03-14,2014-03-14 16:31:55,Q4,32400000,17400000.0,15000000.0,0.46296296296296297,0.0,4500000.0,0.0,300000.0,8398000.0,26200000.0,166000.0,3600000.0000000014,9900000.000000002,0.30555555555555564,6300000.0,0.19444444444444445,300000.0,6100000.0,0.1882716049382716,-200000.0,6300000.0,0.19444444444444445,0.40385,0.40385,15600000.0,15600000.0,https://www.sec.gov/Archives/edgar/data/1449488/000144948814000023/compressco2013123110k.htm,https://www.sec.gov/Archives/edgar/data/1449488/000144948814000023/compressco2013123110k.htm,1620590034,15:53:54,20210509
29,2013-09-30,CCLP,USD,2013-11-08 00:00:00,2013-11-08 16:02:32,Q3,30000000,16100000.0,13900000.0,0.4633333333333333,0.0,4500000.0,0.0,200000.0,8190000.0,24500000.0,136000.0,3699999.999999999,9200000.0,0.30666666666666664,5500000.0,0.18333333333333332,200000.0,5300000.0,0.17666666666666667,1100000.0,4200000.0,0.14,0.26923,0.26923,15600000.0,15600000.0,https://www.sec.gov/Archives/edgar/data/1449488/000144948813000066/0001449488-13-000066-index.html,https://www.sec.gov/Archives/edgar/data/1449488/000144948813000066/a2013093010qgsjk.htm,1620590034,15:53:54,20210509
30,2013-06-30,CCLP,USD,2013-08-09 00:00:00,2013-08-09 15:50:04,Q2,28100000,16900000.0,11200000.0,0.398576512455516,0.0,4200000.0,0.0,200000.0,8105000.0,24900000.0,109000.0,3500000.0,6700000.0,0.23843416370106763,3200000.0,0.11387900355871886,200000.0,3100000.0,0.1103202846975089,600000.0,2500000.0,0.08896797153024912,0.16026,0.16026,15600000.0,15600000.0,https://www.sec.gov/Archives/edgar/data/1449488/000144948813000053/0001449488-13-000053-index.html,https://www.sec.gov/Archives/edgar/data/1449488/000144948813000053/a2013063010qgsjk.htm,1620590034,15:53:54,20210509
31,2013-03-31,CCLP,USD,2013-05-10 00:00:00,2013-05-10 13:34:11,Q1,30800000,17700000.0,13100000.0,0.4253246753246753,0.0,4300000.0,0.0,0.0,8079000.0,25400000.0,58000.0,3500000.0,8800000.0,0.2857142857142857,5300000.0,0.17207792207792208,0.0,5300000.0,0.17207792207792208,700000.0,4500000.0,0.1461038961038961,0.29032,0.29032,15500000.0,15500000.0,https://www.sec.gov/Archives/edgar/data/1449488/000144948813000026/0001449488-13-000026-index.html,https://www.sec.gov/Archives/edgar/data/1449488/000144948813000026/gsjk10q-20130510.htm,1620590034,15:53:54,20210509
32,2012-12-31,CCLP,USD,2013-03-11 00:00:00,2013-03-11 16:44:28,Q4,32400000,17900000.0,14500000.0,0.44753086419753085,0.0,4900000.0,0.0,300000.0,8644000.0,26500000.0,23000.0,3500000.0,9400000.0,0.29012345679012347,5900000.0,0.18209876543209877,300000.0,5900000.0,0.18209876543209877,1000000.0,4900000.0,0.15123456790123457,0.3141,0.3141,15600000.0,15600000.0,https://www.sec.gov/Archives/edgar/data/1449488/000144948813000018/0001449488-13-000018-index.html,https://www.sec.gov/Archives/edgar/data/1449488/000144948813000018/gsjk10k-20130308.htm,1620590034,15:53:54,20210509
33,2012-09-30,CCLP,USD,2012-11-09 00:00:00,2012-11-09 12:25:36,Q3,28700000,14300000.0,14300000.0,0.49825783972125437,0.0,4500000.0,0.0,400000.0,8328000.0,22700000.0,2000.0,3399999.9999999995,9400000.0,0.32752613240418116,6000000.0,0.20905923344947736,400000.0,6000000.0,0.20905923344947736,900000.0,5100000.0,0.17770034843205576,0.33117,0.33117,15400000.0,15400000.0,https://www.sec.gov/Archives/edgar/data/1449488/000144948812000021/0001449488-12-000021-index.html,https://www.sec.gov/Archives/edgar/data/1449488/000144948812000021/gsjk10q-20121109.htm,1620590034,15:53:54,20210509
34,2012-06-30,CCLP,USD,2012-08-10 00:00:00,2012-08-10 12:45:11,Q2,24900000,12700000.0,12300000.0,0.4939759036144578,0.0,4100000.0,0.0,400000.0,7335000.0,20400000.0,0.0,3199999.9999999995,7800000.0,0.3132530120481928,4600000.0,0.18473895582329317,400000.0,4600000.0,0.18473895582329317,1000000.0,3600000.0,0.14457831325301204,0.23377,0.23377,15400000.0,15400000.0,https://www.sec.gov/Archives/edgar/data/1449488/000084496512000111/0000844965-12-000111-index.html,https://www.sec.gov/Archives/edgar/data/1449488/000084496512000111/gsjk10q-20120814.htm,1620590034,15:53:54,20210509
35,2012-03-31,CCLP,USD,2012-05-15 00:00:00,2012-05-14 19:00:29,Q1,22500000,11800000.0,10700000.0,0.47555555555555556,0.0,4600000.0,0.0,-200000.0,7678000.0,19300000.0,0.0,3100000.0,6300000.0,0.28,3200000.0,0.14222222222222222,-200000.0,3300000.0,0.14666666666666667,500000.0,2800000.0,0.12444444444444444,0.18182,0.18182,15400000.0,15400000.0,https://www.sec.gov/Archives/edgar/data/1449488/000084496512000061/0000844965-12-000061-index.html,https://www.sec.gov/Archives/edgar/data/1449488/000084496512000061/gsjk10q-20120515.htm,1620590034,15:53:54,20210509
36,2011-12-31,CCLP,USD,2012-03-22 00:00:00,2012-03-21 19:22:09,Q4,26300000,14400000.0,11900000.0,0.4524714828897338,0.0,4600000.0,0.0,200000.0,7641000.0,22200000.0,100000.0,3000000.0,7100000.0,0.26996197718631176,4100000.0,0.155893536121673,200000.0,4200000.0,0.1596958174904943,1100000.0,3100000.0,0.11787072243346007,0.20395,0.20395,15200000.0,15200000.0,https://www.sec.gov/Archives/edgar/data/1449488/000084496512000032/0000844965-12-000032-index.html,https://www.sec.gov/Archives/edgar/data/1449488/000084496512000032/gsjk10k-20120321.htm,1620590034,15:53:54,20210509
37,2011-09-30,CCLP,USD,2011-11-14 00:00:00,2011-11-14 16:53:24,Q3,24600000,13000000.0,11600000.0,0.4715447154471545,0.0,4200000.0,0.0,600000.0,7243000.0,20800000.0,0.0,3099999.9999999995,6900000.0,0.2804878048780488,3800000.0,0.15447154471544716,600000.0,3800000.0,0.15447154471544716,500000.0,3300000.0,0.13414634146341464,0.2129,0.2129,15500000.0,15500000.0,https://www.sec.gov/Archives/edgar/data/1449488/000144948811000041/0001449488-11-000041-index.html,https://www.sec.gov/Archives/edgar/data/1449488/000144948811000041/gsjk10q-20110930.htm,1620590034,15:53:54,20210509
38,2011-06-30,CCLP,USD,2011-08-15,2011-08-15,Q2,22326000,12210000.0,10116000.0,0.45310400429991937,0.0,3725000.0,0.0,0.0,6916000.0,19126000.0,2388000.0,3191000.0,6391000.0,0.28625817432589806,3200000.0,0.14333064588372302,-127000.0,685000.0,0.030681716384484456,132000.0,553000.0,0.024769327241780884,0.04,0.04,8696757.0,8696757.0,https://www.sec.gov/Archives/edgar/data/1449488/000144948811000032/0001449488-11-000032-index.htm,https://www.sec.gov/Archives/edgar/data/1449488/000144948811000032/gsjk10q-20110815.htm,1620590034,15:53:54,20210509
39,2011-03-31,CCLP,USD,2011-03-31,2011-03-31,Q3,21766000,12036000.0,9730000.0,0.447027474042084,0.0,3286000.0,0.0,0.0,6449000.0,18485000.0,2000.0,3179000.0,6460000.0,0.2967931636497289,3281000.0,0.15073968574841495,-89000.0,3190000.0,0.1465588532573739,456000.0,2734000.0,0.12560874758798127,0.30053,0.30053,9097257.0,9097257.0,,,1620590034,15:53:54,20210509
40,2010-09-30,CCLP,USD,2010-09-30,2010-09-30,Q3,20106000,10165000.0,9941000.0,0.49442952352531583,0.0,3259000.0,0.0,0.0,6485000.0,16650000.0,0.0,3226000.0,6682000.0,0.33233860539142546,3456000.0,0.1718889883616831,-9000.0,180000.0,0.008952551477170993,101000.0,79000.0,0.003929175370536158,0.008684,0.008684,9097257.0,9097257.0,,,1620590034,15:53:54,20210509
41,2010-06-30,CCLP,USD,2010-06-30,2010-06-30,Q2,20051000,8694000.0,11357000.0,0.5664056655528402,0.0,3675000.0,0.0,0.0,6932000.0,15626000.0,3263000.0,3257000.0,7682000.0,0.3831230362575433,4425000.0,0.22068724751882698,-92000.0,1070000.0,0.053363921998902795,452000.0,618000.0,0.03082140541618872,0.067933,0.067933,9097257.0,9097257.0,,,1620590034,15:53:54,20210509
42,2010-03-31,CCLP,USD,2010-03-31,2010-03-31,Q3,20334000,9153000.0,11181000.0,0.5498672174682797,0.0,3328000.0,0.0,0.0,6664000.0,15817000.0,3299000.0,3336000.0,7853000.0,0.38620045244418216,4517000.0,0.22214025769646897,14000.0,1232000.0,0.06058817743680535,513000.0,719000.0,0.03535949640995377,0.079035,0.079035,9097257.0,9097257.0,,,1620590034,15:53:54,20210509
