,date,symbol,reportedCurrency,fillingDate,acceptedDate,period,revenue,costOfRevenue,grossProfit,grossProfitRatio,researchAndDevelopmentExpenses,generalAndAdministrativeExpenses,sellingAndMarketingExpenses,otherExpenses,operatingExpenses,costAndExpenses,interestExpense,depreciationAndAmortization,ebitda,ebitdaratio,operatingIncome,operatingIncomeRatio,totalOtherIncomeExpensesNet,incomeBeforeTax,incomeBeforeTaxRatio,incomeTaxExpense,netIncome,netIncomeRatio,eps,epsdiluted,weightedAverageShsOut,weightedAverageShsOutDil,link,finalLink,timestamp,est_time,est_date
0,2020-12-31,OXSQ,USD,2021-03-22,2021-03-22 06:29:49,Q4,70917933.0,0.0,70917933.0,1.0,0.0,485077.0,0.0,0.0,-2386736.0,591.512,-13867022.0,9846.437,45197.43,0.0006373201824706312,35350.993,0.0004984774866464312,676.45,37953676.0,0.5351774141527785,0.0,37953676.0,0.5351774141527785,0.7653554503870136,0.7653554503870136,49589607,49589607,https://www.sec.gov/Archives/edgar/data/1259429/000121390021016783/0001213900-21-016783-index.htm,https://www.sec.gov/Archives/edgar/data/1259429/000121390021016783/s130411_10k.htm,1620596273,17:37:53,20210509
1,2020-09-30,OXSQ,USD,2020-10-28,2020-10-28 17:08:08,Q3,21771972.0,0.0,21771972.0,1.0,0.0,737545.0,0.0,0.0,923204.0,416.486,1908206.0,0.428825,7809.081825,0.0003586759079517464,7808.653,0.9575966752115977,163.976,20848768.0,0.9575966752115977,0.0,20848768.0,0.9575966752115977,0.42,0.42,49589607,49589607,https://www.sec.gov/Archives/edgar/data/1259429/000121390020033727/0001213900-20-033727-index.htm,https://www.sec.gov/Archives/edgar/data/1259429/000121390020033727/s128181_10q.htm,1620596273,17:37:53,20210509
2,2020-06-30,OXSQ,USD,2020-07-29,2020-07-29 08:57:55,Q2,21563094.0,0.0,0.0,0.0,0.0,839244.0,0.0,0.0,1007525.0,0.0,1906442.0,0.0,0.0,0.0,0.0,0.9532754900572247,0.0,20555569.0,0.9532754900572247,0.0,20555569.0,0.9532754900572247,0.41,0.41,49589607,49589607,https://www.sec.gov/Archives/edgar/data/1259429/000121390020018933/0001213900-20-018933-index.htm,https://www.sec.gov/Archives/edgar/data/1259429/000121390020018933/s126465_10q.htm,1620596273,17:37:53,20210509
3,2020-03-31,OXSQ,USD,2020-04-29 00:00:00,2020-04-29 16:02:05,Q1,-78310494.0,0.0,0.0,0.0,0.0,847171.0,0.0,0.0,1047519.0,0.0,2173468.0,0.0,0.0,0.0,0.0,1.0133764831058274,0.0,-79358013.0,1.0133764831058274,0.0,-79358013.0,1.0133764831058274,-1.6,-1.6,49137570,49137570,https://www.sec.gov/Archives/edgar/data/1259429/000161577420005085/0001615774-20-005085-index.html,https://www.sec.gov/Archives/edgar/data/1259429/000161577420005085/s124071_10q.htm,1620596273,17:37:53,20210509
4,2019-12-31,OXSQ,USD,2020-02-26 00:00:00,2020-02-26 17:21:10,Q4,-3772896.0,0.0,0.0,0.0,0.0,679177.0,0.0,0.0,1127819.0,0.0,2422975.0,0.0,0.0,0.0,0.0,1.2989266070413814,0.0,-4900715.0,1.2989266070413814,0.0,-4900715.0,1.2989266070413814,-0.09973458190952462,-0.09973458190952462,49137570,49137570,https://www.sec.gov/Archives/edgar/data/1259429/000161577420002185/0001615774-20-002185-index.html,https://www.sec.gov/Archives/edgar/data/1259429/000161577420002185/s123257_10k.htm,1620596273,17:37:53,20210509
5,2019-09-30,OXSQ,USD,2019-10-30 00:00:00,2019-10-30 16:13:56,Q3,-32216204.0,0.0,0.0,0.0,0.0,699226.0,0.0,0.0,894260.0,0.0,2522451.0,0.0,0.0,0.0,0.0,1.027758080995514,0.0,-33110464.0,1.027758080995514,0.0,-33110464.0,1.027758080995514,-0.69,-0.69,47740799,47740799,https://www.sec.gov/Archives/edgar/data/1259429/000161577419013713/0001615774-19-013713-index.html,https://www.sec.gov/Archives/edgar/data/1259429/000161577419013713/s120856_10q.htm,1620596273,17:37:53,20210509
6,2019-06-30,OXSQ,USD,2019-07-31 00:00:00,2019-07-31 16:05:44,Q2,-6432822.0,0.0,0.0,0.0,0.0,908893.0,0.0,0.0,1103868.0,0.0,2806159.0,0.0,0.0,0.0,0.0,1.1715993385173724,0.0,-7536690.0,1.1715993385173724,0.0,-7536690.0,1.1715993385173724,-0.158164,-0.158164,47650959,47650959,https://www.sec.gov/Archives/edgar/data/1259429/000121390019014159/0001213900-19-014159-index.html,https://www.sec.gov/Archives/edgar/data/1259429/000121390019014159/f10q0619_oxfordsquarecap.htm,1620596273,17:37:53,20210509
7,2019-03-31,OXSQ,USD,2019-05-01 00:00:00,2019-05-01 16:01:20,Q1,13678648.0,0.0,0.0,0.0,0.0,695768.0,0.0,0.0,928696.0,0.0,2149841.0,0.0,0.0,0.0,0.0,0.9321061555206334,0.0,12749952.0,0.9321061555206334,0.0,12749952.0,0.9321061555206334,0.27,0.27,47650959,47650959,https://www.sec.gov/Archives/edgar/data/1259429/000161577419006808/0001615774-19-006808-index.html,https://www.sec.gov/Archives/edgar/data/1259429/000161577419006808/s117616_10q.htm,1620596273,17:37:53,20210509
8,2018-12-31,OXSQ,USD,2019-02-28 00:00:00,2019-02-28 16:48:06,Q4,-33180258.0,0.0,0.0,0.0,0.0,488506.0,0.0,0.0,937398.0,0.0,2545832.0,0.0,0.0,0.0,0.0,1.0282516790556602,0.0,-34117656.0,1.0282516790556602,0.0,-34117656.0,1.0282516790556602,-0.7159909625323595,-0.7159909625323595,47650959,47650959,https://www.sec.gov/Archives/edgar/data/1259429/000161577419003361/0001615774-19-003361-index.html,https://www.sec.gov/Archives/edgar/data/1259429/000161577419003361/s116199_10k.htm,1620596273,17:37:53,20210509
9,2018-09-30,OXSQ,USD,2018-10-31 00:00:00,2018-10-31 16:01:26,Q3,7454872.0,0.0,0.0,0.0,0.0,732301.0,0.0,0.0,942563.0,0.0,2258403.0,0.0,0.0,0.0,0.0,0.8735641604577516,0.0,6512309.0,0.8735641604577516,0.0,6512309.0,0.8735641604577516,0.13,0.13,49195368,49195368,https://www.sec.gov/Archives/edgar/data/1259429/000161577418011683/0001615774-18-011683-index.html,https://www.sec.gov/Archives/edgar/data/1259429/000161577418011683/s113502_10q.htm,1620596273,17:37:53,20210509
10,2018-06-30,OXSQ,USD,2018-08-01 00:00:00,2018-08-01 17:17:17,Q2,7899827.0,0.0,0.0,0.0,0.0,781783.0,0.0,0.0,997916.0,0.0,1250694.0,0.0,0.0,0.0,0.0,0.8736787527119265,0.0,6901911.0,0.8736787527119265,0.0,6901911.0,0.8736787527119265,0.14,0.14,50086563,50086563,https://www.sec.gov/Archives/edgar/data/1259429/000161577418007363/0001615774-18-007363-index.html,https://www.sec.gov/Archives/edgar/data/1259429/000161577418007363/s111586_10q.htm,1620596273,17:37:53,20210509
11,2018-03-31,OXSQ,USD,2018-05-02 00:00:00,2018-05-02 16:00:45,Q1,12307641.0,0.0,0.0,0.0,0.0,557489.0,0.0,0.0,817578.0,0.0,1126080.0,0.0,0.0,0.0,0.0,0.9335715105762347,0.0,11490063.0,0.9335715105762347,0.0,11490063.0,0.9335715105762347,0.22,0.22,51200060,51200060,https://www.sec.gov/Archives/edgar/data/1259429/000161577418003195/0001615774-18-003195-index.html,https://www.sec.gov/Archives/edgar/data/1259429/000161577418003195/s109357_10q.htm,1620596273,17:37:53,20210509
12,2017-12-31,OXSQ,USD,2018-03-01 00:00:00,2018-03-01 16:50:24,Q4,17765193.0,0.0,0.0,0.0,0.0,873868.0,0.0,0.0,1343396.0,0.0,1763364.0,0.0,0.0,0.0,0.0,0.9243804443892053,0.0,16421797.0,0.9243804443892053,0.0,16421797.0,0.9243804443892053,0.3207378467915858,0.3207378467915858,51200060,51200060,https://www.sec.gov/Archives/edgar/data/1259429/000161577418001548/0001615774-18-001548-index.html,https://www.sec.gov/Archives/edgar/data/1259429/000161577418001548/s108312_10k.htm,1620596273,17:37:53,20210509
13,2017-09-30,OXSQ,USD,2017-11-02 00:00:00,2017-11-02 17:20:41,Q3,7475669.0,0.0,0.0,0.0,0.0,1221964.0,0.0,0.0,1459650.0,0.0,3701533.0,0.0,0.0,0.0,0.0,0.8047465718452756,0.0,6016019.0,0.8047465718452756,0.0,6016019.0,0.8047465718452756,0.11686262754104267,0.1007240910822175,51479409,59727707,https://www.sec.gov/Archives/edgar/data/1259429/000161577417006165/0001615774-17-006165-index.html,https://www.sec.gov/Archives/edgar/data/1259429/000161577417006165/s107887_10q.htm,1620596273,17:37:53,20210509
14,2017-06-30,OXSQ,USD,2017-08-08 00:00:00,2017-08-08 16:01:52,Q2,12744666.0,0.0,0.0,0.0,0.0,3423431.0,0.0,0.0,3626770.0,0.0,4633367.0,0.0,0.0,0.0,0.0,0.7154283996143955,0.0,9117896.0,0.7154283996143955,0.0,9117896.0,0.7154283996143955,0.17711734025540193,0.1526577271750948,51479409,59727707,https://www.sec.gov/Archives/edgar/data/1259429/000114420417041194/0001144204-17-041194-index.html,https://www.sec.gov/Archives/edgar/data/1259429/000114420417041194/v472148_10q.htm,1620596273,17:37:53,20210509
15,2017-03-31,OXSQ,USD,2017-05-08 00:00:00,2017-05-08 17:27:18,Q1,15877134.0,0.0,0.0,0.0,0.0,3588141.0,0.0,0.0,3823175.0,0.0,3714253.0,0.0,0.0,0.0,0.0,0.7592024479984864,0.0,12053959.0,0.7592024479984864,0.0,12053959.0,0.7592024479984864,0.23415107582140268,0.20181519776073104,51479409,59727707,https://www.sec.gov/Archives/edgar/data/1259429/000114420417025333/0001144204-17-025333-index.html,https://www.sec.gov/Archives/edgar/data/1259429/000114420417025333/v465955_10q.htm,1620596273,17:37:53,20210509
16,2016-12-31,OXSQ,USD,2017-03-03 00:00:00,2017-03-03 17:14:58,Q4,40640820.0,0.0,0.0,0.0,0.0,3797188.0,0.0,0.0,4341763.0,0.0,6114109.0,0.0,0.0,0.0,0.0,0.8931674360901183,0.0,36299057.0,0.8931674360901183,0.0,36299057.0,0.8931674360901183,0.7051179822208138,0.7051179822208138,51479409,51479409,https://www.sec.gov/Archives/edgar/data/1259429/000114420417012768/0001144204-17-012768-index.html,https://www.sec.gov/Archives/edgar/data/1259429/000114420417012768/v460141_10k.htm,1620596273,17:37:53,20210509
17,2016-09-30,OXSQ,USD,2016-11-07 00:00:00,2016-11-07 16:30:47,Q3,49639461.0,0.0,0.0,0.0,0.0,6537493.0,0.0,0.0,6726698.0,0.0,5055088.0,0.0,0.0,0.0,0.0,0.8644888992650424,0.0,42912763.0,0.8644888992650424,0.0,42912763.0,0.8644888992650424,0.83,0.72,51479409,61512561,https://www.sec.gov/Archives/edgar/data/1259429/000114420416132092/0001144204-16-132092-index.html,https://www.sec.gov/Archives/edgar/data/1259429/000114420416132092/v452096_10q.htm,1620596273,17:37:53,20210509
18,2016-06-30,OXSQ,USD,2016-08-05 00:00:00,2016-08-05 16:01:28,Q2,52833686.0,0.0,0.0,0.0,0.0,4390891.0,0.0,0.0,4569846.0,0.0,4434109.0,0.0,0.0,0.0,0.0,0.9135050694740473,0.0,48263840.0,0.9135050694740473,0.0,48263840.0,0.9135050694740473,0.94,0.81,51479409,61512561,https://www.sec.gov/Archives/edgar/data/1259429/000114420416116896/0001144204-16-116896-index.html,https://www.sec.gov/Archives/edgar/data/1259429/000114420416116896/v445874_10q.htm,1620596273,17:37:53,20210509
19,2016-03-31,OXSQ,USD,2016-05-05 00:00:00,2016-05-05 17:28:50,Q1,-10248699.0,0.0,0.0,0.0,0.0,6624011.0,0.0,0.0,6865196.0,0.0,4358770.0,0.0,0.0,0.0,0.0,1.66986024274886,0.0,-17113895.0,1.66986024274886,0.0,-17113895.0,1.66986024274886,-0.32288324621872044,-0.27149180825472785,53003354,63036506,https://www.sec.gov/Archives/edgar/data/1259429/000114420416099308/0001144204-16-099308-index.html,https://www.sec.gov/Archives/edgar/data/1259429/000114420416099308/v438694_10q.htm,1620596273,17:37:53,20210509
20,2015-12-31,OXSQ,USD,2016-03-10 00:00:00,2016-03-10 16:30:34,Q4,-58923091.0,0.0,0.0,0.0,0.0,7806115.0,0.0,0.0,8332240.0,0.0,5966142.0,0.0,0.0,0.0,0.0,1.1414087390629253,0.0,-67255331.0,1.1414087390629253,0.0,-67255331.0,1.1414087390629253,-1.2688882103574048,-1.2688882103574048,53003354,53003354,https://www.sec.gov/Archives/edgar/data/1259429/000114420416087233/0001144204-16-087233-index.html,https://www.sec.gov/Archives/edgar/data/1259429/000114420416087233/v433022_10k.htm,1620596273,17:37:53,20210509
21,2015-09-30,OXSQ,USD,2015-11-09 00:00:00,2015-11-09 16:14:21,Q3,-23081630.0,0.0,0.0,0.0,0.0,6563448.0,0.0,0.0,6653108.0,0.0,5031343.0,0.0,0.0,0.0,0.0,1.2882425547935739,0.0,-29734738.0,1.2882425547935739,0.0,-29734738.0,1.2882425547935739,-0.49567821796851125,-0.4246537381326193,59987986,70021138,https://www.sec.gov/Archives/edgar/data/1259429/000114420415063751/0001144204-15-063751-index.html,https://www.sec.gov/Archives/edgar/data/1259429/000114420415063751/v423795_10q.htm,1620596273,17:37:53,20210509
22,2015-06-30,OXSQ,USD,2015-08-07 00:00:00,2015-08-06 19:40:19,Q2,17375484.0,0.0,0.0,0.0,0.0,6943484.0,0.0,0.0,7339464.0,0.0,4996214.0,0.0,0.0,0.0,0.0,0.5775965722739004,0.0,10036020.0,0.5775965722739004,0.0,10036020.0,0.5775965722739004,0.16730049913661046,0.1433284331939878,59987986,70021138,https://www.sec.gov/Archives/edgar/data/1259429/000114420415047035/0001144204-15-047035-index.html,https://www.sec.gov/Archives/edgar/data/1259429/000114420415047035/v416887_10q.htm,1620596273,17:37:53,20210509
23,2015-03-31,OXSQ,USD,2015-05-11 00:00:00,2015-05-11 07:55:33,Q1,27371481.0,0.0,0.0,0.0,0.0,6071428.0,0.0,0.0,6551081.0,0.0,4942358.0,0.0,0.0,0.0,0.0,0.7606603384011263,0.0,20820400.0,0.7606603384011263,0.0,20820400.0,0.7606603384011263,0.35,0.32,60017042,70050194,https://www.sec.gov/Archives/edgar/data/1259429/000114420415028997/0001144204-15-028997-index.html,https://www.sec.gov/Archives/edgar/data/1259429/000114420415028997/v409481_10q.htm,1620596273,17:37:53,20210509
24,2014-12-31,OXSQ,USD,2014-12-31,2014-12-31,Q4,-21587810.0,0.0,0.0,0.0,0.0,6149161.0,0.0,0.0,6894580.0,0.0,8102760.0,0.0,0.0,0.0,0.0,1.319373757690104,0.0,-28482390.0,1.319373757690104,0.0,-28482390.0,1.319373757690104,-0.4745717058164913,-0.4745717058164913,60017042,60017042,,,1620596273,17:37:53,20210509
25,2014-09-30,OXSQ,USD,2014-11-06 00:00:00,2014-11-06 16:13:46,Q3,5565738.0,0.0,0.0,0.0,0.0,6354760.0,0.0,0.0,6827663.0,0.0,4963796.0,0.0,0.0,0.0,0.0,-0.2267309384667406,0.0,-1261925.0,-0.2267309384667406,0.0,-1261925.0,-0.2267309384667406,-0.02093853067622299,-0.017950254924415973,60268078,70301230,https://www.sec.gov/Archives/edgar/data/1259429/000114420414065672/0001144204-14-065672-index.html,https://www.sec.gov/Archives/edgar/data/1259429/000114420414065672/v393163_10q.htm,1620596273,17:37:53,20210509
26,2014-06-30,OXSQ,USD,2014-08-08 00:00:00,2014-08-08 15:10:34,Q2,20146562.0,0.0,0.0,0.0,0.0,6499408.0,0.0,0.0,7010778.0,0.0,4933738.0,0.0,0.0,0.0,0.0,0.6520111967491029,0.0,13135784.0,0.6520111967491029,0.0,13135784.0,0.6520111967491029,0.22,0.21,60214211,70247363,https://www.sec.gov/Archives/edgar/data/1259429/000114420414048026/0001144204-14-048026-index.html,https://www.sec.gov/Archives/edgar/data/1259429/000114420414048026/v385893_10q.htm,1620596273,17:37:53,20210509
27,2014-03-31,OXSQ,USD,2014-05-12 00:00:00,2014-05-12 14:32:25,Q1,19755095.0,0.0,0.0,0.0,0.0,6079762.0,0.0,0.0,6494965.0,0.0,4907648.0,0.0,0.0,0.0,0.0,0.6712258280711887,0.0,13260130.0,0.6712258280711887,0.0,13260130.0,0.6712258280711887,0.24,0.23,54376444,64409596,https://www.sec.gov/Archives/edgar/data/1259429/000114420414029445/0001144204-14-029445-index.html,https://www.sec.gov/Archives/edgar/data/1259429/000114420414029445/v377449_10q.htm,1620596273,17:37:53,20210509
28,2013-12-31,OXSQ,USD,2013-12-31,2013-12-31,Q4,20241805.0,0.0,0.0,0.0,0.0,6232613.0,0.0,0.0,7184890.0,0.0,4980066.0,0.0,0.0,0.0,0.0,0.6450469708605532,0.0,13056915.0,0.6450469708605532,0.0,13056915.0,0.6450469708605532,0.24012079568866254,0.24012079568866254,54376444,54376444,,,1620596273,17:37:53,20210509
29,2013-09-30,OXSQ,USD,2013-11-12 00:00:00,2013-11-12 09:48:30,Q3,29759137.0,0.0,0.0,0.0,0.0,5859945.0,0.0,0.0,6170360.0,0.0,4977313.0,0.0,0.0,0.0,0.0,0.7926566217293196,0.0,23588777.0,0.7926566217293196,0.0,23588777.0,0.7926566217293196,0.45,0.41,52751722,62784874,https://www.sec.gov/Archives/edgar/data/1259429/000114420413060278/0001144204-13-060278-index.html,https://www.sec.gov/Archives/edgar/data/1259429/000114420413060278/v359677_10q.htm,1620596273,17:37:53,20210509
30,2013-06-30,OXSQ,USD,2013-08-08 00:00:00,2013-08-08 10:02:14,Q2,7718492.0,0.0,0.0,0.0,0.0,5958158.0,0.0,0.0,6261496.0,0.0,4724471.0,0.0,0.0,0.0,0.0,0.18876692493818742,0.0,1456996.0,0.18876692493818742,0.0,1456996.0,0.18876692493818742,0.027728641403413388,0.023282895709839033,52544803,62577955,https://www.sec.gov/Archives/edgar/data/1259429/000114420413043817/0001144204-13-043817-index.html,https://www.sec.gov/Archives/edgar/data/1259429/000114420413043817/v352007_10q.htm,1620596273,17:37:53,20210509
31,2013-03-31,OXSQ,USD,2013-05-09 00:00:00,2013-05-09 13:50:49,Q1,26175811.0,0.0,0.0,0.0,0.0,5022700.0,0.0,0.0,5333765.0,0.0,4278827.0,0.0,0.0,0.0,0.0,0.796233056542164,0.0,20842046.0,0.796233056542164,0.0,20842046.0,0.796233056542164,0.46,0.41,45565784,55598936,https://www.sec.gov/Archives/edgar/data/1259429/000114420413027319/0001144204-13-027319-index.html,https://www.sec.gov/Archives/edgar/data/1259429/000114420413027319/v343894_10q.htm,1620596273,17:37:53,20210509
32,2012-12-31,OXSQ,USD,2013-03-13 00:00:00,2013-03-12 20:16:51,Q4,36339490.0,0.0,0.0,0.0,0.0,-3848142.0,0.0,0.0,9000000.0,0.0,4210658.0,0.0,0.0,0.0,0.0,0.0,0.0,0.0,0.0,0.0,14123302.0,0.38864887757092903,0.30995410942561635,0.30995410942561635,45565784,45565784,https://www.sec.gov/Archives/edgar/data/1259429/000114420413014676/0001144204-13-014676-index.html,https://www.sec.gov/Archives/edgar/data/1259429/000114420413014676/v337309_10k.htm,1620596273,17:37:53,20210509
33,2012-09-30,OXSQ,USD,2012-11-09 00:00:00,2012-11-09 16:00:20,Q3,14191639.0,0.0,0.0,0.0,0.0,9163369.0,0.0,0.0,5000000.0,0.0,1398975.0,0.0,0.0,0.0,0.0,0.0,0.0,0.0,0.0,0.0,27856644.0,1.962891248854343,0.71,0.69,39383076,40777815,https://www.sec.gov/Archives/edgar/data/1259429/000114420412060839/0001144204-12-060839-index.html,https://www.sec.gov/Archives/edgar/data/1259429/000114420412060839/v327818_10q.htm,1620596273,17:37:53,20210509
34,2012-06-30,OXSQ,USD,2012-08-03 00:00:00,2012-08-03 16:35:31,Q2,19647016.0,0.0,0.0,0.0,0.0,4173330.0,0.0,0.0,4000000.0,0.0,816304.0,0.0,0.0,0.0,0.0,0.0,0.0,0.0,0.0,0.0,9259874.0,0.4713119793865898,0.25,0.25,37755905,37755905,https://www.sec.gov/Archives/edgar/data/1259429/000114420412042831/0001144204-12-042831-index.html,https://www.sec.gov/Archives/edgar/data/1259429/000114420412042831/v320075_10q.htm,1620596273,17:37:53,20210509
35,2012-03-31,OXSQ,USD,2012-03-31,2012-03-31,Q1,22839676.0,0.0,0.0,0.0,0.0,4965481.0,0.0,0.0,4000000.0,0.0,836777.0,0.0,0.0,0.0,0.0,0.0,0.0,0.0,0.0,0.0,17083368.0,0.7479689291564381,0.51,0.51,33410298,33410298,,,1620596273,17:37:53,20210509
36,2011-12-31,OXSQ,USD,2012-03-15 00:00:00,2012-03-15 09:52:22,Q4,21478776.0,0.0,0.0,0.0,0.0,611664.0,0.0,0.0,4000000.0,0.0,809301.0,0.0,0.0,0.0,0.0,0.0,0.0,0.0,0.0,0.0,6859856.0,0.31937834818892846,0.20532160473396555,0.20532160473396555,33410298,33410298,https://www.sec.gov/Archives/edgar/data/1259429/000119312512116350/0001193125-12-116350-index.html,https://www.sec.gov/Archives/edgar/data/1259429/000119312512116350/d311578d10k.htm,1620596273,17:37:53,20210509
37,2011-09-30,OXSQ,USD,2011-11-09 00:00:00,2011-11-09 16:05:42,Q3,7454665.0,0.0,0.0,0.0,0.0,403472.0,0.0,0.0,3000000.0,0.0,434283.0,0.0,0.0,0.0,0.0,0.0,0.0,0.0,0.0,0.0,-8415279.0,-1.1288607871715228,-0.26,-0.26,32672294,32672294,https://www.sec.gov/Archives/edgar/data/1259429/000119312511304517/0001193125-11-304517-index.html,https://www.sec.gov/Archives/edgar/data/1259429/000119312511304517/d253837d10q.htm,1620596273,17:37:53,20210509
38,2011-06-30,OXSQ,USD,2011-08-05 00:00:00,2011-08-05 15:14:15,Q2,7579890.0,0.0,0.0,0.0,0.0,613647.0,0.0,0.0,2000000.0,0.0,0.0,0.0,0.0,0.0,0.0,0.0,0.0,0.0,0.0,0.0,4204646.0,0.5547106884136841,0.13,0.13,32387993,32387993,https://www.sec.gov/Archives/edgar/data/1259429/000119312511212163/0001193125-11-212163-index.html,https://www.sec.gov/Archives/edgar/data/1259429/000119312511212163/d10q.htm,1620596273,17:37:53,20210509
39,2011-03-31,OXSQ,USD,2011-05-09 00:00:00,2011-05-09 16:39:45,Q1,9760125.0,0.0,0.0,0.0,0.0,456948.0,0.0,0.0,2000000.0,0.0,0.0,0.0,0.0,0.0,0.0,0.0,0.0,0.0,0.0,0.0,11559642.0,1.18437438045107,0.36,0.36,31912859,31912859,https://www.sec.gov/Archives/edgar/data/1259429/000119312511132417/0001193125-11-132417-index.html,https://www.sec.gov/Archives/edgar/data/1259429/000119312511132417/d10q.htm,1620596273,17:37:53,20210509
40,2010-12-31,OXSQ,USD,2010-12-31,2010-12-31,Q4,5410192.0,0.0,0.0,0.0,0.0,2216362.0,0.0,0.0,2000000.0,0.0,0.0,0.0,0.0,0.0,0.0,0.0,0.0,0.0,0.0,0.0,23918817.0,4.421066202456401,0.7495040478823912,0.7495040478823912,31912859,31912859,,,1620596273,17:37:53,20210509
41,2010-09-30,OXSQ,USD,2010-11-05 00:00:00,2010-11-05 12:27:01,Q3,9081118.0,0.0,0.0,0.0,0.0,2141451.0,0.0,0.0,2000000.0,0.0,0.0,0.0,0.0,0.0,0.0,0.0,0.0,0.0,0.0,0.0,12442822.0,1.3701861378742133,0.46,0.46,26932960,26932960,https://www.sec.gov/Archives/edgar/data/1259429/000119312510249600/0001193125-10-249600-index.html,https://www.sec.gov/Archives/edgar/data/1259429/000119312510249600/d10q.htm,1620596273,17:37:53,20210509
42,2010-06-30,OXSQ,USD,2010-08-06 00:00:00,2010-08-06 11:26:49,Q2,8730552.0,0.0,0.0,0.0,0.0,2245926.0,0.0,0.0,2000000.0,0.0,0.0,0.0,0.0,0.0,0.0,0.0,0.0,0.0,0.0,0.0,9601956.0,1.0998108710651973,0.36,0.36,26875554,26875554,https://www.sec.gov/Archives/edgar/data/1259429/000119312510180753/0001193125-10-180753-index.html,https://www.sec.gov/Archives/edgar/data/1259429/000119312510180753/d10q.htm,1620596273,17:37:53,20210509
43,2010-03-31,OXSQ,USD,2010-05-07 00:00:00,2010-05-07 15:36:04,Q1,6556091.0,0.0,0.0,0.0,0.0,1625705.0,0.0,0.0,2000000.0,0.0,0.0,0.0,0.0,0.0,0.0,0.0,0.0,0.0,0.0,0.0,17983846.0,2.7430744936273763,0.67,0.67,26813902,26813902,https://www.sec.gov/Archives/edgar/data/1259429/000119312510112784/0001193125-10-112784-index.html,https://www.sec.gov/Archives/edgar/data/1259429/000119312510112784/d10q.htm,1620596273,17:37:53,20210509
44,2009-12-31,OXSQ,USD,2010-03-15 00:00:00,2010-03-12 17:31:25,Q4,5515343.0,0.0,0.0,0.0,0.0,1549741.0,0.0,0.0,2000000.0,0.0,0.0,0.0,0.0,0.0,0.0,0.0,0.0,0.0,0.0,0.0,11902261.0,2.158027342995712,0.443883959895132,0.443883959895132,26813902,26813902,https://www.sec.gov/Archives/edgar/data/1259429/000119312510055624/0001193125-10-055624-index.html,https://www.sec.gov/Archives/edgar/data/1259429/000119312510055624/d10k.htm,1620596273,17:37:53,20210509
45,2009-09-30,OXSQ,USD,2009-11-09 00:00:00,2009-11-09 12:05:52,Q3,4948942.0,0.0,0.0,0.0,0.0,1447913.0,0.0,0.0,2000000.0,0.0,0.0,0.0,0.0,0.0,0.0,0.0,0.0,0.0,0.0,0.0,15023970.0,3.0357943172500303,0.56,0.56,26674521,26674521,https://www.sec.gov/Archives/edgar/data/1259429/000119312509228873/0001193125-09-228873-index.html,https://www.sec.gov/Archives/edgar/data/1259429/000119312509228873/d10q.htm,1620596273,17:37:53,20210509
46,2009-06-30,OXSQ,USD,2009-08-10 00:00:00,2009-08-10 13:10:07,Q2,4920199.0,0.0,0.0,0.0,0.0,1410593.0,0.0,0.0,2000000.0,0.0,0.0,0.0,0.0,0.0,0.0,0.0,0.0,0.0,0.0,0.0,9699198.0,1.9713019737616304,0.36,0.36,26585951,26585951,https://www.sec.gov/Archives/edgar/data/1259429/000119312509170292/0001193125-09-170292-index.html,https://www.sec.gov/Archives/edgar/data/1259429/000119312509170292/d10q.htm,1620596273,17:37:53,20210509
47,2009-03-31,OXSQ,USD,2009-05-08 00:00:00,2009-05-08 15:29:57,Q1,5123308.0,0.0,0.0,0.0,0.0,1301667.0,0.0,0.0,2000000.0,0.0,0.0,0.0,0.0,0.0,0.0,0.0,0.0,0.0,0.0,0.0,-1442971.0,-0.28164830222973125,-0.05,-0.05,26484673,26484673,https://www.sec.gov/Archives/edgar/data/1259429/000119312509105246/0001193125-09-105246-index.html,https://www.sec.gov/Archives/edgar/data/1259429/000119312509105246/d10q.htm,1620596273,17:37:53,20210509
48,2008-12-31,OXSQ,USD,2009-03-16 00:00:00,2009-03-16 09:38:31,Q4,5992532.0,0.0,0.0,0.0,0.0,8008036.0,0.0,0.0,2000000.0,0.0,961177.0,0.0,0.0,0.0,0.0,0.0,0.0,0.0,0.0,0.0,-38710677.0,-6.4598198224056205,-1.4616256353250048,-1.4616256353250048,26484673,26484673,https://www.sec.gov/Archives/edgar/data/1259429/000119312509054656/0001193125-09-054656-index.html,https://www.sec.gov/Archives/edgar/data/1259429/000119312509054656/d10k.htm,1620596273,17:37:53,20210509
49,2008-09-30,OXSQ,USD,2008-11-10 00:00:00,2008-11-07 19:46:09,Q3,9073790.0,0.0,0.0,0.0,0.0,222000.0,0.0,0.0,2000000.0,0.0,530164.0,0.0,0.0,0.0,0.0,0.0,0.0,0.0,0.0,0.0,-4142705.0,-0.45655729303852083,-0.16,-0.16,26191008,26191008,https://www.sec.gov/Archives/edgar/data/1259429/000119312508230334/0001193125-08-230334-index.html,https://www.sec.gov/Archives/edgar/data/1259429/000119312508230334/d10q.htm,1620596273,17:37:53,20210509
50,2008-06-30,OXSQ,USD,2008-08-11 00:00:00,2008-08-11 14:24:51,Q2,8790403.0,0.0,0.0,0.0,0.0,222000.0,0.0,0.0,3000000.0,0.0,1261630.0,-475282.0,0.0,0.0,0.0,0.0,0.0,0.0,0.0,0.0,5749787.0,0.6540982250756877,0.25,0.25,22708251,22708251,https://www.sec.gov/Archives/edgar/data/1259429/000119312508173202/0001193125-08-173202-index.html,https://www.sec.gov/Archives/edgar/data/1259429/000119312508173202/d10q.htm,1620596273,17:37:53,20210509
51,2008-03-31,OXSQ,USD,2008-05-08 00:00:00,2008-05-08 17:19:53,Q1,9384567.0,0.0,0.0,0.0,0.0,222000.0,0.0,0.0,3000000.0,0.0,2061437.0,-528774.0,0.0,0.0,0.0,0.0,0.0,0.0,0.0,0.0,-16162559.0,-1.7222487729055587,-0.75,-0.75,21565172,21565172,https://www.sec.gov/Archives/edgar/data/1259429/000119312508108050/0001193125-08-108050-index.html,https://www.sec.gov/Archives/edgar/data/1259429/000119312508108050/d10q.htm,1620596273,17:37:53,20210509
52,2007-12-31,OXSQ,USD,2007-12-31,2007-12-31,Q4,9752277.0,0.0,0.0,0.0,0.0,8724195.0,0.0,0.0,3000000.0,0.0,2405528.0,0.0,0.0,0.0,0.0,0.0,0.0,0.0,0.0,0.0,-10312004.0,-1.057394493614158,-0.47817861132756095,-0.47817861132756095,21565172,21565172,,,1620596273,17:37:53,20210509
53,2007-09-30,OXSQ,USD,2007-11-08 00:00:00,2007-11-07 20:07:45,Q3,9352171.0,0.0,0.0,0.0,0.0,200000.0,0.0,0.0,3000000.0,0.0,1670543.0,-382071.0,0.0,0.0,0.0,0.0,0.0,0.0,0.0,0.0,-5167810.0,-0.5525786472467195,-0.24,-0.24,21160613,21160613,https://www.sec.gov/Archives/edgar/data/1259429/000119312507238863/0001193125-07-238863-index.html,https://www.sec.gov/Archives/edgar/data/1259429/000119312507238863/d10q.htm,1620596273,17:37:53,20210509
54,2007-06-30,OXSQ,USD,2007-08-08 00:00:00,2007-08-08 14:56:41,Q2,2851616.0,0.0,0.0,0.0,0.0,200000.0,0.0,0.0,2000000.0,0.0,1233562.0,-384798.0,0.0,0.0,0.0,0.0,0.0,0.0,0.0,0.0,371497.0,0.13027595580891677,0.02,0.02,19812688,19812688,https://www.sec.gov/Archives/edgar/data/1259429/000119312507175389/0001193125-07-175389-index.html,https://www.sec.gov/Archives/edgar/data/1259429/000119312507175389/d10q.htm,1620596273,17:37:53,20210509
55,2007-03-31,OXSQ,USD,2007-05-09 00:00:00,2007-05-09 16:50:57,Q1,5723966.0,0.0,0.0,0.0,0.0,200000.0,0.0,0.0,2000000.0,0.0,1004226.0,-425522.0,0.0,0.0,0.0,0.0,0.0,0.0,0.0,0.0,3459485.0,0.6043860148715069,0.18,0.18,19732312,19732312,https://www.sec.gov/Archives/edgar/data/1259429/000119312507108309/0001193125-07-108309-index.html,https://www.sec.gov/Archives/edgar/data/1259429/000119312507108309/d10q.htm,1620596273,17:37:53,20210509
56,2006-12-31,OXSQ,USD,2007-03-13,2007-03-13,Q4,10150211.0,0.0,0.0,0.0,0.0,229244.0,0.0,0.0,3000000.0,0.0,1107869.0,-433386.0,0.0,0.0,0.0,0.0,0.0,0.0,0.0,0.0,7444050.0,0.7333886950724473,0.3772517888425847,0.3772517888425847,19732312,19732312,https://www.sec.gov/Archives/edgar/data/1259429/000119312507053570/0001193125-07-053570-index.htm,https://www.sec.gov/Archives/edgar/data/1259429/000119312507053570/d10k.htm,1620596273,17:37:53,20210509
57,2006-09-30,OXSQ,USD,2006-11-09,2006-11-09,Q3,8853446.0,0.0,0.0,0.0,0.0,222711.0,0.0,0.0,2000000.0,0.0,556664.0,-235142.0,0.0,0.0,0.0,0.0,0.0,0.0,0.0,0.0,6759589.0,0.763498077471755,0.35,0.35,19537811,19537811,https://www.sec.gov/Archives/edgar/data/1259429/000119312506229659/0001193125-06-229659-index.htm,https://www.sec.gov/Archives/edgar/data/1259429/000119312506229659/d10q.htm,1620596273,17:37:53,20210509
58,2006-06-30,OXSQ,USD,2006-06-30,2006-06-30,Q2,9053149.0,0.0,0.0,0.0,0.0,130164.0,0.0,0.0,2000000.0,0.0,0.0,-346591.0,0.0,0.0,0.0,0.0,0.0,0.0,0.0,0.0,6864696.0,0.7582661016625265,0.35,0.35,19460812,19460812,,,1620596273,17:37:53,20210509
59,2006-03-31,OXSQ,USD,2006-03-31,2006-03-31,Q1,7156242.0,0.0,0.0,0.0,0.0,130182.0,0.0,0.0,2000000.0,0.0,0.0,101031.0,0.0,0.0,0.0,0.0,0.0,0.0,0.0,0.0,5262837.0,0.7354190928702523,0.27,0.27,19345133,19345133,,,1620596273,17:37:53,20210509
60,2005-12-31,OXSQ,USD,2005-12-31,2005-12-31,Q4,7486165.0,0.0,0.0,0.0,0.0,105471.0,0.0,0.0,2000000.0,0.0,0.0,-109604.0,0.0,0.0,0.0,0.0,0.0,0.0,0.0,0.0,5488669.0,0.7331749968107836,0.283723508129926,0.283723508129926,19345133,19345133,,,1620596273,17:37:53,20210509
61,2005-09-30,OXSQ,USD,2005-09-30,2005-09-30,Q3,6738053.0,0.0,0.0,0.0,0.0,427862.0,0.0,0.0,2000000.0,0.0,0.0,-112239.0,0.0,0.0,0.0,0.0,0.0,0.0,0.0,0.0,4719506.0,0.7004257758138738,0.35,0.35,13393082,13393082,,,1620596273,17:37:53,20210509
62,2005-06-30,OXSQ,USD,2005-06-30,2005-06-30,Q2,4718989.0,0.0,0.0,0.0,0.0,102341.0,0.0,0.0,1000000.0,0.0,0.0,-92821.0,0.0,0.0,0.0,0.0,0.0,0.0,0.0,0.0,3290552.0,0.6973002056160759,0.25,0.25,13324188,13324188,,,1620596273,17:37:53,20210509
63,2005-03-31,OXSQ,USD,2005-03-31,2005-03-31,Q1,4229829.0,0.0,0.0,0.0,0.0,89110.0,0.0,0.0,1000000.0,0.0,0.0,-80345.0,0.0,0.0,0.0,0.0,0.0,0.0,0.0,0.0,2805410.0,0.6632443060936979,0.23,0.23,12443224,12443224,,,1620596273,17:37:53,20210509
64,2004-12-31,OXSQ,USD,2004-12-31,2004-12-31,Q4,2886976.0,0.0,0.0,0.0,0.0,54780.0,0.0,0.0,0.0,0.0,0.0,-63814.0,0.0,0.0,0.0,0.0,0.0,0.0,0.0,0.0,1786899.0,0.618951802855306,0.14360418168153205,0.14360418168153205,12443224,12443224,,,1620596273,17:37:53,20210509
65,2004-09-30,OXSQ,USD,2004-09-30,2004-09-30,Q3,2344537.0,0.0,0.0,0.0,0.0,54780.0,0.0,0.0,0.0,0.0,0.0,0.0,0.0,0.0,0.0,0.0,0.0,0.0,0.0,0.0,1347156.0,0.5745936191239465,0.13,0.13,10093067,10093067,,,1620596273,17:37:53,20210509
66,2004-06-30,OXSQ,USD,2004-06-30,2004-06-30,Q2,1243458.0,0.0,0.0,0.0,0.0,51800.0,0.0,0.0,0.0,0.0,0.0,0.0,0.0,0.0,0.0,0.0,0.0,0.0,0.0,0.0,275059.0,0.2212048979539317,0.03,0.03,10044459,10044459,,,1620596273,17:37:53,20210509
67,2004-03-31,OXSQ,USD,2004-03-31,2004-03-31,Q1,913187.0,0.0,0.0,0.0,0.0,46338.0,0.0,0.0,0.0,0.0,0.0,0.0,0.0,0.0,0.0,0.0,0.0,0.0,0.0,0.0,-45597.0,-0.04993172263731306,-0.005,-0.005,10000100,10000100,,,1620596273,17:37:53,20210509
