,date,symbol,reportedCurrency,fillingDate,acceptedDate,period,revenue,costOfRevenue,grossProfit,grossProfitRatio,researchAndDevelopmentExpenses,generalAndAdministrativeExpenses,sellingAndMarketingExpenses,otherExpenses,operatingExpenses,costAndExpenses,interestExpense,depreciationAndAmortization,ebitda,ebitdaratio,operatingIncome,operatingIncomeRatio,totalOtherIncomeExpensesNet,incomeBeforeTax,incomeBeforeTaxRatio,incomeTaxExpense,netIncome,netIncomeRatio,eps,epsdiluted,weightedAverageShsOut,weightedAverageShsOutDil,link,finalLink,timestamp,est_time,est_date
0,2020-12-31,SITM,USD,2021-02-16,2021-02-16 06:15:58,Q4,40274000,19203000.0,21071000.0,0.5231911406862989,8746000.0,10251000.0,0.0,-83000.0,18997000,38200000,0.0,1436000.0,3510000.0,0.08715300193673338,2074000.0,0.05149724387942593,-83000.0,1991000.0,0.049436360927645626,-2000.0,1991000.0,0.049436360927645626,0.11838506362230942,0.11838506362230942,16818000,16818000,https://www.sec.gov/Archives/edgar/data/1451809/000156459021005867/0001564590-21-005867-index.htm,https://www.sec.gov/Archives/edgar/data/1451809/000156459021005867/sitm-10k_20201231.htm,1620597952,18:05:52,20210509
1,2020-09-30,SITM,USD,2020-11-05,2020-11-05 16:19:09,Q3,32667000,15765000.0,16902000.0,0.5174028836440444,8484000.0,8978000.0,0.0,3000.0,17462000,33227000,110000.0,1270000.0,710000.0,0.021734472097223498,-560000.0,-0.017142682217528394,3000.0,-667000.0,-0.020418158998377567,0.0,-667000.0,-0.020418158998377567,-0.04,-0.04,16818000,16818000,https://www.sec.gov/Archives/edgar/data/1451809/000156459020051337/0001564590-20-051337-index.htm,https://www.sec.gov/Archives/edgar/data/1451809/000156459020051337/sitm-10q_20200930.htm,1620597952,18:05:52,20210509
2,2020-06-30,SITM,USD,2020-08-06,2020-08-06 16:10:38,Q2,21473000,11490000.0,9983000.0,0.4649094211335165,7398000.0,7856000.0,0.0,-20000.0,15254000,26744000,313000.0,1732000.0,-3539000.0,-0.16481162389978113,-5271000.0,-0.24547105667582544,-20000.0,-5604000.0,-0.26097890373957994,-1000.0,-5603000.0,-0.2609323336282774,-0.36,-0.36,15371000,15371000,https://www.sec.gov/Archives/edgar/data/1451809/000156459020037732/0001564590-20-037732-index.htm,https://www.sec.gov/Archives/edgar/data/1451809/000156459020037732/sitm-10q_20200630.htm,1620597952,18:05:52,20210509
3,2020-03-31,SITM,USD,2020-05-07,2020-05-07 16:16:41,Q1,21742000,11766000.0,9976000.0,0.4588354337227486,7024000.0,7808000.0,0.0,68000.0,14832000,26598000,303000.0,1964000.0,-2892000.0,-0.13301444209364363,-4856000.0,-0.22334651825958973,68000.0,-5091000.0,-0.2341550915279183,2000.0,-5093000.0,-0.2342470793855211,-0.34,-0.34,15010000,15010000,https://www.sec.gov/Archives/edgar/data/1451809/000156459020022872/0001564590-20-022872-index.htm,https://www.sec.gov/Archives/edgar/data/1451809/000156459020022872/sitm-10q_20200331.htm,1620597952,18:05:52,20210509
4,2019-12-31,SITM,USD,2020-03-02,2020-03-02,Q4,28089000,14641000.0,13448000.0,0.4787639289401545,5949000.0,0.0,0.0,-12000.0,12418000,27059000,394000.0,2114000.0,3144000.0,0.11192993698600875,1030000.0,0.036669158745416354,-12000.0,624000.0,0.02221510199722311,-9000.0,633000.0,0.02253551212218306,0.05,0.05,12214000,12685000,https://www.sec.gov/Archives/edgar/data/1451809/000156459020008145/0001564590-20-008145-index.htm,https://www.sec.gov/Archives/edgar/data/1451809/000156459020008145/sitm-10k_20191231.htm,1620597952,18:05:52,20210509
5,2019-09-30,SITM,USD,2019-09-30,2019-09-30,Q3,25325000,13178000.0,12147000.0,0.47964461994077,5778000.0,0.0,0.0,5000.0,10647000,23825000,426000.0,2102000.0,3602000.0,0.1422309970384995,1500000.0,0.059230009871668314,5000.0,1079000.0,0.042606120434353405,0.0,1079000.0,0.042606120434353405,0.075455,0.075455,14300000,14300000,,,1620597952,18:05:52,20210509
6,2019-06-30,SITM,USD,2019-06-30,2019-06-30,Q2,15843000,9469000.0,6374000.0,0.40232279240042923,6249000.0,0.0,0.0,-11000.0,11355000,20824000,456000.0,2135000.0,-2846000.0,-0.17963769488102002,-4981000.0,-0.31439752572113866,-11000.0,-5448000.0,-0.34387426623745504,1000.0,-5449000.0,-0.3439373855961623,-0.381049,-0.381049,14300000,14300000,,,1620597952,18:05:52,20210509
7,2019-03-31,SITM,USD,2019-03-31,2019-03-31,Q1,14817000,7228000.0,7589000.0,0.5121819531619086,5820000.0,0.0,0.0,-10000.0,10011000,17239000,438000.0,1922000.0,-500000.0,-0.03374502260916515,-2422000.0,-0.16346088951879598,-10000.0,-2870000.0,-0.19369642977660795,0.0,-2870000.0,-0.19369642977660795,-0.200699,-0.200699,14300000,14300000,,,1620597952,18:05:52,20210509
8,2018-12-31,SITM,USD,2018-12-31,2018-12-31,Q4,22851000,9100000.0,13751000.0,0.6017679751433198,6231000.0,2112000.0,3319000.0,-25000.0,11662000,20762000,443000.0,2142000.0,4231000.0,0.1851560106778697,2089000.0,0.0914183186731434,-25000.0,1621000.0,0.07093781453765699,-27000.0,1648000.0,0.07211938208393506,0.11524475524475525,0.11524475524475525,14300000,14300000,,,1620597952,18:05:52,20210509
