,date,symbol,reportedCurrency,fillingDate,acceptedDate,period,revenue,costOfRevenue,grossProfit,grossProfitRatio,researchAndDevelopmentExpenses,generalAndAdministrativeExpenses,sellingAndMarketingExpenses,otherExpenses,operatingExpenses,costAndExpenses,interestExpense,depreciationAndAmortization,ebitda,ebitdaratio,operatingIncome,operatingIncomeRatio,totalOtherIncomeExpensesNet,incomeBeforeTax,incomeBeforeTaxRatio,incomeTaxExpense,netIncome,netIncomeRatio,eps,epsdiluted,weightedAverageShsOut,weightedAverageShsOutDil,link,finalLink,timestamp,est_time,est_date
0,2017-09-30,SCMP,USD,2017-11-01 00:00:00,2017-11-01 06:35:16,Q3,61266000.0,17436000.0,43830000.0,0.7154049554402115,10133000.0,11407000.0,1090000.0,0.0,22630000.0,40066000.0,2956000.0,7474000.0,28674000.0,0.46802467926745667,21200000.0,0.34603205693206673,-683000.0,17571000.0,0.2867985505827049,7204000.0,10367000.0,0.1692129402931479,0.22,0.19,46344000.0,65083000.0,https://www.sec.gov/Archives/edgar/data/1365216/000117184317006456/0001171843-17-006456-index.html,https://www.sec.gov/Archives/edgar/data/1365216/000117184317006456/f10q_110117p.htm,1620597670,18:01:10,20210509
1,2017-06-30,SCMP,USD,2017-08-02 00:00:00,2017-08-02 06:36:17,Q2,59896000.0,17035000.0,42861000.0,0.7155903566181381,19099000.0,12253000.0,741000.0,0.0,218696000.0,235731000.0,2916000.0,7458000.0,-168377000.0,-2.8111560037398156,-175835000.0,-2.935671831174035,-476000.0,-179227000.0,-2.992303325764659,1940000.0,-181167000.0,-3.024692800854815,-3.92,-3.92,46195000.0,46195000.0,https://www.sec.gov/Archives/edgar/data/1365216/000117184317004571/0001171843-17-004571-index.html,https://www.sec.gov/Archives/edgar/data/1365216/000117184317004571/f10q_080217p.htm,1620597670,18:01:10,20210509
2,2017-03-31,SCMP,USD,2017-05-03 00:00:00,2017-05-03 17:13:43,Q1,56283000.0,16883000.0,39400000.0,0.7000337579731002,10333000.0,17691000.0,516000.0,0.0,28540000.0,45423000.0,2890000.0,7422000.0,18282000.0,0.32482277064122383,10860000.0,0.19295346729918447,211000.0,8209000.0,0.14585221114723806,3585000.0,4624000.0,0.08215624611339126,0.11,0.1,43442000.0,62107000.0,https://www.sec.gov/Archives/edgar/data/1365216/000117184317002594/0001171843-17-002594-index.html,https://www.sec.gov/Archives/edgar/data/1365216/000117184317002594/f10q_050317p.htm,1620597670,18:01:10,20210509
3,2016-12-31,SCMP,USD,2017-03-08 00:00:00,2017-03-08 16:02:47,Q4,73024000.0,16725000.0,56299000.0,0.7709657099035934,11035000.0,11387000.0,384000.0,0.0,22806000.0,39531000.0,5620000.0,7810000.0,41303000.0,0.5656085670464505,33493000.0,0.4586574276950044,-21028000.0,6850000.0,0.09380477651183172,-8433000.0,15283000.0,0.20928735758106923,0.36,0.34,43049000.0,44910000.0,https://www.sec.gov/Archives/edgar/data/1365216/000117184317001354/0001171843-17-001354-index.html,https://www.sec.gov/Archives/edgar/data/1365216/000117184317001354/f10k_030817p.htm,1620597670,18:01:10,20210509
4,2016-09-30,SCMP,USD,2016-11-09 00:00:00,2016-11-09 16:02:29,Q3,57873000.0,15586000.0,42287000.0,0.7306861576209978,9976000.0,10853000.0,696000.0,0.0,29019000.0,44605000.0,5899000.0,7775000.0,21043000.0,0.3636065177198348,13268000.0,0.22926062239731826,8102000.0,15502000.0,0.26786238833307413,7410000.0,8092000.0,0.13982340642441207,0.18900801158526614,0.18626706258775869,42813000.0,43443000.0,https://www.sec.gov/Archives/edgar/data/1365216/000117184316013087/0001171843-16-013087-index.html,https://www.sec.gov/Archives/edgar/data/1365216/000117184316013087/f10q_110216p.htm,1620597670,18:01:10,20210509
5,2016-06-30,SCMP,USD,2016-08-03,2016-08-03 16:06:52,Q2,51951000.0,20354000.0,31597000.0,0.6082077342110835,10933000.0,10919000.0,623000.0,0.0,23979000.0,44333000.0,5972000.0,14525000.0,22143000.0,0.42622856152913324,7618000.0,0.1466381782833824,-2539000.0,-883000.0,-0.01699678543242671,-51000.0,-832000.0,-0.016015091143577603,-0.02,-0.02,42759000.0,42759000.0,https://www.sec.gov/Archives/edgar/data/1365216/000117184316011464/0001171843-16-011464-index.htm,https://www.sec.gov/Archives/edgar/data/1365216/000117184316011464/f10q_080316p.htm,1620597670,18:01:10,20210509
6,2016-03-31,SCMP,USD,2016-05-05 00:00:00,2016-05-04 18:15:08,Q1,47208000.0,23338000.0,23870000.0,0.5056346381969158,14671000.0,8927000.0,775000.0,0.0,24373000.0,47711000.0,6270000.0,15573000.0,15070000.0,0.31922555499067956,-503000.0,-0.010654973733265549,-347000.0,-7095000.0,-0.15029232333502796,-3038000.0,-4057000.0,-0.08593882392814778,-0.1,-0.1,42539000.0,42539000.0,https://www.sec.gov/Archives/edgar/data/1365216/000117184316009701/0001171843-16-009701-index.html,https://www.sec.gov/Archives/edgar/data/1365216/000117184316009701/f10q_050416p.htm,1620597670,18:01:10,20210509
7,2015-12-31,SCMP,USD,2016-03-11 00:00:00,2016-03-10 21:35:15,Q4,55368000.0,18075000.0,37293000.0,0.6735478977026441,11346000.0,13154000.0,1225000.0,0.0,25725000.0,43800000.0,6070000.0,10147000.0,21715000.0,0.3921940471030198,11568000.0,0.20892934547030775,3942000.0,9466000.0,0.17096517844242162,-685000.0,10151000.0,0.18333694552810287,0.24,0.23,42885000.0,44338000.0,https://www.sec.gov/Archives/edgar/data/1365216/000117184316008505/0001171843-16-008505-index.html,https://www.sec.gov/Archives/edgar/data/1365216/000117184316008505/f10k_030816p.htm,1620597670,18:01:10,20210509
8,2015-09-30,SCMP,USD,2015-11-04 00:00:00,2015-11-04 16:04:51,Q3,33448000.0,5286000.0,28162000.0,0.8419636450609902,8368000.0,7752000.0,385000.0,0.0,16505000.0,21791000.0,243000.0,218000.0,11875000.0,0.3550287012676393,11657000.0,0.34851112174121024,87000.0,11563000.0,0.3457007892848601,4327000.0,7236000.0,0.21633580483138004,0.16176700722094298,0.15625472370381568,44731000.0,46309000.0,https://www.sec.gov/Archives/edgar/data/1365216/000117184315005981/0001171843-15-005981-index.html,https://www.sec.gov/Archives/edgar/data/1365216/000117184315005981/gff10q_110415p.htm,1620597670,18:01:10,20210509
9,2015-06-30,SCMP,USD,2015-08-05 00:00:00,2015-08-05 14:05:52,Q2,34884000.0,7260000.0,27624000.0,0.7918816649466804,7124000.0,8328000.0,592000.0,0.0,16044000.0,23304000.0,265000.0,132000.0,11712000.0,0.33574131406948743,11580000.0,0.3319573443412453,2063000.0,13431000.0,0.38501891984864123,3855000.0,9576000.0,0.27450980392156865,0.21457861832522912,0.20727721379250633,44627000.0,46199000.0,https://www.sec.gov/Archives/edgar/data/1365216/000117184315004344/0001171843-15-004344-index.html,https://www.sec.gov/Archives/edgar/data/1365216/000117184315004344/gff10q_080515.htm,1620597670,18:01:10,20210509
10,2015-03-31,SCMP,USD,2015-05-06 00:00:00,2015-05-06 16:20:59,Q1,29480000.0,6110000.0,23370000.0,0.7927408412483039,6793000.0,6283000.0,640000.0,0.0,13716000.0,19826000.0,276000.0,83000.0,9737000.0,0.330291723202171,9654000.0,0.3274762550881954,-203000.0,9215000.0,0.31258480325644505,2807000.0,6408000.0,0.21736770691994572,0.14443492764729748,0.1395713538944067,44366000.0,45912000.0,https://www.sec.gov/Archives/edgar/data/1365216/000117184315002579/0001171843-15-002579-index.html,https://www.sec.gov/Archives/edgar/data/1365216/000117184315002579/f10q_050615.htm,1620597670,18:01:10,20210509
11,2014-12-31,SCMP,USD,2015-03-09,2015-03-09 17:19:19,Q4,37757000.0,4106000.0,33651000.0,0.8912519532801865,5882000.0,7659000.0,3062000.0,0.0,16603000.0,20709000.0,344000.0,106000.0,17154000.0,0.4543263500807797,17048000.0,0.45151892364329793,1107000.0,17877000.0,0.4734751171968112,8594000.0,9283000.0,0.2458616945202214,0.21135675417226385,0.20667008037046108,43921000.0,44917000.0,https://www.sec.gov/Archives/edgar/data/1365216/000117184315001318/0001171843-15-001318-index.htm,https://www.sec.gov/Archives/edgar/data/1365216/000117184315001318/f10k_030515.htm,1620597670,18:01:10,20210509
12,2014-09-30,SCMP,USD,2014-11-07 00:00:00,2014-11-07 07:30:48,Q3,31463000.0,4974000.0,26489000.0,0.8419095445443855,5297000.0,8117000.0,3801000.0,0.0,22846000.0,27820000.0,384000.0,263000.0,3906000.0,0.12414582207672505,3643000.0,0.11578679719035057,519000.0,3804000.0,0.12090391888885357,2324000.0,1480000.0,0.047039379588723264,0.03,0.03,43796000.0,43796000.0,https://www.sec.gov/Archives/edgar/data/1365216/000117184314005351/0001171843-14-005351-index.html,https://www.sec.gov/Archives/edgar/data/1365216/000117184314005351/f10q_110614.htm,1620597670,18:01:10,20210509
13,2014-06-30,SCMP,USD,2014-08-06 00:00:00,2014-08-06 17:27:59,Q2,24069000.0,3796000.0,20273000.0,0.8422867589014915,4252000.0,8197000.0,4013000.0,0.0,16462000.0,20258000.0,392000.0,360000.0,4171000.0,0.17329344800365615,3811000.0,0.15833644937471436,-53000.0,3389000.0,0.14080352320412148,1779000.0,1610000.0,0.06689102164610079,0.04,0.04,43640000.0,43640000.0,https://www.sec.gov/Archives/edgar/data/1365216/000117184314003784/0001171843-14-003784-index.html,https://www.sec.gov/Archives/edgar/data/1365216/000117184314003784/f10q_080614.htm,1620597670,18:01:10,20210509
14,2014-03-31,SCMP,USD,2014-05-09 00:00:00,2014-05-09 15:14:46,Q1,22161000.0,3517000.0,18644000.0,0.8412977753711475,5135000.0,7257000.0,3647000.0,0.0,16039000.0,19556000.0,400000.0,361000.0,2966000.0,0.13383872568927396,2605000.0,0.11754884707368801,-323000.0,1939000.0,0.08749605162221921,1264000.0,675000.0,0.030458914308921076,0.015552637036012996,0.015249412615217783,43401000.0,44264000.0,https://www.sec.gov/Archives/edgar/data/1365216/000117184314002276/0001171843-14-002276-index.html,https://www.sec.gov/Archives/edgar/data/1365216/000117184314002276/f10q_050914.htm,1620597670,18:01:10,20210509
15,2013-12-31,SCMP,USD,2014-03-12,2014-03-12 17:30:06,Q4,24490000.0,2945000.0,21545000.0,0.879746835443038,6996000.0,6778000.0,5092000.0,0.0,18866000.0,21811000.0,445000.0,371000.0,3050000.0,0.1245406288280931,2679000.0,0.10939158840342997,1145000.0,3440000.0,0.14046549612086565,1287000.0,2153000.0,0.08791343405471622,0.05134870853108827,0.050086074535895406,41929000.0,42986000.0,https://www.sec.gov/Archives/edgar/data/1365216/000117184314001213/0001171843-14-001213-index.htm,https://www.sec.gov/Archives/edgar/data/1365216/000117184314001213/f10k_030714.htm,1620597670,18:01:10,20210509
16,2013-09-30,SCMP,USD,2013-11-08 00:00:00,2013-11-08 11:34:48,Q3,21163000.0,6267000.0,14896000.0,0.7038699617256533,4474000.0,5440000.0,6026000.0,0.0,15940000.0,22207000.0,461000.0,364000.0,-680000.0,-0.03213155034730426,-1044000.0,-0.049331380239096535,-49000.0,-1534000.0,-0.0724849974011246,-2825000.0,1291000.0,0.061002693379955585,0.030838688101664954,0.030172716011872765,41863000.0,42787000.0,https://www.sec.gov/Archives/edgar/data/1365216/000117184313004521/0001171843-13-004521-index.html,https://www.sec.gov/Archives/edgar/data/1365216/000117184313004521/f10q_110813.htm,1620597670,18:01:10,20210509
17,2013-06-30,SCMP,USD,2013-08-09 00:00:00,2013-08-09 16:15:34,Q2,27023000.0,1908000.0,25115000.0,0.9293934796284646,4425000.0,5968000.0,4553000.0,0.0,14946000.0,16854000.0,493000.0,372000.0,10541000.0,0.39007512119305776,10169000.0,0.37630907005143766,744000.0,10443000.0,0.38644858083854494,4324000.0,6119000.0,0.22643673907412204,0.15,0.14,41604000.0,42868000.0,https://www.sec.gov/Archives/edgar/data/1365216/000117184313003322/0001171843-13-003322-index.html,https://www.sec.gov/Archives/edgar/data/1365216/000117184313003322/f10q_080913.htm,1620597670,18:01:10,20210509
18,2013-03-31,SCMP,USD,2013-05-10 00:00:00,2013-05-10 16:51:51,Q1,16919000.0,1282000.0,15637000.0,0.9242272001891365,5629000.0,7227000.0,5389000.0,0.0,18245000.0,19527000.0,495000.0,381000.0,-2227000.0,-0.13162716472604763,-2608000.0,-0.15414622613629647,1081000.0,-2003000.0,-0.11838761156096696,1142000.0,-3145000.0,-0.18588569064365507,-0.08,-0.08,41461000.0,41461000.0,https://www.sec.gov/Archives/edgar/data/1365216/000114420413028003/0001144204-13-028003-index.html,https://www.sec.gov/Archives/edgar/data/1365216/000114420413028003/v344560_10q.htm,1620597670,18:01:10,20210509
19,2012-12-31,SCMP,USD,2013-03-18 00:00:00,2013-03-18 17:09:41,Q4,34862000.0,10120000.0,24742000.0,0.7097125810337904,0.0,7559000.0,4217000.0,0.0,11776000.0,21896000.0,566000.0,383000.0,13349000.0,0.3829097584762779,12966000.0,0.3719235844185646,875000.0,13336000.0,0.3825368596179221,-196000.0,13532000.0,0.38815902702082494,0.33,0.32,41553000.0,41991000.0,https://www.sec.gov/Archives/edgar/data/1365216/000114420413015904/0001144204-13-015904-index.html,https://www.sec.gov/Archives/edgar/data/1365216/000114420413015904/v335949_10k.htm,1620597670,18:01:10,20210509
20,2012-09-30,SCMP,USD,2012-11-09 00:00:00,2012-11-09 15:42:22,Q3,15496000.0,5615000.0,9881000.0,0.6376484254001032,0.0,7256000.0,4278000.0,0.0,11534000.0,17149000.0,596000.0,374000.0,-1279000.0,-0.08253742901393908,-1653000.0,-0.106672689726381,8000.0,-2173000.0,-0.14022973670624678,3776000.0,-5949000.0,-0.38390552400619515,-0.14,-0.14,41678000.0,41678000.0,https://www.sec.gov/Archives/edgar/data/1365216/000114420412060823/0001144204-12-060823-index.html,https://www.sec.gov/Archives/edgar/data/1365216/000114420412060823/v325678_10q.htm,1620597670,18:01:10,20210509
21,2012-06-30,SCMP,USD,2012-08-09 00:00:00,2012-08-09 15:50:32,Q2,16683000.0,5235000.0,11448000.0,0.6862075166336989,0.0,8015000.0,6107000.0,0.0,14122000.0,19357000.0,592000.0,381000.0,-2293000.0,-0.1374453036024696,-2674000.0,-0.160282922735719,-555000.0,-3791000.0,-0.22723730743871007,-2972000.0,-819000.0,-0.0490918899478511,-0.02,-0.02,41710000.0,41710000.0,https://www.sec.gov/Archives/edgar/data/1365216/000114420412044010/0001144204-12-044010-index.html,https://www.sec.gov/Archives/edgar/data/1365216/000114420412044010/v318656_10q.htm,1620597670,18:01:10,20210509
22,2012-03-31,SCMP,USD,2012-05-10,2012-05-10,Q1,14446000.0,3352000.0,11094000.0,0.7679634500899903,0.0,7327000.0,4089000.0,0.0,11416000.0,14768000.0,592000.0,350000.0,28000.0,0.0019382528035442337,-322000.0,-0.02228990724075869,1274000.0,380000.0,0.026304859476671744,2308000.0,-1928000.0,-0.13346255018690295,-0.05,-0.05,41702000.0,41702000.0,https://www.sec.gov/Archives/edgar/data/1365216/000114420412027644/0001144204-12-027644-index.htm,https://www.sec.gov/Archives/edgar/data/1365216/000114420412027644/v312099_10q.htm,1620597670,18:01:10,20210509
23,2011-12-31,SCMP,USD,2012-03-15 00:00:00,2012-03-15 15:20:09,Q4,14215000.0,7659000.0,6556000.0,0.46120295462539573,0.0,11953000.0,2094000.0,0.0,2947000.0,10606000.0,611000.0,282000.0,3891000.0,0.27372493844530427,3609000.0,0.25388673935983114,14000.0,3101000.0,0.21814984171649665,401000.0,2700000.0,0.18994020400984876,0.06474509615845762,0.06474509615845762,41702000.0,41702000.0,https://www.sec.gov/Archives/edgar/data/1365216/000114420412015229/0001144204-12-015229-index.html,https://www.sec.gov/Archives/edgar/data/1365216/000114420412015229/v305020_10k.htm,1620597670,18:01:10,20210509
24,2011-09-30,SCMP,USD,2011-11-09 00:00:00,2011-11-09 12:45:02,Q3,14372000.0,8725000.0,5647000.0,0.3929167826328973,0.0,7926000.0,2243000.0,0.0,10169000.0,18894000.0,619000.0,376000.0,-4146000.0,-0.28847759532424155,-4522000.0,-0.3146395769551906,1224000.0,-3882000.0,-0.2701085443918731,196000.0,-4078000.0,-0.2837461731143891,-0.1,-0.1,41877000.0,41877000.0,https://www.sec.gov/Archives/edgar/data/1365216/000114420411062386/0001144204-11-062386-index.html,https://www.sec.gov/Archives/edgar/data/1365216/000114420411062386/v238508_10q.htm,1620597670,18:01:10,20210509
25,2011-06-30,SCMP,USD,2011-08-05 00:00:00,2011-08-05 13:47:53,Q2,14000000.0,7893000.0,6107000.0,0.4362142857142857,0.0,11694000.0,2028000.0,0.0,13722000.0,21615000.0,614000.0,401000.0,-7214000.0,-0.5152857142857142,-7615000.0,-0.5439285714285714,-3122000.0,-11296000.0,-0.8068571428571428,-2277000.0,-9019000.0,-0.6442142857142857,-0.22,-0.22,41864000.0,41864000.0,https://www.sec.gov/Archives/edgar/data/1365216/000114420411044180/0001144204-11-044180-index.html,https://www.sec.gov/Archives/edgar/data/1365216/000114420411044180/v229354_10q.htm,1620597670,18:01:10,20210509
26,2011-03-31,SCMP,USD,2011-05-10 00:00:00,2011-05-10 16:30:40,Q1,12174000.0,9220000.0,2954000.0,0.2426482667980943,0.0,9697000.0,2418000.0,0.0,12115000.0,21335000.0,611000.0,249000.0,-8912000.0,-0.7320519139149007,-9161000.0,-0.7525053392475768,-135000.0,-9837000.0,-0.8080335140463283,-2928000.0,-6909000.0,-0.5675209462789551,-0.17,-0.17,41851000.0,41851000.0,https://www.sec.gov/Archives/edgar/data/1365216/000114420411027696/0001144204-11-027696-index.html,https://www.sec.gov/Archives/edgar/data/1365216/000114420411027696/v221681_10q.htm,1620597670,18:01:10,20210509
27,2010-12-31,SCMP,USD,2011-03-08,2011-03-08 16:44:29,Q4,12351000.0,954000.0,11397000.0,0.9227592907456886,0.0,9366000.0,3099000.0,0.0,12465000.0,13419000.0,0.0,266000.0,-802000.0,-0.06493401344020727,-1068000.0,-0.08647073111488948,-3358000.0,-4394000.0,-0.3557606671524573,-1508000.0,-2886000.0,-0.233665290259898,-0.06895892571264725,-0.06895892571264725,41851000.0,41851000.0,https://www.sec.gov/Archives/edgar/data/1365216/000114420411013518/0001144204-11-013518-index.htm,https://www.sec.gov/Archives/edgar/data/1365216/000114420411013518/v213743_10k.htm,1620597670,18:01:10,20210509
28,2010-09-30,SCMP,USD,2010-11-03 00:00:00,2010-11-03 16:16:45,Q3,20908000.0,9335000.0,11573000.0,0.5535201836617563,0.0,6138000.0,2602000.0,0.0,8740000.0,18075000.0,0.0,239000.0,3072000.0,0.14692940501243543,2833000.0,0.13549837382819974,-115000.0,2831000.0,0.13540271666347808,423000.0,2408000.0,0.11517122632485173,0.06,0.06,41849000.0,41849000.0,https://www.sec.gov/Archives/edgar/data/1365216/000114420410057254/0001144204-10-057254-index.html,https://www.sec.gov/Archives/edgar/data/1365216/000114420410057254/v200724_10q.htm,1620597670,18:01:10,20210509
29,2010-06-30,SCMP,USD,2010-08-05 00:00:00,2010-08-05 16:15:03,Q2,13775000.0,6563000.0,7212000.0,0.523557168784029,0.0,6604000.0,2313000.0,0.0,8917000.0,15480000.0,0.0,231000.0,-1474000.0,-0.107005444646098,-1705000.0,-0.12377495462794919,-135000.0,-1663000.0,-0.12072595281306715,315000.0,-1978000.0,-0.1435934664246824,-0.05,-0.05,41848000.0,41848000.0,https://www.sec.gov/Archives/edgar/data/1365216/000114420410041561/0001144204-10-041561-index.html,https://www.sec.gov/Archives/edgar/data/1365216/000114420410041561/v192431_10q.htm,1620597670,18:01:10,20210509
30,2010-03-31,SCMP,USD,2010-05-10 00:00:00,2010-05-10 17:00:52,Q1,14836000.0,7103000.0,7733000.0,0.521232138042599,0.0,5759000.0,2187000.0,0.0,7946000.0,15049000.0,0.0,228000.0,15000.0,0.0010110541925047183,-213000.0,-0.014356969533566999,-92000.0,-94000.0,-0.006335939606362901,205000.0,-299000.0,-0.020153680237260718,-0.01,-0.01,41845000.0,41845000.0,https://www.sec.gov/Archives/edgar/data/1365216/000095012310047289/0000950123-10-047289-index.html,https://www.sec.gov/Archives/edgar/data/1365216/000095012310047289/c00554e10vq.htm,1620597670,18:01:10,20210509
31,2009-12-31,SCMP,USD,2010-03-15 00:00:00,2010-03-15 17:08:59,Q4,16301000.0,7791000.0,8510000.0,0.5220538617262744,0.0,3808000.0,2283000.0,0.0,6091000.0,13882000.0,0.0,226000.0,2645000.0,0.1622599840500583,2419000.0,0.14839580393840868,265000.0,2899000.0,0.17784185019323967,1558000.0,1341000.0,0.08226489172443409,0.03204683952682519,0.03204683952682519,41845000.0,41845000.0,https://www.sec.gov/Archives/edgar/data/1365216/000095012310024764/0000950123-10-024764-index.html,https://www.sec.gov/Archives/edgar/data/1365216/000095012310024764/c97731e10vk.htm,1620597670,18:01:10,20210509
32,2009-09-30,SCMP,USD,2009-11-06 00:00:00,2009-11-06 15:17:34,Q3,17831000.0,1664000.0,16167000.0,0.9066793786102855,7383000.0,4317000.0,3047000.0,0.0,14747000.0,16411000.0,0.0,223000.0,1643000.0,0.092142897201503,1420000.0,0.07963658796478044,-250000.0,1381000.0,0.077449385900959,1469000.0,-88000.0,-0.004935225169648365,-0.002103049421661409,-0.002103049421661409,41844000.0,41844000.0,https://www.sec.gov/Archives/edgar/data/1365216/000095012309059244/0000950123-09-059244-index.html,https://www.sec.gov/Archives/edgar/data/1365216/000095012309059244/c92060e10vq.htm,1620597670,18:01:10,20210509
33,2009-06-30,SCMP,USD,2009-08-07 00:00:00,2009-08-07 17:02:05,Q2,17705000.0,11579000.0,6126000.0,0.3460039536853996,0.0,2924000.0,2188000.0,0.0,5112000.0,16691000.0,0.0,187000.0,1201000.0,0.0678339452132166,1014000.0,0.0572719570742728,-608000.0,625000.0,0.03530076249646993,863000.0,-238000.0,-0.013442530358655747,-0.01,-0.01,41844000.0,41844000.0,https://www.sec.gov/Archives/edgar/data/1365216/000095012309032204/0000950123-09-032204-index.html,https://www.sec.gov/Archives/edgar/data/1365216/000095012309032204/c88990e10vq.htm,1620597670,18:01:10,20210509
34,2009-03-31,SCMP,USD,2009-05-11 00:00:00,2009-05-11 15:04:33,Q1,15514000.0,12055000.0,3459000.0,0.22295990718061107,0.0,3455000.0,2512000.0,0.0,5967000.0,18022000.0,0.0,122000.0,-2386000.0,-0.15379657083924198,-2508000.0,-0.16166043573546474,822000.0,-1374000.0,-0.08856516694598428,401000.0,-1775000.0,-0.11441278844914271,-0.04,-0.04,41844000.0,41844000.0,https://www.sec.gov/Archives/edgar/data/1365216/000095013309001566/0000950133-09-001566-index.html,https://www.sec.gov/Archives/edgar/data/1365216/000095013309001566/w73976e10vq.htm,1620597670,18:01:10,20210509
35,2008-12-31,SCMP,USD,2009-03-16 00:00:00,2009-03-16 14:25:43,Q4,16374000.0,47835000.0,-31461000.0,-1.921399780139245,0.0,6306000.0,0.0,0.0,-29231000.0,0.0,0.0,124000.0,-2106000.0,-0.12861854159032612,-2230000.0,-0.1361915231464517,-383000.0,-2033000.0,-0.12416025406131673,971000.0,-3004000.0,-0.18346158544033223,-0.0717904598030781,-0.0717904598030781,41844000.0,41844000.0,https://www.sec.gov/Archives/edgar/data/1365216/000095013309000755/0000950133-09-000755-index.html,https://www.sec.gov/Archives/edgar/data/1365216/000095013309000755/w73200e10vk.htm,1620597670,18:01:10,20210509
36,2008-09-30,SCMP,USD,2008-11-14 00:00:00,2008-11-14 10:51:59,Q3,14481000.0,1359000.0,13122000.0,0.906152889993785,11390000.0,6543000.0,0.0,0.0,17933000.0,0.0,0.0,114000.0,-4697000.0,-0.32435605275878737,-4811000.0,-0.33222843726261997,-15000.0,-4171000.0,-0.288032594434086,-1745000.0,-2426000.0,-0.16752986672191147,-0.06,-0.06,41813000.0,41813000.0,https://www.sec.gov/Archives/edgar/data/1365216/000095013308003840/0000950133-08-003840-index.html,https://www.sec.gov/Archives/edgar/data/1365216/000095013308003840/w71559e10vq.htm,1620597670,18:01:10,20210509
37,2008-06-30,SCMP,USD,2008-08-14 00:00:00,2008-08-14 11:48:59,Q2,67714000.0,4451000.0,63263000.0,0.9342676551377854,12931000.0,6431000.0,0.0,0.0,19362000.0,0.0,0.0,110000.0,44011000.0,0.6499542192161148,43901000.0,0.6483297397879316,-13000.0,44453000.0,0.6564816729184512,14577000.0,29876000.0,0.44120861269456835,0.72,0.71,41757000.0,42038000.0,https://www.sec.gov/Archives/edgar/data/1365216/000095013308002881/0000950133-08-002881-index.html,https://www.sec.gov/Archives/edgar/data/1365216/000095013308002881/w65485e10vq.htm,1620597670,18:01:10,20210509
38,2008-03-31,SCMP,USD,2008-05-14 00:00:00,2008-05-14 14:14:21,Q1,13554000.0,2112000.0,11442000.0,0.8441788401947764,10082000.0,7149000.0,0.0,0.0,17231000.0,19343000.0,0.0,102000.0,-5687000.0,-0.4195809355171905,-5789000.0,-0.42710638925778366,12000.0,-5135000.0,-0.378854950568098,-5640000.0,505000.0,0.037258373911760366,0.012100735628878825,0.012006371698247783,41733000.0,42061000.0,https://www.sec.gov/Archives/edgar/data/1365216/000095013308002006/0000950133-08-002006-index.html,https://www.sec.gov/Archives/edgar/data/1365216/000095013308002006/w58353e10vq.htm,1620597670,18:01:10,20210509
39,2007-12-31,SCMP,USD,2008-03-27,2008-03-27 08:36:36,Q4,17145000.0,30370000.0,-13225000.0,-0.7713619130941965,0.0,8944000.0,0.0,0.0,-11110000.0,0.0,0.0,98000.0,-2017000.0,-0.11764362787984835,-2115000.0,-0.12335958005249344,335000.0,-882000.0,-0.051443569553805774,-147000.0,-735000.0,-0.04286964129483815,-0.01761196175688304,-0.01761196175688304,41733000.0,41733000.0,https://www.sec.gov/Archives/edgar/data/1365216/000095013308001234/0000950133-08-001234-index.htm,https://www.sec.gov/Archives/edgar/data/1365216/000095013308001234/w52124e10vk.htm,1620597670,18:01:10,20210509
40,2007-09-30,SCMP,USD,2007-11-14 00:00:00,2007-11-14 13:23:44,Q3,12852000.0,1244000.0,11608000.0,0.9032057267351385,6760000.0,5723000.0,0.0,0.0,12483000.0,0.0,4000.0,93000.0,-782000.0,-0.06084656084656084,-875000.0,-0.06808278867102396,-224000.0,-323000.0,-0.02513227513227513,151000.0,-474000.0,-0.03688141923436041,-0.01,-0.01,39312000.0,39312000.0,https://www.sec.gov/Archives/edgar/data/1365216/000095013307004647/0000950133-07-004647-index.html,https://www.sec.gov/Archives/edgar/data/1365216/000095013307004647/w42522e10vq.htm,1620597670,18:01:10,20210509
41,2007-06-30,SCMP,USD,2007-06-30,2007-06-30,Q2,48934000.0,3200000.0,45734000.0,0.9346057955613684,7348000.0,0.0,0.0,0.0,24875000.0,0.0,0.0,35961.0,20894961.0,0.42700292230351083,20859000.0,0.4262680344954428,42000.0,21372000.0,0.43675154289451096,7489000.0,13883000.0,0.2837086688192259,0.4,0.39,34990000.0,35505000.0,,,1620597670,18:01:10,20210509
42,2007-03-31,SCMP,USD,2007-03-31,2007-03-31,Q1,10650741.0,0.0,10650741.0,1.0,5946101.0,0.0,0.0,0.0,10112042.0,10112042.0,3597.0,24039.0,562738.0,0.05283557266109466,538699.0,0.05057854660065436,-2522.0,856633.0,0.0804294273985256,340391.0,516242.0,0.04847005480651534,0.01,0.01,34990436.0,35429087.0,,,1620597670,18:01:10,20210509
43,2006-12-31,SCMP,USD,2006-12-31,2006-12-31,Q4,18660954.0,0.0,18660954.0,1.0,-12355005.0,0.0,0.0,0.0,-2139534.0,0.0,6418.0,18453.0,8595927.0,0.46063706067760524,8577474.0,0.4596482044808642,-33314.0,9111075.0,0.488242723281993,0.0,14007815.0,0.750648385929251,0.0,0.0,0.0,0.0,,,1620597670,18:01:10,20210509
44,2006-09-30,SCMP,USD,2006-09-30,2006-09-30,Q3,3806605.0,0.0,3806605.0,1.0,2810459.0,0.0,0.0,0.0,8477071.0,0.0,3333.0,16148.0,-4654318.0,-1.2226952888466232,-4670466.0,-1.226937389090804,25763.0,-4212299.0,-1.106576332453722,0.0,-4212299.0,-1.106576332453722,-1.048,-1.048,4020271.0,4122934.0,,,1620597670,18:01:10,20210509
45,2006-06-30,SCMP,USD,2006-06-30,2006-06-30,Q2,8985403.0,0.0,8985403.0,1.0,3424276.0,0.0,0.0,0.0,12696579.0,0.0,60026.0,0.0,-2927368.0,-0.32579150873922963,-3711176.0,-0.41302276592379883,122438.0,-2987394.0,-0.332471899145759,-3727873.0,740479.0,0.08240910285270454,0.17,0.0165,4349911.0,4478573.0,,,1620597670,18:01:10,20210509
46,2006-03-31,SCMP,USD,2006-03-31,2006-03-31,Q1,24168487.0,0.0,0.0,0.0,0.0,0.0,0.0,0.0,0.0,0.0,0.0,0.0,0.0,0.0,0.0,0.0,0.0,0.0,0.0,0.0,13307070.0,0.5505959061483658,0.41,0.41,32456268.0,32456268.0,,,1620597670,18:01:10,20210509
47,2005-12-31,SCMP,USD,2005-12-31,2005-12-31,Q4,-1973105.0,0.0,0.0,0.0,0.0,0.0,0.0,0.0,0.0,0.0,0.0,0.0,0.0,0.0,0.0,0.0,0.0,0.0,0.0,0.0,-10606389.0,5.375481284574313,0.0,0.0,0.0,0.0,,,1620597670,18:01:10,20210509
48,2005-09-30,SCMP,USD,2005-09-30,2005-09-30,Q3,3770818.0,0.0,0.0,0.0,0.0,0.0,0.0,0.0,0.0,0.0,0.0,0.0,0.0,0.0,0.0,0.0,0.0,0.0,0.0,0.0,-9623105.0,-2.551994023577908,-2.51,-2.51,41735931.0,41735931.0,,,1620597670,18:01:10,20210509
49,2005-06-30,SCMP,USD,2005-06-30,2005-06-30,Q2,23770814.0,0.0,0.0,0.0,0.0,0.0,0.0,0.0,0.0,0.0,0.0,0.0,0.0,0.0,0.0,0.0,0.0,0.0,0.0,0.0,14814097.0,0.6232052886367291,3.52,3.43,41735931.0,41735931.0,,,1620597670,18:01:10,20210509
50,2005-03-31,SCMP,USD,2005-03-31,2005-03-31,Q1,14636236.0,0.0,0.0,0.0,0.0,0.0,0.0,0.0,0.0,0.0,0.0,0.0,0.0,0.0,0.0,0.0,0.0,0.0,0.0,0.0,5099834.0,0.3484389019143993,1.21,1.17,41735931.0,41735931.0,,,1620597670,18:01:10,20210509
