,date,symbol,reportedCurrency,fillingDate,acceptedDate,period,revenue,costOfRevenue,grossProfit,grossProfitRatio,researchAndDevelopmentExpenses,generalAndAdministrativeExpenses,sellingAndMarketingExpenses,otherExpenses,operatingExpenses,costAndExpenses,interestExpense,depreciationAndAmortization,ebitda,ebitdaratio,operatingIncome,operatingIncomeRatio,totalOtherIncomeExpensesNet,incomeBeforeTax,incomeBeforeTaxRatio,incomeTaxExpense,netIncome,netIncomeRatio,eps,epsdiluted,weightedAverageShsOut,weightedAverageShsOutDil,link,finalLink,timestamp,est_time,est_date
0,2019-08-31,ISCA,USD,2019-10-03 00:00:00,2019-10-03 14:46:39,Q3,165063000,12747000.0,152316000,0.9227749404772723,0.0,29108000.0,0.0,1340000.0,30448000.0,154956000,3647000.0,28799000.0,38906000.0,0.23570394334284486,10107000.0,0.061231166281965066,0.0,15489000.0,0.0938368986387016,2383000.0,13106000.0,0.07939998667175563,0.3016417194664343,0.3015941503713548,43448897,43455750,https://www.sec.gov/Archives/edgar/data/51548/000005154819000043/0000051548-19-000043-index.html,https://www.sec.gov/Archives/edgar/data/51548/000005154819000043/a831201910-q.htm,1620593766,16:56:06,20210509
1,2019-05-31,ISCA,USD,2019-07-08,2019-07-08 10:00:53,Q2,168084000,8117000.0,159967000,0.9517086694747864,0.0,28880000.0,0.0,1862000.0,30742000.0,152581000,3716000.0,29222000.0,44725000.0,0.2660871944979891,15503000.0,0.09223364508222079,0.0,19551000.0,0.11631684157921039,4478000.0,15073000.0,0.08967540039504057,0.34705398871131665,0.34699230212552756,43431283,43439004,https://www.sec.gov/Archives/edgar/data/51548/000005154819000033/0000051548-19-000033-index.htm,https://www.sec.gov/Archives/edgar/data/51548/000005154819000033/a531201910-q.htm,1620593766,16:56:06,20210509
2,2019-02-28,ISCA,USD,2019-04-04 00:00:00,2019-04-04 13:18:22,Q1,150551000,6578000.0,143973000,0.9563071650138492,0.0,29608000.0,0.0,1908000.0,31516000.0,125022000,3722000.0,29673000.0,55202000.0,0.36666644525775316,25529000.0,0.16957044456695738,0.0,28552000.0,0.1896500189304621,6997000.0,21555000.0,0.14317407390186715,0.49641887499944726,0.4963472823691021,43420992,43427255,https://www.sec.gov/Archives/edgar/data/51548/000005154819000017/0000051548-19-000017-index.html,https://www.sec.gov/Archives/edgar/data/51548/000005154819000017/a228201910-q.htm,1620593766,16:56:06,20210509
3,2018-11-30,ISCA,USD,2019-01-25 00:00:00,2019-01-25 17:12:39,Q4,195204000,164443000.0,30761000,0.1575838609864552,0.0,27688000.0,0.0,1677000.0,29365000.0,162064000,2526000.0,27608000.0,60748000.0,0.3112026392901785,33140000.0,0.16977111124772035,0.0,36873000.0,0.18889469478084467,9636000.0,27237000.0,0.13953095223458536,0.6180575321090044,0.6179210302504299,44068713,44078448,https://www.sec.gov/Archives/edgar/data/51548/000005154819000005/0000051548-19-000005-index.html,https://www.sec.gov/Archives/edgar/data/51548/000005154819000005/isc201810-k.htm,1620593766,16:56:06,20210509
4,2018-08-31,ISCA,USD,2018-10-04 00:00:00,2018-10-04 16:51:19,Q3,159278000,9930000.0,149348000,0.9376561734828414,0.0,26791000.0,0.0,2523000.0,2523000.0,149007000,2551000.0,26217000.0,36488000.0,0.2290837403784578,10271000.0,0.06448473737741559,0.0,14500000.0,0.09103579904318236,2469000.0,12031000.0,0.07553459988196738,0.27247291169477017,0.27240438930846167,44154848,44165955,https://www.sec.gov/Archives/edgar/data/51548/000005154818000033/0000051548-18-000033-index.html,https://www.sec.gov/Archives/edgar/data/51548/000005154818000033/a831201810-q.htm,1620593766,16:56:06,20210509
5,2018-05-31,ISCA,USD,2018-07-09 00:00:00,2018-07-09 16:28:11,Q2,171679000,5198000.0,166481000,0.9697225636216427,0.0,26345000.0,0.0,45645000.0,71990000.0,154422000,2900000.0,27262000.0,44519000.0,0.25931535015930895,17257000.0,0.10051899183942124,0.0,21440000.0,0.12488423161831091,4771000.0,16669000.0,0.09709399518869519,0.3773201203458551,0.37721480465256185,44177342,44189676,https://www.sec.gov/Archives/edgar/data/51548/000005154818000029/0000051548-18-000029-index.html,https://www.sec.gov/Archives/edgar/data/51548/000005154818000029/a531201810-q.htm,1620593766,16:56:06,20210509
6,2018-02-28,ISCA,USD,2018-04-03 00:00:00,2018-04-03 16:13:22,Q1,148875000,5629000.0,143246000,0.9621897565071369,0.0,25742000.0,0.0,27244000.0,52986000.0,116381000,2885000.0,27142000.0,59636000.0,0.4005776658270361,32494000.0,0.21826364399664147,0.0,34453000.0,0.2314223341729639,-134894000.0,169347000.0,1.1375113350125945,3.831684458012038,3.8305046208669684,44196489,44210102,https://www.sec.gov/Archives/edgar/data/51548/000005154818000018/0000051548-18-000018-index.html,https://www.sec.gov/Archives/edgar/data/51548/000005154818000018/a228201810-q.htm,1620593766,16:56:06,20210509
7,2017-11-30,ISCA,USD,2018-01-26 00:00:00,2018-01-26 14:21:16,Q4,226264000,7215000.0,219049000,0.9681124703885726,0.0,29929000.0,0.0,41558000.0,71487000.0,184502000,2482000.0,27569000.0,69331000.0,0.30641639854329455,41762000.0,0.1845720043842591,0.0,44841000.0,0.1981800021214157,-31217000.0,76058000.0,0.3361471555351271,1.703480598467329,1.7030384810163202,44648586,44660177,https://www.sec.gov/Archives/edgar/data/51548/000005154818000008/0000051548-18-000008-index.html,https://www.sec.gov/Archives/edgar/data/51548/000005154818000008/isc201710-k.htm,1620593766,16:56:06,20210509
8,2017-08-31,ISCA,USD,2017-10-10 00:00:00,2017-10-10 12:59:57,Q3,131940000,9109000.0,122831000,0.9309610428982871,0.0,27694000.0,0.0,32518000.0,60212000.0,129789000,2832000.0,28235000.0,30386000.0,0.2303016522661816,2151000.0,0.01630286493860846,0.0,4625000.0,0.03505381233894194,4360000.0,265000.0,0.0020084887069880247,0.005915213693009873,0.005913581112530718,44799734,44812102,https://www.sec.gov/Archives/edgar/data/51548/000005154817000030/0000051548-17-000030-index.html,https://www.sec.gov/Archives/edgar/data/51548/000005154817000030/a831201710-q.htm,1620593766,16:56:06,20210509
9,2017-05-31,ISCA,USD,2017-07-03 00:00:00,2017-07-03 14:58:36,Q2,165275000,7244000.0,158031000,0.956170019664196,0.0,27309000.0,0.0,35384000.0,62693000.0,146850000,3067000.0,28688000.0,47113000.0,0.2850582362728785,18425000.0,0.11148086522462562,0.0,21410000.0,0.12954167296929361,8183000.0,13227000.0,0.08003025260928755,0.29419349845046305,0.2941008727972035,44960205,44974365,https://www.sec.gov/Archives/edgar/data/51548/000005154817000026/0000051548-17-000026-index.html,https://www.sec.gov/Archives/edgar/data/51548/000005154817000026/a531201710-q.htm,1620593766,16:56:06,20210509
10,2017-02-28,ISCA,USD,2017-04-04 00:00:00,2017-04-04 13:11:11,Q1,147954000,6025000.0,141929000,0.959277883666545,0.0,26347000.0,0.0,26257000.0,52604000.0,114136000,3252000.0,26923000.0,60741000.0,0.4105397623585709,33818000.0,0.22857104235100098,0.0,34322000.0,0.23197750652229748,13049000.0,21273000.0,0.14378117523013909,0.47205308385935496,0.47189670242630505,45064847,45079781,https://www.sec.gov/Archives/edgar/data/51548/000005154817000016/0000051548-17-000016-index.html,https://www.sec.gov/Archives/edgar/data/51548/000005154817000016/a228201710-q.htm,1620593766,16:56:06,20210509
11,2016-11-30,ISCA,USD,2017-01-27 00:00:00,2017-01-27 17:22:40,Q4,221839000,7784000.0,214055000,0.9649114898642709,0.0,29539000.0,0.0,40402000.0,69941000.0,170594000,3439000.0,25545000.0,76790000.0,0.346151939018838,51245000.0,0.23100086098476824,0.0,52243000.0,0.23549961909312608,19807000.0,32436000.0,0.14621414629528623,0.7054145788419861,0.7051964932976004,45981471,45995691,https://www.sec.gov/Archives/edgar/data/51548/000005154817000008/0000051548-17-000008-index.html,https://www.sec.gov/Archives/edgar/data/51548/000005154817000008/isc201610-k.htm,1620593766,16:56:06,20210509
12,2016-08-31,ISCA,USD,2016-10-06 00:00:00,2016-10-06 09:31:13,Q3,128986000,8553000.0,120433000,0.9336904780363761,0.0,27221000.0,0.0,31973000.0,59194000.0,125249000,3625000.0,26437000.0,30174000.0,0.23393236475276385,3737000.0,0.028972136510939172,0.0,3529000.0,0.027359558401687006,1356000.0,2173000.0,0.016846789574062302,0.04704541276590807,0.04703059778660112,46189413,46203963,https://www.sec.gov/Archives/edgar/data/51548/000005154816000077/0000051548-16-000077-index.html,https://www.sec.gov/Archives/edgar/data/51548/000005154816000077/a831201610-q.htm,1620593766,16:56:06,20210509
13,2016-05-31,ISCA,USD,2016-07-05,2016-07-05 14:45:51,Q2,167561000,7559000.0,160002000,0.9548880706130901,0.0,27776000.0,0.0,36067000.0,63843000.0,143882000,3684000.0,26431000.0,50110000.0,0.29905526942426935,23679000.0,0.14131569995404658,0.0,36156000.0,0.2157781345301114,14258000.0,21898000.0,0.1306867349800968,0.47168559555163736,0.47153517148931856,46424992,46439802,https://www.sec.gov/Archives/edgar/data/51548/000005154816000066/0000051548-16-000066-index.htm,https://www.sec.gov/Archives/edgar/data/51548/000005154816000066/a531201610-q.htm,1620593766,16:56:06,20210509
14,2016-02-29,ISCA,USD,2016-04-06 00:00:00,2016-04-06 11:58:40,Q1,142630000,6246000.0,136384000,0.9562083713103835,0.0,26292000.0,0.0,24880000.0,51172000.0,111464000,3089000.0,25488000.0,56654000.0,0.3972095632054967,31166000.0,0.21850942999368997,0.0,32141000.0,0.22534529902545047,12310000.0,19831000.0,0.13903807053214612,0.42537036618766544,0.4252388282870129,46620549,46634970,https://www.sec.gov/Archives/edgar/data/51548/000005154816000058/0000051548-16-000058-index.html,https://www.sec.gov/Archives/edgar/data/51548/000005154816000058/a229201610-q.htm,1620593766,16:56:06,20210509
15,2015-11-30,ISCA,USD,2016-01-27 00:00:00,2016-01-27 16:15:25,Q4,219318000,7813000.0,211505000,0.9643759290163142,0.0,30635000.0,0.0,39018000.0,69653000.0,167411000,2844000.0,22191000.0,74098000.0,0.3378564458913541,51907000.0,0.2366746003520003,0.0,52072000.0,0.23742693258191302,19790000.0,32282000.0,0.14719266088510746,0.6924316058628336,0.6922145483419079,46621211,46635830,https://www.sec.gov/Archives/edgar/data/51548/000005154816000045/0000051548-16-000045-index.html,https://www.sec.gov/Archives/edgar/data/51548/000005154816000045/isc201510-k.htm,1620593766,16:56:06,20210509
16,2015-08-31,ISCA,USD,2015-10-08 00:00:00,2015-10-08 16:37:23,Q3,125490000,9266000.0,116224000,0.9261614471272611,0.0,27446000.0,0.0,34503000.0,61949000.0,132628000,2668000.0,24668000.0,1260000.0,0.010040640688501076,-23408000.0,-0.18653279145748666,0.0,-22240000.0,-0.1772252769144952,-2355000.0,-17012000.0,-0.1355645868196669,-0.36497308741830586,-0.3648590622491554,46611656,46626223,https://www.sec.gov/Archives/edgar/data/51548/000005154815000034/0000051548-15-000034-index.html,https://www.sec.gov/Archives/edgar/data/51548/000005154815000034/isc831201510-q.htm,1620593766,16:56:06,20210509
17,2015-05-31,ISCA,USD,2015-07-02 00:00:00,2015-07-02 15:37:07,Q2,164010000,8962000.0,155048000,0.945356990427413,0.0,27400000.0,0.0,34090000.0,61490000.0,144793000,2602000.0,25201000.0,44418000.0,0.27082494969818915,19217000.0,0.11716968477531858,0.0,21769000.0,0.13272971160295105,8414000.0,13355000.0,0.08142796170965184,0.28662767399957767,0.28654082657512864,46593547,46607669,https://www.sec.gov/Archives/edgar/data/51548/000005154815000028/0000051548-15-000028-index.html,https://www.sec.gov/Archives/edgar/data/51548/000005154815000028/isc531201510-q.htm,1620593766,16:56:06,20210509
18,2015-02-28,ISCA,USD,2015-04-07 00:00:00,2015-04-07 12:31:13,Q1,136552000,12443000.0,124109000,0.9088772042884762,0.0,26136000.0,0.0,23498000.0,49634000.0,114961000,1468000.0,24454000.0,46045000.0,0.33719755111605837,21591000.0,0.15811558966547543,0.0,23412000.0,0.1714511687855176,8459000.0,14953000.0,0.10950407170894605,0.3209911971174892,0.3209032074332454,46583832,46596605,https://www.sec.gov/Archives/edgar/data/51548/000005154815000017/0000051548-15-000017-index.html,https://www.sec.gov/Archives/edgar/data/51548/000005154815000017/isc228201510-q.htm,1620593766,16:56:06,20210509
19,2014-11-30,ISCA,USD,2015-01-27,2015-01-27 17:17:22,Q4,199753000,16177000.0,183576000,0.9190149835046282,0.0,28358000.0,0.0,36421000.0,64779000.0,159915000,1386000.0,22799000.0,62637000.0,0.3135722617432529,39838000.0,0.19943630383523653,0.0,42632000.0,0.21342357811897694,16808000.0,25824000.0,0.12927966038057,0.5546483240960676,0.5544839054733771,46559232,46573038,https://www.sec.gov/Archives/edgar/data/51548/000005154815000007/0000051548-15-000007-index.htm,https://www.sec.gov/Archives/edgar/data/51548/000005154815000007/isc201410-k.htm,1620593766,16:56:06,20210509
20,2014-08-31,ISCA,USD,2014-10-07 00:00:00,2014-10-07 15:31:21,Q3,130083000,14550000.0,115533000,0.8881483360623602,0.0,28190000.0,0.0,33693000.0,61883000.0,133608000,1960000.0,22883000.0,19358000.0,0.14881268113435267,-3525000.0,-0.027098083531283873,0.0,-3130000.0,-0.02406156069586341,-3321000.0,191000.0,0.0014682933204185021,0.004103284350430108,0.00410205024766719,46548078,46562082,https://www.sec.gov/Archives/edgar/data/51548/000005154814000029/0000051548-14-000029-index.html,https://www.sec.gov/Archives/edgar/data/51548/000005154814000029/isc831201410-q.htm,1620593766,16:56:06,20210509
21,2014-05-31,ISCA,USD,2014-07-03 00:00:00,2014-07-03 12:30:28,Q2,190311000,17436000.0,172875000,0.908381543893942,0.0,27635000.0,0.0,35291000.0,62926000.0,155572000,2703000.0,23232000.0,57971000.0,0.30461192469168885,34739000.0,0.18253805612917803,0.0,34804000.0,0.18287960233512512,13335000.0,21469000.0,0.11281008454582236,0.46144782764767805,0.46130660578425065,46525303,46539546,https://www.sec.gov/Archives/edgar/data/51548/000005154814000024/0000051548-14-000024-index.html,https://www.sec.gov/Archives/edgar/data/51548/000005154814000024/isc531201410-q.htm,1620593766,16:56:06,20210509
22,2014-02-28,ISCA,USD,2014-04-09 00:00:00,2014-04-09 11:44:15,Q1,131789000,10102000.0,121687000,0.9233471685800788,0.0,24380000.0,0.0,22824000.0,47204000.0,109450000,3133000.0,23217000.0,45556000.0,0.3456737663993201,22339000.0,0.16950580093938036,0.0,26306000.0,0.19960694746906038,6411000.0,19895000.0,0.15096100585026065,0.4277095783383361,0.42757346139747726,46515208,46530016,https://www.sec.gov/Archives/edgar/data/51548/000005154814000014/0000051548-14-000014-index.html,https://www.sec.gov/Archives/edgar/data/51548/000005154814000014/isc228201410-q.htm,1620593766,16:56:06,20210509
23,2013-11-30,ISCA,USD,2014-01-28,2014-01-28 14:12:03,Q4,188668000,9428000.0,179240000,0.9500286217058537,0.0,25023000.0,0.0,38470000.0,63493000.0,159136000,3615000.0,27668000.0,57200000.0,0.303178069412937,29532000.0,0.1565289291241758,0.0,28184000.0,0.14938410329255625,10979000.0,17205000.0,0.09119193503932835,0.37023370903357555,0.3701069648924987,46470647,46486561,https://www.sec.gov/Archives/edgar/data/51548/000144530514000136/0001445305-14-000136-index.htm,https://www.sec.gov/Archives/edgar/data/51548/000144530514000136/isc201310-k.htm,1620593766,16:56:06,20210509
24,2013-08-31,ISCA,USD,2013-10-03 00:00:00,2013-10-03 15:28:13,Q3,245598000,14230000.0,231368000,0.9420597887604948,0.0,53539000.0,0.0,52569000.0,106108000.0,233518000,7727000.0,48060000.0,60140000.0,0.24487170090961652,12080000.0,0.04918606829045839,0.0,8439000.0,0.03436102899860748,2792000.0,5647000.0,0.022992858248031336,0.12154797404043503,0.12150629069933573,46459022,46474960,https://www.sec.gov/Archives/edgar/data/51548/000005154813000041/0000051548-13-000041-index.html,https://www.sec.gov/Archives/edgar/data/51548/000005154813000041/isc831201310-q.htm,1620593766,16:56:06,20210509
25,2013-05-31,ISCA,USD,2013-07-03 00:00:00,2013-07-03 15:08:22,Q1,178374000,9492000.0,168882000,0.9467859665646339,0.0,26363000.0,0.0,34889000.0,61252000.0,141294000,3879000.0,19658000.0,56738000.0,0.3180844741946696,37080000.0,0.20787782972854787,0.0,36453000.0,0.2043627434491574,14013000.0,22440000.0,0.12580308789397557,0.4831313837690203,0.48295401535264326,46446993,46464051,https://www.sec.gov/Archives/edgar/data/51548/000005154813000031/0000051548-13-000031-index.html,https://www.sec.gov/Archives/edgar/data/51548/000005154813000031/isc531201310-q.htm,1620593766,16:56:06,20210509
26,2013-02-28,ISCA,USD,2013-04-04 00:00:00,2013-04-04 13:31:42,Q1,128552000,7283000.0,121269000,0.9433458833779327,0.0,26088000.0,0.0,22302000.0,48390000.0,103405000,3962000.0,20221000.0,45368000.0,0.35291555168336547,25147000.0,0.1956173377310349,0.0,22225000.0,0.17288723629348435,8712000.0,13513000.0,0.1051169954570913,0.2910821293193051,0.2910005208635831,46423324,46436343,https://www.sec.gov/Archives/edgar/data/51548/000005154813000021/0000051548-13-000021-index.html,https://www.sec.gov/Archives/edgar/data/51548/000005154813000021/isc228201310-q.htm,1620593766,16:56:06,20210509
27,2012-11-30,ISCA,USD,2013-01-25 00:00:00,2013-01-25 12:21:20,Q4,189448000,10287000.0,179161000,0.9457001393522233,0.0,25023000.0,0.0,38328000.0,63351000.0,148003000,3446000.0,20262000.0,61707000.0,0.32571998648705713,41445000.0,0.21876715510324732,1008000.0,38908000.0,0.2053756175837169,14172000.0,24736000.0,0.13056881043874835,0.5332602658691333,0.5331421585330194,46386355,46396631,https://www.sec.gov/Archives/edgar/data/51548/000005154813000009/0000051548-13-000009-index.html,https://www.sec.gov/Archives/edgar/data/51548/000005154813000009/isc201210-k.htm,1620593766,16:56:06,20210509
28,2012-08-31,ISCA,USD,2012-10-04 00:00:00,2012-10-04 14:33:08,Q3,115926000,7488000.0,108438000,0.9354070700274313,0.0,26837000.0,0.0,30020000.0,56857000.0,115230000,3714000.0,19698000.0,20394000.0,0.1759225712954816,696000.0,0.006003830029501578,0.0,-2128000.0,-0.018356537791349655,-1091000.0,-1037000.0,-0.008945361696254508,-0.022362015367470234,-0.022357178324023556,46373280,46383313,https://www.sec.gov/Archives/edgar/data/51548/000144530512003059/0001445305-12-003059-index.html,https://www.sec.gov/Archives/edgar/data/51548/000144530512003059/isc831201210-q.htm,1620593766,16:56:06,20210509
29,2012-05-31,ISCA,USD,2012-07-05 00:00:00,2012-07-05 11:07:42,Q2,179595000,10130000.0,169465000,0.9435953116734875,0.0,27862000.0,0.0,34759000.0,62621000.0,146426000,2904000.0,19707000.0,52876000.0,0.2944179960466605,33169000.0,0.18468776970405634,0.0,22624000.0,0.12597232662379243,8884000.0,13740000.0,0.07650547064227846,0.2964507146911071,0.296386044591906,46348345,46358458,https://www.sec.gov/Archives/edgar/data/51548/000119312512294469/0001193125-12-294469-index.html,https://www.sec.gov/Archives/edgar/data/51548/000119312512294469/d357767d10q.htm,1620593766,16:56:06,20210509
30,2012-02-29,ISCA,USD,2012-04-03,2012-04-03 14:21:49,Q1,127398000,7737000.0,119661000,0.9392690623086705,0.0,23236000.0,0.0,21965000.0,45201000.0,97699000,3437000.0,19808000.0,49507000.0,0.38860107693998336,29699000.0,0.2331198291966907,0.0,26827000.0,0.2105763041805994,9688000.0,17139000.0,0.13453115433523288,0.36944661212994606,0.36940754607862863,46391006,46395912,https://www.sec.gov/Archives/edgar/data/51548/000119312512147818/0001193125-12-147818-index.htm,https://www.sec.gov/Archives/edgar/data/51548/000119312512147818/d314929d10q.htm,1620593766,16:56:06,20210509
31,2011-11-30,ISCA,USD,2012-01-27 00:00:00,2012-01-27 15:28:11,Q4,191942000,9540000.0,182402000,0.9502974856988049,0.0,26851000.0,0.0,35232000.0,62083000.0,142720000,3278000.0,20074000.0,69296000.0,0.3610257265215534,49222000.0,0.25644205020266536,0.0,44615000.0,0.2324400079190589,18149000.0,26466000.0,0.13788540288212064,0.5559783384822846,0.5558778538124418,47602574,47611179,https://www.sec.gov/Archives/edgar/data/51548/000119312512026979/0001193125-12-026979-index.html,https://www.sec.gov/Archives/edgar/data/51548/000119312512026979/d261700d10k.htm,1620593766,16:56:06,20210509
32,2011-08-31,ISCA,USD,2011-10-06 00:00:00,2011-10-06 15:52:06,Q3,437743000,27204000.0,410539000,0.9378539462652744,0.0,71944000.0,0.0,89629000.0,161573000.0,353800000,11432000.0,58195000.0,142138000.0,0.324706505872167,83943000.0,0.19176320352352866,0.0,69802000.0,0.15945886056430372,26844000.0,42958000.0,0.09813520718777913,0.8990545193751188,0.8988793574504519,47781307,47790618,https://www.sec.gov/Archives/edgar/data/51548/000119312511265720/0001193125-11-265720-index.html,https://www.sec.gov/Archives/edgar/data/51548/000119312511265720/d223917d10q.htm,1620593766,16:56:06,20210509
33,2011-05-31,ISCA,USD,2011-07-07 00:00:00,2011-07-07 13:07:00,Q2,138761000,19329000.0,119432000,0.86070293526279,0.0,23968000.0,0.0,0.0,23968000.0,43297000,0.0,19034000.0,43102000.0,0.31062041928207496,24068000.0,0.1734493121266062,0.0,19524000.0,0.14070235873192036,0.0,11873000.0,0.08556438768818328,0.24848629611575923,0.24843788377040865,47781307,47790618,https://www.sec.gov/Archives/edgar/data/51548/000095012311064310/0000950123-11-064310-index.html,https://www.sec.gov/Archives/edgar/data/51548/000095012311064310/g27503e10vq.htm,1620593766,16:56:06,20210509
34,2011-02-28,ISCA,USD,2011-04-05 00:00:00,2011-04-05 12:15:32,Q1,148685000,20813000.0,127872000,0.860019504321216,0.0,22166000.0,0.0,0.0,22166000.0,42979000,0.0,19146000.0,58501000.0,0.39345596395063387,39355000.0,0.2646870901570434,0.0,35313000.0,0.23750210175875172,0.0,21435000.0,0.14416383629821436,0.4486063974767371,0.44851899592509975,47781307,47790618,https://www.sec.gov/Archives/edgar/data/51548/000095012311032861/0000950123-11-032861-index.html,https://www.sec.gov/Archives/edgar/data/51548/000095012311032861/g26644e10vq.htm,1620593766,16:56:06,20210509
35,2010-11-30,ISCA,USD,2011-01-28,2011-01-28 14:23:52,Q4,190971000,27984000.0,162987000,0.8534646621738379,0.0,25820000.0,0.0,0.0,25820000.0,53804000,0.0,18771000.0,58320000.0,0.30538668174749045,39549000.0,0.20709427085787893,170000.0,22058000.0,0.11550444831937834,0.0,1775000.0,0.00929460494001707,0.03714841873203678,0.03714118114145333,47781307,47790618,https://www.sec.gov/Archives/edgar/data/51548/000095012311006572/0000950123-11-006572-index.htm,https://www.sec.gov/Archives/edgar/data/51548/000095012311006572/g25766e10vk.htm,1620593766,16:56:06,20210509
36,2010-08-31,ISCA,USD,2010-10-07 00:00:00,2010-10-07 16:58:38,Q3,160194000,19858000.0,140336000,0.876037804162453,0.0,26421000.0,0.0,0.0,26421000.0,46279000,-109642000.0,-11437000.0,10136000.0,0.06327328114660974,21573000.0,0.13466796509232556,0.0,3905000.0,0.02437669325942295,-63755000.0,3905000.0,0.02437669325942295,0.0817265212104809,0.08171059851119733,47781307,47790618,https://www.sec.gov/Archives/edgar/data/51548/000095012310092084/0000950123-10-092084-index.html,https://www.sec.gov/Archives/edgar/data/51548/000095012310092084/g24811e10vq.htm,1620593766,16:56:06,20210509
37,2010-05-31,ISCA,USD,2010-07-08 00:00:00,2010-07-08 13:12:44,Q2,142166000,20748000.0,121418000,0.854057932276353,0.0,25909000.0,0.0,0.0,25909000.0,46657000,5142000.0,18425000.0,39728000.0,0.27944796927535415,21303000.0,0.1498459547289788,0.0,15725000.0,0.1106101318177342,0.0,23411000.0,0.16467369131859938,0.48561,0.48561,48209102,48209102,https://www.sec.gov/Archives/edgar/data/51548/000095012310064290/0000950123-10-064290-index.html,https://www.sec.gov/Archives/edgar/data/51548/000095012310064290/g23987e10vq.htm,1620593766,16:56:06,20210509
38,2010-02-28,ISCA,USD,2010-04-08,2010-04-08 16:30:25,Q1,152026000,20886000.0,131140000,0.862615605225422,0.0,24583000.0,0.0,0.0,24583000.0,45469000,5613000.0,18359000.0,58111000.0,0.3822438267138516,39752000.0,0.26148158867562127,0.0,33126000.0,0.2178969386815413,0.0,25440000.0,0.16733979713996291,0.52706,0.52706,48267637,48267637,https://www.sec.gov/Archives/edgar/data/51548/000095012310033213/0000950123-10-033213-index.htm,https://www.sec.gov/Archives/edgar/data/51548/000095012310033213/g22846e10vq.htm,1620593766,16:56:06,20210509
39,2009-11-30,ISCA,USD,2010-01-29,2010-01-29 14:47:09,Q4,201753000,28522000.0,173231000,0.8586291158000129,0.0,26821000.0,0.0,0.0,26821000.0,55343000,7899000.0,18132000.0,68679000.0,0.34041129499933087,50547000.0,0.25053902544200085,148000.0,27336000.0,0.13549240903480989,0.0,8996000.0,0.04458917587346904,0.18541,0.18541,48520661,48520661,https://www.sec.gov/Archives/edgar/data/51548/000095012310006702/0000950123-10-006702-index.htm,https://www.sec.gov/Archives/edgar/data/51548/000095012310006702/g21898e10vk.htm,1620593766,16:56:06,20210509
40,2009-08-31,ISCA,USD,2009-10-09,2009-10-09 16:08:44,Q3,172913000,21482000.0,151431000,0.8757641125884115,0.0,26521000.0,0.0,0.0,26521000.0,48003000,3793000.0,17888000.0,33456000.0,0.19348458473336302,15568000.0,0.0900337163776003,238000.0,8870000.0,0.05129747329581928,0.0,4413000.0,0.02552150503432362,0.0909,0.0909,48545757,48545757,https://www.sec.gov/Archives/edgar/data/51548/000095012309049561/0000950123-09-049561-index.htm,https://www.sec.gov/Archives/edgar/data/51548/000095012309049561/g20747e10vq.htm,1620593766,16:56:06,20210509
41,2009-05-31,ISCA,USD,2009-07-08,2009-07-08 11:00:47,Q2,152378000,22641000.0,129737000,0.8514155586764494,0.0,25569000.0,0.0,0.0,25569000.0,48210000,5509000.0,18489000.0,50202000.0,0.32945700822953444,31713000.0,0.20812059483652495,230000.0,-30677000.0,-0.20132171310819147,0.0,-31740000.0,-0.2082977857695993,-0.65366,-0.65366,48557010,48557010,https://www.sec.gov/Archives/edgar/data/51548/000095012309020738/0000950123-09-020738-index.htm,https://www.sec.gov/Archives/edgar/data/51548/000095012309020738/g19698e10vq.htm,1620593766,16:56:06,20210509
42,2009-02-28,ISCA,USD,2009-04-09,2009-04-09 12:54:36,Q1,166119000,22886000.0,143233000,0.8622312920255961,0.0,24935000.0,0.0,0.0,24935000.0,47821000,6270000.0,18391000.0,68386000.0,0.41166874349111177,49995000.0,0.3009589511133585,464000.0,42721000.0,0.25717106411668744,0.0,25146000.0,0.15137341303523377,0.51796,0.51796,48548395,48548395,https://www.sec.gov/Archives/edgar/data/51548/000092575109000010/0000925751-09-000010-index.htm,https://www.sec.gov/Archives/edgar/data/51548/000092575109000010/g18448e10vq.htm,1620593766,16:56:06,20210509
43,2008-11-30,ISCA,USD,2009-01-29,2009-01-29 15:44:22,Q4,376121000,31256000.0,344865000,0.9168990830078618,0.0,25808000.0,0.0,0.0,25808000.0,57064000,4962000.0,18293000.0,83228000.0,0.22127985408950843,64935000.0,0.17264390980562105,648000.0,54998000.0,0.14622422039715943,0.0,33621000.0,0.08938878711903882,0.67799,0.67799,49589465,49589465,https://www.sec.gov/Archives/edgar/data/51548/000092575109000004/0000925751-09-000004-index.htm,https://www.sec.gov/Archives/edgar/data/51548/000092575109000004/g17407e10vk.htm,1620593766,16:56:06,20210509
44,2008-08-31,ISCA,USD,2008-10-10 00:00:00,2008-10-10 12:31:26,Q3,42337000,30063000.0,12274000,0.28991189739471385,0.0,27651000.0,0.0,0.0,27651000.0,57714000,4012000.0,17865000.0,78890000.0,1.8633819118029147,61025000.0,1.4414105864846352,398000.0,57401000.0,1.355811701348702,0.0,38791000.0,0.9162434749746085,0.77691,0.77691,49929943,49929943,https://www.sec.gov/Archives/edgar/data/51548/000092575108000029/0000925751-08-000029-index.html,https://www.sec.gov/Archives/edgar/data/51548/000092575108000029/iscaug10q.htm,1620593766,16:56:06,20210509
45,2008-05-31,ISCA,USD,2008-07-10 00:00:00,2008-07-09 18:37:52,Q2,174937000,29485000.0,145452000,0.8314536090135306,0.0,28269000.0,0.0,0.0,28269000.0,57754000,3294000.0,17436000.0,60355000.0,0.3450099178561425,42919000.0,0.245339750881746,384000.0,42969000.0,0.24562556806164504,0.0,25972000.0,0.14846487592676222,0.51553,0.51553,50379656,50379656,https://www.sec.gov/Archives/edgar/data/51548/000092575108000024/0000925751-08-000024-index.html,https://www.sec.gov/Archives/edgar/data/51548/000092575108000024/isc10q.htm,1620593766,16:56:06,20210509
46,2008-02-29,ISCA,USD,2008-04-09 00:00:00,2008-04-09 13:52:45,Q1,193859000,35474000.0,158385000,0.817011332979124,0.0,27711000.0,0.0,0.0,27711000.0,63185000,3593000.0,17317000.0,84244000.0,0.4345632650534667,66927000.0,0.34523545463455396,-3060000.0,62068000.0,0.3201708458209317,0.0,36211000.0,0.18679039920767154,0.71102,0.71102,50928554,50928554,https://www.sec.gov/Archives/edgar/data/51548/000092575108000019/0000925751-08-000019-index.html,https://www.sec.gov/Archives/edgar/data/51548/000092575108000019/isc08q1.htm,1620593766,16:56:06,20210509
47,2007-11-30,ISCA,USD,2008-01-29,2008-01-29 17:02:14,Q4,253542000,42119000.0,211423000,0.8338776218535785,0.0,28855000.0,0.0,0.0,28855000.0,70974000,3847000.0,17232000.0,109971000.0,0.43373878883971884,92739000.0,0.36577371796388763,0.0,53792000.0,0.21216208754368113,0.0,22475000.0,0.08864409052543563,0.42763,0.42763,52557550,52557550,https://www.sec.gov/Archives/edgar/data/51548/000092575108000004/0000925751-08-000004-index.htm,https://www.sec.gov/Archives/edgar/data/51548/000092575108000004/g11462e10vk.htm,1620593766,16:56:06,20210509
48,2007-08-31,ISCA,USD,2007-10-09 00:00:00,2007-10-09 15:47:24,Q3,196300000,28268000.0,168032000,0.8559959246051961,0.0,31383000.0,0.0,0.0,31383000.0,59651000,4041000.0,23825000.0,72038000.0,0.36697911360163016,48213000.0,0.24560876209882831,0.0,28429000.0,0.14482424859908305,0.0,9517000.0,0.04848191543555782,0.18028,0.18028,52791267,52791267,https://www.sec.gov/Archives/edgar/data/51548/000092575107000314/0000925751-07-000314-index.html,https://www.sec.gov/Archives/edgar/data/51548/000092575107000314/g09840.htm,1620593766,16:56:06,20210509
49,2007-05-31,ISCA,USD,2007-07-10 00:00:00,2007-07-10 10:18:24,Q2,181542000,32253000.0,149289000,0.8223386323825892,0.0,31496000.0,0.0,0.0,31496000.0,63749000,3700000.0,21241000.0,56262000.0,0.30991175595729914,35021000.0,0.1929085280541142,0.0,31966000.0,0.17608046622820064,0.0,18390000.0,0.10129887298806887,0.3473,0.3473,52952076,52952076,https://www.sec.gov/Archives/edgar/data/51548/000092575107000306/0000925751-07-000306-index.html,https://www.sec.gov/Archives/edgar/data/51548/000092575107000306/isc10q.htm,1620593766,16:56:06,20210509
50,2007-02-28,ISCA,USD,2007-04-09 00:00:00,2007-04-09 13:46:08,Q1,185179000,30013000.0,155166000,0.837924386674515,0.0,27248000.0,0.0,0.0,27248000.0,57261000,4040000.0,17907000.0,83677000.0,0.4518708924878091,65770000.0,0.3551698626734133,0.0,58771000.0,0.3173740002916097,0.0,35819000.0,0.19342906053062173,0.67463,0.67463,53093944,53093944,https://www.sec.gov/Archives/edgar/data/51548/000092575107000136/0000925751-07-000136-index.html,https://www.sec.gov/Archives/edgar/data/51548/000092575107000136/isc.htm,1620593766,16:56:06,20210509
51,2006-11-30,ISCA,USD,2007-02-13,2007-02-12 20:14:29,Q4,253459000,43994000.0,209465000,0.8264255757341424,0.0,26908000.0,0.0,0.0,26908000.0,70902000,2736000.0,15268000.0,31986000.0,0.12619792550274403,16718000.0,0.06595938593618692,0.0,15460000.0,0.06099605853412189,0.0,7792000.0,0.030742644767003738,0.14656,0.14656,53166458,53166458,https://www.sec.gov/Archives/edgar/data/51548/000092575107000028/0000925751-07-000028-index.htm,https://www.sec.gov/Archives/edgar/data/51548/000092575107000028/isi.htm,1620593766,16:56:06,20210509
52,2006-08-31,ISCA,USD,2006-10-06,2006-10-06 14:16:41,Q3,178894000,31840000.0,147054000,0.8220175075743178,0.0,28391000.0,0.0,0.0,28391000.0,60231000,2713000.0,14323000.0,66132000.0,0.3696714255369101,51809000.0,0.2896072534573546,0.0,55910000.0,0.31253144320100174,0.0,34272000.0,0.1915771350632218,0.64466,0.64466,53162611,53162611,https://www.sec.gov/Archives/edgar/data/51548/000092575106000390/0000925751-06-000390-index.htm,https://www.sec.gov/Archives/edgar/data/51548/000092575106000390/e10vq.htm,1620593766,16:56:06,20210509
53,2006-05-31,ISCA,USD,2006-07-07,2006-07-07 09:52:35,Q2,172082000,29567000.0,142515000,0.8281807510372962,0.0,27705000.0,0.0,0.0,27705000.0,57272000,2832000.0,13779000.0,65955000.0,0.38327657744563637,52176000.0,0.3032042863286108,0.0,48245000.0,0.28036052579584153,0.0,30687000.0,0.17832777396822444,0.57731,0.57731,53155050,53155050,https://www.sec.gov/Archives/edgar/data/51548/000092575106000384/0000925751-06-000384-index.htm,https://www.sec.gov/Archives/edgar/data/51548/000092575106000384/g02254.htm,1620593766,16:56:06,20210509
54,2006-02-28,ISCA,USD,2006-04-10,2006-04-10 12:46:22,Q1,193934000,35028000.0,158906000,0.8193818515577465,0.0,23493000.0,0.0,0.0,23493000.0,58521000,4068000.0,13463000.0,91926000.0,0.47400662080914124,78463000.0,0.4045860963008034,0.0,72832000.0,0.3755504449967515,0.0,44053000.0,0.22715459898728432,0.82894,0.82894,53144014,53144014,https://www.sec.gov/Archives/edgar/data/51548/000092575106000159/0000925751-06-000159-index.htm,https://www.sec.gov/Archives/edgar/data/51548/000092575106000159/g00757e10vq.htm,1620593766,16:56:06,20210509
55,2005-11-30,ISCA,USD,2006-02-10,2006-02-09 17:56:12,Q4,236731000,46654000.0,190077000,0.8029239939002496,0.0,24811000.0,0.0,0.0,24811000.0,71465000,3108000.0,13355000.0,103888000.0,0.43884408886035203,90533000.0,0.3824298465346744,0.0,89203000.0,0.37681165542324413,0.0,55043000.0,0.23251285214019288,1.03603,1.03603,53128533,53128533,https://www.sec.gov/Archives/edgar/data/51548/000092575106000044/0000925751-06-000044-index.htm,https://www.sec.gov/Archives/edgar/data/51548/000092575106000044/final05k.htm,1620593766,16:56:06,20210509
56,2005-08-31,ISCA,USD,2005-10-07,2005-10-06 18:51:27,Q3,166519000,33889000.0,132630000,0.7964856863180778,0.0,24934000.0,0.0,0.0,24934000.0,58823000,3225000.0,13089000.0,69108000.0,0.4150157039136675,56019000.0,0.3364120610861223,0.0,59956000.0,0.36005500873774166,0.0,36752000.0,0.22070754688654148,0.69182,0.69182,53123541,53123541,https://www.sec.gov/Archives/edgar/data/51548/000092575105000284/0000925751-05-000284-index.htm,https://www.sec.gov/Archives/edgar/data/51548/000092575105000284/q3final.htm,1620593766,16:56:06,20210509
57,2005-05-31,ISCA,USD,2005-07-07,2005-07-07 10:05:03,Q2,157447000,29918000.0,127529000,0.8099805013750659,0.0,23071000.0,0.0,0.0,23071000.0,52989000,3305000.0,12586000.0,59452000.0,0.3776000812971984,46866000.0,0.29766207041099546,0.0,43558000.0,0.2766518256937255,0.0,26501000.0,0.16831695745234904,0.49894,0.49894,53114430,53114430,https://www.sec.gov/Archives/edgar/data/51548/000092575105000266/0000925751-05-000266-index.htm,https://www.sec.gov/Archives/edgar/data/51548/000092575105000266/q2_10q.htm,1620593766,16:56:06,20210509
58,2005-02-28,ISCA,USD,2005-04-06,2005-04-06 08:27:18,Q1,179432000,33581000.0,145851000,0.8128483213696553,0.0,23171000.0,0.0,0.0,23171000.0,56752000,3055000.0,11863000.0,83710000.0,0.46652770966159884,71847000.0,0.40041352713005485,0.0,68231000.0,0.3802610459672745,0.0,41065000.0,0.2288610727183557,0.77333,0.77333,53101260,53101260,https://www.sec.gov/Archives/edgar/data/51548/000092575105000191/0000925751-05-000191-index.htm,https://www.sec.gov/Archives/edgar/data/51548/000092575105000191/q1_10q.htm,1620593766,16:56:06,20210509
59,2004-11-30,ISCA,USD,2005-02-08,2005-02-08 07:16:40,Q4,227982000,43979000.0,184003000,0.8070944197348914,0.0,23804000.0,0.0,0.0,23804000.0,67783000,4422000.0,11665000.0,118740000.0,0.5208305918888333,107075000.0,0.4696642717407515,2094000.0,-104196000.0,-0.45703608179593125,0.0,-101942000.0,-0.4471493363511154,-1.92037,-1.92037,53084437,53084437,https://www.sec.gov/Archives/edgar/data/51548/000092575105000034/0000925751-05-000034-index.htm,https://www.sec.gov/Archives/edgar/data/51548/000092575105000034/isc04k.htm,1620593766,16:56:06,20210509
60,2004-08-31,ISCA,USD,2004-10-08,2004-10-08 15:50:25,Q3,156483000,37080000.0,119403000,0.7630413527348019,0.0,23243000.0,0.0,0.0,23243000.0,60323000,4833000.0,33179000.0,83944000.0,0.5364416581992932,50765000.0,0.3244122364729715,1912000.0,52250000.0,0.33390208521053405,0.0,68090000.0,0.4351271384112012,1.28294,1.28294,53073315,53073315,https://www.sec.gov/Archives/edgar/data/51548/000092575104000245/0000925751-04-000245-index.htm,https://www.sec.gov/Archives/edgar/data/51548/000092575104000245/q310q.htm,1620593766,16:56:06,20210509
61,2004-05-31,ISCA,USD,2004-07-09,2004-07-08 20:58:35,Q2,119211000,28507000.0,90704000,0.7608693828589643,0.0,21371000.0,0.0,0.0,21371000.0,49878000,6993000.0,-10654000.0,7639000.0,0.0640796570786253,18293000.0,0.15345060439053443,1703000.0,6158000.0,0.051656306884431805,0.0,6059000.0,0.050825846608115025,0.11416,0.11416,53073315,53073315,https://www.sec.gov/Archives/edgar/data/51548/000092575104000220/0000925751-04-000220-index.htm,https://www.sec.gov/Archives/edgar/data/51548/000092575104000220/final2q.htm,1620593766,16:56:06,20210509
62,2004-02-29,ISCA,USD,2004-04-08,2004-04-08 08:00:03,Q1,144172000,25930000.0,118242000,0.8201453819049469,0.0,21889000.0,0.0,0.0,21889000.0,47819000,5475000.0,11497000.0,63782000.0,0.44240213078822516,52285000.0,0.3626571040146492,1415000.0,45788000.0,0.31759287517687207,0.0,27793000.0,0.1927766834059318,0.52374,0.52374,53065938,53065938,https://www.sec.gov/Archives/edgar/data/51548/000092575104000053/0000925751-04-000053-index.htm,https://www.sec.gov/Archives/edgar/data/51548/000092575104000053/iscq1.htm,1620593766,16:56:06,20210509
63,2003-11-30,ISCA,USD,2004-01-30 00:00:00,2004-01-29 18:57:09,Q4,164668000,33083000.0,131585000,0.7990927198970049,0.0,24383000.0,0.0,0.0,24383000.0,57466000,5562000.0,11671000.0,68142000.0,0.4138144630407851,56471000.0,0.34293851871644765,1783000.0,51860000.0,0.31493672116015253,0.0,-15557000.0,-0.09447494352272451,-0.29321,-0.29321,53057077,53057077,https://www.sec.gov/Archives/edgar/data/51548/000092575104000006/0000925751-04-000006-index.html,https://www.sec.gov/Archives/edgar/data/51548/000092575104000006/final03k.htm,1620593766,16:56:06,20210509
64,2003-08-31,ISCA,USD,2003-10-10,2003-10-10 08:48:13,Q3,291510000,57731000.0,233779000,0.8019587664231073,0.0,61390000.0,0.0,0.0,61390000.0,119121000,11767000.0,10978000.0,118862000.0,0.4077458749271037,107884000.0,0.3700867894754897,2798000.0,100526000.0,0.3448458028884086,0.0,108513000.0,0.37224451991355356,2.04523,2.04523,53056569,53056569,https://www.sec.gov/Archives/edgar/data/51548/000092575103000390/0000925751-03-000390-index.htm,https://www.sec.gov/Archives/edgar/data/51548/000092575103000390/isc3q10q.htm,1620593766,16:56:06,20210509
65,2003-05-31,ISCA,USD,2003-07-10,2003-07-09 19:15:15,Q1,119567000,24635000.0,94932000,0.793964889978004,0.0,0.0,0.0,0.0,0.0,24635000,5850000.0,21522000.0,48837000.0,0.4084488194903276,27315000.0,0.22844932130102788,1528000.0,20479000.0,0.1712763555161541,0.0,12492000.0,0.10447698779763648,0.23545,0.23545,53056569,53056569,https://www.sec.gov/Archives/edgar/data/51548/000092575103000334/0000925751-03-000334-index.htm,https://www.sec.gov/Archives/edgar/data/51548/000092575103000334/iscq210q.htm,1620593766,16:56:06,20210509
66,2003-02-28,ISCA,USD,2003-04-11,2003-04-11 14:02:04,Q1,130882000,24063000.0,106819000,0.8161473693861646,0.0,20551000.0,0.0,0.0,20551000.0,44614000,5933000.0,10553000.0,59394000.0,0.4537980776577375,48841000.0,0.37316819730749834,1347000.0,41580000.0,0.3176907443345915,0.0,41580000.0,0.3176907443345915,0.00078,0.00078,53036552000,53036552000,https://www.sec.gov/Archives/edgar/data/51548/000092575103000133/0000925751-03-000133-index.htm,https://www.sec.gov/Archives/edgar/data/51548/000092575103000133/isc_q1.htm,1620593766,16:56:06,20210509
67,2002-11-30,ISCA,USD,2003-01-30,2003-01-29 19:09:54,Q4,414156000,79458000.0,334698000,0.8081447570480689,0.0,60419000.0,0.0,0.0,60419000.0,139877000,18492000.0,10513000.0,155661000.0,0.37585112856025266,145148000.0,0.35046697379731306,4165000.0,124939000.0,0.3016713508919344,0.0,-440533000.0,-1.06368856179797,-0.00831,-0.00831,53036552000,53036552000,https://www.sec.gov/Archives/edgar/data/51548/000092575103000004/0000925751-03-000004-index.htm,https://www.sec.gov/Archives/edgar/data/51548/000092575103000004/isc10k.htm,1620593766,16:56:06,20210509
68,2002-08-31,ISCA,USD,2002-10-15,2002-10-15 08:47:14,Q1,136396000,29047000.0,107349000,0.7870392093609784,0.0,19906000.0,0.0,0.0,19906000.0,48953000,5785000.0,30641000.0,79726000.0,0.5845186075838001,49085000.0,0.3598712572216194,3127000.0,48135000.0,0.35290624358485584,0.0,29555000.0,0.2166852400363647,0.55721,0.55721,53041210,53041210,https://www.sec.gov/Archives/edgar/data/51548/000092575102000321/0000925751-02-000321-index.htm,https://www.sec.gov/Archives/edgar/data/51548/000092575102000321/isc3q10q.htm,1620593766,16:56:06,20210509
69,2002-05-31,ISCA,USD,2002-07-11 00:00:00,2002-07-11 11:31:09,Q1,116747000,22597000.0,94150000,0.8064447052172646,0.0,19445000.0,0.0,0.0,19445000.0,42042000,6091000.0,690000.0,31370000.0,0.268700694664531,30680000.0,0.26279047855619414,1544000.0,23405000.0,0.20047624350090365,0.0,14370000.0,0.12308667460405835,0.27093,0.27093,53039100,53039100,https://www.sec.gov/Archives/edgar/data/51548/000092575102000303/0000925751-02-000303-index.html,https://www.sec.gov/Archives/edgar/data/51548/000092575102000303/isc10q3.htm,1620593766,16:56:06,20210509
70,2002-02-28,ISCA,USD,2002-04-15 00:00:00,2002-04-15 00:00:00,Q1,125759000,23982000.0,101777000,0.809301918749354,0.0,19228000.0,0.0,0.0,19228000.0,43210000,6405000.0,9913000.0,59095000.0,0.4699067263575569,49182000.0,0.3910813540184003,1127000.0,41307000.0,0.3284615812784771,0.0,-488464000.0,-3.8841275773503288,-0.00921,-0.00921,53024478000,53024478000,https://www.sec.gov/Archives/edgar/data/51548/000092575102000086/0000925751-02-000086-index.html,https://www.sec.gov/Archives/edgar/data/51548/000092575102000086/iscq228.htm,1620593766,16:56:06,20210509
71,2001-11-30,ISCA,USD,2002-01-24 00:00:00,2002-01-24 00:00:00,Q4,163703000,32437000.0,131266000,0.8018545781079149,0.0,19949000.0,0.0,0.0,19949000.0,52386000,7341000.0,14590000.0,72744000.0,0.4443657110743236,58154000.0,0.355240893569452,1556000.0,51142000.0,0.31240722527992765,0.0,29816000.0,0.18213471958363622,0.5626,0.5626,52996660,52996660,https://www.sec.gov/Archives/edgar/data/51548/000092575102000005/0000925751-02-000005-index.html,https://www.sec.gov/Archives/edgar/data/51548/000092575102000005/isc10k.htm,1620593766,16:56:06,20210509
72,2001-08-31,ISCA,USD,2001-10-15 00:00:00,2001-10-15 00:00:00,Q3,132122000,32000000.0,100122000,0.7577996094518702,0.0,21170000.0,0.0,0.0,21170000.0,53170000,7575000.0,14326000.0,53709000.0,0.4065106492484219,39383000.0,0.29808056190490606,1312000.0,37336000.0,0.2825873056720304,0.0,21767000.0,0.16474924690816065,0.41074,0.41074,52994646,52994646,https://www.sec.gov/Archives/edgar/data/51548/000092575101500033/0000925751-01-500033-index.html,https://www.sec.gov/Archives/edgar/data/51548/000092575101500033/isc10q.htm,1620593766,16:56:06,20210509
73,2001-05-31,ISCA,USD,2001-07-11 00:00:00,2001-07-11 00:00:00,Q2,111996000,21343000.0,90653000,0.8094306939533554,0.0,19326000.0,0.0,0.0,19326000.0,40669000,5332000.0,12664000.0,40175000.0,0.35871816850601806,27511000.0,0.24564270152505446,1191000.0,22813000.0,0.2036947748133862,0.0,13300000.0,0.11875424122290082,0.25098,0.25098,52991508,52991508,https://www.sec.gov/Archives/edgar/data/51548/000092575101500024/0000925751-01-500024-index.html,https://www.sec.gov/Archives/edgar/data/51548/000092575101500024/q53101.htm,1620593766,16:56:06,20210509
74,2001-02-28,ISCA,USD,2001-04-16 00:00:00,2001-04-16 00:00:00,Q1,120689000,23046000.0,97643000,0.8090463919661278,0.0,19508000.0,0.0,0.0,19508000.0,42554000,6257000.0,12964000.0,57361000.0,0.4752794372312307,44397000.0,0.36786285411263664,1174000.0,39022000.0,0.32332689806030374,0.0,22750000.0,0.1885010232912693,0.42937,0.42937,52984474,52984474,https://www.sec.gov/Archives/edgar/data/51548/000092575101500016/0000925751-01-500016-index.html,https://www.sec.gov/Archives/edgar/data/51548/000092575101500016/q22801.htm,1620593766,16:56:06,20210509
75,2001-01-30,ISCA,USD,2001-04-16 00:00:00,2001-04-16 00:00:00,Q4,188968000,43622000.0,145346000,0.7691566826129291,0.0,37842000.0,0.0,0.0,37842000.0,81464000,582000.0,-24787000.0,36127000.0,0.19118051733626856,60914000.0,0.3223508742220905,1632000.0,65086000.0,0.34442868633842766,0.0,40192000.0,0.21269209601625672,1.00416,1.00416,40025643,40025643,https://www.sec.gov/Archives/edgar/data/51548/000092575101500016/0000925751-01-500016-index.html,https://www.sec.gov/Archives/edgar/data/51548/000092575101500016/q22801.htm,1620593766,16:56:06,20210509
76,2000-08-31,ISCA,USD,2000-10-13 00:00:00,2000-10-13 00:00:00,Q3,107175000,31951000.0,75224000,0.7018801026358759,0.0,19275000.0,0.0,0.0,19275000.0,51226000,7406000.0,12617000.0,40102000.0,0.37417308140891065,27485000.0,0.25644973174714253,921000.0,22237000.0,0.2074830884068113,0.0,-6050000.0,-0.056449731747142524,-0.11423,-0.11423,52961132,52961132,https://www.sec.gov/Archives/edgar/data/51548/000092575100500018/0000925751-00-500018-index.html,https://www.sec.gov/Archives/edgar/data/51548/000092575100500018/isc831fl.htm,1620593766,16:56:06,20210509
