,date,symbol,reportedCurrency,fillingDate,acceptedDate,period,revenue,costOfRevenue,grossProfit,grossProfitRatio,researchAndDevelopmentExpenses,generalAndAdministrativeExpenses,sellingAndMarketingExpenses,otherExpenses,operatingExpenses,costAndExpenses,interestExpense,depreciationAndAmortization,ebitda,ebitdaratio,operatingIncome,operatingIncomeRatio,totalOtherIncomeExpensesNet,incomeBeforeTax,incomeBeforeTaxRatio,incomeTaxExpense,netIncome,netIncomeRatio,eps,epsdiluted,weightedAverageShsOut,weightedAverageShsOutDil,link,finalLink,timestamp,est_time,est_date
0,2019-06-30,PBLT.L,GBP,2019-06-30,2019-06-30,Q2,-139250.0,0.0,0.0,0.0,0.0,137000.0,19250.0,0.0,0.0,0.0,21500.0,0.0,0.0,0.0,0.0,0.0,0.0,-295500.0,2.1220825852782763,0.0,-295500.0,2.1220825852782763,-0.010975,-0.010975,26924063,26924063,https://find-and-update.company-information.service.gov.uk/search/companies?q=TOC+Property+Backed+Lending+Trust+PLC,https://find-and-update.company-information.service.gov.uk/search/companies?q=TOC+Property+Backed+Lending+Trust+PLC,1620596365,17:39:25,20210509
1,2019-03-31,PBLT.L,GBP,2019-03-31,2019-03-31,Q1,-139250.0,0.0,0.0,0.0,0.0,137000.0,19250.0,0.0,0.0,0.0,21500.0,0.0,0.0,0.0,0.0,0.0,0.0,-295500.0,2.1220825852782763,0.0,-295500.0,2.1220825852782763,-0.010975,-0.010975,26924063,26924063,https://find-and-update.company-information.service.gov.uk/search/companies?q=TOC+Property+Backed+Lending+Trust+PLC,https://find-and-update.company-information.service.gov.uk/search/companies?q=TOC+Property+Backed+Lending+Trust+PLC,1620596365,17:39:25,20210509
2,2019-01-31,PBLT.L,GBP,2019-01-31,2019-01-31,Q1,-139250.0,0.0,0.0,0.0,0.0,137000.0,19250.0,0.0,0.0,0.0,21500.0,0.0,0.0,0.0,0.0,0.0,0.0,-295500.0,2.1220825852782763,0.0,-295500.0,2.1220825852782763,-0.010975,-0.010975,26924063,26924063,https://find-and-update.company-information.service.gov.uk/search/companies?q=TOC+Property+Backed+Lending+Trust+PLC,https://find-and-update.company-information.service.gov.uk/search/companies?q=TOC+Property+Backed+Lending+Trust+PLC,1620596365,17:39:25,20210509
3,2018-06-30,PBLT.L,GBP,2018-06-30,2018-06-30,Q2,342500.0,0.0,0.0,0.0,0.0,118250.0,14750.0,0.0,0.0,0.0,3500.0,0.0,0.0,0.0,0.0,0.0,0.0,209500.0,0.6116788321167883,0.0,209500.0,0.6116788321167883,0.008175,0.008175,25593773,25593773,https://find-and-update.company-information.service.gov.uk/search/companies?q=TOC+Property+Backed+Lending+Trust+PLC,https://find-and-update.company-information.service.gov.uk/search/companies?q=TOC+Property+Backed+Lending+Trust+PLC,1620596365,17:39:25,20210509
4,2018-03-31,PBLT.L,GBP,2018-03-31,2018-03-31,Q1,342500.0,0.0,0.0,0.0,0.0,118250.0,14750.0,0.0,0.0,0.0,3500.0,0.0,0.0,0.0,0.0,0.0,0.0,209500.0,0.6116788321167883,0.0,209500.0,0.6116788321167883,0.008175,0.008175,25593773,25593773,https://find-and-update.company-information.service.gov.uk/search/companies?q=TOC+Property+Backed+Lending+Trust+PLC,https://find-and-update.company-information.service.gov.uk/search/companies?q=TOC+Property+Backed+Lending+Trust+PLC,1620596365,17:39:25,20210509
5,2018-01-31,PBLT.L,GBP,2018-01-31,2018-01-31,Q1,342500.0,0.0,0.0,0.0,0.0,118250.0,14750.0,0.0,0.0,0.0,3500.0,0.0,0.0,0.0,0.0,0.0,0.0,209500.0,0.6116788321167883,0.0,209500.0,0.6116788321167883,0.008175,0.008175,25593773,25593773,https://find-and-update.company-information.service.gov.uk/search/companies?q=TOC+Property+Backed+Lending+Trust+PLC,https://find-and-update.company-information.service.gov.uk/search/companies?q=TOC+Property+Backed+Lending+Trust+PLC,1620596365,17:39:25,20210509
6,2017-06-30,PBLT.L,GBP,2017-06-30,2017-06-30,Q2,336750.0,0.0,0.0,0.0,0.0,108500.0,0.0,0.0,0.0,0.0,0.0,0.0,0.0,0.0,0.0,0.0,0.0,228250.0,0.6778025241276912,12000.0,216250.0,0.6421677802524127,0.0104,0.0104,20784826,20784826,https://find-and-update.company-information.service.gov.uk/search/companies?q=TOC+Property+Backed+Lending+Trust+PLC,https://find-and-update.company-information.service.gov.uk/search/companies?q=TOC+Property+Backed+Lending+Trust+PLC,1620596365,17:39:25,20210509
7,2017-03-31,PBLT.L,GBP,2017-03-31,2017-03-31,Q1,336750.0,0.0,0.0,0.0,0.0,108500.0,0.0,0.0,0.0,0.0,0.0,0.0,0.0,0.0,0.0,0.0,0.0,228250.0,0.6778025241276912,12000.0,216250.0,0.6421677802524127,0.0104,0.0104,20784826,20784826,https://find-and-update.company-information.service.gov.uk/search/companies?q=TOC+Property+Backed+Lending+Trust+PLC,https://find-and-update.company-information.service.gov.uk/search/companies?q=TOC+Property+Backed+Lending+Trust+PLC,1620596365,17:39:25,20210509
8,2017-01-31,PBLT.L,GBP,2017-01-31,2017-01-31,Q1,336750.0,0.0,0.0,0.0,0.0,108500.0,0.0,0.0,0.0,0.0,0.0,0.0,0.0,0.0,0.0,0.0,0.0,228250.0,0.6778025241276912,12000.0,216250.0,0.6421677802524127,0.0104,0.0104,20784826,20784826,https://find-and-update.company-information.service.gov.uk/search/companies?q=TOC+Property+Backed+Lending+Trust+PLC,https://find-and-update.company-information.service.gov.uk/search/companies?q=TOC+Property+Backed+Lending+Trust+PLC,1620596365,17:39:25,20210509
