,date,symbol,reportedCurrency,fillingDate,acceptedDate,period,revenue,costOfRevenue,grossProfit,grossProfitRatio,researchAndDevelopmentExpenses,generalAndAdministrativeExpenses,sellingAndMarketingExpenses,otherExpenses,operatingExpenses,costAndExpenses,interestExpense,depreciationAndAmortization,ebitda,ebitdaratio,operatingIncome,operatingIncomeRatio,totalOtherIncomeExpensesNet,incomeBeforeTax,incomeBeforeTaxRatio,incomeTaxExpense,netIncome,netIncomeRatio,eps,epsdiluted,weightedAverageShsOut,weightedAverageShsOutDil,link,finalLink,timestamp,est_time,est_date
0,2021-03-31,IPCO.TO,USD,2021-03-31,2021-03-31,Q1,145273000,107765000,37508000.0,0.2581897530855699,0.0,2818000.0,0.0,0.0,-1504000.0,106261000,6856000.0,30758000.0,69770000.0,0.4802681847280637,39012000.0,0.18324120793265095,0.0,26620000.0,0.18324120793265095,-271000.0,26884000.0,0.18505847611049542,0.17,0.17,155352027,157411594,https://www.sedar.com/ModifyCompanyDocumentSearchForm.do?lang=EN&company_search=INTERNATIONAL PETROLEUM CORPORA&document_selection=0&industry_group=A&FromDate=13&FromMonth=05&FromYear=2000&ToDate=13&ToMonth=11&ToYear=2020&Variable=Issuer,https://www.sedar.com/ModifyCompanyDocumentSearchForm.do?lang=EN&company_search=INTERNATIONAL PETROLEUM CORPORA&document_selection=0&industry_group=A&FromDate=13&FromMonth=05&FromYear=2000&ToDate=13&ToMonth=11&ToYear=2020&Variable=Issuer,1620593706,16:55:06,20210509
1,2020-12-31,IPCO.TO,USD,2020-12-31,2020-12-31,Q4,112206000,167043000,-54837000.0,-0.4887171808994171,0.0,3550000.0,0.0,0.0,3550000.0,170593000,6752000.0,32967000.0,-25420000.0,-0.2265475999500918,-58387000.0,-0.5203554177138477,0.0,-57389000.0,-0.5114610626882697,-12139000.0,-45175000.0,-0.4026077036878598,-0.29080853766487486,-0.29080853766487486,155342757,155342757,https://www.sedar.com/ModifyCompanyDocumentSearchForm.do?lang=EN&company_search=INTERNATIONAL PETROLEUM CORPORA&document_selection=0&industry_group=A&FromDate=13&FromMonth=05&FromYear=2000&ToDate=13&ToMonth=11&ToYear=2020&Variable=Issuer,https://www.sedar.com/ModifyCompanyDocumentSearchForm.do?lang=EN&company_search=INTERNATIONAL PETROLEUM CORPORA&document_selection=0&industry_group=A&FromDate=13&FromMonth=05&FromYear=2000&ToDate=13&ToMonth=11&ToYear=2020&Variable=Issuer,1620593706,16:55:06,20210509
2,2020-09-30,IPCO.TO,USD,2020-09-30,2020-09-30,Q3,100918000,92810000,8108000.0,0.08034245625161021,0.0,3333000.0,0.0,0.0,3333000.0,96143000,5847000.0,31865000.0,36640000.0,0.36306704453120353,4775000.0,0.04731564240274282,0.0,3257000.0,0.03227372718444678,-5593000.0,8851000.0,0.08770486929982758,0.05697723003590055,0.05640292526688872,155342757,156924485,https://www.sedar.com/ModifyCompanyDocumentSearchForm.do?lang=EN&company_search=INTERNATIONAL PETROLEUM CORPORA&document_selection=0&industry_group=A&FromDate=13&FromMonth=05&FromYear=2000&ToDate=13&ToMonth=11&ToYear=2020&Variable=Issuer,https://www.sedar.com/ModifyCompanyDocumentSearchForm.do?lang=EN&company_search=INTERNATIONAL PETROLEUM CORPORA&document_selection=0&industry_group=A&FromDate=13&FromMonth=05&FromYear=2000&ToDate=13&ToMonth=11&ToYear=2020&Variable=Issuer,1620593706,16:55:06,20210509
3,2020-06-30,IPCO.TO,USD,2020-06-30,2020-06-30,Q2,44929000,61466000,-16537000.0,-0.3680696209575107,0.0,3095000.0,0.0,0.0,3095000.0,64561000,5209000.0,3095000.0,-16537000.0,-0.3680696209575107,-19632000.0,-0.4369560862694474,0.0,-13221000.0,-0.29426428364753277,-11749000.0,-1471000.0,-0.032740546195107835,-0.009472396284569433,-0.00938615119906582,155293334,156720254,https://www.sedar.com/ModifyCompanyDocumentSearchForm.do?lang=EN&company_search=INTERNATIONAL PETROLEUM CORPORA&document_selection=0&industry_group=A&FromDate=13&FromMonth=05&FromYear=2000&ToDate=13&ToMonth=11&ToYear=2020&Variable=Issuer,https://www.sedar.com/ModifyCompanyDocumentSearchForm.do?lang=EN&company_search=INTERNATIONAL PETROLEUM CORPORA&document_selection=0&industry_group=A&FromDate=13&FromMonth=05&FromYear=2000&ToDate=13&ToMonth=11&ToYear=2020&Variable=Issuer,1620593706,16:55:06,20210509
4,2020-03-31,IPCO.TO,USD,2020-03-31,2020-03-31,Q1,84764000,100053000,-15289000.0,-0.18037138407814637,0.0,2810000.0,0.0,0.0,2810000.0,102863000,6430000.0,2810000.0,-15289000.0,-0.18037138407814637,-18099000.0,-0.21352225001179745,0.0,-44408000.0,-0.5239016563635506,-4339000.0,-40059000.0,-0.47259449766410266,-0.25069642746607756,-0.2491206074893606,159790869,160801631,https://www.sedar.com/ModifyCompanyDocumentSearchForm.do?lang=EN&company_search=INTERNATIONAL PETROLEUM CORPORA&document_selection=0&industry_group=A&FromDate=13&FromMonth=05&FromYear=2000&ToDate=13&ToMonth=11&ToYear=2020&Variable=Issuer,https://www.sedar.com/ModifyCompanyDocumentSearchForm.do?lang=EN&company_search=INTERNATIONAL PETROLEUM CORPORA&document_selection=0&industry_group=A&FromDate=13&FromMonth=05&FromYear=2000&ToDate=13&ToMonth=11&ToYear=2020&Variable=Issuer,1620593706,16:55:06,20210509
5,2019-12-31,IPCO.TO,USD,2019-12-31,2019-12-31,Q4,148482000,105760000,42722000.0,0.2877251114613219,0.0,3318000.0,0.0,0.0,3318000.0,109078000,5628000.0,3318000.0,42722000.0,0.2877251114613219,39404000.0,0.26537896849449766,0.0,43356000.0,0.2919949892916313,4984000.0,38358000.0,0.25833434355679474,0.24692493387380784,0.24692493387380784,155342757,155342757,https://www.sedar.com/ModifyCompanyDocumentSearchForm.do?lang=EN&company_search=INTERNATIONAL PETROLEUM CORPORA&document_selection=0&industry_group=A&FromDate=13&FromMonth=05&FromYear=2000&ToDate=13&ToMonth=11&ToYear=2020&Variable=Issuer,https://www.sedar.com/ModifyCompanyDocumentSearchForm.do?lang=EN&company_search=INTERNATIONAL PETROLEUM CORPORA&document_selection=0&industry_group=A&FromDate=13&FromMonth=05&FromYear=2000&ToDate=13&ToMonth=11&ToYear=2020&Variable=Issuer,1620593706,16:55:06,20210509
6,2019-09-30,IPCO.TO,USD,2019-09-30,2019-09-30,Q3,143488000,119513000,23975000.0,0.16708714317573595,0.0,2699000.0,0.0,0.0,2699000.0,122212000,5656000.0,2699000.0,23975000.0,0.16708714317573595,21276000.0,0.14827720785013382,0.0,9564000.0,0.06665365744870651,3234000.0,6326000.0,0.04408731043710972,0.038639124654635336,0.03850570029232437,163720065,164287364,https://www.sedar.com/ModifyCompanyDocumentSearchForm.do?lang=EN&company_search=INTERNATIONAL PETROLEUM CORPORA&document_selection=0&industry_group=A&FromDate=13&FromMonth=05&FromYear=2000&ToDate=13&ToMonth=11&ToYear=2020&Variable=Issuer,https://www.sedar.com/ModifyCompanyDocumentSearchForm.do?lang=EN&company_search=INTERNATIONAL PETROLEUM CORPORA&document_selection=0&industry_group=A&FromDate=13&FromMonth=05&FromYear=2000&ToDate=13&ToMonth=11&ToYear=2020&Variable=Issuer,1620593706,16:55:06,20210509
7,2019-06-30,IPCO.TO,USD,2019-06-30,2019-06-30,Q2,138540000,96374000,42166000.0,0.304359751696261,0.0,2714000.0,0.0,0.0,2714000.0,99088000,9928000.0,2714000.0,42166000.0,0.304359751696261,39452000.0,0.28476974159087626,0.0,30409000.0,0.21949617439006786,4665000.0,25743000.0,0.18581637072325682,0.16,0.15,163720065,166567604,https://www.sedar.com/ModifyCompanyDocumentSearchForm.do?lang=EN&company_search=INTERNATIONAL PETROLEUM CORPORA&document_selection=0&industry_group=A&FromDate=13&FromMonth=05&FromYear=2000&ToDate=13&ToMonth=11&ToYear=2020&Variable=Issuer,https://www.sedar.com/ModifyCompanyDocumentSearchForm.do?lang=EN&company_search=INTERNATIONAL PETROLEUM CORPORA&document_selection=0&industry_group=A&FromDate=13&FromMonth=05&FromYear=2000&ToDate=13&ToMonth=11&ToYear=2020&Variable=Issuer,1620593706,16:55:06,20210509
8,2019-03-31,IPCO.TO,USD,2019-03-31,2019-03-31,Q1,149571000,103185000,46386000.0,0.3101269631145075,0.0,3311000.0,0.0,0.0,3311000.0,106496000,6960000.0,3311000.0,46386000.0,0.3101269631145075,43075000.0,0.28799031897894645,0.0,39507000.0,0.26413542732214135,6365000.0,33137000.0,0.2215469576321613,0.20240035941837672,0.19898170510429716,163720065,166532898,https://www.sedar.com/ModifyCompanyDocumentSearchForm.do?lang=EN&company_search=INTERNATIONAL PETROLEUM CORPORA&document_selection=0&industry_group=A&FromDate=13&FromMonth=05&FromYear=2000&ToDate=13&ToMonth=11&ToYear=2020&Variable=Issuer,https://www.sedar.com/ModifyCompanyDocumentSearchForm.do?lang=EN&company_search=INTERNATIONAL PETROLEUM CORPORA&document_selection=0&industry_group=A&FromDate=13&FromMonth=05&FromYear=2000&ToDate=13&ToMonth=11&ToYear=2020&Variable=Issuer,1620593706,16:55:06,20210509
9,2018-12-31,IPCO.TO,USD,2018-12-31,2018-12-31,Q4,112435000,86124000,26311000.0,0.2340107617734691,0.0,1153000.0,0.0,0.0,1153000.0,87277000,5067000.0,1153000.0,26311000.0,0.2340107617734691,25158000.0,0.2237559478809979,0.0,30760000.0,0.2735802908347045,1414000.0,29340000.0,0.26095077155689955,0.18887266176175824,0.18887266176175824,155342757,155342757,https://www.sedar.com/ModifyCompanyDocumentSearchForm.do?lang=EN&company_search=INTERNATIONAL PETROLEUM CORPORA&document_selection=0&industry_group=A&FromDate=13&FromMonth=05&FromYear=2000&ToDate=13&ToMonth=11&ToYear=2020&Variable=Issuer,https://www.sedar.com/ModifyCompanyDocumentSearchForm.do?lang=EN&company_search=INTERNATIONAL PETROLEUM CORPORA&document_selection=0&industry_group=A&FromDate=13&FromMonth=05&FromYear=2000&ToDate=13&ToMonth=11&ToYear=2020&Variable=Issuer,1620593706,16:55:06,20210509
10,2018-09-30,IPCO.TO,USD,2018-09-30,2018-09-30,Q3,108924000,71864000,37060000.0,0.3402372296279975,0.0,2835000.0,0.0,0.0,2835000.0,74699000,5753000.0,2835000.0,37060000.0,0.3402372296279975,34225000.0,0.3142099078256399,0.0,30934000.0,0.28399618082332634,4447000.0,26480000.0,0.24310528441849363,0.3,0.29,87921846,89906748,https://www.sedar.com/ModifyCompanyDocumentSearchForm.do?lang=EN&company_search=INTERNATIONAL PETROLEUM CORPORA&document_selection=0&industry_group=A&FromDate=13&FromMonth=05&FromYear=2000&ToDate=13&ToMonth=11&ToYear=2020&Variable=Issuer,https://www.sedar.com/ModifyCompanyDocumentSearchForm.do?lang=EN&company_search=INTERNATIONAL PETROLEUM CORPORA&document_selection=0&industry_group=A&FromDate=13&FromMonth=05&FromYear=2000&ToDate=13&ToMonth=11&ToYear=2020&Variable=Issuer,1620593706,16:55:06,20210509
11,2018-06-30,IPCO.TO,USD,2018-06-30,2018-06-30,Q2,122064000,76144000,45920000.0,0.3761960938524053,0.0,3343000.0,0.0,0.0,3343000.0,79487000,6280000.0,3343000.0,45920000.0,0.3761960938524053,42577000.0,0.34880882160178267,0.0,27529000.0,0.2255292305675711,6031000.0,21492000.0,0.1760715690129768,0.24,0.23,87921846,90047415,https://www.sedar.com/ModifyCompanyDocumentSearchForm.do?lang=EN&company_search=INTERNATIONAL PETROLEUM CORPORA&document_selection=0&industry_group=A&FromDate=13&FromMonth=05&FromYear=2000&ToDate=13&ToMonth=11&ToYear=2020&Variable=Issuer,https://www.sedar.com/ModifyCompanyDocumentSearchForm.do?lang=EN&company_search=INTERNATIONAL PETROLEUM CORPORA&document_selection=0&industry_group=A&FromDate=13&FromMonth=05&FromYear=2000&ToDate=13&ToMonth=11&ToYear=2020&Variable=Issuer,1620593706,16:55:06,20210509
12,2018-03-31,IPCO.TO,USD,2018-03-31,2018-03-31,Q1,116897000,79324000,37573000.0,0.3214197113698384,0.0,3734000.0,0.0,0.0,3734000.0,83058000,6822000.0,3734000.0,37573000.0,0.3214197113698384,33839000.0,0.28947706100242093,0.0,24686000.0,0.2111773612667562,-1627000.0,26305000.0,0.22502716066280573,0.2991861658591654,0.2966709236679191,87921846,88667267,https://www.sedar.com/ModifyCompanyDocumentSearchForm.do?lang=EN&company_search=INTERNATIONAL PETROLEUM CORPORA&document_selection=0&industry_group=A&FromDate=13&FromMonth=05&FromYear=2000&ToDate=13&ToMonth=11&ToYear=2020&Variable=Issuer,https://www.sedar.com/ModifyCompanyDocumentSearchForm.do?lang=EN&company_search=INTERNATIONAL PETROLEUM CORPORA&document_selection=0&industry_group=A&FromDate=13&FromMonth=05&FromYear=2000&ToDate=13&ToMonth=11&ToYear=2020&Variable=Issuer,1620593706,16:55:06,20210509
13,2017-12-31,IPCO.TO,USD,2017-12-31,2017-12-31,Q4,54778000,41307000,13471000.0,0.24591989484829677,0.0,4075000.0,0.0,0.0,4075000.0,45382000,1574000.0,4075000.0,13471000.0,0.24591989484829677,9396000.0,0.1715287159078462,0.0,7205000.0,0.13153090656833036,-1772000.0,8977000.0,0.16387965971740479,0.05778833962628847,0.05778833962628847,155342757,155342757,https://www.sedar.com/ModifyCompanyDocumentSearchForm.do?lang=EN&company_search=INTERNATIONAL PETROLEUM CORPORA&document_selection=0&industry_group=A&FromDate=13&FromMonth=05&FromYear=2000&ToDate=13&ToMonth=11&ToYear=2020&Variable=Issuer,https://www.sedar.com/ModifyCompanyDocumentSearchForm.do?lang=EN&company_search=INTERNATIONAL PETROLEUM CORPORA&document_selection=0&industry_group=A&FromDate=13&FromMonth=05&FromYear=2000&ToDate=13&ToMonth=11&ToYear=2020&Variable=Issuer,1620593706,16:55:06,20210509
14,2017-09-30,IPCO.TO,USD,2017-09-30,2017-09-30,Q3,47813000,40557000,7256000.0,0.15175789011356744,0.0,2545000.0,0.0,0.0,2545000.0,43102000,1375000.0,2545000.0,7256000.0,0.15175789011356744,4711000.0,0.0985296885784201,0.0,3448000.0,0.07211427854349235,1276000.0,2172000.0,0.045426975927049126,0.02,0.02,108600000,108600000,https://www.sedar.com/ModifyCompanyDocumentSearchForm.do?lang=EN&company_search=INTERNATIONAL PETROLEUM CORPORA&document_selection=0&industry_group=A&FromDate=13&FromMonth=05&FromYear=2000&ToDate=13&ToMonth=11&ToYear=2020&Variable=Issuer,https://www.sedar.com/ModifyCompanyDocumentSearchForm.do?lang=EN&company_search=INTERNATIONAL PETROLEUM CORPORA&document_selection=0&industry_group=A&FromDate=13&FromMonth=05&FromYear=2000&ToDate=13&ToMonth=11&ToYear=2020&Variable=Issuer,1620593706,16:55:06,20210509
15,2017-06-30,IPCO.TO,USD,2017-06-30,2017-06-30,Q2,48786000,38425000,10361000.0,0.21237650145533554,0.0,2854000.0,0.0,0.0,2854000.0,41279000,1117000.0,2854000.0,10361000.0,0.21237650145533554,7507000.0,0.15387611199934406,0.0,7005000.0,0.14358627475095315,-108000.0,7113000.0,0.14580002459722052,0.07,0.07,101614286,101614286,https://www.sedar.com/ModifyCompanyDocumentSearchForm.do?lang=EN&company_search=INTERNATIONAL PETROLEUM CORPORA&document_selection=0&industry_group=A&FromDate=13&FromMonth=05&FromYear=2000&ToDate=13&ToMonth=11&ToYear=2020&Variable=Issuer,https://www.sedar.com/ModifyCompanyDocumentSearchForm.do?lang=EN&company_search=INTERNATIONAL PETROLEUM CORPORA&document_selection=0&industry_group=A&FromDate=13&FromMonth=05&FromYear=2000&ToDate=13&ToMonth=11&ToYear=2020&Variable=Issuer,1620593706,16:55:06,20210509
16,2017-03-31,IPCO.TO,USD,2017-03-31,2017-03-31,Q1,52237000,34567000,17670000.0,0.33826598005245323,0.0,926000.0,0.0,0.0,926000.0,35493000,854000.0,926000.0,17670000.0,0.33826598005245323,16744000.0,0.3205390814939602,0.0,5793000.0,0.1108984053448705,1332000.0,4456000.0,0.08530352049313705,0.039273,0.039273,113462148,113462148,https://www.sedar.com/ModifyCompanyDocumentSearchForm.do?lang=EN&company_search=INTERNATIONAL PETROLEUM CORPORA&document_selection=0&industry_group=A&FromDate=13&FromMonth=05&FromYear=2000&ToDate=13&ToMonth=11&ToYear=2020&Variable=Issuer,https://www.sedar.com/ModifyCompanyDocumentSearchForm.do?lang=EN&company_search=INTERNATIONAL PETROLEUM CORPORA&document_selection=0&industry_group=A&FromDate=13&FromMonth=05&FromYear=2000&ToDate=13&ToMonth=11&ToYear=2020&Variable=Issuer,1620593706,16:55:06,20210509
17,2016-12-31,IPCO.TO,USD,2016-12-31,2016-12-31,Q4,54022000,138332000,-84310000.0,-1.5606604716596941,0.0,19548000.0,0.0,0.0,47727000.0,186059000,807000.0,-611000.0,-132648000.0,-2.455444078338455,-132037000.0,-2.444133871385732,0.0,-82542000.0,-1.527933064307134,-1358000.0,-81192000.0,-1.5029432453444893,-0.5226635703394913,-0.5226635703394913,155342757,155342757,https://www.sedar.com/ModifyCompanyDocumentSearchForm.do?lang=EN&company_search=INTERNATIONAL PETROLEUM CORPORA&document_selection=0&industry_group=A&FromDate=13&FromMonth=05&FromYear=2000&ToDate=13&ToMonth=11&ToYear=2020&Variable=Issuer,https://www.sedar.com/ModifyCompanyDocumentSearchForm.do?lang=EN&company_search=INTERNATIONAL PETROLEUM CORPORA&document_selection=0&industry_group=A&FromDate=13&FromMonth=05&FromYear=2000&ToDate=13&ToMonth=11&ToYear=2020&Variable=Issuer,1620593706,16:55:06,20210509
18,2016-09-30,IPCO.TO,USD,2016-09-30,2016-09-30,Q3,48538000,38907000,9631000.0,0.19842185504141086,0.0,774000.0,0.0,0.0,774000.0,39681000,924000.0,774000.0,9631000.0,0.19842185504141086,8857000.0,0.18247558613869547,0.0,4747000.0,0.0977996621204005,225000.0,4522000.0,0.09316411883472743,0.04,0.04,113050000,113050000,https://www.sedar.com/ModifyCompanyDocumentSearchForm.do?lang=EN&company_search=INTERNATIONAL PETROLEUM CORPORA&document_selection=0&industry_group=A&FromDate=13&FromMonth=05&FromYear=2000&ToDate=13&ToMonth=11&ToYear=2020&Variable=Issuer,https://www.sedar.com/ModifyCompanyDocumentSearchForm.do?lang=EN&company_search=INTERNATIONAL PETROLEUM CORPORA&document_selection=0&industry_group=A&FromDate=13&FromMonth=05&FromYear=2000&ToDate=13&ToMonth=11&ToYear=2020&Variable=Issuer,1620593706,16:55:06,20210509
19,2016-06-30,IPCO.TO,USD,2016-06-30,2016-06-30,Q2,55438000,39409000,16029000.0,0.2891338071358996,0.0,-1092000.0,0.0,0.0,-1092000.0,38317000,932000.0,-1092000.0,16029000.0,0.2891338071358996,17121000.0,0.30883148742739636,0.0,27333000.0,0.4930372668566687,379000.0,26951000.0,0.48614668638839786,0.26,0.26,103657692,103657692,https://www.sedar.com/ModifyCompanyDocumentSearchForm.do?lang=EN&company_search=INTERNATIONAL PETROLEUM CORPORA&document_selection=0&industry_group=A&FromDate=13&FromMonth=05&FromYear=2000&ToDate=13&ToMonth=11&ToYear=2020&Variable=Issuer,https://www.sedar.com/ModifyCompanyDocumentSearchForm.do?lang=EN&company_search=INTERNATIONAL PETROLEUM CORPORA&document_selection=0&industry_group=A&FromDate=13&FromMonth=05&FromYear=2000&ToDate=13&ToMonth=11&ToYear=2020&Variable=Issuer,1620593706,16:55:06,20210509
20,2016-03-31,IPCO.TO,USD,2016-03-31,2016-03-31,Q1,46383000,63082000,-16699000.0,-0.36002414677791433,0.0,2044000.0,0.0,0.0,2044000.0,65126000,916000.0,2044000.0,-16699000.0,-0.36002414677791433,-18743000.0,-0.4040920164715521,0.0,-49420000.0,-1.0654765754694608,1679000.0,-51096000.0,-1.1016105038483928,-0.450335,-0.450335,113462148,113462148,https://www.sedar.com/ModifyCompanyDocumentSearchForm.do?lang=EN&company_search=INTERNATIONAL PETROLEUM CORPORA&document_selection=0&industry_group=A&FromDate=13&FromMonth=05&FromYear=2000&ToDate=13&ToMonth=11&ToYear=2020&Variable=Issuer,https://www.sedar.com/ModifyCompanyDocumentSearchForm.do?lang=EN&company_search=INTERNATIONAL PETROLEUM CORPORA&document_selection=0&industry_group=A&FromDate=13&FromMonth=05&FromYear=2000&ToDate=13&ToMonth=11&ToYear=2020&Variable=Issuer,1620593706,16:55:06,20210509
