,date,symbol,reportedCurrency,fillingDate,acceptedDate,period,revenue,costOfRevenue,grossProfit,grossProfitRatio,researchAndDevelopmentExpenses,generalAndAdministrativeExpenses,sellingAndMarketingExpenses,otherExpenses,operatingExpenses,costAndExpenses,interestExpense,depreciationAndAmortization,ebitda,ebitdaratio,operatingIncome,operatingIncomeRatio,totalOtherIncomeExpensesNet,incomeBeforeTax,incomeBeforeTaxRatio,incomeTaxExpense,netIncome,netIncomeRatio,eps,epsdiluted,weightedAverageShsOut,weightedAverageShsOutDil,link,finalLink,timestamp,est_time,est_date
0,2020-11-30,THTX,USD,2020-11-30,2020-11-30,Q4,19123000.0,6650000.0,12473000.0,0.6522512158134184,6795000.0,3255000.0,6532000.0,0.0,16582000.0,23232000.0,1372000.0,2192000.0,-1917000.0,-0.10024577733619203,-4109000.0,-0.2148721434921299,-54000.0,-5533000.0,-0.2893374470532866,0.0,-5549000.0,-0.2901741358573446,-0.07205238578511995,-0.07205238578511995,77013411,77013411,,,1620598795,18:19:55,20210509
1,2020-08-31,THTX,USD,2020-08-31,2020-08-31,Q3,14049000.0,6111000.0,7938000.0,0.5650224215246636,4183000.0,2699000.0,7025000.0,0.0,13907000.0,20018000.0,1323000.0,2189000.0,-3780000.0,-0.26905829596412556,-5969000.0,-0.42487009751583743,497000.0,-6768000.0,-0.4817424727738629,0.0,-6768000.0,-0.4817424727738629,-0.09,-0.09,77013411,77013411,,,1620598795,18:19:55,20210509
2,2020-05-31,THTX,USD,2020-07-15 00:00:00,2020-07-15 08:00:31,Q2,17162000.0,7771000.0,9391000.0,0.5471972963524064,3622000.0,10647000.0,0.0,0.0,14269000.0,21649000.0,-1303000.0,2109000.0,-2378000.0,-0.13856193916792914,-4487000.0,-0.2614497144854912,-16000.0,-5806000.0,-0.3383055587926815,0.0,-5806000.0,-0.3383055587926815,-0.07542,-0.07542,76985780,76985780,https://www.sec.gov/Archives/edgar/data/1512717/000119312520192984/0001193125-20-192984-index.htm,https://www.sec.gov/Archives/edgar/data/1512717/000119312520192984/d19327d6k.htm,1620598795,18:19:55,20210509
3,2020-02-29,THTX,USD,2020-03-02 00:00:00,2020-03-02 15:52:35,Q1,15719000.0,6764000.0,8955000.0,0.5696927285450728,3419000.0,8931000.0,0.0,0.0,12350000.0,19111000.0,-1152000.0,2030000.0,-1362000.0,-0.08664673325275145,-3392000.0,-0.21578980851199187,0.0,-4544000.0,-0.28907691328964946,0.0,-4544000.0,-0.28907691328964946,-0.05905,-0.05905,76953410,76953410,https://www.sec.gov/Archives/edgar/data/1512717/000119312520058828/0001193125-20-058828-index.html,https://www.sec.gov/Archives/edgar/data/1512717/000119312520058828/d893726d6k.htm,1620598795,18:19:55,20210509
4,2019-11-30,THTX,USD,2019-12-19 00:00:00,2019-12-19 14:11:02,Q4,16400000.0,7008000.0,9392000.0,0.5726829268292682,3877000.0,10289000.0,0.0,0.0,14808000.0,21797000.0,-1038000.0,1930000.0000000005,-3466999.9999999995,-0.2114024390243902,-5397000.0,-0.32908536585365855,-20000.0,-6455000.0,-0.3935975609756098,0.0,-6455000.0,-0.3935975609756098,-0.08399,-0.08399,76852920,76852920,https://www.sec.gov/Archives/edgar/data/1512717/000119312519318888/0001193125-19-318888-index.html,https://www.sec.gov/Archives/edgar/data/1512717/000119312519318888/d849593d6k.htm,1620598795,18:19:55,20210509
5,2019-08-31,THTX,USD,2019-10-08 00:00:00,2019-10-08 11:42:01,Q3,16111000.0,6437000.0,9674000.0,0.600459313512507,2152000.0,7520000.0,0.0,0.0,10312999.999999998,16749999.999999998,-995000.0,1928999.9999999995,1289999.9999999995,0.08006951772081183,-639000.0,-0.03966234249891379,-5000.0,-1639000.0,-0.1017317360809385,0.0,-1639000.0,-0.1017317360809385,-0.0213,-0.0213,76953410,76953410,https://www.sec.gov/Archives/edgar/data/1512717/000119312519264121/0001193125-19-264121-index.html,https://www.sec.gov/Archives/edgar/data/1512717/000119312519264121/d814754d6k.htm,1620598795,18:19:55,20210509
6,2019-05-31,THTX,USD,2019-05-31,2019-05-31,Q2,15609000.0,6585000.0,9024000.0,0.578128003075149,2285000.0,8115000.0,0.0,0.0,11041000.0,17626000.0,-1143000.0,1922000.0000000002,-94999.99999999977,-0.006086232301877107,-2017000.0,-0.12922032160932795,-14000.0,-3174000.0,-0.20334422448587353,0.0,-3174000.0,-0.20334422448587353,-0.04126,-0.04126,76927020,76927020,,,1620598795,18:19:55,20210509
7,2019-02-28,THTX,USD,2019-02-28,2019-02-28,Q1,15096000.0,6062000.0,9034000.0,0.5984366719660837,2527000.0,6476000.0,0.0,0.0,9491000.0,15556000.0,-768000.0,1714000.0,1254000.0,0.08306836248012718,-460000.0,-0.03047164811870694,0.0,-1228000.0,-0.08134605193428723,0.0,-1228000.0,-0.08134605193428723,-0.01597,-0.01597,76878500,76878500,,,1620598795,18:19:55,20210509
8,2018-11-30,THTX,USD,2018-11-30,2018-11-30,Q4,13983000.0,5090000.0,8893000.0,0.6359865551026246,2063000.0,6611000.0,0.0,0.0,8465791.874327,13912000.000000002,-1034000.0,1713999.9999999998,1784999.9999999998,0.12765500965458054,71000.0,0.005077594221554745,-20000.0,-983000.0,-0.0702996495744833,0.0,-983000.0,-0.0702996495744833,-0.01432,-0.01432,68634210,68634210,,,1620598795,18:19:55,20210509
9,2018-08-31,THTX,USD,2018-08-31,2018-08-31,Q3,13523000.0,4549000.0,8974000.0,0.6636101456777342,2130000.0,6184000.0,0.0,0.0,8880076.997113,13438000.0,-1069000.0,1715999.9999999998,1800999.9999999998,0.1331805072838867,85000.0,0.006285587517562671,-3000.0,-987000.0,-0.0729867632921689,0.0,282000.0,0.020853360940619684,0.00368,0.00368,76658020,76658020,,,1620598795,18:19:55,20210509
10,2018-05-31,THTX,USD,2018-05-31,2018-05-31,Q2,9600000.0,2050000.0,7550000.0,0.7864583333333334,1900000.0,6820000.0,0.0,0.0,9095985.172203,11300000.0,-190000.0,420000.00000000006,-1290000.0,-0.134375,-1710000.0,-0.178125,-20000.0,-1910000.0,-0.19895833333333332,0.0,-1910000.0,-0.19895833333333332,-0.02534,-0.02534,75380000,75380000,,,1620598795,18:19:55,20210509
11,2018-02-28,THTX,USD,2018-02-28,2018-02-28,Q1,8110000.0,1830000.0,6280000.0,0.7743526510480888,1900000.0,6140000.0,0.0,0.0,8300782.01445,10120000.0,-80000.0,380000.0,-1630000.0,-0.20098643649815043,-2010000.0,-0.24784217016029594,0.0,-2090000.0,-0.25770653514180025,0.0,-2090000.0,-0.25770653514180025,-0.02787,-0.02787,74980000,74980000,,,1620598795,18:19:55,20210509
12,2017-11-30,THTX,USD,2017-11-30,2017-11-30,Q4,10040000.0,1980000.0,8060000.0,0.8027888446215139,2470000.0,7250000.0,0.0,0.0,9375821.692339,12910000.0,-490000.0,390000.0000000001,-2480000.0,-0.24701195219123506,-2870000.0,-0.2858565737051793,0.0,-3360000.0,-0.3346613545816733,0.0,-3360000.0,-0.3346613545816733,-0.04484,-0.04484,74930000,74930000,,,1620598795,18:19:55,20210509
13,2017-08-31,THTX,USD,2017-08-31,2017-08-31,Q3,8720000.0,1950000.0,6770000.0,0.7763761467889908,2400000.0,6130000.0,0.0,0.0,9074633.014077,10970000.000000002,20000.0,369999.9999999999,-1880000.0,-0.21559633027522937,-2250000.0,-0.2580275229357798,0.0,-2240000.0,-0.25688073394495414,0.0,-2240000.0,-0.25688073394495414,-0.03008,-0.03008,74480000,74480000,,,1620598795,18:19:55,20210509
14,2017-05-31,THTX,USD,2017-05-31,2017-05-31,Q2,7440000.0,1550000.0,5890000.0,0.7916666666666666,2710000.0,6220000.0,0.0,0.0,9310559.836102,10830000.0,-3350000.0,390000.0,-3000000.0,-0.4032258064516129,-3390000.0,-0.45564516129032256,-20000.0,-6760000.0,-0.9086021505376344,0.0,-6760000.0,-0.9086021505376344,-0.09264,-0.09264,72970000,72970000,,,1620598795,18:19:55,20210509
15,2017-02-28,THTX,USD,2017-02-28,2017-02-28,Q1,6830000.0,1550000.0,5280000.0,0.7730600292825769,1530000.0,3400000.0,0.0,0.0,5322608.768166,6860000.000000001,-1660000.0,380000.0,350000.0,0.05124450951683748,-30000.0,-0.004392386530014641,-10000.0,-1700000.0,-0.24890190336749635,0.0,-1700000.0,-0.24890190336749635,-0.0239,-0.0239,71140000,71140000,,,1620598795,18:19:55,20210509
16,2016-11-30,THTX,USD,2016-11-30,2016-11-30,Q4,7820000.0,1490000.0,6330000.0,0.809462915601023,870000.0,3500000.0,0.0,0.0,4297500.538001,6240000.0,-960000.0,450000.0000000001,2030000.0,0.2595907928388747,1580000.0,0.2020460358056266,-10000.0,610000.0,0.07800511508951406,480000.0,130000.0,0.016624040920716114,0.00196,0.00196,66400000,66400000,,,1620598795,18:19:55,20210509
17,2016-08-31,THTX,USD,2016-08-31,2016-08-31,Q3,6880000.0,1280000.0,5610000.0,0.815406976744186,1370000.0,3440000.0,0.0,0.0,5137234.830834,6460000.0,280000.0,369999.9999999999,789999.9999999999,0.11482558139534882,420000.0,0.061046511627906974,-20000.0,680000.0,0.09883720930232558,0.0,680000.0,0.09883720930232558,0.01031,0.01031,65930000,65930000,,,1620598795,18:19:55,20210509
18,2016-05-31,THTX,USD,2016-05-31,2016-05-31,Q2,6950000.0,1280000.0,5670000.0,0.8158273381294964,1640000.0,3040000.0,0.0,0.0,5041939.490592,6340000.0,-990000.0,390000.0,1000000.0,0.14388489208633093,610000.0,0.08776978417266187,-10000.0,-380000.0,-0.05467625899280575,0.0,-380000.0,-0.05467625899280575,-0.00578,-0.00578,65740000,65740000,,,1620598795,18:19:55,20210509
19,2016-02-29,THTX,USD,2016-02-29,2016-02-29,Q1,6290000.0,990000.0,5310000.0,0.8441971383147854,1360000.0,3210000.0,0.0,0.0,5069699.138815,5929999.999999999,-460000.0,380000.0,740000.0,0.11764705882352941,360000.0,0.057233704292527825,-10000.0,-110000.0,-0.017488076311605722,0.0,-110000.0,-0.017488076311605722,-0.00168,-0.00168,65620000,65620000,,,1620598795,18:19:55,20210509
20,2015-11-30,THTX,USD,2015-11-30,2015-11-30,Q4,6830000.0,880000.0,5950000.0,0.8711566617862372,700000.0,3790000.0,0.0,0.0,4696851.40857,5750000.0,-280000.0,380000.0000000001,1450000.0,0.212298682284041,1070000.0,0.15666178623718888,0.0,790000.0,0.11566617862371889,420000.0,370000.0,0.05417276720351391,0.00557,0.00557,66470000,66470000,,,1620598795,18:19:55,20210509
21,2015-08-31,THTX,USD,2015-08-31,2015-08-31,Q3,7190000.0,1020000.0,6170000.0,0.8581363004172462,1150000.0,3060000.0,0.0,0.0,4426101.994427,5610000.0,-570000.0,379999.9999999999,1970000.0,0.27399165507649514,1590000.0,0.2211404728789986,-90000.0,920000.0,0.12795549374130738,0.0,920000.0,0.12795549374130738,0.01458,0.01458,63110000,63110000,,,1620598795,18:19:55,20210509
22,2015-05-31,THTX,USD,2015-05-31,2015-05-31,Q2,5880000.0,740000.0,5140000.0,0.8741496598639455,1120000.0,2490000.0,0.0,0.0,3973318.098794,4730000.0,-490000.0,380000.0,1530000.0,0.2602040816326531,1150000.0,0.195578231292517,0.0,660000.0,0.11224489795918367,0.0,660000.0,0.11224489795918367,0.01082,0.01082,61010000,61010000,,,1620598795,18:19:55,20210509
23,2015-02-28,THTX,USD,2015-02-28,2015-02-28,Q1,3800000.0,530000.0,3270000.0,0.8605263157894737,930000.0,2940000.0,0.0,0.0,3721316.847431,4410000.0,-300000.0,380000.0,-220000.0,-0.05789473684210526,-600000.0,-0.15789473684210525,160000.0,-750000.0,-0.19736842105263158,10000.0,-760000.0,-0.2,-0.01246,-0.01246,61010000,61010000,,,1620598795,18:19:55,20210509
24,2014-11-30,THTX,USD,2014-11-30,2014-11-30,Q4,2380000.0,540000.0,1840000.0,0.773109243697479,1040000.0,2710000.0,0.0,0.0,3247168.97624,4290000.0,-1330000.0,470000.0,-1440000.0,-0.6050420168067226,-1910000.0,-0.8025210084033614,0.0,-3240000.0,-1.361344537815126,0.0,-3240000.0,-1.361344537815126,-0.05311,-0.05311,61010000,61010000,,,1620598795,18:19:55,20210509
25,2014-08-31,THTX,USD,2014-09-04 00:00:00,2014-09-04 11:37:00,Q3,0.0,200000.0,-190000.0,0.0,960000.0,2030000.0,0.0,0.0,3375209.226185,3589999.9999999995,-470000.0,410000.00000000006,-3170000.0,0.0,-3580000.0,0.0,0.0,-4050000.0,0.0,10000.0,-4060000.0,0.0,-0.06655,-0.06655,61010000,61010000,https://www.sec.gov/Archives/edgar/data/1512717/000119312514331646/0001193125-14-331646-index.html,https://www.sec.gov/Archives/edgar/data/1512717/000119312514331646/d784092d6k.htm,1620598795,18:19:55,20210509
26,2014-05-31,THTX,USD,2014-07-07 00:00:00,2014-07-07 08:49:59,Q2,2180000.0,10000.0,2160000.0,0.9908256880733946,1930000.0,3070000.0,0.0,0.0,1409112.692152,5140000.0,150000.0,150000.0,-2810000.0,-1.2889908256880733,-2960000.0,-1.3577981651376148,3740000.0,930000.0,0.42660550458715596,10000.0,920000.0,0.42201834862385323,0.01508,0.01508,61010000,61010000,https://www.sec.gov/Archives/edgar/data/1512717/000119312514261354/0001193125-14-261354-index.html,https://www.sec.gov/Archives/edgar/data/1512717/000119312514261354/d753293d6k.htm,1620598795,18:19:55,20210509
27,2014-02-28,THTX,USD,2014-04-14 00:00:00,2014-04-14 16:46:40,Q1,1540000.0,1500000.0,40000.0,0.025974025974025976,1190000.0,2160000.0,0.0,0.0,3275933.348912,4850000.0,70000.0,10000.0,-3300000.0,-2.142857142857143,-3310000.0,-2.1493506493506493,0.0,-3250000.0,-2.1103896103896105,10000.0,-3250000.0,-2.1103896103896105,-0.05327,-0.05327,61010000,61010000,https://www.sec.gov/Archives/edgar/data/1512717/000119312514142654/0001193125-14-142654-index.html,https://www.sec.gov/Archives/edgar/data/1512717/000119312514142654/d708752d6k.htm,1620598795,18:19:55,20210509
28,2013-11-30,THTX,USD,2013-12-09 00:00:00,2013-12-09 11:36:22,Q4,1200000.0,1110000.0,90000.0,0.075,1490000.0,1210000.0,0.0,0.0,2587202.027761,3789999.9999999995,100000.0,30000.0,-2570000.0,-2.1416666666666666,-2600000.0,-2.1666666666666665,0.0,-2500000.0,-2.0833333333333335,0.0,-2500000.0,-2.0833333333333335,-0.04098,-0.04098,61010000,61010000,https://www.sec.gov/Archives/edgar/data/1512717/000119312513466162/0001193125-13-466162-index.html,https://www.sec.gov/Archives/edgar/data/1512717/000119312513466162/d639925d6k.htm,1620598795,18:19:55,20210509
29,2013-08-31,THTX,USD,2013-09-19 00:00:00,2013-09-19 11:39:03,Q3,2100000.0,790000.0,1310000.0,0.6238095238095238,2480000.0,770000.0,0.0,0.0,3204325.554923,4050000.0,100000.0,19999.99999999999,-1930000.0,-0.919047619047619,-1950000.0,-0.9285714285714286,0.0,-1860000.0,-0.8857142857142857,10000.0,-1870000.0,-0.8904761904761904,-0.03065,-0.03065,61010000,61010000,https://www.sec.gov/Archives/edgar/data/1512717/000119312513371275/0001193125-13-371275-index.html,https://www.sec.gov/Archives/edgar/data/1512717/000119312513371275/d600787d6k.htm,1620598795,18:19:55,20210509
30,2013-05-31,THTX,USD,2013-07-10 00:00:00,2013-07-10 07:30:34,Q2,2280000.0,1040000.0,1240000.0,0.543859649122807,1750000.0,960000.0,0.0,0.0,2683665.153103,3750000.0,130000.0,30000.000000000007,-1440000.0,-0.631578947368421,-1470000.0,-0.6447368421052632,0.0,-1340000.0,-0.5877192982456141,20000.0,-1350000.0,-0.5921052631578947,-0.02213,-0.02213,61010000,61010000,https://www.sec.gov/Archives/edgar/data/1512717/000119312513286594/0001193125-13-286594-index.html,https://www.sec.gov/Archives/edgar/data/1512717/000119312513286594/d564830d6k.htm,1620598795,18:19:55,20210509
31,2013-02-28,THTX,USD,2013-03-13 00:00:00,2013-03-13 10:51:24,Q1,1810000.0,670000.0,1140000.0,0.6298342541436464,1460000.0,1030000.0,0.0,0.0,2426373.626374,59999.9999999999,120000.0,40000.0,1790000.0,0.988950276243094,1750000.0,0.9668508287292817,0.0,1870000.0,1.0331491712707181,0.0,1870000.0,1.0331491712707181,0.03065,0.03065,61010000,61010000,https://www.sec.gov/Archives/edgar/data/1512717/000119312513104598/0001193125-13-104598-index.html,https://www.sec.gov/Archives/edgar/data/1512717/000119312513104598/d501488d6k.htm,1620598795,18:19:55,20210509
32,2012-11-30,THTX,USD,2013-01-14 00:00:00,2013-01-14 11:44:24,Q4,3950000.0,0.0,0.0,0.0,2310000.0,290000.0,0.0,0.0,2580109.847702,8520000.0,170000.0,360000.00000000006,-4210000.0,-1.0658227848101265,-4570000.0,-1.1569620253164556,0.0,-4400000.0,-1.1139240506329113,-10000.0,-4400000.0,-1.1139240506329113,-0.07096,-0.07096,62010000,62010000,https://www.sec.gov/Archives/edgar/data/1512717/000119312513011533/0001193125-13-011533-index.html,https://www.sec.gov/Archives/edgar/data/1512717/000119312513011533/d467926d6k.htm,1620598795,18:19:55,20210509
33,2012-08-31,THTX,USD,2012-10-11 00:00:00,2012-10-11 17:08:29,Q3,3780000.0,0.0,0.0,0.0,1710000.0,1270000.0,0.0,0.0,3032072.906702,4670000.0,210000.0,10000.00000000001,-880000.0,-0.2328042328042328,-890000.0,-0.23544973544973544,0.0,-680000.0,-0.17989417989417988,10000.0,-690000.0,-0.18253968253968253,-0.01131,-0.01131,61010000,61010000,https://www.sec.gov/Archives/edgar/data/1512717/000119312512421100/0001193125-12-421100-index.html,https://www.sec.gov/Archives/edgar/data/1512717/000119312512421100/d420351d6k.htm,1620598795,18:19:55,20210509
34,2012-05-31,THTX,USD,2012-06-28 00:00:00,2012-06-28 10:35:23,Q2,2660000.0,0.0,0.0,0.0,1410000.0,2050000.0,0.0,0.0,3358628.988433,4270000.0,190000.0,49999.99999999999,-1560000.0,-0.5864661654135338,-1610000.0,-0.6052631578947368,0.0,-1420000.0,-0.5338345864661654,-10000.0,-1420000.0,-0.5338345864661654,-0.02328,-0.02328,61000000,61000000,https://www.sec.gov/Archives/edgar/data/1512717/000119312512286879/0001193125-12-286879-index.html,https://www.sec.gov/Archives/edgar/data/1512717/000119312512286879/d371255d6k.htm,1620598795,18:19:55,20210509
35,2012-02-29,THTX,USD,2012-03-01 00:00:00,2012-03-01 15:37:24,Q1,3150000.0,0.0,0.0,0.0,1300000.0,2280000.0,0.0,0.0,3637991.209278,10880000.0,340000.0,140000.0,-7590000.0,-2.4095238095238094,-7730000.0,-2.453968253968254,0.0,-7390000.0,-2.346031746031746,10000.0,-7400000.0,-2.3492063492063493,-0.12149,-0.12149,60910000,60910000,https://www.sec.gov/Archives/edgar/data/1512717/000119312512092029/0001193125-12-092029-index.html,https://www.sec.gov/Archives/edgar/data/1512717/000119312512092029/d310535d6k.htm,1620598795,18:19:55,20210509
36,2011-11-30,THTX,USD,2011-12-08 00:00:00,2011-12-08 15:26:23,Q4,4350000.0,0.0,0.0,0.0,1990000.0,2280000.0,0.0,0.0,3167347.96025,6260000.0,280000.0,110000.00000000001,-1810000.0,-0.4160919540229885,-1920000.0,-0.4413793103448276,0.0,-1640000.0,-0.37701149425287356,20000.0,-1660000.0,-0.3816091954022989,-0.02728,-0.02728,60850000,60850000,https://www.sec.gov/Archives/edgar/data/1512717/000119312511335010/0001193125-11-335010-index.html,https://www.sec.gov/Archives/edgar/data/1512717/000119312511335010/d267292d6k.htm,1620598795,18:19:55,20210509
37,2011-08-31,THTX,USD,2011-10-13 00:00:00,2011-10-13 07:05:40,Q3,3620000.0,0.0,0.0,0.0,2990000.0,2640000.0,0.0,0.0,5591705.398641,8400000.0,460000.0,90000.0,-4690000.0,-1.2955801104972375,-4780000.0,-1.3204419889502763,0.0,-4320000.0,-1.1933701657458564,-30000.0,-4290000.0,-1.1850828729281768,-0.0705,-0.0705,60850000,60850000,https://www.sec.gov/Archives/edgar/data/1512717/000119312511269906/0001193125-11-269906-index.html,https://www.sec.gov/Archives/edgar/data/1512717/000119312511269906/d241174d6k.htm,1620598795,18:19:55,20210509
38,2011-05-31,THTX,USD,2011-06-13 00:00:00,2011-06-13 11:24:44,Q2,3600000.0,0.0,0.0,0.0,3180000.0,4410000.0,0.0,0.0,7509853.099248,10230000.0,460000.0,70000.0,-6560000.0,-1.8222222222222222,-6630000.0,-1.8416666666666666,0.0,-6170000.0,-1.7138888888888888,-30000.0,-6140000.0,-1.7055555555555555,-0.10112,-0.10112,60720000,60720000,https://www.sec.gov/Archives/edgar/data/1512717/000095012311058540/0000950123-11-058540-index.html,https://www.sec.gov/Archives/edgar/data/1512717/000095012311058540/m71067e40vf.htm,1620598795,18:19:55,20210509
39,2011-02-28,THTX,USD,2011-02-28,2011-02-28,Q1,3530000.0,0.0,0.0,0.0,3000000.0,3700000.0,0.0,0.0,6835378.323108,9310000.0,-210000.0,70000.0,-5710000.0,-1.6175637393767706,-5780000.0,-1.6373937677053825,0.0,-5990000.0,-1.6968838526912182,-40000.0,-5950000.0,-1.6855524079320112,-0.09833,-0.09833,60510000,60510000,,,1620598795,18:19:55,20210509
