,date,symbol,reportedCurrency,fillingDate,acceptedDate,period,revenue,costOfRevenue,grossProfit,grossProfitRatio,researchAndDevelopmentExpenses,generalAndAdministrativeExpenses,sellingAndMarketingExpenses,otherExpenses,operatingExpenses,costAndExpenses,interestExpense,depreciationAndAmortization,ebitda,ebitdaratio,operatingIncome,operatingIncomeRatio,totalOtherIncomeExpensesNet,incomeBeforeTax,incomeBeforeTaxRatio,incomeTaxExpense,netIncome,netIncomeRatio,eps,epsdiluted,weightedAverageShsOut,weightedAverageShsOutDil,link,finalLink,timestamp,est_time,est_date
0,2020-09-30,DLC.AX,AUD,2020-09-30,2020-09-30,Q3,4163000.0,3113000.0,1050000.0,0.2522219553206822,0.0,976750.0,75750.0,91000.0,158250.0,0.0,7250.0,0.0,-69500.0,-59.89928057553957,-160750.0,-0.03861398030266635,91000.0,-76750.0,-0.01843622387701177,-2250.0,-74500.0,-0.017895748258467452,-0.00011149659866979499,-0.00011149659866979499,668181818.0,668181818.0,,,1620591160,16:12:40,20210509
1,2020-06-30,DLC.AX,AUD,2020-06-30,2020-06-30,Q2,4163000.0,3113000.0,1050000.0,0.2522219553206822,0.0,976750.0,75750.0,91000.0,158250.0,0.0,7250.0,0.0,-69500.0,-59.89928057553957,-160750.0,-0.03861398030266635,91000.0,-76750.0,-0.01843622387701177,-2250.0,-74500.0,-0.017895748258467452,-0.00011149659866979499,-0.00011149659866979499,668181818.0,668181818.0,,,1620591160,16:12:40,20210509
2,2020-03-31,DLC.AX,AUD,2020-03-31,2020-03-31,Q1,4163000.0,3113000.0,1050000.0,0.2522219553206822,0.0,976750.0,75750.0,91000.0,158250.0,0.0,7250.0,0.0,-69500.0,-59.89928057553957,-160750.0,-0.03861398030266635,91000.0,-76750.0,-0.01843622387701177,-2250.0,-74500.0,-0.017895748258467452,-0.00011149659866979499,-0.00011149659866979499,668181818.0,668181818.0,,,1620591160,16:12:40,20210509
3,2020-01-31,DLC.AX,AUD,2020-01-31,2020-01-31,Q1,4163000.0,3113000.0,1050000.0,0.2522219553206822,0.0,976750.0,75750.0,91000.0,158250.0,0.0,7250.0,0.0,-69500.0,-59.89928057553957,-160750.0,-0.03861398030266635,91000.0,-76750.0,-0.01843622387701177,-2250.0,-74500.0,-0.017895748258467452,-0.00011149659866979499,-0.00011149659866979499,668181818.0,668181818.0,,,1620591160,16:12:40,20210509
4,2019-06-30,DLC.AX,AUD,2019-06-30,2019-06-30,Q2,3821000.0,2822000.0,999000.0,0.26144988222978277,0.0,971250.0,133000.0,71000.0,150500.0,0.0,0.0,0.0,-255750.0,-14.940371456500488,-255750.0,-0.06693274012038733,71000.0,-183750.0,-0.04808950536508767,0.0,-183750.0,-0.04808950536508767,-0.000275,-0.000275,668181818.0,668181818.0,,,1620591160,16:12:40,20210509
5,2019-03-31,DLC.AX,AUD,2019-03-31,2019-03-31,Q1,3821000.0,2822000.0,999000.0,0.26144988222978277,0.0,971250.0,133000.0,71000.0,150500.0,0.0,0.0,0.0,-255750.0,-14.940371456500488,-255750.0,-0.06693274012038733,71000.0,-183750.0,-0.04808950536508767,0.0,-183750.0,-0.04808950536508767,-0.000275,-0.000275,668181818.0,668181818.0,,,1620591160,16:12:40,20210509
6,2019-01-31,DLC.AX,AUD,2019-01-31,2019-01-31,Q1,3821000.0,2822000.0,999000.0,0.26144988222978277,0.0,971250.0,133000.0,71000.0,150500.0,0.0,0.0,0.0,-255750.0,-14.940371456500488,-255750.0,-0.06693274012038733,71000.0,-183750.0,-0.04808950536508767,0.0,-183750.0,-0.04808950536508767,-0.000275,-0.000275,668181818.0,668181818.0,,,1620591160,16:12:40,20210509
7,2018-06-30,DLC.AX,AUD,2018-06-30,2018-06-30,Q2,3963750.0,2804750.0,1159000.0,0.2923998738568275,0.0,1008000.0,97250.0,54250.0,136000.0,0.0,0.0,0.0,-82250.0,-48.191489361702125,-82250.0,-0.02075055187637969,54250.0,-26750.0,-0.006748659728792179,0.0,-617000.0,-0.15566067486597288,-0.000975,-0.000975,632820513.0,632820513.0,,,1620591160,16:12:40,20210509
8,2018-03-31,DLC.AX,AUD,2018-03-31,2018-03-31,Q1,3963750.0,2804750.0,1159000.0,0.2923998738568275,0.0,1008000.0,97250.0,54250.0,136000.0,0.0,0.0,0.0,-82250.0,-48.191489361702125,-82250.0,-0.02075055187637969,54250.0,-26750.0,-0.006748659728792179,0.0,-617000.0,-0.15566067486597288,-0.000975,-0.000975,632820513.0,632820513.0,,,1620591160,16:12:40,20210509
9,2018-01-31,DLC.AX,AUD,2018-01-31,2018-01-31,Q1,3963750.0,2804750.0,1159000.0,0.2923998738568275,0.0,1008000.0,97250.0,54250.0,136000.0,0.0,0.0,0.0,-82250.0,-48.191489361702125,-82250.0,-0.02075055187637969,54250.0,-26750.0,-0.006748659728792179,0.0,-617000.0,-0.15566067486597288,-0.000975,-0.000975,632820513.0,632820513.0,,,1620591160,16:12:40,20210509
10,2017-06-30,DLC.AX,AUD,2017-06-30,2017-06-30,Q2,4623750.0,3264000.0,1359750.0,0.29407948094079484,0.0,982750.0,106750.0,311500.0,385500.0,0.0,0.0,0.0,-115250.0,-40.11930585683297,-115250.0,-0.024925655582589887,311500.0,197500.0,0.04271424709380914,0.0,197500.0,0.04271424709380914,0.000475,0.000475,633496205.0,633496205.0,,,1620591160,16:12:40,20210509
11,2017-03-31,DLC.AX,AUD,2017-03-31,2017-03-31,Q1,4623750.0,3264000.0,1359750.0,0.29407948094079484,0.0,982750.0,106750.0,311500.0,385500.0,0.0,0.0,0.0,-115250.0,-40.11930585683297,-115250.0,-0.024925655582589887,311500.0,197500.0,0.04271424709380914,0.0,197500.0,0.04271424709380914,0.000475,0.000475,633496205.0,633496205.0,,,1620591160,16:12:40,20210509
12,2017-01-31,DLC.AX,AUD,2017-01-31,2017-01-31,Q1,4623750.0,3264000.0,1359750.0,0.29407948094079484,0.0,982750.0,106750.0,311500.0,385500.0,0.0,0.0,0.0,-115250.0,-40.11930585683297,-115250.0,-0.024925655582589887,311500.0,197500.0,0.04271424709380914,0.0,197500.0,0.04271424709380914,0.000475,0.000475,633496205.0,633496205.0,,,1620591160,16:12:40,20210509
13,2016-06-30,DLC.AX,AUD,2016-06-30,2016-06-30,Q2,4318250.0,3233500.0,1084750.0,0.2512012968216291,0.0,958250.0,110500.0,120250.0,155750.0,0.0,0.0,0.0,-139750.0,-30.899821109123433,-139750.0,-0.03236264690557517,95250.0,-43000.0,-0.009957737509407746,0.0,-43000.0,-0.009957737509407746,-7.5e-05,-7.5e-05,573333333.0,573333333.0,,,1620591160,16:12:40,20210509
14,2016-03-31,DLC.AX,AUD,2016-03-31,2016-03-31,Q1,4318250.0,3233500.0,1084750.0,0.2512012968216291,0.0,958250.0,110500.0,120250.0,155750.0,0.0,0.0,0.0,-139750.0,-30.899821109123433,-139750.0,-0.03236264690557517,95250.0,-43000.0,-0.009957737509407746,0.0,-43000.0,-0.009957737509407746,-7.5e-05,-7.5e-05,573333333.0,573333333.0,,,1620591160,16:12:40,20210509
15,2016-01-31,DLC.AX,AUD,2016-01-31,2016-01-31,Q1,4318250.0,3233500.0,1084750.0,0.2512012968216291,0.0,958250.0,110500.0,120250.0,155750.0,0.0,0.0,0.0,-139750.0,-30.899821109123433,-139750.0,-0.03236264690557517,95250.0,-43000.0,-0.009957737509407746,0.0,-43000.0,-0.009957737509407746,-7.5e-05,-7.5e-05,573333333.0,573333333.0,,,1620591160,16:12:40,20210509
16,2015-09-30,DLC.AX,AUD,2015-09-30,2015-09-30,Q3,4236500.0,3146000.0,1090500.0,0.25740587749321375,0.0,1271500.0,80000.0,125250.0,299500.0,0.0,0.0,0.0,-564500.0,-7.5048715677590785,-560500.0,-0.13230260828514104,41750.0,-510250.0,-0.12044140210079075,0.0,-510250.0,-0.12044140210079075,-0.0008,-0.0008,633496205.0,633496205.0,,,1620591160,16:12:40,20210509
17,2015-06-30,DLC.AX,AUD,2015-06-30,2015-06-30,Q2,4236500.0,3146000.0,1090500.0,0.25740587749321375,0.0,1271500.0,80000.0,125250.0,299500.0,0.0,0.0,0.0,-564500.0,-7.5048715677590785,-560500.0,-0.13230260828514104,41750.0,-510250.0,-0.12044140210079075,0.0,-510250.0,-0.12044140210079075,-0.0008,-0.0008,633496205.0,633496205.0,,,1620591160,16:12:40,20210509
18,2015-03-31,DLC.AX,AUD,2015-03-31,2015-03-31,Q1,4236500.0,3146000.0,1090500.0,0.25740587749321375,0.0,1271500.0,80000.0,125250.0,299500.0,0.0,0.0,0.0,-564500.0,-7.5048715677590785,-560500.0,-0.13230260828514104,41750.0,-510250.0,-0.12044140210079075,0.0,-510250.0,-0.12044140210079075,-0.0008,-0.0008,633496205.0,633496205.0,,,1620591160,16:12:40,20210509
19,2015-01-31,DLC.AX,AUD,2015-01-31,2015-01-31,Q1,4236500.0,3146000.0,1090500.0,0.25740587749321375,0.0,1271500.0,80000.0,125250.0,299500.0,0.0,0.0,0.0,-564500.0,-7.5048715677590785,-560500.0,-0.13230260828514104,41750.0,-510250.0,-0.12044140210079075,0.0,-510250.0,-0.12044140210079075,-0.0008,-0.0008,633496205.0,633496205.0,,,1620591160,16:12:40,20210509
20,2014-09-30,DLC.AX,AUD,2014-09-30,2014-09-30,Q3,4642000.0,3334250.0,1307750.0,0.2817212408444636,0.0,1581250.0,75750.0,105250.0,194250.0,0.0,0.0,0.0,-546000.0,-8.501831501831502,-543500.0,-0.11708315381301164,-141750.0,-662750.0,-0.14277251184834122,0.0,-662750.0,-0.14277251184834122,-0.00105,-0.00105,633496205.0,633496205.0,,,1620591160,16:12:40,20210509
21,2014-06-30,DLC.AX,AUD,2014-06-30,2014-06-30,Q2,4642000.0,3334250.0,1307750.0,0.2817212408444636,0.0,1581250.0,75750.0,105250.0,194250.0,0.0,0.0,0.0,-546000.0,-8.501831501831502,-543500.0,-0.11708315381301164,-141750.0,-662750.0,-0.14277251184834122,0.0,-662750.0,-0.14277251184834122,-0.00105,-0.00105,633496205.0,633496205.0,,,1620591160,16:12:40,20210509
22,2014-03-31,DLC.AX,AUD,2014-03-31,2014-03-31,Q1,4642000.0,3334250.0,1307750.0,0.2817212408444636,0.0,1581250.0,75750.0,105250.0,194250.0,0.0,0.0,0.0,-546000.0,-8.501831501831502,-543500.0,-0.11708315381301164,-141750.0,-662750.0,-0.14277251184834122,0.0,-662750.0,-0.14277251184834122,-0.00105,-0.00105,633496205.0,633496205.0,,,1620591160,16:12:40,20210509
23,2014-01-31,DLC.AX,AUD,2014-01-31,2014-01-31,Q1,4642000.0,3334250.0,1307750.0,0.2817212408444636,0.0,1581250.0,75750.0,105250.0,194250.0,0.0,0.0,0.0,-546000.0,-8.501831501831502,-543500.0,-0.11708315381301164,-141750.0,-662750.0,-0.14277251184834122,0.0,-662750.0,-0.14277251184834122,-0.00105,-0.00105,633496205.0,633496205.0,,,1620591160,16:12:40,20210509
24,2013-09-30,DLC.AX,AUD,2013-09-30,2013-09-30,Q3,5534500.0,3699250.0,1835250.0,0.33160177071099467,0.0,1688500.0,156500.0,127500.0,239750.0,0.0,750.0,0.0,-249500.0,-22.182364729458918,-249500.0,-0.04508085644593007,-60500.0,-277250.0,-0.050094859517571595,0.0,-277250.0,-0.050094859517571595,-0.00045,-0.00045,633496205.0,633496205.0,,,1620591160,16:12:40,20210509
25,2013-06-30,DLC.AX,AUD,2013-06-30,2013-06-30,Q2,5534500.0,3699250.0,1835250.0,0.33160177071099467,0.0,1688500.0,156500.0,127500.0,239750.0,0.0,750.0,0.0,-249500.0,-22.182364729458918,-249500.0,-0.04508085644593007,-60500.0,-277250.0,-0.050094859517571595,0.0,-277250.0,-0.050094859517571595,-0.00045,-0.00045,633496205.0,633496205.0,,,1620591160,16:12:40,20210509
26,2013-03-31,DLC.AX,AUD,2013-03-31,2013-03-31,Q1,5534500.0,3699250.0,1835250.0,0.33160177071099467,0.0,1688500.0,156500.0,127500.0,239750.0,0.0,750.0,0.0,-249500.0,-22.182364729458918,-249500.0,-0.04508085644593007,-60500.0,-277250.0,-0.050094859517571595,0.0,-277250.0,-0.050094859517571595,-0.00045,-0.00045,633496205.0,633496205.0,,,1620591160,16:12:40,20210509
27,2013-01-31,DLC.AX,AUD,2013-01-31,2013-01-31,Q1,5534500.0,3699250.0,1835250.0,0.33160177071099467,0.0,1688500.0,156500.0,127500.0,239750.0,0.0,750.0,0.0,-249500.0,-22.182364729458918,-249500.0,-0.04508085644593007,-60500.0,-277250.0,-0.050094859517571595,0.0,-277250.0,-0.050094859517571595,-0.00045,-0.00045,633496205.0,633496205.0,,,1620591160,16:12:40,20210509
28,2012-09-30,DLC.AX,AUD,2012-09-30,2012-09-30,Q3,5609000.0,3616250.0,1992750.0,0.35527723301836334,0.0,1613000.0,258500.0,213500.0,232250.0,0.0,1500.0,0.0,-111000.0,-50.531531531531535,-111000.0,-0.019789623818862543,213500.0,166000.0,0.0295952932786593,0.0,166000.0,0.0295952932786593,0.000275,0.000275,633496205.0,633496205.0,,,1620591160,16:12:40,20210509
29,2012-06-30,DLC.AX,AUD,2012-06-30,2012-06-30,Q2,5609000.0,3616250.0,1992750.0,0.35527723301836334,0.0,1613000.0,258500.0,213500.0,232250.0,0.0,1500.0,0.0,-111000.0,-50.531531531531535,-111000.0,-0.019789623818862543,213500.0,166000.0,0.0295952932786593,0.0,166000.0,0.0295952932786593,0.000275,0.000275,633496205.0,633496205.0,,,1620591160,16:12:40,20210509
30,2012-03-31,DLC.AX,AUD,2012-03-31,2012-03-31,Q1,5609000.0,3616250.0,1992750.0,0.35527723301836334,0.0,1613000.0,258500.0,213500.0,232250.0,0.0,1500.0,0.0,-111000.0,-50.531531531531535,-111000.0,-0.019789623818862543,213500.0,166000.0,0.0295952932786593,0.0,166000.0,0.0295952932786593,0.000275,0.000275,633496205.0,633496205.0,,,1620591160,16:12:40,20210509
31,2012-01-31,DLC.AX,AUD,2012-01-31,2012-01-31,Q1,5609000.0,3616250.0,1992750.0,0.35527723301836334,0.0,1613000.0,258500.0,213500.0,232250.0,0.0,1500.0,0.0,-111000.0,-50.531531531531535,-111000.0,-0.019789623818862543,213500.0,166000.0,0.0295952932786593,0.0,166000.0,0.0295952932786593,0.000275,0.000275,633496205.0,633496205.0,,,1620591160,16:12:40,20210509
32,2011-09-30,DLC.AX,AUD,2011-09-30,2011-09-30,Q3,5283250.0,3417500.0,1865750.0,0.35314437136232435,0.0,1748750.0,216750.0,221000.0,338250.0,0.0,2500.0,0.0,-438000.0,-12.062214611872147,-438000.0,-0.08290351582832536,221000.0,-191750.0,-0.0362939478540671,0.0,-174750.0,-0.033076231486301046,-0.000275,-0.000275,627596600.0,627596600.0,,,1620591160,16:12:40,20210509
33,2011-06-30,DLC.AX,AUD,2011-06-30,2011-06-30,Q2,5283250.0,3417500.0,1865750.0,0.35314437136232435,0.0,1748750.0,216750.0,221000.0,338250.0,0.0,2500.0,0.0,-438000.0,-12.062214611872147,-438000.0,-0.08290351582832536,221000.0,-191750.0,-0.0362939478540671,0.0,-174750.0,-0.033076231486301046,-0.000275,-0.000275,627596600.0,627596600.0,,,1620591160,16:12:40,20210509
34,2011-03-31,DLC.AX,AUD,2011-03-31,2011-03-31,Q1,5283250.0,3417500.0,1865750.0,0.35314437136232435,0.0,1748750.0,216750.0,221000.0,338250.0,0.0,2500.0,0.0,-438000.0,-12.062214611872147,-438000.0,-0.08290351582832536,221000.0,-191750.0,-0.0362939478540671,0.0,-174750.0,-0.033076231486301046,-0.000275,-0.000275,627596600.0,627596600.0,,,1620591160,16:12:40,20210509
35,2011-01-31,DLC.AX,AUD,2011-01-31,2011-01-31,Q1,5283250.0,3417500.0,1865750.0,0.35314437136232435,0.0,1748750.0,216750.0,221000.0,338250.0,0.0,2500.0,0.0,-438000.0,-12.062214611872147,-438000.0,-0.08290351582832536,221000.0,-191750.0,-0.0362939478540671,0.0,-174750.0,-0.033076231486301046,-0.000275,-0.000275,627596600.0,627596600.0,,,1620591160,16:12:40,20210509
36,2010-09-30,DLC.AX,AUD,2010-09-30,2010-09-30,Q3,5539000.0,3346250.0,2192750.0,0.3958747066257447,0.0,1870000.0,278500.0,137000.0,350750.0,0.0,2750.0,0.0,-306500.0,-18.071778140293638,-306500.0,-0.055334897996028164,137000.0,-156250.0,-0.028209063007763133,0.0,-552000.0,-0.0996569777938256,-0.001075,-0.001075,513488372.0,513488372.0,,,1620591160,16:12:40,20210509
37,2010-06-30,DLC.AX,AUD,2010-06-30,2010-06-30,Q2,5539000.0,3346250.0,2192750.0,0.3958747066257447,0.0,1870000.0,278500.0,137000.0,350750.0,0.0,2750.0,0.0,-306500.0,-18.071778140293638,-306500.0,-0.055334897996028164,137000.0,-156250.0,-0.028209063007763133,0.0,-552000.0,-0.0996569777938256,-0.001075,-0.001075,513488372.0,513488372.0,,,1620591160,16:12:40,20210509
38,2010-03-31,DLC.AX,AUD,2010-03-31,2010-03-31,Q1,5539000.0,3346250.0,2192750.0,0.3958747066257447,0.0,1870000.0,278500.0,137000.0,350750.0,0.0,2750.0,0.0,-306500.0,-18.071778140293638,-306500.0,-0.055334897996028164,137000.0,-156250.0,-0.028209063007763133,0.0,-552000.0,-0.0996569777938256,-0.001075,-0.001075,513488372.0,513488372.0,,,1620591160,16:12:40,20210509
39,2010-01-31,DLC.AX,AUD,2010-01-31,2010-01-31,Q1,5539000.0,3346250.0,2192750.0,0.3958747066257447,0.0,1870000.0,278500.0,137000.0,350750.0,0.0,2750.0,0.0,-306500.0,-18.071778140293638,-306500.0,-0.055334897996028164,137000.0,-156250.0,-0.028209063007763133,0.0,-552000.0,-0.0996569777938256,-0.001075,-0.001075,513488372.0,513488372.0,,,1620591160,16:12:40,20210509
40,2009-09-30,DLC.AX,AUD,2009-09-30,2009-09-30,Q3,8465750.0,4440000.0,4025750.0,0.4755337684198092,0.0,3079000.0,644750.0,226250.0,641000.0,0.0,3750.0,0.0,-90000.0,-94.06388888888888,-339000.0,-0.040043705519298346,169750.0,-150250.0,-0.01774798452588371,0.0,-211750.0,-0.025012550571420135,-0.00046875,-0.00046875,451829730.0,451829730.0,,,1620591160,16:12:40,20210509
41,2009-06-30,DLC.AX,AUD,2009-06-30,2009-06-30,Q2,8465750.0,4440000.0,4025750.0,0.4755337684198092,0.0,3079000.0,644750.0,226250.0,641000.0,0.0,3750.0,0.0,-90000.0,-94.06388888888888,-339000.0,-0.040043705519298346,169750.0,-150250.0,-0.01774798452588371,0.0,-211750.0,-0.025012550571420135,-0.00046875,-0.00046875,451829730.0,451829730.0,,,1620591160,16:12:40,20210509
42,2009-03-31,DLC.AX,AUD,2009-03-31,2009-03-31,Q1,8465750.0,4440000.0,4025750.0,0.4755337684198092,0.0,3079000.0,644750.0,226250.0,641000.0,0.0,3750.0,0.0,-90000.0,-94.06388888888888,-339000.0,-0.040043705519298346,169750.0,-150250.0,-0.01774798452588371,0.0,-211750.0,-0.025012550571420135,-0.00046875,-0.00046875,451829730.0,451829730.0,,,1620591160,16:12:40,20210509
43,2009-01-31,DLC.AX,AUD,2009-01-31,2009-01-31,Q1,8465750.0,4440000.0,4025750.0,0.4755337684198092,0.0,3079000.0,644750.0,226250.0,641000.0,0.0,3750.0,0.0,-90000.0,-94.06388888888888,-339000.0,-0.040043705519298346,169750.0,-150250.0,-0.01774798452588371,0.0,-211750.0,-0.025012550571420135,-0.00046875,-0.00046875,451829730.0,451829730.0,,,1620591160,16:12:40,20210509
44,2008-09-30,DLC.AX,AUD,2008-09-30,2008-09-30,Q3,8857500.0,4488750.0,4368750.0,0.4932260795935648,0.0,4028500.0,870500.0,777000.0,857000.0,0.0,68000.0,0.0,-576250.0,-15.370932754880695,-1387250.0,-0.15661868473045443,777000.0,-644250.0,-0.07273497036409822,0.0,-644250.0,-0.07273497036409822,-0.001406,-0.001406,458247247.0,458247247.0,,,1620591160,16:12:40,20210509
45,2008-06-30,DLC.AX,AUD,2008-06-30,2008-06-30,Q2,8857500.0,4488750.0,4368750.0,0.4932260795935648,0.0,4028500.0,870500.0,777000.0,857000.0,0.0,68000.0,0.0,-576250.0,-15.370932754880695,-1387250.0,-0.15661868473045443,777000.0,-644250.0,-0.07273497036409822,0.0,-644250.0,-0.07273497036409822,-0.001406,-0.001406,458247247.0,458247247.0,,,1620591160,16:12:40,20210509
46,2008-03-31,DLC.AX,AUD,2008-03-31,2008-03-31,Q1,8857500.0,4488750.0,4368750.0,0.4932260795935648,0.0,4028500.0,870500.0,777000.0,857000.0,0.0,68000.0,0.0,-576250.0,-15.370932754880695,-1387250.0,-0.15661868473045443,777000.0,-644250.0,-0.07273497036409822,0.0,-644250.0,-0.07273497036409822,-0.001406,-0.001406,458247247.0,458247247.0,,,1620591160,16:12:40,20210509
47,2008-01-31,DLC.AX,AUD,2008-01-31,2008-01-31,Q1,8857500.0,4488750.0,4368750.0,0.4932260795935648,0.0,4028500.0,870500.0,777000.0,857000.0,0.0,68000.0,0.0,-576250.0,-15.370932754880695,-1387250.0,-0.15661868473045443,777000.0,-644250.0,-0.07273497036409822,0.0,-644250.0,-0.07273497036409822,-0.001406,-0.001406,458247247.0,458247247.0,,,1620591160,16:12:40,20210509
48,2007-09-30,DLC.AX,AUD,2007-09-30,2007-09-30,Q3,9659000.0,4709000.0,4950000.0,0.512475411533285,0.0,3926750.0,869250.0,124500.0,811000.0,0.0,1250.0,0.0,-481000.0,-20.08108108108108,-657000.0,-0.06801946371259965,123750.0,-483000.0,-0.050005176519308414,147000.0,350750.0,0.0363132829485454,0.00071975,0.00071975,487347385.0,487347385.0,,,1620591160,16:12:40,20210509
49,2007-06-30,DLC.AX,AUD,2007-06-30,2007-06-30,Q2,9659000.0,4709000.0,4950000.0,0.512475411533285,0.0,3926750.0,869250.0,124500.0,811000.0,0.0,1250.0,0.0,-481000.0,-20.08108108108108,-657000.0,-0.06801946371259965,123750.0,-483000.0,-0.050005176519308414,147000.0,350750.0,0.0363132829485454,0.00071975,0.00071975,487347385.0,487347385.0,,,1620591160,16:12:40,20210509
50,2007-03-31,DLC.AX,AUD,2007-03-31,2007-03-31,Q1,9659000.0,4709000.0,4950000.0,0.512475411533285,0.0,3926750.0,869250.0,124500.0,811000.0,0.0,1250.0,0.0,-481000.0,-20.08108108108108,-657000.0,-0.06801946371259965,123750.0,-483000.0,-0.050005176519308414,147000.0,350750.0,0.0363132829485454,0.00071975,0.00071975,487347385.0,487347385.0,,,1620591160,16:12:40,20210509
51,2007-01-31,DLC.AX,AUD,2007-01-31,2007-01-31,Q1,9659000.0,4709000.0,4950000.0,0.512475411533285,0.0,3926750.0,869250.0,124500.0,811000.0,0.0,1250.0,0.0,-481000.0,-20.08108108108108,-657000.0,-0.06801946371259965,123750.0,-483000.0,-0.050005176519308414,147000.0,350750.0,0.0363132829485454,0.00071975,0.00071975,487347385.0,487347385.0,,,1620591160,16:12:40,20210509
52,2006-09-30,DLC.AX,AUD,2006-09-30,2006-09-30,Q3,10070750.0,4330000.0,5740750.0,0.5700419531812427,0.0,3827000.0,1114500.0,153750.0,1123250.0,0.0,1500.0,0.0,-324000.0,-31.082561728395063,-324000.0,-0.03217238040860909,153750.0,-96000.0,-0.009532557158106397,0.0,-96000.0,-0.009532557158106397,-0.00016725,-0.00016725,573562368.0,573562368.0,,,1620591160,16:12:40,20210509
53,2006-06-30,DLC.AX,AUD,2006-06-30,2006-06-30,Q2,10070750.0,4330000.0,5740750.0,0.5700419531812427,0.0,3827000.0,1114500.0,153750.0,1123250.0,0.0,1500.0,0.0,-324000.0,-31.082561728395063,-324000.0,-0.03217238040860909,153750.0,-96000.0,-0.009532557158106397,0.0,-96000.0,-0.009532557158106397,-0.00016725,-0.00016725,573562368.0,573562368.0,,,1620591160,16:12:40,20210509
54,2006-03-31,DLC.AX,AUD,2006-03-31,2006-03-31,Q1,10070750.0,4330000.0,5740750.0,0.5700419531812427,0.0,3827000.0,1114500.0,153750.0,1123250.0,0.0,1500.0,0.0,-324000.0,-31.082561728395063,-324000.0,-0.03217238040860909,153750.0,-96000.0,-0.009532557158106397,0.0,-96000.0,-0.009532557158106397,-0.00016725,-0.00016725,573562368.0,573562368.0,,,1620591160,16:12:40,20210509
55,2006-01-31,DLC.AX,AUD,2006-01-31,2006-01-31,Q1,10070750.0,4330000.0,5740750.0,0.5700419531812427,0.0,3827000.0,1114500.0,153750.0,1123250.0,0.0,1500.0,0.0,-324000.0,-31.082561728395063,-324000.0,-0.03217238040860909,153750.0,-96000.0,-0.009532557158106397,0.0,-96000.0,-0.009532557158106397,-0.00016725,-0.00016725,573562368.0,573562368.0,,,1620591160,16:12:40,20210509
56,2005-09-30,DLC.AX,AUD,2005-09-30,2005-09-30,Q3,9381000.0,4160000.0,5221000.0,0.5565504743630743,0.0,3876500.0,971000.0,71000.0,450750.0,0.0,1750.0,704000.0,-77250.0,-0.008234729772945315,-781250.0,-0.08328003411150198,71000.0,-571250.0,-0.06089436094233024,-571250.0,-546500.0,-0.05825604946167786,-0.0011715,-0.0011715,466446181.0,466446181.0,,,1620591160,16:12:40,20210509
57,2005-06-30,DLC.AX,AUD,2005-06-30,2005-06-30,Q2,9381000.0,4160000.0,5221000.0,0.5565504743630743,0.0,3876500.0,971000.0,71000.0,450750.0,0.0,1750.0,704000.0,-77250.0,-0.008234729772945315,-781250.0,-0.08328003411150198,71000.0,-571250.0,-0.06089436094233024,-571250.0,-546500.0,-0.05825604946167786,-0.0011715,-0.0011715,466446181.0,466446181.0,,,1620591160,16:12:40,20210509
58,2005-03-31,DLC.AX,AUD,2005-03-31,2005-03-31,Q1,9381000.0,4160000.0,5221000.0,0.5565504743630743,0.0,3876500.0,971000.0,71000.0,450750.0,0.0,1750.0,704000.0,-77250.0,-0.008234729772945315,-781250.0,-0.08328003411150198,71000.0,-571250.0,-0.06089436094233024,-571250.0,-546500.0,-0.05825604946167786,-0.0011715,-0.0011715,466446181.0,466446181.0,,,1620591160,16:12:40,20210509
59,2005-01-31,DLC.AX,AUD,2005-01-31,2005-01-31,Q1,9381000.0,4160000.0,5221000.0,0.5565504743630743,0.0,3876500.0,971000.0,71000.0,450750.0,0.0,1750.0,704000.0,-77250.0,-0.008234729772945315,-781250.0,-0.08328003411150198,71000.0,-571250.0,-0.06089436094233024,-571250.0,-546500.0,-0.05825604946167786,-0.0011715,-0.0011715,466446181.0,466446181.0,,,1620591160,16:12:40,20210509
60,2004-09-30,DLC.AX,AUD,2004-09-30,2004-09-30,Q3,10002250.0,4334750.0,5667500.0,0.5666225099352645,0.0,3362750.0,905750.0,0.0,620000.0,0.0,2500.0,623500.0,1402500.0,0.14021845084855908,779000.0,0.07788247644280037,0.0,936750.0,0.0936539278662301,936750.0,705000.0,0.07048414106825965,0.00150625,0.00150625,456087137.0,456087137.0,,,1620591160,16:12:40,20210509
61,2004-06-30,DLC.AX,AUD,2004-06-30,2004-06-30,Q2,10002250.0,4334750.0,5667500.0,0.5666225099352645,0.0,3362750.0,905750.0,0.0,620000.0,0.0,2500.0,623500.0,1402500.0,0.14021845084855908,779000.0,0.07788247644280037,0.0,936750.0,0.0936539278662301,936750.0,705000.0,0.07048414106825965,0.00150625,0.00150625,456087137.0,456087137.0,,,1620591160,16:12:40,20210509
62,2004-03-31,DLC.AX,AUD,2004-03-31,2004-03-31,Q1,10002250.0,4334750.0,5667500.0,0.5666225099352645,0.0,3362750.0,905750.0,0.0,620000.0,0.0,2500.0,623500.0,1402500.0,0.14021845084855908,779000.0,0.07788247644280037,0.0,936750.0,0.0936539278662301,936750.0,705000.0,0.07048414106825965,0.00150625,0.00150625,456087137.0,456087137.0,,,1620591160,16:12:40,20210509
63,2004-01-31,DLC.AX,AUD,2004-01-31,2004-01-31,Q1,10002250.0,4334750.0,5667500.0,0.5666225099352645,0.0,3362750.0,905750.0,0.0,620000.0,0.0,2500.0,623500.0,1402500.0,0.14021845084855908,779000.0,0.07788247644280037,0.0,936750.0,0.0936539278662301,936750.0,705000.0,0.07048414106825965,0.00150625,0.00150625,456087137.0,456087137.0,,,1620591160,16:12:40,20210509
64,2003-09-30,DLC.AX,AUD,2003-09-30,2003-09-30,Q3,20758750.0,15436500.0,5322250.0,0.25638586138375385,0.0,2845250.0,935500.0,172750.0,1777000.0,0.0,2250.0,1378750.0,1143250.0,0.055073161919672424,-235500.0,-0.011344613717107243,-1758750.0,-1901000.0,-0.09157584151261516,-1901000.0,-2375000.0,-0.1144095863190221,-0.0051885,-0.0051885,456043113.0,456043113.0,,,1620591160,16:12:40,20210509
65,2003-06-30,DLC.AX,AUD,2003-06-30,2003-06-30,Q2,20758750.0,15436500.0,5322250.0,0.25638586138375385,0.0,2845250.0,935500.0,172750.0,1777000.0,0.0,2250.0,1378750.0,1143250.0,0.055073161919672424,-235500.0,-0.011344613717107243,-1758750.0,-1901000.0,-0.09157584151261516,-1901000.0,-2375000.0,-0.1144095863190221,-0.0051885,-0.0051885,456043113.0,456043113.0,,,1620591160,16:12:40,20210509
66,2003-03-31,DLC.AX,AUD,2003-03-31,2003-03-31,Q1,20758750.0,15436500.0,5322250.0,0.25638586138375385,0.0,2845250.0,935500.0,172750.0,1777000.0,0.0,2250.0,1378750.0,1143250.0,0.055073161919672424,-235500.0,-0.011344613717107243,-1758750.0,-1901000.0,-0.09157584151261516,-1901000.0,-2375000.0,-0.1144095863190221,-0.0051885,-0.0051885,456043113.0,456043113.0,,,1620591160,16:12:40,20210509
67,2003-01-31,DLC.AX,AUD,2003-01-31,2003-01-31,Q1,20758750.0,15436500.0,5322250.0,0.25638586138375385,0.0,2845250.0,935500.0,172750.0,1777000.0,0.0,2250.0,1378750.0,1143250.0,0.055073161919672424,-235500.0,-0.011344613717107243,-1758750.0,-1901000.0,-0.09157584151261516,-1901000.0,-2375000.0,-0.1144095863190221,-0.0051885,-0.0051885,456043113.0,456043113.0,,,1620591160,16:12:40,20210509
68,2002-09-30,DLC.AX,AUD,2002-09-30,2002-09-30,Q3,29206750.0,21144000.0,8062750.0,0.27605776062040455,0.0,3097500.0,1210250.0,-1940250.0,0.0,0.0,6750.0,1705750.0,5460750.0,0.18696876578188262,3755000.0,0.12856617049141036,-1940250.0,1847250.0,0.06324736576305134,1847250.0,1429000.0,0.0489270459739615,0.00313,0.00313,456562290.0,456562290.0,,,1620591160,16:12:40,20210509
69,2002-06-30,DLC.AX,AUD,2002-06-30,2002-06-30,Q2,29206750.0,21144000.0,8062750.0,0.27605776062040455,0.0,3097500.0,1210250.0,-1940250.0,0.0,0.0,6750.0,1705750.0,5460750.0,0.18696876578188262,3755000.0,0.12856617049141036,-1940250.0,1847250.0,0.06324736576305134,1847250.0,1429000.0,0.0489270459739615,0.00313,0.00313,456562290.0,456562290.0,,,1620591160,16:12:40,20210509
70,2002-03-31,DLC.AX,AUD,2002-03-31,2002-03-31,Q1,29206750.0,21144000.0,8062750.0,0.27605776062040455,0.0,3097500.0,1210250.0,-1940250.0,0.0,0.0,6750.0,1705750.0,5460750.0,0.18696876578188262,3755000.0,0.12856617049141036,-1940250.0,1847250.0,0.06324736576305134,1847250.0,1429000.0,0.0489270459739615,0.00313,0.00313,456562290.0,456562290.0,,,1620591160,16:12:40,20210509
71,2002-01-31,DLC.AX,AUD,2002-01-31,2002-01-31,Q1,29206750.0,21144000.0,8062750.0,0.27605776062040455,0.0,3097500.0,1210250.0,-1940250.0,0.0,0.0,6750.0,1705750.0,5460750.0,0.18696876578188262,3755000.0,0.12856617049141036,-1940250.0,1847250.0,0.06324736576305134,1847250.0,1429000.0,0.0489270459739615,0.00313,0.00313,456562290.0,456562290.0,,,1620591160,16:12:40,20210509
72,2001-09-30,DLC.AX,AUD,2001-09-30,2001-09-30,Q3,6714974.25,2773765.0,3941209.25,0.5869284234410876,0.0,1766885.0,3396913.5,-2060237.0,0.0,0.0,11383.25,1172058.5,-1222589.25,-0.18206908984051576,-2394647.75,-0.35661309497947813,-2064307.0,-4341290.5,-0.6465088827406896,-4341290.5,-4341290.5,-0.6465088827406896,-0.01196725,-0.01196725,362948629.0,362948629.0,,,1620591160,16:12:40,20210509
73,2001-06-30,DLC.AX,AUD,2001-06-30,2001-06-30,Q2,6714974.25,2773765.0,3941209.25,0.5869284234410876,0.0,1766885.0,3396913.5,-2060237.0,0.0,0.0,11383.25,1172058.5,-1222589.25,-0.18206908984051576,-2394647.75,-0.35661309497947813,-2064307.0,-4341290.5,-0.6465088827406896,-4341290.5,-4341290.5,-0.6465088827406896,-0.01196725,-0.01196725,362948629.0,362948629.0,,,1620591160,16:12:40,20210509
74,2001-03-31,DLC.AX,AUD,2001-03-31,2001-03-31,Q1,6714974.25,2773765.0,3941209.25,0.5869284234410876,0.0,1766885.0,3396913.5,-2060237.0,0.0,0.0,11383.25,1172058.5,-1222589.25,-0.18206908984051576,-2394647.75,-0.35661309497947813,-2064307.0,-4341290.5,-0.6465088827406896,-4341290.5,-4341290.5,-0.6465088827406896,-0.01196725,-0.01196725,362948629.0,362948629.0,,,1620591160,16:12:40,20210509
75,2001-01-31,DLC.AX,AUD,2001-01-31,2001-01-31,Q1,6714974.25,2773765.0,3941209.25,0.5869284234410876,0.0,1766885.0,3396913.5,-2060237.0,0.0,0.0,11383.25,1172058.5,-1222589.25,-0.18206908984051576,-2394647.75,-0.35661309497947813,-2064307.0,-4341290.5,-0.6465088827406896,-4341290.5,-4341290.5,-0.6465088827406896,-0.01196725,-0.01196725,362948629.0,362948629.0,,,1620591160,16:12:40,20210509
76,2000-09-30,DLC.AX,AUD,2000-09-30,2000-09-30,Q3,0.0,0.0,0.0,0.0,0.0,0.0,0.0,0.0,0.0,0.0,0.0,0.0,0.0,0.0,0.0,0.0,-11626.25,-3759012.5,0.0,-3759012.5,-3759012.5,0.0,-0.012436,-0.012436,302224922.0,302224922.0,,,1620591160,16:12:40,20210509
77,2000-06-30,DLC.AX,AUD,2000-06-30,2000-06-30,Q2,0.0,0.0,0.0,0.0,0.0,0.0,0.0,0.0,0.0,0.0,0.0,0.0,0.0,0.0,0.0,0.0,-11626.25,-3759012.5,0.0,-3759012.5,-3759012.5,0.0,-0.012436,-0.012436,302224922.0,302224922.0,,,1620591160,16:12:40,20210509
78,2000-03-31,DLC.AX,AUD,2000-03-31,2000-03-31,Q1,0.0,0.0,0.0,0.0,0.0,0.0,0.0,0.0,0.0,0.0,0.0,0.0,0.0,0.0,0.0,0.0,-11626.25,-3759012.5,0.0,-3759012.5,-3759012.5,0.0,-0.012436,-0.012436,302224922.0,302224922.0,,,1620591160,16:12:40,20210509
79,2000-01-31,DLC.AX,AUD,2000-01-31,2000-01-31,Q1,0.0,0.0,0.0,0.0,0.0,0.0,0.0,0.0,0.0,0.0,0.0,0.0,0.0,0.0,0.0,0.0,-11626.25,-3759012.5,0.0,-3759012.5,-3759012.5,0.0,-0.012436,-0.012436,302224922.0,302224922.0,,,1620591160,16:12:40,20210509
80,1999-09-30,DLC.AX,AUD,1999-09-30,1999-09-30,Q3,0.0,0.0,0.0,0.0,0.0,0.0,0.0,0.0,0.0,0.0,0.0,0.0,0.0,0.0,0.0,0.0,0.0,-174378.25,0.0,-174378.25,-199295.5,0.0,-0.0015,-0.0015,116559344.0,116559344.0,,,1620591160,16:12:40,20210509
81,1999-06-30,DLC.AX,AUD,1999-06-30,1999-06-30,Q2,0.0,0.0,0.0,0.0,0.0,0.0,0.0,0.0,0.0,0.0,0.0,0.0,0.0,0.0,0.0,0.0,0.0,-174378.25,0.0,-174378.25,-199295.5,0.0,-0.0015,-0.0015,116559344.0,116559344.0,,,1620591160,16:12:40,20210509
82,1999-03-31,DLC.AX,AUD,1999-03-31,1999-03-31,Q1,0.0,0.0,0.0,0.0,0.0,0.0,0.0,0.0,0.0,0.0,0.0,0.0,0.0,0.0,0.0,0.0,0.0,-174378.25,0.0,-174378.25,-199295.5,0.0,-0.0015,-0.0015,116559344.0,116559344.0,,,1620591160,16:12:40,20210509
83,1999-01-31,DLC.AX,AUD,1999-01-31,1999-01-31,Q1,0.0,0.0,0.0,0.0,0.0,0.0,0.0,0.0,0.0,0.0,0.0,0.0,0.0,0.0,0.0,0.0,0.0,-174378.25,0.0,-174378.25,-199295.5,0.0,-0.0015,-0.0015,116559344.0,116559344.0,,,1620591160,16:12:40,20210509
84,1998-09-30,DLC.AX,AUD,1998-09-30,1998-09-30,Q3,0.0,0.0,0.0,0.0,0.0,0.0,0.0,0.0,0.0,0.0,0.0,0.0,-280921.25,0.0,0.0,0.0,0.0,-280921.25,0.0,-280921.25,0.0,0.0,-0.0032965,-0.0032965,85215018.0,85215018.0,,,1620591160,16:12:40,20210509
85,1998-06-30,DLC.AX,AUD,1998-06-30,1998-06-30,Q2,0.0,0.0,0.0,0.0,0.0,0.0,0.0,0.0,0.0,0.0,0.0,0.0,-280921.25,0.0,0.0,0.0,0.0,-280921.25,0.0,-280921.25,0.0,0.0,-0.0032965,-0.0032965,85215018.0,85215018.0,,,1620591160,16:12:40,20210509
86,1998-03-31,DLC.AX,AUD,1998-03-31,1998-03-31,Q1,0.0,0.0,0.0,0.0,0.0,0.0,0.0,0.0,0.0,0.0,0.0,0.0,-280921.25,0.0,0.0,0.0,0.0,-280921.25,0.0,-280921.25,0.0,0.0,-0.0032965,-0.0032965,85215018.0,85215018.0,,,1620591160,16:12:40,20210509
87,1998-01-31,DLC.AX,AUD,1998-01-31,1998-01-31,Q1,0.0,0.0,0.0,0.0,0.0,0.0,0.0,0.0,0.0,0.0,0.0,0.0,-280921.25,0.0,0.0,0.0,0.0,-280921.25,0.0,-280921.25,0.0,0.0,-0.0032965,-0.0032965,85215018.0,85215018.0,,,1620591160,16:12:40,20210509
88,1997-09-30,DLC.AX,AUD,1997-09-30,1997-09-30,Q3,0.0,0.0,0.0,0.0,0.0,0.0,0.0,0.0,0.0,0.0,0.0,0.0,-338269.5,0.0,0.0,0.0,0.0,-338269.5,0.0,-338269.5,0.0,0.0,-0.004945,-0.004945,105209271.0,105209271.0,,,1620591160,16:12:40,20210509
89,1997-06-30,DLC.AX,AUD,1997-06-30,1997-06-30,Q2,0.0,0.0,0.0,0.0,0.0,0.0,0.0,0.0,0.0,0.0,0.0,0.0,-338269.5,0.0,0.0,0.0,0.0,-338269.5,0.0,-338269.5,0.0,0.0,-0.004945,-0.004945,105209271.0,105209271.0,,,1620591160,16:12:40,20210509
90,1997-03-31,DLC.AX,AUD,1997-03-31,1997-03-31,Q1,0.0,0.0,0.0,0.0,0.0,0.0,0.0,0.0,0.0,0.0,0.0,0.0,-338269.5,0.0,0.0,0.0,0.0,-338269.5,0.0,-338269.5,0.0,0.0,-0.004945,-0.004945,105209271.0,105209271.0,,,1620591160,16:12:40,20210509
91,1997-01-31,DLC.AX,AUD,1997-01-31,1997-01-31,Q1,0.0,0.0,0.0,0.0,0.0,0.0,0.0,0.0,0.0,0.0,0.0,0.0,-338269.5,0.0,0.0,0.0,0.0,-338269.5,0.0,-338269.5,0.0,0.0,-0.004945,-0.004945,105209271.0,105209271.0,,,1620591160,16:12:40,20210509
92,1996-09-30,DLC.AX,AUD,1996-09-30,1996-09-30,Q3,0.0,0.0,0.0,0.0,0.0,0.0,0.0,0.0,0.0,0.0,0.0,0.0,-571438.5,0.0,0.0,0.0,0.0,-571438.5,0.0,-571438.5,0.0,0.0,-0.01094475,-0.01094475,64258189.0,64258189.0,,,1620591160,16:12:40,20210509
93,1996-06-30,DLC.AX,AUD,1996-06-30,1996-06-30,Q2,0.0,0.0,0.0,0.0,0.0,0.0,0.0,0.0,0.0,0.0,0.0,0.0,-571438.5,0.0,0.0,0.0,0.0,-571438.5,0.0,-571438.5,0.0,0.0,-0.01094475,-0.01094475,64258189.0,64258189.0,,,1620591160,16:12:40,20210509
94,1996-03-31,DLC.AX,AUD,1996-03-31,1996-03-31,Q1,0.0,0.0,0.0,0.0,0.0,0.0,0.0,0.0,0.0,0.0,0.0,0.0,-571438.5,0.0,0.0,0.0,0.0,-571438.5,0.0,-571438.5,0.0,0.0,-0.01094475,-0.01094475,64258189.0,64258189.0,,,1620591160,16:12:40,20210509
95,1996-01-31,DLC.AX,AUD,1996-01-31,1996-01-31,Q1,0.0,0.0,0.0,0.0,0.0,0.0,0.0,0.0,0.0,0.0,0.0,0.0,-571438.5,0.0,0.0,0.0,0.0,-571438.5,0.0,-571438.5,0.0,0.0,-0.01094475,-0.01094475,64258189.0,64258189.0,,,1620591160,16:12:40,20210509
96,1995-09-30,DLC.AX,AUD,1995-09-30,1995-09-30,Q3,0.0,0.0,0.0,0.0,0.0,0.0,0.0,0.0,0.0,0.0,0.0,0.0,-687250.0,0.0,0.0,0.0,0.0,-687250.0,0.0,-687250.0,0.0,0.0,-0.0400335,-0.0400335,17310645.0,17310645.0,,,1620591160,16:12:40,20210509
97,1995-06-30,DLC.AX,AUD,1995-06-30,1995-06-30,Q2,0.0,0.0,0.0,0.0,0.0,0.0,0.0,0.0,0.0,0.0,0.0,0.0,-687250.0,0.0,0.0,0.0,0.0,-687250.0,0.0,-687250.0,0.0,0.0,-0.0400335,-0.0400335,17310645.0,17310645.0,,,1620591160,16:12:40,20210509
98,1995-03-31,DLC.AX,AUD,1995-03-31,1995-03-31,Q1,0.0,0.0,0.0,0.0,0.0,0.0,0.0,0.0,0.0,0.0,0.0,0.0,-687250.0,0.0,0.0,0.0,0.0,-687250.0,0.0,-687250.0,0.0,0.0,-0.0400335,-0.0400335,17310645.0,17310645.0,,,1620591160,16:12:40,20210509
99,1995-01-31,DLC.AX,AUD,1995-01-31,1995-01-31,Q1,0.0,0.0,0.0,0.0,0.0,0.0,0.0,0.0,0.0,0.0,0.0,0.0,-687250.0,0.0,0.0,0.0,0.0,-687250.0,0.0,-687250.0,0.0,0.0,-0.0400335,-0.0400335,17310645.0,17310645.0,,,1620591160,16:12:40,20210509
100,1994-09-30,DLC.AX,AUD,1994-09-30,1994-09-30,Q3,0.0,0.0,0.0,0.0,0.0,0.0,0.0,0.0,0.0,0.0,0.0,0.0,-91750.0,0.0,0.0,0.0,0.0,-91750.0,0.0,-91750.0,0.0,0.0,-0.00917425,-0.00917425,15839294.0,15839294.0,,,1620591160,16:12:40,20210509
101,1994-06-30,DLC.AX,AUD,1994-06-30,1994-06-30,Q2,0.0,0.0,0.0,0.0,0.0,0.0,0.0,0.0,0.0,0.0,0.0,0.0,-91750.0,0.0,0.0,0.0,0.0,-91750.0,0.0,-91750.0,0.0,0.0,-0.00917425,-0.00917425,15839294.0,15839294.0,,,1620591160,16:12:40,20210509
102,1994-03-31,DLC.AX,AUD,1994-03-31,1994-03-31,Q1,0.0,0.0,0.0,0.0,0.0,0.0,0.0,0.0,0.0,0.0,0.0,0.0,-91750.0,0.0,0.0,0.0,0.0,-91750.0,0.0,-91750.0,0.0,0.0,-0.00917425,-0.00917425,15839294.0,15839294.0,,,1620591160,16:12:40,20210509
103,1994-01-31,DLC.AX,AUD,1994-01-31,1994-01-31,Q1,0.0,0.0,0.0,0.0,0.0,0.0,0.0,0.0,0.0,0.0,0.0,0.0,-91750.0,0.0,0.0,0.0,0.0,-91750.0,0.0,-91750.0,0.0,0.0,-0.00917425,-0.00917425,15839294.0,15839294.0,,,1620591160,16:12:40,20210509
104,1993-09-30,DLC.AX,AUD,1993-09-30,1993-09-30,Q3,0.0,0.0,0.0,0.0,0.0,0.0,0.0,0.0,0.0,0.0,0.0,0.0,-1140250.0,0.0,0.0,0.0,0.0,-1140250.0,0.0,-1140250.0,494750.0,0.0,-0.11871,-0.11871,5528676.0,5528676.0,,,1620591160,16:12:40,20210509
105,1993-06-30,DLC.AX,AUD,1993-06-30,1993-06-30,Q2,0.0,0.0,0.0,0.0,0.0,0.0,0.0,0.0,0.0,0.0,0.0,0.0,-1140250.0,0.0,0.0,0.0,0.0,-1140250.0,0.0,-1140250.0,494750.0,0.0,-0.11871,-0.11871,5528676.0,5528676.0,,,1620591160,16:12:40,20210509
106,1993-03-31,DLC.AX,AUD,1993-03-31,1993-03-31,Q1,0.0,0.0,0.0,0.0,0.0,0.0,0.0,0.0,0.0,0.0,0.0,0.0,-1140250.0,0.0,0.0,0.0,0.0,-1140250.0,0.0,-1140250.0,494750.0,0.0,-0.11871,-0.11871,5528676.0,5528676.0,,,1620591160,16:12:40,20210509
107,1993-01-31,DLC.AX,AUD,1993-01-31,1993-01-31,Q1,0.0,0.0,0.0,0.0,0.0,0.0,0.0,0.0,0.0,0.0,0.0,0.0,-1140250.0,0.0,0.0,0.0,0.0,-1140250.0,0.0,-1140250.0,494750.0,0.0,-0.11871,-0.11871,5528676.0,5528676.0,,,1620591160,16:12:40,20210509
108,1992-09-30,DLC.AX,AUD,1992-09-30,1992-09-30,Q3,0.0,0.0,0.0,0.0,0.0,0.0,0.0,0.0,0.0,0.0,1000.0,0.0,-201250.0,0.0,0.0,0.0,0.0,-202250.0,0.0,-202250.0,0.0,0.0,-0.084515,-0.084515,5402782.0,5402782.0,,,1620591160,16:12:40,20210509
109,1992-06-30,DLC.AX,AUD,1992-06-30,1992-06-30,Q2,0.0,0.0,0.0,0.0,0.0,0.0,0.0,0.0,0.0,0.0,1000.0,0.0,-201250.0,0.0,0.0,0.0,0.0,-202250.0,0.0,-202250.0,0.0,0.0,-0.084515,-0.084515,5402782.0,5402782.0,,,1620591160,16:12:40,20210509
110,1992-03-31,DLC.AX,AUD,1992-03-31,1992-03-31,Q1,0.0,0.0,0.0,0.0,0.0,0.0,0.0,0.0,0.0,0.0,1000.0,0.0,-201250.0,0.0,0.0,0.0,0.0,-202250.0,0.0,-202250.0,0.0,0.0,-0.084515,-0.084515,5402782.0,5402782.0,,,1620591160,16:12:40,20210509
111,1992-01-31,DLC.AX,AUD,1992-01-31,1992-01-31,Q1,0.0,0.0,0.0,0.0,0.0,0.0,0.0,0.0,0.0,0.0,1000.0,0.0,-201250.0,0.0,0.0,0.0,0.0,-202250.0,0.0,-202250.0,0.0,0.0,-0.084515,-0.084515,5402782.0,5402782.0,,,1620591160,16:12:40,20210509
112,1991-09-30,DLC.AX,AUD,1991-09-30,1991-09-30,Q3,0.0,0.0,0.0,0.0,0.0,0.0,0.0,0.0,0.0,0.0,0.0,0.0,-123250.0,0.0,0.0,0.0,0.0,-123250.0,0.0,-123250.0,0.0,0.0,0.0,0.0,668181818.0,668181818.0,,,1620591160,16:12:40,20210509
113,1991-06-30,DLC.AX,AUD,1991-06-30,1991-06-30,Q2,0.0,0.0,0.0,0.0,0.0,0.0,0.0,0.0,0.0,0.0,0.0,0.0,-123250.0,0.0,0.0,0.0,0.0,-123250.0,0.0,-123250.0,0.0,0.0,0.0,0.0,668181818.0,668181818.0,,,1620591160,16:12:40,20210509
114,1991-03-31,DLC.AX,AUD,1991-03-31,1991-03-31,Q1,0.0,0.0,0.0,0.0,0.0,0.0,0.0,0.0,0.0,0.0,0.0,0.0,-123250.0,0.0,0.0,0.0,0.0,-123250.0,0.0,-123250.0,0.0,0.0,0.0,0.0,668181818.0,668181818.0,,,1620591160,16:12:40,20210509
115,1991-01-31,DLC.AX,AUD,1991-01-31,1991-01-31,Q1,0.0,0.0,0.0,0.0,0.0,0.0,0.0,0.0,0.0,0.0,0.0,0.0,-123250.0,0.0,0.0,0.0,0.0,-123250.0,0.0,-123250.0,0.0,0.0,0.0,0.0,668181818.0,668181818.0,,,1620591160,16:12:40,20210509
116,1990-09-30,DLC.AX,AUD,1990-09-30,1990-09-30,Q3,0.0,0.0,0.0,0.0,0.0,0.0,0.0,0.0,0.0,0.0,0.0,0.0,-139000.0,0.0,0.0,0.0,0.0,-139000.0,0.0,-139000.0,0.0,0.0,0.0,0.0,668181818.0,668181818.0,,,1620591160,16:12:40,20210509
117,1990-06-30,DLC.AX,AUD,1990-06-30,1990-06-30,Q2,0.0,0.0,0.0,0.0,0.0,0.0,0.0,0.0,0.0,0.0,0.0,0.0,-139000.0,0.0,0.0,0.0,0.0,-139000.0,0.0,-139000.0,0.0,0.0,0.0,0.0,668181818.0,668181818.0,,,1620591160,16:12:40,20210509
118,1990-03-31,DLC.AX,AUD,1990-03-31,1990-03-31,Q1,0.0,0.0,0.0,0.0,0.0,0.0,0.0,0.0,0.0,0.0,0.0,0.0,-139000.0,0.0,0.0,0.0,0.0,-139000.0,0.0,-139000.0,0.0,0.0,0.0,0.0,668181818.0,668181818.0,,,1620591160,16:12:40,20210509
119,1990-01-31,DLC.AX,AUD,1990-01-31,1990-01-31,Q1,0.0,0.0,0.0,0.0,0.0,0.0,0.0,0.0,0.0,0.0,0.0,0.0,-139000.0,0.0,0.0,0.0,0.0,-139000.0,0.0,-139000.0,0.0,0.0,0.0,0.0,668181818.0,668181818.0,,,1620591160,16:12:40,20210509
120,1989-09-30,DLC.AX,AUD,1989-09-30,1989-09-30,Q3,0.0,0.0,0.0,0.0,0.0,0.0,0.0,0.0,0.0,0.0,0.0,0.0,-169500.0,0.0,0.0,0.0,0.0,-169500.0,0.0,-169500.0,0.0,0.0,0.0,0.0,668181818.0,668181818.0,,,1620591160,16:12:40,20210509
121,1989-06-30,DLC.AX,AUD,1989-06-30,1989-06-30,Q2,0.0,0.0,0.0,0.0,0.0,0.0,0.0,0.0,0.0,0.0,0.0,0.0,-169500.0,0.0,0.0,0.0,0.0,-169500.0,0.0,-169500.0,0.0,0.0,0.0,0.0,668181818.0,668181818.0,,,1620591160,16:12:40,20210509
122,1989-03-31,DLC.AX,AUD,1989-03-31,1989-03-31,Q1,0.0,0.0,0.0,0.0,0.0,0.0,0.0,0.0,0.0,0.0,0.0,0.0,-169500.0,0.0,0.0,0.0,0.0,-169500.0,0.0,-169500.0,0.0,0.0,0.0,0.0,668181818.0,668181818.0,,,1620591160,16:12:40,20210509
123,1989-01-31,DLC.AX,AUD,1989-01-31,1989-01-31,Q1,0.0,0.0,0.0,0.0,0.0,0.0,0.0,0.0,0.0,0.0,0.0,0.0,-169500.0,0.0,0.0,0.0,0.0,-169500.0,0.0,-169500.0,0.0,0.0,0.0,0.0,668181818.0,668181818.0,,,1620591160,16:12:40,20210509
