,date,symbol,reportedCurrency,fillingDate,acceptedDate,period,revenue,costOfRevenue,grossProfit,grossProfitRatio,researchAndDevelopmentExpenses,generalAndAdministrativeExpenses,sellingAndMarketingExpenses,otherExpenses,operatingExpenses,costAndExpenses,interestExpense,depreciationAndAmortization,ebitda,ebitdaratio,operatingIncome,operatingIncomeRatio,totalOtherIncomeExpensesNet,incomeBeforeTax,incomeBeforeTaxRatio,incomeTaxExpense,netIncome,netIncomeRatio,eps,epsdiluted,weightedAverageShsOut,weightedAverageShsOutDil,link,finalLink,timestamp,est_time,est_date
0,2020-12-31,HNP,CNY,2020-12-31,2020-12-31,Q2,47615787711.0,41969671579.0,5646116132.0,0.11857655629407256,503808386.0,1837165902.0,0.0,1084042728.0,41969671579.0,0.0,-2372233675.0,21280762291.0,23545359887.0,0.4944864092117214,2264597596.0,0.04755980536843754,0.0,-5319120781.0,-0.11170918379601225,195726893.0,-4568466787.0,-0.09594437069334909,-9.67895505720339,-9.67895505720339,472000000.0,472000000.0,,,1620593167,16:46:07,20210509
1,2020-09-30,HNP,CNY,2020-09-30,2020-09-30,Q1,42701695636.0,34387744439.0,8313951197.0,0.19469838546624033,107219194.0,1093694863.0,0.0,237265407.0,34387744439.0,0.0,-2060984604.0,-10434600100.0,-3623826027.0,-0.08486375009298003,6810774073.0,0.15949657201102158,0.0,4980618956.0,0.11663749839013536,876851718.0,3400535943.0,0.07963468176971294,7.204525302966101,7.204525302966101,472000000.0,472000000.0,,,1620593167,16:46:07,20210509
2,2016-09-30,HNP,CNY,2016-09-30,2016-09-30,Q1,30296259772.0,23010201776.0,7286057996.0,0.2404936467680351,0.0,832308444.0,4121431.0,0.0,3866000000.0,25771090245.0,1712500753.0,0.0,6676159178.0,0.22036248791905824,4963980857.0,0.16384797642868587,1659925431.0,4911405535.0,0.16211260307251368,1157629523.0,3096386557.0,0.10220359147638748,8.391291482384824,8.391291482384824,369000000.0,369000000.0,,,1620593167,16:46:07,20210509
3,2015-12-31,HNP,CNY,2015-12-31,2015-12-31,Q2,30497794099.0,-365838025.0,30863632124.0,1.0119955569183936,0.0,5145776787.0,0.0,0.0,0.0,21076707192.0,1982755680.0,0.0,3410071942.0,0.11181372432807571,8133661489.0,0.04680063933039671,-4884312547.0,1427316262.0,0.04680063933039671,471985371.0,417180291.0,0.013679031658675898,1.1214523951612902,1.1214523951612902,372000000.0,372000000.0,,,1620593167,16:46:07,20210509
4,2015-09-30,HNP,CNY,2015-09-30,2015-09-30,Q1,31943846855.0,22336754209.0,9607092646.0,0.30074939595123473,0.0,962578869.0,1103529.0,0.0,3771000000.0,25698113812.0,2116559096.0,0.0,8853204926.0,0.27714899104627577,6664319044.0,0.20862606417601423,2188895020.0,6736654968.0,0.21089053546303071,1615166151.0,4176176808.0,0.13073493705866315,11.226281741935484,11.226281741935484,372000000.0,372000000.0,,,1620593167,16:46:07,20210509
5,2014-12-31,HNP,CNY,2014-12-31,2014-12-31,Q2,29846872733.0,3150075315.0,26696797418.0,0.8944587815554579,0.0,3995966419.0,0.0,0.0,0.0,19722133477.0,2262601107.0,0.0,4574637160.0,0.15327023373346857,8887437293.0,0.07746325967489762,-4472350133.0,2312036053.0,0.07746325967489762,1089670336.0,761767318.0,0.025522517042723774,2.0477616075268816,2.0477616075268816,372000000.0,372000000.0,,,1620593167,16:46:07,20210509
6,2013-12-31,HNP,CNY,2013-12-31,2013-12-31,Q2,33551102739.0,7234855500.0,26316247239.0,0.7843631085308513,0.0,3516722801.0,0.0,0.0,0.0,23773597090.0,2121109286.0,0.0,4551620148.0,0.13566231141217214,9080449984.0,0.07244205595587652,-4699552836.0,2430510862.0,0.07244205595587652,680166787.0,1239350496.0,0.03693918812866236,4.1123201858150145,4.1123201858150145,301375000.0,301375000.0,,,1620593167,16:46:07,20210509
7,2013-09-30,HNP,CNY,2013-09-30,2013-09-30,Q1,35175588506.0,26063024439.0,9112564067.0,0.25905932079702504,0.0,889401152.0,1299719.0,0.0,4421000000.0,29722696494.0,1887291693.0,0.0,8061638552.0,0.2291827626601017,5658588006.0,0.16086690362081074,1809108284.0,5580404597.0,0.15864424261297388,1537906494.0,3292052522.0,0.09358912421432453,10.923442627955206,10.923442627955206,301375000.0,301375000.0,,,1620593167,16:46:07,20210509
8,2012-12-31,HNP,CNY,2012-12-31,2012-12-31,Q2,33177652127.0,7798620088.0,25379032039.0,0.7649435813556718,0.0,3099576122.0,0.0,0.0,0.0,23043701530.0,2153601918.0,0.0,4017828355.0,0.12110044253946131,10133950597.0,0.05618922128256602,-6291524242.0,1864226437.0,0.05618922128256602,493663314.0,1317884353.0,0.03972204988934418,0.0,0.0,0.0,0.0,,,1620593167,16:46:07,20210509
9,2012-09-30,HNP,CNY,2012-09-30,2012-09-30,Q1,32936493951.0,26673021950.0,6263472001.0,0.19016814632177423,0.0,742962963.0,1342322.0,0.0,4362000000.0,29593198714.0,2204325311.0,0.0,5604327941.0,0.1701555711830659,3343295237.0,0.10150732017724348,2261032704.0,3400002630.0,0.10322903934639258,991447320.0,1986112328.0,0.06030126737092181,6.590169483201991,6.590169483201991,301375000.0,301375000.0,,,1620593167,16:46:07,20210509
10,2011-09-30,HNP,CNY,2011-09-30,2011-09-30,Q1,35756877128.0,32941702632.0,2815174496.0,0.0787309944859679,0.0,751550320.0,3075698.0,0.0,5282000000.0,33813474049.0,1971206350.0,0.0,2405423559.0,0.06727163421987974,1943403079.0,0.054350470038061205,462020480.0,434217209.0,0.0121435998855722,174447338.0,231665950.0,0.006478920101738702,0.768696640398175,0.768696640398175,301375000.0,301375000.0,,,1620593167,16:46:07,20210509
11,2010-12-31,HNP,CNY,2010-12-31,2010-12-31,Q2,27526520701.0,7828602550.0,19697918151.0,0.7155978180084489,0.0,2258509523.0,0.0,0.0,0.0,22022687875.0,0.0,0.0,5718748812.0,0.20775414641459738,4901100812.0,0.003715739889941276,-3321808725.0,102281391.0,0.003715739889941276,29610548.0,201690516.0,0.007327134373094703,0.0,0.0,0.0,0.0,,,1620593167,16:46:07,20210509
12,2010-09-30,HNP,CNY,2010-09-30,2010-09-30,Q1,56677500280.0,47704098180.0,8973402100.0,0.1583238861218175,0.0,1514158559.0,1269467.0,0.0,3747000000.0,52786283845.0,0.0,0.0,4610889305.0,0.0813530815971265,4553440197.0,0.08033946759304748,3507009886.0,4681336180.0,0.0825960241166797,439572637.0,4130611622.0,0.0728792131197357,13.705886759021153,13.705886759021153,301375000.0,301375000.0,,,1620593167,16:46:07,20210509
13,2009-12-31,HNP,CNY,2009-12-31,2009-12-31,Q2,20185395720.0,2832013820.0,17353381900.0,0.8596998612618727,0.0,2221952441.0,0.0,0.0,0.0,14963470785.0,881286097.0,0.0,6599993439.0,0.3269687416858826,4620262803.0,0.05066236174833832,-2776733886.0,1022639820.0,0.05066236174833832,154214363.0,798932378.0,0.039579723334747685,0.0,0.0,0.0,0.0,,,1620593167,16:46:07,20210509
14,2009-09-30,HNP,CNY,2009-09-30,2009-09-30,Q1,21082046549.0,17075572557.0,4006473992.0,0.19004198585217724,0.0,1625438410.0,673113.0,0.0,2598000000.0,18741554492.0,0.0,0.0,2580515731.0,0.12240347373307567,2580530741.0,0.12240418571328902,46374298.0,2626905039.0,0.1246038914151152,349728528.0,2166825242.0,0.10278059281217082,7.1897975678141846,7.1897975678141846,301375000.0,301375000.0,,,1620593167,16:46:07,20210509
15,2008-12-31,HNP,CNY,2008-12-31,2008-12-31,Q2,17337851000.0,2727365000.0,14610486000.0,0.842693018875292,0.0,3495834000.0,0.0,0.0,0.0,15096074000.0,1648953000.0,0.0,-32121000.0,-0.0018526517502082582,1975712000.0,-0.09695976738985702,-2091355000.0,-1681074000.0,-0.09695976738985702,-228836000.0,-1452238000.0,-0.0837611304884325,0.0,0.0,0.0,0.0,,,1620593167,16:46:07,20210509
16,2008-09-30,HNP,CNY,2008-09-30,2008-09-30,Q1,19329043000.0,20463679000.0,-1134636000.0,-0.05870109554828969,0.0,515283000.0,620000.0,0.0,3081000000.0,21928018000.0,1177113000.0,0.0,-1376894000.0,-0.07123446308231608,-2598975000.0,-0.13445957981468612,1222081000.0,-2554007000.0,-0.1321331325094574,-155047000.0,-2398960000.0,-0.1241116800247172,-7.9600497718788885,-7.9600497718788885,301375000.0,301375000.0,,,1620593167,16:46:07,20210509
17,2007-12-31,HNP,CNY,2007-12-31,2007-12-31,Q2,13758540879.112,356081277.048,13402459602.064,0.9741192558006935,0.0,0.0,0.0,0.0,11016336488.616,11372417765.664,773612769.832,0.0,2734778760.512,0.1987695341054587,2386123113.448,0.1295475421491816,237708514.376,1782385154.448,0.1295475421491816,7088169.368,1703560969.344,0.12381843280564145,0.0,0.0,0.0,0.0,,,1620593167,16:46:07,20210509
18,2007-09-30,HNP,CNY,2007-09-30,2007-09-30,Q1,12708569334.544,10295576703.176,2412992631.368,0.18987130398770266,0.0,372733030.472,0.0,0.0,408438052.632,10704014755.808,519214247.968,0.0,1719301854.704,0.13528681391623307,2004554578.736,0.15773251307582578,285252724.032,1770593062.296,0.1393227684160509,193853838.616,1525886667.016,0.12006754079457133,5.19173,5.19173,301375000.0,301375000.0,,,1620593167,16:46:07,20210509
19,2006-12-31,HNP,CNY,2006-12-31,2006-12-31,Q2,10486977163.3,0.0,0.0,0.0,0.0,0.0,0.0,0.0,0.0,0.0,0.0,0.0,-25056905114.2,-2.389335336963316,-25056905114.2,0.0,0.0,0.0,0.0,0.0,1457412995.5,0.13897360247911394,0.0,0.0,0.0,0.0,,,1620593167,16:46:07,20210509
20,2006-09-30,HNP,CNY,2006-09-30,2006-09-30,Q1,11201016995.5,0.0,0.0,0.0,0.0,0.0,0.0,0.0,1151000000.0,0.0,0.0,0.0,11201016995.5,1.0,11201016995.5,1.0,0.0,0.0,0.0,0.0,1535013995.6,0.13704237715349335,5.093207,5.093207,301375000.0,301375000.0,,,1620593167,16:46:07,20210509
21,2005-12-31,HNP,CNY,2005-12-31,2005-12-31,Q2,10962347813.74497,-999021827.02996,11961369640.77493,1.0911321045458302,0.0,0.0,0.0,0.0,0.0,9704590341.47004,0.0,0.0,1257757472.27493,0.1147343154627798,1257757472.27493,0.20137275199409085,-563710011.66882,2207518147.57023,0.20137275199409085,293368248.24966,1822871240.41015,0.16628474770017523,0.0,0.0,0.0,0.0,,,1620593167,16:46:07,20210509
22,2005-09-30,HNP,CNY,2005-09-30,2005-09-30,Q1,10266692187.72087,7937595745.19487,2329096442.526,0.2268594791720392,0.0,0.0,0.0,0.0,1002000000.0,7937595745.19487,0.0,0.0,2329096442.526,0.2268594791720392,2329096442.526,0.2268594791720392,0.0,1994964548.51484,0.19431424572179634,350830411.2873,1430351473.09401,0.13931960235495652,4.746114,4.746114,301375000.0,301375000.0,,,1620593167,16:46:07,20210509
23,2004-12-31,HNP,CNY,2004-12-31,2004-12-31,Q2,8698158132.3114,0.0,0.0,0.0,0.0,0.0,0.0,0.0,0.0,0.0,0.0,0.0,-14501944991.3386,-1.667243199162779,-14501944991.3386,0.0,0.0,0.0,0.0,0.0,1463945421.84725,0.16830522043616025,0.0,0.0,0.0,0.0,,,1620593167,16:46:07,20210509
24,2004-09-30,HNP,CNY,2004-09-30,2004-09-30,Q1,8379839547.91165,0.0,0.0,0.0,0.0,0.0,0.0,0.0,0.0,0.0,0.0,0.0,8379839547.91165,1.0,8379839547.91165,1.0,0.0,0.0,0.0,0.0,1328965674.5055,0.15859082586332973,4.400002,4.400002,302037496.0,302037496.0,,,1620593167,16:46:07,20210509
25,2003-12-31,HNP,CNY,2003-12-31,2003-12-31,Q2,6437064605.55,0.0,0.0,0.0,0.0,0.0,0.0,0.0,0.0,0.0,0.0,0.0,-9878018381.6,-1.5345532454471917,-9878018381.6,0.0,0.0,0.0,0.0,0.0,1572600155.5,0.2443039260696736,0.0,0.0,0.0,0.0,,,1620593167,16:46:07,20210509
26,2003-09-30,HNP,CNY,2003-09-30,2003-09-30,Q1,6437064605.55,0.0,0.0,0.0,0.0,0.0,0.0,0.0,0.0,0.0,0.0,0.0,6437064605.55,1.0,6437064605.55,1.0,0.0,0.0,0.0,0.0,1572600155.5,0.2443039260696736,5.200003,5.200003,302422950.0,302422950.0,,,1620593167,16:46:07,20210509
27,2002-12-31,HNP,CNY,2002-12-31,2002-12-31,Q2,5329198928.58,0.0,0.0,0.0,0.0,0.0,0.0,0.0,0.0,0.0,0.0,0.0,-7568480171.58,-1.4201909654734302,-7568480171.58,0.0,0.0,0.0,0.0,0.0,1076740768.02,0.20204551987082695,0.0,0.0,0.0,0.0,,,1620593167,16:46:07,20210509
28,2002-09-30,HNP,CNY,2002-09-30,2002-09-30,Q1,5298808115.76,0.0,0.0,0.0,0.0,0.0,0.0,0.0,0.0,0.0,0.0,0.0,5298808115.76,1.0,5298808115.76,1.0,0.0,0.0,0.0,0.0,1070297156.76,0.20198828366263435,3.616528,3.616528,295946069.0,295946069.0,,,1620593167,16:46:07,20210509
29,2001-09-30,HNP,CNY,2001-09-30,2001-09-30,Q1,4163491152.0,0.0,0.0,0.0,0.0,0.0,0.0,0.0,0.0,0.0,0.0,0.0,4163491152.0,1.0,4163491152.0,1.0,0.0,0.0,0.0,0.0,945209378.4,0.22702327059010405,2.990598,2.990598,316060372.0,316060372.0,,,1620593167,16:46:07,20210509
30,2000-09-30,HNP,CNY,2000-09-30,2000-09-30,Q1,3210890436.6,0.0,0.0,0.0,0.0,0.0,0.0,0.0,0.0,0.0,0.0,0.0,3210890436.6,1.0,3210890436.6,1.0,0.0,0.0,0.0,0.0,692744606.4,0.21574844115003336,2.811732,2.770383,246376471.0,250053731.0,,,1620593167,16:46:07,20210509
31,1999-09-30,HNP,CNY,1999-09-30,1999-09-30,Q1,2827667956.8,0.0,0.0,0.0,0.0,0.0,0.0,0.0,0.0,0.0,0.0,0.0,2827667956.8,1.0,2827667956.8,1.0,0.0,0.0,0.0,0.0,496171559.04,0.175470234348698,1.655616,1.655616,299690000.0,299690000.0,,,1620593167,16:46:07,20210509
32,1998-09-30,HNP,CNY,1998-09-30,1998-09-30,Q1,2020659800.0,0.0,0.0,0.0,0.0,0.0,0.0,0.0,0.0,0.0,0.0,0.0,2020659800.0,1.0,2020659800.0,1.0,0.0,0.0,0.0,0.0,459429000.0,0.22736583367472346,1.6556,1.6556,277500000.0,277500000.0,,,1620593167,16:46:07,20210509
33,1997-09-30,HNP,CNY,1997-09-30,1997-09-30,Q1,1685977150.0,0.0,0.0,0.0,0.0,0.0,0.0,0.0,0.0,0.0,0.0,0.0,1685977150.0,1.0,1685977150.0,1.0,0.0,0.0,0.0,0.0,415901980.0,0.2466830466830467,1.65698,1.615556,251000000.0,257435897.0,,,1620593167,16:46:07,20210509
34,1996-09-30,HNP,CNY,1996-09-30,1996-09-30,Q1,1209557690.0,0.0,0.0,0.0,0.0,0.0,0.0,0.0,0.0,0.0,0.0,0.0,1209557690.0,1.0,1209557690.0,1.0,0.0,0.0,0.0,0.0,332898170.0,0.27522306108442,1.328272,1.328272,250625000.0,250625000.0,,,1620593167,16:46:07,20210509
35,1995-09-30,HNP,CNY,1995-09-30,1995-09-30,Q1,1149528960.0,0.0,0.0,0.0,0.0,0.0,0.0,0.0,0.0,0.0,0.0,0.0,1149528960.0,1.0,1149528960.0,1.0,0.0,0.0,0.0,0.0,301543104.0,0.26231884057971017,1.207838,1.207838,249655172.0,249655172.0,,,1620593167,16:46:07,20210509
