,date,symbol,reportedCurrency,fillingDate,acceptedDate,period,revenue,costOfRevenue,grossProfit,grossProfitRatio,researchAndDevelopmentExpenses,generalAndAdministrativeExpenses,sellingAndMarketingExpenses,otherExpenses,operatingExpenses,costAndExpenses,interestExpense,depreciationAndAmortization,ebitda,ebitdaratio,operatingIncome,operatingIncomeRatio,totalOtherIncomeExpensesNet,incomeBeforeTax,incomeBeforeTaxRatio,incomeTaxExpense,netIncome,netIncomeRatio,eps,epsdiluted,weightedAverageShsOut,weightedAverageShsOutDil,link,finalLink,timestamp,est_time,est_date
0,2020-03-31,HEAT,USD,2020-04-14 00:00:00,2020-04-14 14:14:56,Q1,1010498.0,930744.0,79754.0,0.07892544072328693,0.0,228229.0,56205.0,58773.0,343207.0,1273951.0,0.0,76346.0,-187107.0,-0.1851631571759667,-263453.0,-0.26071600339634515,32825.0,-230628.0,-0.2282320202514008,0.0,-230628.0,-0.2282320202514008,-0.00124,-0.00124,185968370.0,185968370.0,https://www.sec.gov/Archives/edgar/data/1384135/000118518520000456/0001185185-20-000456-index.html,https://www.sec.gov/Archives/edgar/data/1384135/000118518520000456/lbtech20191231_10k.htm,1620593022,16:43:42,20210509
1,2019-12-31,HEAT,USD,2020-04-14,2020-04-14 14:14:56,Q4,1650392.0,1413542.0,236850.0,0.14351135972544704,-3.0,-82885440.0,83527000.0,83530.0,725087.0,2138629.0,0.0,75771.0,-488161229.0,-295.78501895307295,-488237000.0,-295.83092986393535,41799.0,-446438000.0,-270.5042196035851,21028.0,1374052.0,0.8325609915704875,0.00739,0.00739,185968370.0,185968370.0,https://www.sec.gov/Archives/edgar/data/1384135/000118518520000456/0001185185-20-000456-index.htm,https://www.sec.gov/Archives/edgar/data/1384135/000118518520000456/lbtech20191231_10k.htm,1620593022,16:43:42,20210509
2,2019-09-30,HEAT,USD,2019-11-14 00:00:00,2019-11-14 14:50:44,Q3,1883327.0,1533599.0,349728.0,0.18569690765331778,465.0,-57474851.0,57541000.0,57076.0,123690.0,1657289.0,0.0,76141.0,302179.0,0.16044956611358516,226038.0,0.12002058060018254,267586.0,493624.0,0.26210212034341357,73605.0,5872984.0,3.1184090707561674,0.03158,0.03158,185968370.0,185968370.0,https://www.sec.gov/Archives/edgar/data/1384135/000118518519001598/0001185185-19-001598-index.html,https://www.sec.gov/Archives/edgar/data/1384135/000118518519001598/lbtech20190930_10q.htm,1620593022,16:43:42,20210509
3,2019-06-30,HEAT,USD,2019-07-12 00:00:00,2019-07-12 15:46:10,Q2,1823004.0,1476114.0,346890.0,0.19028482658293674,0.0,-121530116.0,121812000.0,121812.0,403696.0,1879810.0,0.0,79170.0,-56726830.0,-31.11722738951752,-56806000.0,-31.16065570892878,45544.0,-11262000.0,-6.1777154630489015,32522.0,-43590000.0,-23.911083025599506,-0.23439,-0.23439,185968370.0,185968370.0,https://www.sec.gov/Archives/edgar/data/1384135/000118518519000967/0001185185-19-000967-index.html,https://www.sec.gov/Archives/edgar/data/1384135/000118518519000967/smartheat20181231_10k.htm,1620593022,16:43:42,20210509
4,2019-03-31,HEAT,USD,2019-09-27,2019-09-27 15:22:26,Q1,1385751.0,1224059.0,161692.0,0.116681856985851,89.0,-100199527.0,100402000.0,100313.0,302875.0,1526934.0,0.0,79975.0,-141103025.0,-101.82422744057193,-141183000.0,-101.8819398290169,48304.0,-92879000.0,-67.02430667558602,0.0,-95686000.0,-69.04992311028461,-0.51453,-0.51453,185968370.0,185968370.0,https://www.sec.gov/Archives/edgar/data/1384135/000118518519001302/0001185185-19-001302-index.htm,https://www.sec.gov/Archives/edgar/data/1384135/000118518519000967/smartheat20181231_10k.htm,1620593022,16:43:42,20210509
5,2018-12-31,HEAT,USD,2019-01-28 00:00:00,2019-01-28 16:55:50,Q4,6009216.0,5132592.0,876624.0,0.14587992842993164,44320.0,-231397357.0,231453000.0,245648.0,345611.0,5478203.0,-186894.0,319713.0,1079795.0,0.17968982975482992,760082.0,0.12648605075936695,413051.0,944064.0,0.15710269026774873,84123.0,547799.0,0.09115981186231283,0.002945656834008923,0.005157160128805722,185968370.0,106221057.0,https://www.sec.gov/Archives/edgar/data/1384135/000118518519000121/0001185185-19-000121-index.html,https://www.sec.gov/Archives/edgar/data/1384135/000118518519000121/smartheat20180930_10q.htm,1620593022,16:43:42,20210509
6,2018-09-30,HEAT,USD,2018-11-30 00:00:00,2018-11-30 16:38:50,Q3,19931000.0,15049000.0,4882000.0,0.2449450604585821,0.0,-63395409.0,63439000.0,4924.0,48515.0,48515.0,0.0,881.0,-199263119.0,-9.997647835030856,-199264000.0,-9.997692037529477,158.0,-383246000.0,-19.228638803873363,0.0,169521.0,0.008505393607947418,0.0009115582397157107,0.019522424340975234,185968370.0,8683399.0,https://www.sec.gov/Archives/edgar/data/1384135/000118518518002110/0001185185-18-002110-index.html,https://www.sec.gov/Archives/edgar/data/1384135/000118518518002110/smartheat20171231_10k.htm,1620593022,16:43:42,20210509
7,2018-06-30,HEAT,USD,2019-01-28,2019-01-28 16:42:10,Q2,18924.0,14193.0,4731.0,0.25,0.0,-22919029.0,22956000.0,0.0,36971.0,51164.0,47836.0,945.0,-55270055.0,-2920.6327943352358,-55271000.0,-2920.6827309236946,-1000.0,-102610000.0,-5422.215176495455,0.0,-102610000.0,-5422.215176495455,-0.551760495615464,-11.816801231867844,185968370.0,8683399.0,https://www.sec.gov/Archives/edgar/data/1384135/000118518519000120/0001185185-19-000120-index.htm,https://www.sec.gov/Archives/edgar/data/1384135/000118518519000120/smartheat20180630_10q.htm,1620593022,16:43:42,20210509
8,2018-03-31,HEAT,USD,2018-04-30 00:00:00,2018-04-30 14:23:41,Q1,1007.0,856.0,151.0,0.1499503475670308,0.0,-28448340.0,28567000.0,0.0,118660.0,119516.0,139058.0,947.0,-87122053.0,-86516.4379344588,-87123000.0,-86517.37835153923,2095000.0,-223924000.0,-222367.4280039722,0.0,-223924000.0,-222367.4280039722,-1.2040972343845353,-25.78759769071996,185968370.0,8683399.0,https://www.sec.gov/Archives/edgar/data/1384135/000118518518000755/0001185185-18-000755-index.html,https://www.sec.gov/Archives/edgar/data/1384135/000118518518000755/smartheat10q093017.htm,1620593022,16:43:42,20210509
9,2017-12-31,HEAT,USD,2018-11-30,2018-11-30 16:38:50,Q4,99622.0,289204.0,-189582.0,-1.9030133906165305,0.0,-28137977.0,28823000.0,141004.0,826027.0,1115231.0,127788.0,1730.0,-1015607270.0,-10194.608319447512,-1015609000.0,-10194.625685089639,211000.0,-1144038000.0,-11483.788721366767,646.0,-1144038000.0,-11483.788721366767,-6.151788070197099,-134.5172338014119,185968370.0,8504769.0,https://www.sec.gov/Archives/edgar/data/1384135/000118518518002110/0001185185-18-002110-index.htm,https://www.sec.gov/Archives/edgar/data/1384135/000118518518002110/smartheat20171231_10k.htm,1620593022,16:43:42,20210509
10,2017-09-30,HEAT,USD,2018-04-30,2018-04-30 14:23:41,Q3,634192.0,287910.0,346282.0,0.5460207634281101,0.0,-38147341.0,38670000.0,1227337.0,1749996.0,2037906.0,102896.0,4757.0,-1403709243.0,-2213.3821350631983,-1403714000.0,-2213.389635946212,33210000.0,-1509005000.0,-2379.4134899210335,456000.0,-1509461000.0,-2380.132515074299,-8.116762006356241,-178.74928163905543,185968370.0,8444571.0,https://www.sec.gov/Archives/edgar/data/1384135/000118518518000755/0001185185-18-000755-index.htm,https://www.sec.gov/Archives/edgar/data/1384135/000118518518000755/smartheat10q093017.htm,1620593022,16:43:42,20210509
11,2017-06-30,HEAT,USD,2017-08-29 00:00:00,2017-08-29 14:01:09,Q2,32715.0,24538.0,8177.0,0.2499465077181721,-3.0,-24440473.0,24462000.0,24465.0,45989.0,70527.0,100386.0,6063.0,-37804937.0,-1155.5841968515972,-37811000.0,-1155.769524682867,-70216.0,-108027000.0,-3302.063273727648,201.0,-108228000.0,-3308.2072443833104,-0.5819699339194079,-13.00320622723676,185968370.0,8323178.0,https://www.sec.gov/Archives/edgar/data/1384135/000118518517001880/0001185185-17-001880-index.html,https://www.sec.gov/Archives/edgar/data/1384135/000118518517001880/smartheat10k123116.htm,1620593022,16:43:42,20210509
12,2017-03-31,HEAT,USD,2017-06-13 00:00:00,2017-06-13 09:30:28,Q1,5629.0,4348.0,1281.0,0.22757150470776336,3.0,-57720000.0,29482000.0,29479.0,1244.0,5592.0,97937.0,4206.0,4242.0,0.7535974418191508,36.0,0.006395452122934802,-100541.0,-100505000.0,-17854.85876709895,-657000.0,-99848000.0,-17738.14176585539,-0.5369085076134184,-12.053988948256627,185968370.0,8283399.0,https://www.sec.gov/Archives/edgar/data/1384135/000118518517001381/0001185185-17-001381-index.html,https://www.sec.gov/Archives/edgar/data/1384135/000118518517001381/smartheat10q093016.htm,1620593022,16:43:42,20210509
13,2016-12-31,HEAT,USD,2017-02-17 00:00:00,2017-02-17 16:25:07,Q4,36619.0,617612.0,-580993.0,-15.865889292443814,0.0,-42096721.0,42570000.0,42570.0,515849.0,1133461.0,95549.0,4693.0,-2781948307.0,-75970.07856577187,-2781953000.0,-75970.20672328572,-134371000.0,-1330860000.0,-36343.42827493924,-2996000.0,-1327864000.0,-36261.612823943855,-7.140267992885026,-160.30424225610767,185968370.0,8283399.0,https://www.sec.gov/Archives/edgar/data/1384135/000118518517000406/0001185185-17-000406-index.html,https://www.sec.gov/Archives/edgar/data/1384135/000118518517000406/smartheat10q063016.htm,1620593022,16:43:42,20210509
14,2016-09-30,HEAT,USD,2016-12-29 00:00:00,2016-12-29 09:56:11,Q3,57719000.0,346830000.0,-289111000.0,-5.008939863823005,0.0,392328000.0,152836000.0,163280000.0,698000000.0,1044830000.0,92925.0,113508.0,1677472.0,0.02906273497461841,1563964.0,0.027096172837367243,163280000.0,1538759.0,0.02665948821012145,9543.0,-1237230000.0,-21.435402553751796,-6.6529055451741606,-149.36259861440936,185968370.0,8283399.0,https://www.sec.gov/Archives/edgar/data/1384135/000118518516006003/0001185185-16-006003-index.html,https://www.sec.gov/Archives/edgar/data/1384135/000118518516006003/smartheat10q033116.htm,1620593022,16:43:42,20210509
15,2016-06-30,HEAT,USD,2016-07-20 00:00:00,2016-07-20 17:25:58,Q2,136481.0,179427.0,-42946.0,-0.31466651035675297,0.0,-262063890.0,263304000.0,158941.0,1399051.0,1578478.0,88732.0,78852.0,-1553947148.0,-11385.813028919776,-1554026000.0,-11386.390779668965,3034000.0,-1680650000.0,-12314.168272506797,-10727000.0,-1669923000.0,-12235.571251676058,-8.979607661238306,-201.5987639856537,185968370.0,8283399.0,https://www.sec.gov/Archives/edgar/data/1384135/000118518516005002/0001185185-16-005002-index.html,https://www.sec.gov/Archives/edgar/data/1384135/000118518516005002/smartheat10k123115.htm,1620593022,16:43:42,20210509
16,2016-03-31,HEAT,USD,2016-12-29,2016-12-29 09:56:11,Q1,138047.0,441884.0,-303837.0,-2.20096778633364,0.0,-257513759.0,258319000.0,15303000.0,805241.0,1247125.0,80718.0,107754.0,-996941246.0,-7221.75234521576,-997049000.0,-7222.532905459735,15303000.0,-1105493000.0,-8008.091447115838,-8970000.0,-1096523000.0,-7943.113577259919,-5.896287632138734,-132.3759727136167,185968370.0,8283399.0,https://www.sec.gov/Archives/edgar/data/1384135/000118518516006003/0001185185-16-006003-index.htm,https://www.sec.gov/Archives/edgar/data/1384135/000118518516005002/smartheat10k123115.htm,1620593022,16:43:42,20210509
17,2015-12-31,HEAT,USD,2016-01-25 00:00:00,2016-01-25 17:26:48,Q4,2629500000.0,1318510.0,2628181490.0,0.9994985700703556,0.0,727670000.0,1541933000.0,247942.0,3829905000.0,1072268.0,103556.0,95127.0,-7131911873.0,-2.712269204411485,-7132007000.0,-2.7123053812511886,120465000.0,-7455169000.0,-2.835204031184636,-22043000.0,-7433126000.0,-2.8268210686442288,-39.96984003247434,-1093.1329677461385,185968370.0,6799837.0,https://www.sec.gov/Archives/edgar/data/1384135/000118518516003514/0001185185-16-003514-index.html,https://www.sec.gov/Archives/edgar/data/1384135/000118518516003514/smartheat10q093015.htm,1620593022,16:43:42,20210509
18,2015-09-30,HEAT,USD,2015-11-02 00:00:00,2015-11-02 15:44:29,Q3,1711793.0,1591692.0,120101.0,0.07016093651510434,0.0,-374963267.0,376412000.0,-812230000.0,1012915.0,2604607.0,97174.0,109448.0,-892704552.0,-521.502630282984,-892814000.0,-521.5665679203034,18953000.0,-989661000.0,-578.1429179813214,-16122000.0,-973539000.0,-568.7247231411742,-5.234970871659519,-143.5178735616171,185968370.0,6783399.0,https://www.sec.gov/Archives/edgar/data/1384135/000118518515002717/0001185185-15-002717-index.html,https://www.sec.gov/Archives/edgar/data/1384135/000118518515002717/smartheat10q063015.htm,1620593022,16:43:42,20210509
19,2015-06-30,HEAT,USD,2015-09-21 00:00:00,2015-09-21 17:04:24,Q2,683589.0,1151501.0,-467912.0,-0.6844931676782394,0.0,-452654557.0,452877000.0,1457483.0,1679926.0,2831427.0,91554.0,111995.0,-2147726005.0,-3141.838158601148,-2147838000.0,-3142.001992425273,28491000.0,-2229057000.0,-3260.814612288963,-14527000.0,-2214530000.0,-3239.563538910076,-11.908100286086285,-326.46317871026014,185968370.0,6783399.0,https://www.sec.gov/Archives/edgar/data/1384135/000118518515002436/0001185185-15-002436-index.html,https://www.sec.gov/Archives/edgar/data/1384135/000118518515002436/smartheat10q033115.htm,1620593022,16:43:42,20210509
20,2015-03-31,HEAT,USD,2015-05-06 00:00:00,2015-05-06 14:27:09,Q1,777178.0,1869899.0,-1092721.0,-1.4060112355213348,0.0,-364299389.0,365392000.0,290695.0,1383306.0,3253205.0,80419.0,124861.0,-2475902139.0,-3185.759425768614,-2476027000.0,-3185.9200852314398,31627000.0,-2553020000.0,-3284.9874803455577,23358.0,-2576378000.0,-3315.0423712457123,-13.85385052307551,-379.8063478206132,185968370.0,6783399.0,https://www.sec.gov/Archives/edgar/data/1384135/000118518515001125/0001185185-15-001125-index.html,https://www.sec.gov/Archives/edgar/data/1384135/000118518515001125/smartheat10k123114.htm,1620593022,16:43:42,20210509
21,2014-12-31,HEAT,USD,2015-05-06,2015-05-06 14:27:09,Q4,13476835.0,14150621.0,-673786.0,-0.04999586327205163,111182.0,-1713983974.0,1715552000.0,3276524.0,4955732.0,19106353.0,491893.0,188757.0,-5629329243.0,-417.70410062896815,-5629518000.0,-417.71810666228384,236520000.0,-5743164000.0,-426.150798759501,-14592000.0,-5728572000.0,-425.06805195730306,-872.71461,-872.71461,6564084.0,6564084.0,https://www.sec.gov/Archives/edgar/data/1384135/000118518515001125/0001185185-15-001125-index.htm,https://www.sec.gov/Archives/edgar/data/1384135/000118518515001125/smartheat10k123114.htm,1620593022,16:43:42,20210509
22,2014-09-30,HEAT,USD,2014-12-19 00:00:00,2014-12-19 17:18:49,Q3,9929291.0,6089373.0,3839918.0,0.3867263030159958,208811.0,-1322978168.0,1325121000.0,1369621.0,3721264.0,9810637.0,443726.0,174259.0,-11265963741.0,-1134.6191526665903,-11266138000.0,-1134.6367026608445,205225000.0,335759000.0,33.81500250118563,-12184000.0,347943000.0,35.04207903666032,53.61072,53.61072,6490176.0,6490176.0,https://www.sec.gov/Archives/edgar/data/1384135/000118518514003413/0001185185-14-003413-index.html,https://www.sec.gov/Archives/edgar/data/1384135/000118518514003413/smartheat10q093014.htm,1620593022,16:43:42,20210509
23,2014-06-30,HEAT,USD,2014-09-08 00:00:00,2014-09-08 16:20:46,Q2,5709867.0,7337123.0,-1627256.0,-0.28499017577817487,246546.0,-1955106902.0,1956545000.0,-8824065000.0,-8411808000.0,-1074685000.0,488004.0,191438.0,7285078.0,1.2758752524358272,7093640.0,1.2423476763994679,268974000.0,6740344.0,1.1804730302824917,90029.0,3440502.0,0.6025537897817935,0.54059,0.54059,6364338.0,6364338.0,https://www.sec.gov/Archives/edgar/data/1384135/000118518514002406/0001185185-14-002406-index.html,https://www.sec.gov/Archives/edgar/data/1384135/000118518514002406/smartheat10q063014.htm,1620593022,16:43:42,20210509
24,2014-03-31,HEAT,USD,2014-04-15 00:00:00,2014-04-15 08:15:38,Q1,4959966.0,5363957.0,-403991.0,-0.08145035671615491,157371.0,-1563892565.0,1566511000.0,10233205.0,13009011.0,18372968.0,369142.0,261786.0,-13708632214.0,-2763.8560857070393,-13708894000.0,-2763.90886550432,241751000.0,-13860948000.0,-2794.5651240351244,-14536.0,-13860948000.0,-2794.5651240351244,-2254.807,-2254.807,6147288.0,6147288.0,https://www.sec.gov/Archives/edgar/data/1384135/000118518514000958/0001185185-14-000958-index.html,https://www.sec.gov/Archives/edgar/data/1384135/000118518514000958/smartheat10k123113.htm,1620593022,16:43:42,20210509
25,2013-12-31,HEAT,USD,2014-04-15,2014-04-15 08:15:38,Q4,17649902.0,16188127.0,1461775.0,0.08282057316805498,1101752.0,-2191781316.0,2195113000.0,19285835.0,23719271.0,39907398.0,528365.0,588586.0,-7617975414.0,-431.61573441031004,-7618564000.0,-431.64908224419605,294175000.0,-8496948000.0,-481.41615743815464,-50657000.0,-8446291000.0,-478.5460565163478,-1438.86393,-1438.86393,5870111.0,5870111.0,https://www.sec.gov/Archives/edgar/data/1384135/000118518514000958/0001185185-14-000958-index.htm,https://www.sec.gov/Archives/edgar/data/1384135/000118518514000958/smartheat10k123113.htm,1620593022,16:43:42,20210509
26,2013-09-30,HEAT,USD,2013-10-07 00:00:00,2013-10-07 09:41:44,Q3,13168201.0,9948025.0,3220176.0,0.24454183225180115,84595.0,-1424165035.0,1426415000.0,10617841.0,12952401.0,22900426.0,515849.0,522607.0,-9731702393.0,-739.0305170007657,-9732225000.0,-739.070204046855,286695000.0,-10026963000.0,-761.4527603277015,-5393.0,-10026963000.0,-761.4527603277015,-53.91757211185967,-1735.6728565693998,185968370.0,5776989.0,https://www.sec.gov/Archives/edgar/data/1384135/000118518513002180/0001185185-13-002180-index.html,https://www.sec.gov/Archives/edgar/data/1384135/000118518513002180/smartheat10q063013.htm,1620593022,16:43:42,20210509
27,2013-06-30,HEAT,USD,2013-08-15 00:00:00,2013-08-15 17:15:18,Q2,7722992.0,5320037.0,2402955.0,0.31114301296699515,115616.0,-1544106969.0,1546589000.0,9244759.0,11842406.0,17162443.0,428431.0,547654.0,-9438903346.0,-1222.182199075177,-9439451000.0,-1222.2531112294303,423777000.0,-9478338000.0,-1227.2883359195503,-22556.0,-9478338000.0,-1227.2883359195503,-50.967473662322256,-1653.1795536992977,185968370.0,5733399.0,https://www.sec.gov/Archives/edgar/data/1384135/000118518513001836/0001185185-13-001836-index.html,https://www.sec.gov/Archives/edgar/data/1384135/000118518513001836/smartheat10q033113.htm,1620593022,16:43:42,20210509
28,2013-03-31,HEAT,USD,2013-06-11 00:00:00,2013-06-11 12:42:33,Q1,6168431.0,8945191.0,-2776760.0,-0.45015661194880835,122437.0,-1693605357.0,1695942000.0,7577258.0,10036338.0,18981529.0,343811.0,523793.0,-12812574207.0,-2077.1204552665013,-12813098000.0,-2077.2053703770052,310298000.0,-12891060000.0,-2089.8442407801917,-22444.0,-12891060000.0,-2089.8442407801917,-69.3185620759057,-2248.414945479985,185968370.0,5733399.0,https://www.sec.gov/Archives/edgar/data/1384135/000118518513001279/0001185185-13-001279-index.html,https://www.sec.gov/Archives/edgar/data/1384135/000118518513001279/smartheat10k123112.htm,1620593022,16:43:42,20210509
29,2012-12-31,HEAT,USD,2013-06-11,2013-06-11 12:42:33,Q4,22482188.0,13087281.0,9394907.0,0.417882236373079,1260100.0,-547563663131.0,547568000000.0,15606006.0,21202975.0,34290256.0,520332.0,482643.0,-11808067517357.0,-525218.7873065113,-11808068000000.0,-525218.8087743061,522657.0,-11285411000000.0,-501971.2049378824,562426.0,-11847837000000.0,-526987.7202343473,-63708.88232230029,-2869142.490434446,185968370.0,4129400.0,https://www.sec.gov/Archives/edgar/data/1384135/000118518513001279/0001185185-13-001279-index.htm,https://www.sec.gov/Archives/edgar/data/1384135/000118518513001279/smartheat10k123112.htm,1620593022,16:43:42,20210509
30,2012-09-30,HEAT,USD,2012-11-21 00:00:00,2012-11-21 12:01:49,Q3,13639258.0,9657574.0,3981684.0,0.29192819726703606,155010.0,-2003645640.0,2006174000.0,2741896.0,5425266.0,15082840.0,400556.0,467172.0,-1443114828.0,-105.80596305165574,-1443582000.0,-105.84021506155247,321230.0,-1122352000.0,-82.28834735731225,-68802000.0,-1053550000.0,-77.24393805000243,-266.3322,-266.3322,3955774.0,3955774.0,https://www.sec.gov/Archives/edgar/data/1384135/000118518512002642/0001185185-12-002642-index.html,https://www.sec.gov/Archives/edgar/data/1384135/000118518512002642/smartheat10q093012.htm,1620593022,16:43:42,20210509
31,2012-06-30,HEAT,USD,2012-08-20 00:00:00,2012-08-20 17:01:21,Q2,4982448.0,4661479.0,320969.0,0.06441993975652129,114890.0,-4994299704.0,4995103000.0,8265050.0,9183236.0,13844715.0,345469.0,474436.0,-8861792564.0,-1778.6021176738825,-8862267000.0,-1778.6973391393146,-189752000.0,-9330233000.0,-1872.6202461119515,-20390.0,-9330233000.0,-1872.6202461119515,-2358.63651,-2358.63651,3955774.0,3955774.0,https://www.sec.gov/Archives/edgar/data/1384135/000118518512001886/0001185185-12-001886-index.html,https://www.sec.gov/Archives/edgar/data/1384135/000118518512001886/smartheat10q063012.htm,1620593022,16:43:42,20210509
32,2012-03-31,HEAT,USD,2012-05-15,2012-05-15 07:11:08,Q1,6746398.0,5074937.0,1671461.0,0.2477560618273633,0.0,-2369084786.0,2373762000.0,4869653.0,9546867.0,14621804.0,282580.0,467833.0,-7874938167.0,-1167.2804016306184,-7875406000.0,-1167.3497472280765,861047.0,-7014359000.0,-1039.719121225875,-24104.0,-7014359000.0,-1039.719121225875,-1773.19508,-1773.19508,3955774.0,3955774.0,https://www.sec.gov/Archives/edgar/data/1384135/000118518512001055/0001185185-12-001055-index.htm,https://www.sec.gov/Archives/edgar/data/1384135/000118518512000674/smartheat10k123111.htm,1620593022,16:43:42,20210509
33,2011-12-31,HEAT,USD,2012-04-02,2012-04-02 16:18:10,Q4,33677164.0,23533850.0,10143314.0,0.30119264199325096,-598117.0,-2877898751.0,2903066000.0,-9105235000.0,18965080.0,42498930.0,925250.0,425672.0,-8821340328.0,-261.9383368504545,-8821766000.0,-261.95097663211783,-575225000.0,-9717877000.0,-288.5598383521843,191532.0,-9909409000.0,-294.2471343489612,-2562.17431,-2562.17431,3867578.0,3867578.0,https://www.sec.gov/Archives/edgar/data/1384135/000118518512000674/0001185185-12-000674-index.htm,https://www.sec.gov/Archives/edgar/data/1384135/000118518512000674/smartheat10k123111.htm,1620593022,16:43:42,20210509
34,2011-09-30,HEAT,USD,2011-11-08 00:00:00,2011-11-08 07:02:10,Q3,16573890.0,11263003.0,5310887.0,0.3204369644060628,85250.0,0.0,6611522000.0,7761049.0,7846299.0,19109302.0,0.0,406114.0,-2535005886.0,-152.9517745079761,-2535412000.0,-152.9762777477104,243725000.0,-2689222000.0,-162.2565372402013,1322900.0,-4012122000.0,-242.0748538816174,-103.98856,-103.98856,38582342.0,38582342.0,https://www.sec.gov/Archives/edgar/data/1384135/000118518511001848/0001185185-11-001848-index.html,https://www.sec.gov/Archives/edgar/data/1384135/000118518511001848/smartheat10q093011.htm,1620593022,16:43:42,20210509
35,2011-06-30,HEAT,USD,2011-08-09 00:00:00,2011-08-09 07:20:43,Q2,14970050.0,9762240.0,5207810.0,0.3478819376020788,512867.0,0.0,-1929155000.0,16313904.0,16826771.0,26589011.0,0.0,846867.0,-7103579133.0,-474.51939926720354,-7104426000.0,-474.57597002014023,148911000.0,-7152766000.0,-477.8050841513555,-647160000.0,-6505606000.0,-434.57476761934663,-168.65969,-168.65969,38572381.0,38572381.0,https://www.sec.gov/Archives/edgar/data/1384135/000114420411044704/0001144204-11-044704-index.html,https://www.sec.gov/Archives/edgar/data/1384135/000114420411044704/v231178_10q.htm,1620593022,16:43:42,20210509
36,2011-03-31,HEAT,USD,2011-05-10 00:00:00,2011-05-10 06:40:25,Q1,7892149000.0,5330229000.0,2561920000.0,0.3246162737170826,0.0,0.0,1929155000.0,5147300000.0,7076455000.0,12406684000.0,130172000.0,366811000.0,-4147724000.0,-0.5255506453312019,-4514535000.0,-0.5720286071639042,156359000.0,-4682195000.0,-0.593272504105029,-680899000.0,-4001296000.0,-0.5069970169088293,-103.78975,-103.78975,38551939.0,38551939.0,https://www.sec.gov/Archives/edgar/data/1384135/000114420411027345/0001144204-11-027345-index.html,https://www.sec.gov/Archives/edgar/data/1384135/000114420411027345/v221476_10q.htm,1620593022,16:43:42,20210509
37,2010-12-31,HEAT,USD,2011-03-15,2011-03-15 08:00:56,Q4,41793612000.0,26517031000.0,15276581000.0,0.3655243054847712,0.0,2251730000.0,2587014000.0,-25685000.0,7425758000.0,33942789000.0,89479000.0,302271000.0,8153094000.0,0.19507990838408512,7850823000.0,0.1878474394603654,-135715000.0,7908266000.0,0.1892218839568114,1473930000.0,6434336000.0,0.15395501111509577,192.53287,192.53287,33419416.0,33419416.0,https://www.sec.gov/Archives/edgar/data/1384135/000114420411014719/0001144204-11-014719-index.htm,https://www.sec.gov/Archives/edgar/data/1384135/000114420411014719/v214537_10k.htm,1620593022,16:43:42,20210509
38,2010-09-30,HEAT,USD,2010-11-10 00:00:00,2010-11-10 17:07:33,Q3,51476821000.0,33061854000.0,18414967000.0,0.35773318247449665,0.0,-1273850000.0,3335303000.0,150000.0,5396756000.0,38458610000.0,46916000.0,239140000.0,18855036000.0,0.3662820592592538,18615896000.0,0.3616364732390914,51910000.0,13197149000.0,0.2563707071188409,2092876000.0,11104273000.0,0.21571403952858706,338.50061,338.50061,32804292.0,32804292.0,https://www.sec.gov/Archives/edgar/data/1384135/000114420410059111/0001144204-10-059111-index.html,https://www.sec.gov/Archives/edgar/data/1384135/000114420410059111/v201760_10q.htm,1620593022,16:43:42,20210509
39,2010-06-30,HEAT,USD,2010-08-12 00:00:00,2010-08-12 06:30:18,Q2,22767593000.0,14986259000.0,7781334000.0,0.3417723603896117,0.0,-208406000.0,1992425000.0,-1179000.0,3776444000.0,18762703000.0,-66297000.0,241790000.0,-1351005000.0,-0.059338947248398194,-1592795000.0,-0.06995886653455198,17070000.0,4073244000.0,0.17890534146494977,696786000.0,3376458000.0,0.14830105228954155,102.93823,102.93823,32800818.0,32800818.0,https://www.sec.gov/Archives/edgar/data/1384135/000114420410042981/0001144204-10-042981-index.html,https://www.sec.gov/Archives/edgar/data/1384135/000114420410042981/v193260_10q.htm,1620593022,16:43:42,20210509
40,2010-03-31,HEAT,USD,2010-05-11 00:00:00,2010-05-11 06:30:14,Q1,9368836000.0,6129801000.0,3239035000.0,0.34572437814046486,0.0,132073000.0,644923000.0,-240000.0,1421919000.0,7551720000.0,61252000.0,228614000.0,2045730000.0,0.21835476680347485,1817116000.0,0.1939532296221217,66735000.0,1973083000.0,0.210600655193452,269520000.0,1703563000.0,0.18183294061290003,51.94601,51.94601,32794875.0,32794875.0,https://www.sec.gov/Archives/edgar/data/1384135/000114420410025977/0001144204-10-025977-index.html,https://www.sec.gov/Archives/edgar/data/1384135/000114420410025977/v184113_10q.htm,1620593022,16:43:42,20210509
41,2009-12-31,HEAT,USD,2010-03-31 00:00:00,2010-03-31 06:14:56,Q4,26022074000.0,16905442000.0,9116632000.0,0.35034225173596845,0.0,2750063000.0,1609278000.0,-2838000.0,5968620000.0,22874062000.0,308920000.0,225997000.0,3374009000.0,0.1296594960109636,3148012000.0,0.12097467711451439,55151000.0,3465008000.0,0.13315648860271476,553514000.0,2911494000.0,0.11188554763159923,109.72071,109.72071,26535502.0,26535502.0,https://www.sec.gov/Archives/edgar/data/1384135/000114420410016864/0001144204-10-016864-index.html,https://www.sec.gov/Archives/edgar/data/1384135/000114420410016864/v178852_10k.htm,1620593022,16:43:42,20210509
42,2009-09-30,HEAT,USD,2009-11-16 00:00:00,2009-11-16 08:00:16,Q3,37835897000.0,24687460000.0,13148437000.0,0.34751223157204386,0.0,120704000.0,1165939000.0,11199000.0,2452581000.0,27140041000.0,91850000.0,215344000.0,10911200000.0,0.2883822207254661,10695856000.0,0.2826906945010449,60675000.0,10504776000.0,0.27764046402811593,1624240000.0,8880536000.0,0.23471191921259327,363.49746,363.49746,24430806.0,24430806.0,https://www.sec.gov/Archives/edgar/data/1384135/000114420409059256/0001144204-09-059256-index.html,https://www.sec.gov/Archives/edgar/data/1384135/000114420409059256/v166407_10q.htm,1620593022,16:43:42,20210509
43,2009-06-30,HEAT,USD,2009-08-11 00:00:00,2009-08-11 07:16:12,Q2,12498395000.0,7973956000.0,4524439000.0,0.3620016010055691,0.0,71991000.0,698619000.0,-11199000.0,1469229000.0,9443185000.0,64760000.0,97343000.0,3152553000.0,0.2522366271829303,3055210000.0,0.2444481871472297,209000.0,3080380000.0,0.2464620457266713,462831000.0,2617549000.0,0.20943081091612162,108.25309,108.25309,24179900.0,24179900.0,https://www.sec.gov/Archives/edgar/data/1384135/000114420409041847/0001144204-09-041847-index.html,https://www.sec.gov/Archives/edgar/data/1384135/000114420409041847/v156918_10q.htm,1620593022,16:43:42,20210509
44,2009-03-31,HEAT,USD,2009-05-11 00:00:00,2009-05-11 07:00:26,Q1,6207503000.0,3900947000.0,2306556000.0,0.3715754950098292,0.0,108609000.0,460913000.0,0.0,1030435000.0,4931382000.0,52852000.0,96684000.0,1372805000.0,0.22115253105797936,1276121000.0,0.2055771861890361,760000.0,1238870000.0,0.19957622251652557,217601000.0,1021269000.0,0.1645217086483889,42.23628,42.23628,24179900.0,24179900.0,https://www.sec.gov/Archives/edgar/data/1384135/000114420409025194/0001144204-09-025194-index.html,https://www.sec.gov/Archives/edgar/data/1384135/000114420409025194/v148704_10q.htm,1620593022,16:43:42,20210509
45,2008-12-31,HEAT,USD,2009-03-18 00:00:00,2009-03-18 07:30:45,Q4,3330511000.0,2215665000.0,1114846000.0,0.33473722200587236,0.0,481021000.0,-99905000.0,-13709000.0,281211000.0,2496876000.0,57076000.0,78777000.0,912412000.0,0.27395555817110345,833635000.0,0.2503024310683856,11738000.0,853761000.0,0.25634534760581784,46725000.0,807004000.0,0.2423063607956857,36.39034,36.39034,22176322.0,22176322.0,https://www.sec.gov/Archives/edgar/data/1384135/000114420409014718/0001144204-09-014718-index.html,https://www.sec.gov/Archives/edgar/data/1384135/000114420409014718/v143103_10k.htm,1620593022,16:43:42,20210509
46,2008-09-30,HEAT,USD,2008-11-14 00:00:00,2008-11-14 15:46:24,Q3,20708288000.0,13273914000.0,7434374000.0,0.35900476176495133,0.0,-32747000.0,1056854000.0,0.0,2080961000.0,15354875000.0,94076000.0,69783000.0,5423196000.0,0.26188528959999013,5353413000.0,0.2585154794061199,-8290000.0,5311502000.0,0.25649160374821905,980907000.0,4324661000.0,0.20883720566374198,201.11346,201.11346,21503588.0,21503588.0,https://www.sec.gov/Archives/edgar/data/1384135/000114420408064310/0001144204-08-064310-index.html,https://www.sec.gov/Archives/edgar/data/1384135/000114420408064310/v132187_10q.htm,1620593022,16:43:42,20210509
