,date,symbol,reportedCurrency,fillingDate,acceptedDate,period,revenue,costOfRevenue,grossProfit,grossProfitRatio,researchAndDevelopmentExpenses,generalAndAdministrativeExpenses,sellingAndMarketingExpenses,otherExpenses,operatingExpenses,costAndExpenses,interestExpense,depreciationAndAmortization,ebitda,ebitdaratio,operatingIncome,operatingIncomeRatio,totalOtherIncomeExpensesNet,incomeBeforeTax,incomeBeforeTaxRatio,incomeTaxExpense,netIncome,netIncomeRatio,eps,epsdiluted,weightedAverageShsOut,weightedAverageShsOutDil,link,finalLink,timestamp,est_time,est_date
0,2020-12-31,GRST,USD,2021-04-15,Not found...,Q4,83324.0,0.0,83324.0,1.0,0.0,-242864.0,0.0,338799.0,112122.0,112122.0,138441.0,-500011.0,-489832.835,-5.878652429072057,10178.165,0.12215166098603043,1.183,14617.809,0.17543335653593203,0.0,14617.809,0.17543335653593203,0.011034236181260053,0.011034236181260053,1324768544.0,1324768544.0,https://www.sec.gov/Archives/edgar/data/792935/000172186821000220/0001721868-21-000220-index.htm,https://www.sec.gov/Archives/edgar/data/792935/000172186821000220/f2sgrst10k041221.htm,1620592792,16:39:52,20210509
1,2020-09-30,GRST,USD,2020-11-16,2020-11-16 16:18:08,Q3,89829.0,0.0,89829.0,1.0,0.0,85266.0,0.0,105285.0,117276.0,117276.0,124972.0,32010.0,-10202400.0,-113.57579400861637,-10234410.0,-113.93213772835053,0.0,-10234410.0,-113.93213772835053,0.0,-10234410.0,-113.93213772835053,-0.0077254325265742425,-0.0077254325265742425,1324768544.0,1324768544.0,https://www.sec.gov/Archives/edgar/data/792935/000172186820000540/0001721868-20-000540-index.htm,https://www.sec.gov/Archives/edgar/data/792935/000172186820000540/f2sgrst10q111520.htm,1620592792,16:39:52,20210509
2,2020-06-30,GRST,USD,2020-10-19,2020-10-19 16:29:54,Q2,82301.0,0.0,82301.0,1.0,0.0,69446.0,0.0,1500.0,98793.0,98793.0,174090.0,155359.0,138867.0,1.6873063510771436,-16492.0,-0.20038638655666396,0.0,9039879.0,109.83923646128237,0.0,9039879.0,109.83923646128237,0.01,0.01,1324768544.0,1324768544.0,https://www.sec.gov/Archives/edgar/data/792935/000172186820000454/0001721868-20-000454-index.htm,https://www.sec.gov/Archives/edgar/data/792935/000172186820000454/f2sgrst10q101620.htm,1620592792,16:39:52,20210509
3,2020-03-31,GRST,USD,2020-09-28,2020-09-28,Q1,83542.0,0.0,83542.0,1.0,0.0,143908.0,0.0,1000.0,174149.0,174149.0,193922.0,433918.0,343311.0,4.109441957338824,-90607.0,-1.084568241124225,0.0,-10338286.0,-123.74956309401259,0.0,-10338286.0,-123.74956309401259,-0.01,-0.01,956540071.0,956540071.0,https://www.sec.gov/Archives/edgar/data/792935/000172186820000426/0001721868-20-000426-index.htm,https://www.sec.gov/Archives/edgar/data/792935/000172186820000426/f2sgrst10q092120.htm,1620592792,16:39:52,20210509
4,2019-12-31,GRST,USD,2020-07-10,2020-07-10 17:21:12,Q4,31700.0,0.0,31700.0,1.0,0.0,151239.0,0.0,-213590.0,188858.0,1061480.0,237878.0,37619.99999999999,-992160.0,-31.298422712933753,-1029780.0,-32.485173501577286,-1653350.0,-9849780.0,-310.7186119873817,0.0,-9849780.0,-310.7186119873817,-0.06779,-0.06779,145297880.0,145297880.0,https://www.sec.gov/Archives/edgar/data/792935/000172186820000304/0001721868-20-000304-index.htm,https://www.sec.gov/Archives/edgar/data/792935/000172186820000304/f2sgrst10k070620.htm,1620592792,16:39:52,20210509
5,2019-09-30,GRST,USD,2019-11-19 00:00:00,2019-11-19 16:02:11,Q3,148040.0,0.0,0.0,1.0,0.0,1111369.0,0.0,420888.0,1158473.0,1158470.0,299023.0,47100.0,-963330.0,-6.507227776276682,-1010430.0,-6.825385031072683,-5130.0,-353230.0,-2.386044312348014,0.0,-353230.0,-2.386044312348014,-0.00246,-0.00246,143636080.0,143636080.0,https://www.sec.gov/Archives/edgar/data/792935/000172186819000555/0001721868-19-000555-index.html,https://www.sec.gov/Archives/edgar/data/792935/000172186819000555/f2sgrst10q111419.htm,1620592792,16:39:52,20210509
6,2019-06-30,GRST,USD,2019-08-19 00:00:00,2019-08-19 17:19:18,Q2,98190.0,0.0,0.0,1.0,0.0,1436904.0,0.0,209359.0,1493323.0,1636820.0,197039.0,56420.0,-1482210.0,-15.09532538955087,-1538630.0,-15.66992565434362,0.0,-1671150.0,-17.019553926061718,0.0,-1671150.0,-17.019553926061718,-0.01274,-0.01274,131159360.0,131159360.0,https://www.sec.gov/Archives/edgar/data/792935/000172186819000418/0001721868-19-000418-index.html,https://www.sec.gov/Archives/edgar/data/792935/000172186819000418/f2sgrst10q081619.htm,1620592792,16:39:52,20210509
7,2019-03-31,GRST,USD,2019-04-16 00:00:00,2019-04-16 17:23:42,Q1,82020.0,0.0,0.0,1.0,0.0,1400637.0,0.0,570066.0,1476513.0,1476510.0,345098.0,75880.0,-1318610.0,-16.076688612533527,-1394490.0,-17.00182882223848,0.0,-3088680.0,-37.65764447695684,0.0,-3088680.0,-37.65764447695684,-0.02484,-0.02484,124358020.0,124358020.0,https://www.sec.gov/Archives/edgar/data/792935/000172186819000199/0001721868-19-000199-index.html,https://www.sec.gov/Archives/edgar/data/792935/000172186819000199/f2sgrst10k041019.htm,1620592792,16:39:52,20210509
8,2018-12-31,GRST,USD,2019-04-22,2019-04-22,Q4,432520.0,0.0,0.0,1.0,0.0,722583.0,0.0,113497.0,791845.0,3316830.0,124701.0,69270.0,-2815040.0,-6.508462036437622,-2884310.0,-6.668616480162767,-1990.0,-8076410.0,-18.672916859335984,102230.0,-8178640.0,-18.909275871635995,-0.06604,-0.06604,123852110.0,123852110.0,https://www.sec.gov/Archives/edgar/data/792935/000172186819000210/0001721868-19-000210-index.htm,https://www.sec.gov/Archives/edgar/data/792935/000172186819000210/f2sgrst10k041019.htm,1620592792,16:39:52,20210509
9,2018-09-30,GRST,USD,2018-11-19 00:00:00,2018-11-19 15:07:26,Q3,270370.0,0.0,0.0,1.0,0.0,1129746.0,0.0,626321.0,1197675.0,1197680.0,225205.0,67920.00000000001,-859390.0,-3.1785701076302844,-927310.0,-3.4297814106594666,-1189630.0,-2394150.0,-8.855087472722566,0.0,-2394150.0,-8.855087472722566,-0.01929,-0.01929,124089230.0,124089230.0,https://www.sec.gov/Archives/edgar/data/792935/000172186818000692/0001721868-18-000692-index.html,https://www.sec.gov/Archives/edgar/data/792935/000172186818000692/f2sgrst10q111618.htm,1620592792,16:39:52,20210509
10,2018-06-30,GRST,USD,2018-08-20 00:00:00,2018-08-20 17:30:27,Q2,66690.0,0.0,0.0,1.0,0.0,727427.0,0.0,0.0,795468.0,795470.0,176587.0,68040.0,-660740.0,-9.90763232868496,-728780.0,-10.927875243664717,-1339930.0,-2931460.0,-43.956515219673115,0.0,-2931460.0,-43.956515219673115,-0.02365,-0.02365,123976210.0,123976210.0,https://www.sec.gov/Archives/edgar/data/792935/000172186818000577/0001721868-18-000577-index.html,https://www.sec.gov/Archives/edgar/data/792935/000172186818000577/f2sgrst10q081618.htm,1620592792,16:39:52,20210509
11,2018-03-31,GRST,USD,2018-04-17 00:00:00,2018-04-17 17:24:40,Q1,113300.0,0.0,0.0,1.0,0.0,463431.0,0.0,0.0,531846.0,531850.0,170451.0,68420.0,-350130.0,-3.0902912621359224,-418550.0,-3.6941747572815533,-752950.0,-1216160.0,-10.733980582524271,0.0,-1216160.0,-10.733980582524271,-0.00987,-0.00987,123242900.0,123242900.0,https://www.sec.gov/Archives/edgar/data/792935/000172186818000293/0001721868-18-000293-index.html,https://www.sec.gov/Archives/edgar/data/792935/000172186818000293/f2sgrst10k040818.htm,1620592792,16:39:52,20210509
12,2017-12-31,GRST,USD,2018-04-18,2018-04-18,Q4,-440000.0,0.0,0.0,1.0,0.0,832550.0,0.0,4701416.0,741983.0,580000.0,124555.0,30000.0,-990000.0,2.25,-1020000.0,2.3181818181818183,0.0,-2450000.0,5.568181818181818,0.0,-2820000.0,6.409090909090909,-0.02259,-0.02259,124850000.0,124850000.0,https://www.sec.gov/Archives/edgar/data/792935/000172186818000302/0001721868-18-000302-index.htm,https://www.sec.gov/Archives/edgar/data/792935/000172186818000302/f2sgrst10k040818.htm,1620592792,16:39:52,20210509
13,2017-09-30,GRST,USD,2017-11-20 00:00:00,2017-11-20 16:54:50,Q3,650000.0,0.0,0.0,1.0,0.0,425184.0,0.0,-1.0,556968.0,500000.0,86372.0,80000.0,220000.0,0.3384615384615385,140000.0,0.2153846153846154,0.0,80000.0,0.12307692307692308,0.0,-140000.0,-0.2153846153846154,-0.00117,-0.00117,119410000.0,119410000.0,https://www.sec.gov/Archives/edgar/data/792935/000172186817000087/0001721868-17-000087-index.html,https://www.sec.gov/Archives/edgar/data/792935/000172186817000087/grst10q1105171.htm,1620592792,16:39:52,20210509
14,2017-06-30,GRST,USD,2017-08-21 00:00:00,2017-08-21 17:26:53,Q2,400000.0,0.0,0.0,1.0,0.0,297759.0,0.0,1912413.0,423099.0,370000.0,219637.0,80000.0,110000.0,0.275,30000.0,0.075,-20000.0,-160000.0,-0.4,0.0,-300000.0,-0.75,-0.00276,-0.00276,108770000.0,108770000.0,https://www.sec.gov/Archives/edgar/data/792935/000072174817000564/0000721748-17-000564-index.html,https://www.sec.gov/Archives/edgar/data/792935/000072174817000564/grst10q080817.htm,1620592792,16:39:52,20210509
15,2017-03-31,GRST,USD,2017-04-17 00:00:00,2017-04-17 17:27:06,Q1,320000.0,0.0,0.0,1.0,0.0,949646.0,0.0,-1519874.0,949646.0,930000.0,-63017.0,30000.0,-570000.0,-1.78125,-600000.0,-1.875,-4600000.0,-5660000.0,-17.6875,0.0,1900000.0,5.9375,0.02413,0.02413,78740000.0,78740000.0,https://www.sec.gov/Archives/edgar/data/792935/000072174817000259/0000721748-17-000259-index.html,https://www.sec.gov/Archives/edgar/data/792935/000072174817000259/grst10k040917.htm,1620592792,16:39:52,20210509
16,2016-12-31,GRST,USD,2016-12-31,2016-12-31,Q4,0.0,0.0,0.0,1.0,0.0,-1618991.0,0.0,-128606.0,-1666323.0,390000.0,-102970.0,0.0,-712970.0,-1.7873375578,-390000.0,-1.72248809728,-140000.0,-580000.0,-0.835889707142,0.0,-610000.0,-0.835889707142,-0.0229,-0.0229,26640000.0,26640000.0,,,1620592792,16:39:52,20210509
17,2016-09-30,GRST,USD,2016-11-17 00:00:00,2016-11-17 16:17:09,Q3,0.0,0.0,0.0,1.0,0.0,861914.0,0.0,104881.0,878500.0,190000.0,48628.0,20000.000000000004,-170000.0,0.199191305043,-190000.0,0.183781132061,50000.0,-180000.0,0.127261679343,0.0,140000.0,0.127261679343,0.00287,0.00287,48740000.0,48740000.0,https://www.sec.gov/Archives/edgar/data/792935/000072174816001803/0000721748-16-001803-index.html,https://www.sec.gov/Archives/edgar/data/792935/000072174816001803/grst11081610q.htm,1620592792,16:39:52,20210509
18,2016-06-30,GRST,USD,2016-06-30,2016-06-30,Q2,0.0,0.0,0.0,1.0,0.0,888288.0,0.0,105720.0,903700.0,170000.0,45658.0,9999.999999999998,-160000.0,0.132859227732,-170000.0,0.117813126901,10000.0,-200000.0,0.0672442489884,0.0,70000.0,0.0672442489884,0.00146,0.00146,47990000.0,47990000.0,,,1620592792,16:39:52,20210509
19,2016-03-31,GRST,USD,2016-04-14 00:00:00,2016-04-14 17:29:55,Q1,0.0,0.0,0.0,1.0,0.0,659673.0,0.0,74392.0,675006.0,30000.0,38188.0,20000.0,-10000.0,0.198294437416,-30000.0,0.179660127097,0.0,-30000.0,0.0,0.0,140000.0,0.174433089421,0.00197,0.00197,70920000.0,70920000.0,https://www.sec.gov/Archives/edgar/data/792935/000072174816001185/0000721748-16-001185-index.html,https://www.sec.gov/Archives/edgar/data/792935/000072174816001185/grst10k041416.htm,1620592792,16:39:52,20210509
20,2015-12-31,GRST,USD,2015-12-31,2015-12-31,Q4,-2480000.0,0.0,0.0,1.0,0.0,2505005.0,0.0,460123.0,934752.0,-2070000.0,70541.0,0.0,-779459.0,0.314298,-400000.0,0.16129032258064516,0.0,-690000.0,0.2782258064516129,0.0,-850000.0,0.34274193548387094,-0.01763,-0.01763,48220000.0,48220000.0,,,1620592792,16:39:52,20210509
21,2015-09-30,GRST,USD,2015-11-13 00:00:00,2015-11-13 10:28:46,Q3,850000.0,0.0,0.0,0.406747670444,0.0,189979.0,0.0,0.0,710558.0,710000.0,30621.0,20000.000000000004,160000.0,0.18823529411764706,140000.0,0.16470588235294117,-10000.0,50000.0,0.058823529411764705,0.0,50000.0,0.058823529411764705,0.00105,0.00105,47740000.0,47740000.0,https://www.sec.gov/Archives/edgar/data/792935/000072174815000823/0000721748-15-000823-index.html,https://www.sec.gov/Archives/edgar/data/792935/000072174815000823/grst10q111515.htm,1620592792,16:39:52,20210509
22,2015-06-30,GRST,USD,2015-08-19 00:00:00,2015-08-19 15:46:09,Q2,950000.0,0.0,0.0,1.3513229824,0.0,802893.0,0.0,69423.0,829339.0,830000.0,142483.0,30000.000000000004,150000.0,0.15789473684210525,120000.0,0.12631578947368421,0.0,10000.0,0.010526315789473684,0.0,10000.0,0.010526315789473684,0.00021,0.00021,47390000.0,47390000.0,https://www.sec.gov/Archives/edgar/data/792935/000072174815000673/0000721748-15-000673-index.html,https://www.sec.gov/Archives/edgar/data/792935/000072174815000673/grst10q081515.htm,1620592792,16:39:52,20210509
23,2015-03-31,GRST,USD,2015-04-15 00:00:00,2015-04-15 17:13:45,Q1,680000.0,0.0,0.0,1.25047597222,0.0,963806.0,0.0,88755.0,984800.0,980000.0,-51541.0,20000.0,-280000.0,-0.4117647058823529,-300000.0,-0.4411764705882353,0.0,-360000.0,-0.5294117647058824,0.0,-360000.0,-0.5294117647058824,-0.00776,-0.00776,46390000.0,46390000.0,https://www.sec.gov/Archives/edgar/data/792935/000072174815000264/0000721748-15-000264-index.html,https://www.sec.gov/Archives/edgar/data/792935/000072174815000264/grst10k033115.htm,1620592792,16:39:52,20210509
24,2014-12-31,GRST,USD,2014-12-31,2014-12-31,Q4,600000.0,0.0,0.0,1.0,0.0,1814950.0,0.0,253193.0,1836790.0,1220000.0,-291595.0,20000.000000000004,-600000.0,-1.0,-620000.0,-1.0333333333333334,0.0,-860000.0,-1.4333333333333333,0.0,-900000.0,-1.5,-0.01957,-0.01957,45990000.0,45990000.0,,,1620592792,16:39:52,20210509
25,2014-09-30,GRST,USD,2014-11-14 00:00:00,2014-11-14 13:16:44,Q3,1200000.0,0.0,0.0,20.1004488012,0.0,969788.0,0.0,-515894.0,990506.0,990000.0,9260.0,19999.999999999996,230000.0,0.19166666666666668,210000.0,0.175,0.0,200000.0,0.16666666666666666,0.0,100000.0,0.08333333333333333,0.00211,0.00211,47470000.0,47470000.0,https://www.sec.gov/Archives/edgar/data/792935/000072174814001142/0000721748-14-001142-index.html,https://www.sec.gov/Archives/edgar/data/792935/000072174814001142/grst10q093014.htm,1620592792,16:39:52,20210509
26,2014-06-30,GRST,USD,2014-08-14 00:00:00,2014-08-14 14:11:59,Q2,1010000.0,0.0,0.0,0.781416288199,0.0,1146657.0,0.0,280169.0,1181697.0,1150000.0,-59633.0,0.0,-279633.0,-0.276864,-150000.0,-0.1485148514851485,0.0,-160000.0,-0.15841584158415842,0.0,-220000.0,-0.21782178217821782,-0.00472,-0.00472,46650000.0,46650000.0,https://www.sec.gov/Archives/edgar/data/792935/000072174814000824/0000721748-14-000824-index.html,https://www.sec.gov/Archives/edgar/data/792935/000072174814000824/grst10q063014.htm,1620592792,16:39:52,20210509
27,2014-03-31,GRST,USD,2014-05-14 00:00:00,2014-05-13 19:22:13,Q1,610000.0,0.0,610000.0,1.0,0.0,1408334.0,0.0,395020.0,1442893.0,1470000.0,31385.0,40000.0,-820000.0,-1.3442622950819672,-860000.0,-1.4098360655737705,0.0,-920000.0,-1.5081967213114753,0.0,-970000.0,-1.5901639344262295,-0.02111,-0.02111,45940000.0,45940000.0,https://www.sec.gov/Archives/edgar/data/792935/000072174814000443/0000721748-14-000443-index.html,https://www.sec.gov/Archives/edgar/data/792935/000072174814000443/grst033114q.htm,1620592792,16:39:52,20210509
28,2013-12-31,GRST,USD,2013-12-31,2013-12-31,Q4,730000.0,0.0,0.0,0.77357614656,0.0,1603188.0,0.0,466650.0,1649962.0,2330000.0,239928.0,90000.0,-1510000.0,-2.0684931506849313,-1600000.0,-2.191780821917808,0.0,-1890000.0,-2.589041095890411,0.0,-2040000.0,-2.7945205479452055,-0.06073,-0.06073,33590000.0,33590000.0,,,1620592792,16:39:52,20210509
29,2013-09-30,GRST,USD,2013-11-14 00:00:00,2013-11-14 10:38:29,Q3,1120000.0,0.0,1120000.0,1.0,0.0,1285873.0,0.0,-1527856.0,1332882.0,1040000.0,157370.0,0.0,127370.0,0.113723,80000.0,0.07142857142857142,0.0,10000.0,0.008928571428571428,0.0,-30000.0,-0.026785714285714284,-0.00084,-0.00084,35550000.0,35550000.0,https://www.sec.gov/Archives/edgar/data/792935/000072174813000785/0000721748-13-000785-index.html,https://www.sec.gov/Archives/edgar/data/792935/000072174813000785/grst10q093013.htm,1620592792,16:39:52,20210509
30,2013-06-30,GRST,USD,2013-08-14 00:00:00,2013-08-14 18:22:06,Q2,390000.0,-290000.0,690000.0,1.7692307692307692,0.0,1493786.0,0.0,2693949.0,1538999.0,1230000.0,0.0,49999.99999999999,-790000.0,-2.0256410256410255,-840000.0,-2.1538461538461537,0.0,-1050000.0,-2.6923076923076925,0.0,-1100000.0,-2.8205128205128207,-0.03476,-0.03476,31650000.0,31650000.0,https://www.sec.gov/Archives/edgar/data/792935/000072174813000489/0000721748-13-000489-index.html,https://www.sec.gov/Archives/edgar/data/792935/000072174813000489/grst0815q.htm,1620592792,16:39:52,20210509
31,2013-03-31,GRST,USD,2013-04-01 00:00:00,2013-04-01 17:12:17,Q1,1440000.0,290000.0,1150000.0,0.7986111111111112,0.0,1444307.0,0.0,0.0,1488581.0,1800000.0,0.0,40000.0,-310000.0,-0.2152777777777778,-350000.0,-0.24305555555555555,0.0,-350000.0,-0.24305555555555555,0.0,-350000.0,-0.24305555555555555,-0.01269,-0.01269,27580000.0,27580000.0,https://www.sec.gov/Archives/edgar/data/792935/000072174813000058/0000721748-13-000058-index.html,https://www.sec.gov/Archives/edgar/data/792935/000072174813000058/f10k_greenstone.htm,1620592792,16:39:52,20210509
32,2012-12-31,GRST,USD,2013-04-01 00:00:00,2013-04-01 17:12:17,Q4,-270000.0,-760000.0,490000.0,-1.8148148148148149,0.0,1486195.0,0.0,9605439.0,1543857.0,420000.0,214207.0,-40000.00000000001,-730000.0,2.7037037037037037,-690000.0,2.5555555555555554,0.0,-1370000.0,5.074074074074074,0.0,-2030000.0,7.518518518518518,-0.14668,-0.14668,13840000.0,13840000.0,https://www.sec.gov/Archives/edgar/data/792935/000072174813000058/0000721748-13-000058-index.html,https://www.sec.gov/Archives/edgar/data/792935/000072174813000058/f10k_greenstone.htm,1620592792,16:39:52,20210509
33,2012-09-30,GRST,USD,2012-11-15 00:00:00,2012-11-14 20:36:46,Q3,1340000.0,270000.0,1070000.0,0.7985074626865671,0.0,1420630.0,0.0,10000.0,1480936.0,1750000.0,0.0,60000.00000000001,-360000.0,-0.26865671641791045,-420000.0,-0.31343283582089554,10000.0,-420000.0,-0.31343283582089554,0.0,-420000.0,-0.31343283582089554,-0.02752,-0.02752,15260000.0,15260000.0,https://www.sec.gov/Archives/edgar/data/792935/000115752312006080/0001157523-12-006080-index.html,https://www.sec.gov/Archives/edgar/data/792935/000115752312006080/a50479002.htm,1620592792,16:39:52,20210509
34,2012-06-30,GRST,USD,2012-08-15 00:00:00,2012-08-14 19:43:06,Q2,1350000.0,250000.0,1100000.0,0.8148148148148148,0.0,1411268.0,0.0,10000.0,1467168.0,1710000.0,0.0,60000.0,-300000.0,-0.2222222222222222,-360000.0,-0.26666666666666666,10000.0,-360000.0,-0.26666666666666666,0.0,-360000.0,-0.26666666666666666,-0.02359,-0.02359,15260000.0,15260000.0,https://www.sec.gov/Archives/edgar/data/792935/000115752312004542/0001157523-12-004542-index.html,https://www.sec.gov/Archives/edgar/data/792935/000115752312004542/a50376767.htm,1620592792,16:39:52,20210509
35,2012-03-31,GRST,USD,2012-04-02 00:00:00,2012-04-02 08:32:41,Q1,1260000.0,250000.0,1010000.0,0.8015873015873016,0.0,530291.0,0.0,10000.0,580469.0,1530000.0,0.0,50000.0,-220000.0,-0.1746031746031746,-270000.0,-0.21428571428571427,10000.0,-270000.0,-0.21428571428571427,0.0,-270000.0,-0.21428571428571427,-0.01997,-0.01997,13520000.0,13520000.0,https://www.sec.gov/Archives/edgar/data/792935/000115752312001654/0001157523-12-001654-index.html,https://www.sec.gov/Archives/edgar/data/792935/000115752312001654/a50224795.htm,1620592792,16:39:52,20210509
36,2011-12-31,GRST,USD,2012-01-04 00:00:00,2012-01-04 15:24:47,Q4,660000.0,140000.0,520000.0,0.7878787878787878,0.0,1432297.0,0.0,0.0,1473228.0,1610000.0000000002,0.0,40000.00000000001,-910000.0,-1.378787878787879,-950000.0,-1.4393939393939394,220000.0,-730000.0,-1.106060606060606,0.0,-730000.0,-1.106060606060606,-0.05372,-0.05372,13590000.0,13590000.0,https://www.sec.gov/Archives/edgar/data/792935/000115752312000024/0001157523-12-000024-index.html,https://www.sec.gov/Archives/edgar/data/792935/000115752312000024/a50120546.htm,1620592792,16:39:52,20210509
37,2011-09-30,GRST,USD,2011-11-07 00:00:00,2011-11-07 14:32:44,Q3,510000.0,220000.0,290000.0,0.5686274509803921,0.0,1066852.0,0.0,0.0,1107728.0,1320000.0,0.0,39999.99999999999,-780000.0,-1.5294117647058822,-820000.0,-1.607843137254902,0.0,-820000.0,-1.607843137254902,0.0,-820000.0,-1.607843137254902,-0.13377,-0.13377,6130000.0,6130000.0,https://www.sec.gov/Archives/edgar/data/1510524/000118518511001839/0001185185-11-001839-index.html,https://www.sec.gov/Archives/edgar/data/1510524/000118518511001839/graystone10q093011.htm,1620592792,16:39:52,20210509
38,2011-06-30,GRST,USD,2011-07-27 00:00:00,2011-07-27 17:19:43,Q2,290000.0,170000.0,120000.0,0.41379310344827586,0.0,817467.0,0.0,10000.0,842060.0,1010000.0,0.0,-130000.0,-850000.0,-2.9310344827586206,-720000.0,-2.4827586206896552,10000.0,-720000.0,-2.4827586206896552,0.0,-720000.0,-2.4827586206896552,-0.14343,-0.14343,5020000.0,5020000.0,https://www.sec.gov/Archives/edgar/data/792935/000107878211002022/0001078782-11-002022-index.html,https://www.sec.gov/Archives/edgar/data/792935/000107878211002022/nova10q033111.htm,1620592792,16:39:52,20210509
39,2002-09-30,GRST,USD,2002-09-30,2002-09-30,Q1,30000.0,20000.0,10000.0,0.3333333333333333,0.0,30000.0,0.0,0.0,39999.99999999999,59999.99999999999,0.0,69999.99999999999,49999.999999999985,1.666666666666666,-20000.0,-0.6666666666666666,0.0,-20000.0,-0.6666666666666666,0.0,-20000.0,-0.6666666666666666,-0.22222,-0.22222,90000.0,90000.0,,,1620592792,16:39:52,20210509
40,2002-06-30,GRST,USD,2002-06-30,2002-06-30,Q4,40000.0,20000.0,20000.0,0.5,0.0,160000.0,0.0,0.0,160000.0,180000.0,0.0,50000.0,-90000.0,-2.25,-140000.0,-3.5,-80000.0,-230000.0,-5.75,0.0,-230000.0,-5.75,-2.875,-2.875,80000.0,80000.0,,,1620592792,16:39:52,20210509
41,2002-03-31,GRST,USD,2002-03-31,2002-03-31,Q3,330000.0,230000.0,100000.0,0.30303030303030304,0.0,140000.0,0.0,0.0,129999.99999999999,360000.0,0.0,60000.0,20000.0,0.06060606060606061,-40000.0,-0.12121212121212122,10000.0,-30000.0,-0.09090909090909091,0.0,-30000.0,-0.09090909090909091,-0.33333,-0.33333,90000.0,90000.0,,,1620592792,16:39:52,20210509
42,2001-12-31,GRST,USD,2001-12-31,2001-12-31,Q2,190000.0,170000.0,20000.0,0.10526315789473684,0.0,430000.0,0.0,0.0,429999.99999999994,599999.9999999999,0.0,90000.00000000001,-320000.0,-1.6842105263157894,-410000.0,-2.1578947368421053,-2380000.0,-2790000.0,-14.68421052631579,0.0,-2790000.0,-14.68421052631579,-39.85714,-39.85714,70000.0,70000.0,,,1620592792,16:39:52,20210509
43,2001-09-30,GRST,USD,2001-11-19,2001-11-19,Q1,1980000.0,1590000.0,400000.0,0.20202020202020202,0.0,190000.0,0.0,0.0,189999.99999999994,1780000.0,0.0,49999.99999999999,260000.0,0.13131313131313133,210000.0,0.10606060606060606,-3880000.0,-3680000.0,-1.8585858585858586,0.0,-3680000.0,-1.8585858585858586,-40.88889,-40.88889,90000.0,90000.0,https://www.sec.gov/Archives/edgar/data/792935/000079293501500017/0000792935-01-500017-index.htm,https://www.sec.gov/Archives/edgar/data/792935/000079293501500017/sep0110q.txt,1620592792,16:39:52,20210509
44,2001-06-30,GRST,USD,2001-06-30,2001-06-30,Q4,1260000.0,930000.0,320000.0,0.25396825396825395,0.0,80000.0,0.0,0.0,89999.99999999997,1020000.0,0.0,100000.0,340000.0,0.2698412698412698,240000.0,0.19047619047619047,70000.0,310000.0,0.24603174603174602,0.0,310000.0,0.24603174603174602,3.875,3.875,80000.0,80000.0,,,1620592792,16:39:52,20210509
45,2001-03-31,GRST,USD,2001-03-31,2001-03-31,Q3,1390000.0,1160000.0,230000.0,0.16546762589928057,0.0,150000.0,0.0,0.0,150000.00000000012,1310000.0000000002,0.0,100000.0,190000.0,0.1366906474820144,90000.0,0.06474820143884892,-50000.0,40000.0,0.02877697841726619,0.0,40000.0,0.02877697841726619,0.5,0.5,80000.0,80000.0,,,1620592792,16:39:52,20210509
46,2000-12-31,GRST,USD,2000-12-31,2000-12-31,Q2,9560000.0,8660000.0,910000.0,0.09518828451882845,0.0,140000.0,0.0,0.0,129999.999999999,8789999.999999998,0.0,130000.0,900000.0,0.09414225941422594,770000.0,0.08054393305439331,380000.0,1150000.0,0.1202928870292887,-110000.0,1260000.0,0.13179916317991633,15.75,15.75,80000.0,80000.0,,,1620592792,16:39:52,20210509
47,2000-09-30,GRST,USD,2000-09-30,2000-09-30,Q1,3790000.0,3170000.0,620000.0,0.16358839050131926,0.0,120000.0,0.0,0.0,120000.0000000001,3290000.0,0.0,130000.0,630000.0,0.1662269129287599,500000.0,0.13192612137203166,250000.0,750000.0,0.19788918205804748,110000.0,640000.0,0.16886543535620052,8.0,8.0,80000.0,80000.0,,,1620592792,16:39:52,20210509
48,2000-06-30,GRST,USD,2000-06-30,2000-06-30,Q4,2580000.0,2150000.0,430000.0,0.16666666666666666,0.0,80000.0,0.0,0.0,80000.00000000007,2230000.0,0.0,160000.0,510000.0,0.19767441860465115,350000.0,0.13565891472868216,10000.0,360000.0,0.13953488372093023,0.0,360000.0,0.13953488372093023,4.5,4.5,80000.0,80000.0,,,1620592792,16:39:52,20210509
49,2000-03-31,GRST,USD,2000-03-31,2000-03-31,Q3,2500000.0,2040000.0,460000.0,0.184,0.0,80000.0,0.0,0.0,69999.99999999984,2110000.0,0.0,100000.0,480000.0,0.192,380000.0,0.152,10000.0,390000.0,0.156,0.0,390000.0,0.156,4.875,4.875,80000.0,80000.0,,,1620592792,16:39:52,20210509
