,date,symbol,reportedCurrency,fillingDate,acceptedDate,period,revenue,costOfRevenue,grossProfit,grossProfitRatio,researchAndDevelopmentExpenses,generalAndAdministrativeExpenses,sellingAndMarketingExpenses,otherExpenses,operatingExpenses,costAndExpenses,interestExpense,depreciationAndAmortization,ebitda,ebitdaratio,operatingIncome,operatingIncomeRatio,totalOtherIncomeExpensesNet,incomeBeforeTax,incomeBeforeTaxRatio,incomeTaxExpense,netIncome,netIncomeRatio,eps,epsdiluted,weightedAverageShsOut,weightedAverageShsOutDil,link,finalLink,timestamp,est_time,est_date
0,2020-12-31,RDIB,USD,2021-03-31,2021-03-31 17:07:32,Q4,67671.0,0.0,67671.0,1.0,0.0,1723000.0,0.0,283.0,-26838000.0,-111609.0,6975000.0,26630.0,-17308.0,-0.2557668720722318,-43938.0,-0.6492884692113313,283.0,-50630.0,-0.7481786880643112,4477.0,-46505.0,-0.6872220005615404,-2.054856198949494,-2.054856198949494,22631754.0,22631754.0,https://www.sec.gov/Archives/edgar/data/716634/000071663421000005/0000716634-21-000005-index.htm,https://www.sec.gov/Archives/edgar/data/716634/000071663421000005/rdi-20201231x10k.htm,1620597132,17:52:12,20210509
1,2020-09-30,RDIB,USD,2020-11-09,2020-11-09 16:50:40,Q3,10191000.0,0.0,10191000.0,1.0,0.0,4228000.0,0.0,10000.0,9840000.0,-27566000.0,2379000.0,-5172000.0,-22547000.0,-2.2124423510941025,-17375000.0,-1.7049357276027868,10000.0,-19745000.0,-1.9374938671376705,490000.0,-19352000.0,-1.8989304288097342,-0.8550817581350522,-0.8550817581350522,22631754.0,22631754.0,https://www.sec.gov/Archives/edgar/data/716634/000071663420000046/0000716634-20-000046-index.htm,https://www.sec.gov/Archives/edgar/data/716634/000071663420000046/rdi-20200930x10q.htm,1620597132,17:52:12,20210509
2,2020-06-30,RDIB,USD,2020-06-30,2020-06-30,Q2,3422000.0,15249000.0,-11827000.0,-3.456165984804208,0.0,5102000.0,0.0,19000.0,10368000.0,25617000.0,2004000.0,5451000.0,-16744000.0,-4.893045002922268,-22195000.0,-7.146113383985973,-255000.0,-24454000.0,-7.146113383985973,-1567000.0,-22702000.0,-6.634132086499124,-1.04,-1.04,21742667.0,22095136.0,,,1620597132,17:52:12,20210509
3,2020-03-31,RDIB,USD,2020-03-31,2020-03-31,Q1,49228000.0,45052000.0,4176000.0,0.0848297716746567,0.0,5945000.0,0.0,-218000.0,11215000.0,56267000.0,1789000.0,5487000.0,-1552000.0,-0.03152677338100268,-7039000.0,-0.18217274721703094,-140000.0,-8968000.0,-0.18217274721703094,-3013000.0,-5875000.0,-0.11934265052409199,-0.27,-0.27,21752371.0,22119621.0,,,1620597132,17:52:12,20210509
4,2019-12-31,RDIB,USD,2020-03-16,2020-03-16 16:21:51,Q4,68666000.0,0.0,68666000.0,1.0,0.0,6969000.0,0.0,135000.0,12846000.0,-66968000.0,1980000.0,5046000.0,6744000.0,0.09821454577228905,1698000.0,0.02472839542131477,135000.0,-148000.0,-0.002155360731657589,-27678000.0,-27615000.0,-0.40216409868056974,-1.22019,-1.22019,22631754.0,22631754.0,https://www.sec.gov/Archives/edgar/data/716634/000071663420000003/0000716634-20-000003-index.htm,https://www.sec.gov/Archives/edgar/data/716634/000071663420000003/rdi-20191231x10k.htm,1620597132,17:52:12,20210509
5,2019-09-30,RDIB,USD,2019-11-12 00:00:00,2019-11-12 16:49:18,Q3,70456000.0,0.0,70456000.0,1.0,0.0,5908000.0,0.0,140000.0,11612000.0,67546000.0,1870000.0,10268000.0,13178000.0,0.18703871920063586,2910000.0,0.041302373112297036,140000.0,1399000.0,0.019856364255705687,-547000.0,902000.0,0.012802316339275576,0.03957610568487504,0.03929797265157363,22791530.0,22952838.0,https://www.sec.gov/Archives/edgar/data/716634/000071663419000046/0000716634-19-000046-index.html,https://www.sec.gov/Archives/edgar/data/716634/000071663419000046/rdi-20190930x10q.htm,1620597132,17:52:12,20210509
6,2019-06-30,RDIB,USD,2019-08-09 00:00:00,2019-08-09 15:17:25,Q2,76095000.0,0.0,76095000.0,1.0,0.0,6034000.0,0.0,70000.0,11606000.0,70279000.0,2202000.0,10165000.0,15981000.0,0.21001379854129706,5816000.0,0.0764307773178264,70000.0,4011000.0,0.05271042775478021,430000.0,2394000.0,0.03146067415730337,0.10453343244651372,0.10375011598214198,22901764.0,23074673.0,https://www.sec.gov/Archives/edgar/data/716634/000071663419000032/0000716634-19-000032-index.html,https://www.sec.gov/Archives/edgar/data/716634/000071663419000032/rdi-20190630x10q.htm,1620597132,17:52:12,20210509
7,2019-03-31,RDIB,USD,2019-05-10 00:00:00,2019-05-10 16:46:21,Q1,61551000.0,0.0,61551000.0,1.0,0.0,6484000.0,0.0,-20000.0,12078000.0,62852000.0,1852000.0,11189000.0,9888000.0,0.16064726811912072,-1301000.0,-0.021136943347792887,-20000.0,-3173000.0,-0.05155074653539341,1042000.0,-2097000.0,-0.0340693083784179,-0.09149020662127322,-0.09068458689819187,22920486.0,23124106.0,https://www.sec.gov/Archives/edgar/data/716634/000071663419000025/0000716634-19-000025-index.html,https://www.sec.gov/Archives/edgar/data/716634/000071663419000025/rdi-20190331x10q.htm,1620597132,17:52:12,20210509
8,2018-12-31,RDIB,USD,2019-03-18 00:00:00,2019-03-18 17:14:11,Q4,74990000.0,244722000.0,-169732000.0,-2.2633951193492465,0.0,6087000.0,0.0,63236000.0,11657000.0,69761000.0,6837000.0,4416000.0,9645000.0,0.12861714895319376,5229000.0,0.06972929723963195,17000.0,3807000.0,0.05076676890252033,1198000.0,4961000.0,0.06615548739831978,0.21577748813169448,0.2137533682528465,22991277.0,23208991.0,https://www.sec.gov/Archives/edgar/data/716634/000071663419000007/0000716634-19-000007-index.html,https://www.sec.gov/Archives/edgar/data/716634/000071663419000007/rdi-20181231x10k.htm,1620597132,17:52:12,20210509
9,2018-09-30,RDIB,USD,2018-11-06 00:00:00,2018-11-06 15:30:46,Q3,74352000.0,0.0,74352000.0,1.0,0.0,6489000.0,0.0,55654000.0,12318000.0,69719000.0,0.0,6176000.0,10809000.0,0.1453760490639122,4633000.0,0.06231170647729718,-130000.0,2834000.0,0.03811598880998494,1510000.0,1360000.0,0.018291370776845277,0.05916071735327827,0.05865856235368517,22988227.0,23185021.0,https://www.sec.gov/Archives/edgar/data/716634/000071663418000032/0000716634-18-000032-index.html,https://www.sec.gov/Archives/edgar/data/716634/000071663418000032/rdi-20180930x10q.htm,1620597132,17:52:12,20210509
10,2018-06-30,RDIB,USD,2018-08-09 00:00:00,2018-08-09 16:28:40,Q2,84221000.0,0.0,84221000.0,1.0,0.0,7165000.0,0.0,59473000.0,12791000.0,75648000.0,-1594000.0,5496000.0,14069000.0,0.16704859833058264,8573000.0,0.10179171465548972,-61000.0,7053000.0,0.08374395934505646,1953000.0,4998000.0,0.05934386910627991,0.21749881067577115,0.21549401074969324,22979436.0,23193220.0,https://www.sec.gov/Archives/edgar/data/716634/000071663418000019/0000716634-18-000019-index.html,https://www.sec.gov/Archives/edgar/data/716634/000071663418000019/rdi-20180630x10q.htm,1620597132,17:52:12,20210509
11,2018-03-31,RDIB,USD,2018-05-10 00:00:00,2018-05-10 16:14:16,Q1,75822000.0,0.0,75822000.0,1.0,0.0,7597000.0,0.0,57332000.0,12847000.0,70179000.0,1594000.0,5026000.0,10669000.0,0.1407111392471842,5643000.0,0.0744243095671441,-82000.0,4224000.0,0.05570942470523067,1155000.0,3047000.0,0.04018622563372108,7.884345679523472,0.13171665797273321,386462.0,23132989.0,https://www.sec.gov/Archives/edgar/data/716634/000071663418000010/0000716634-18-000010-index.html,https://www.sec.gov/Archives/edgar/data/716634/000071663418000010/rdi-20180331x10q.htm,1620597132,17:52:12,20210509
12,2017-12-31,RDIB,USD,2018-03-16 00:00:00,2018-03-15 17:50:57,Q4,71780000.0,224456000.0,-152676000.0,-2.1269991641125663,0.0,7216000.0,0.0,56114000.0,12034000.0,68148000.0,884000.0,5252000.0,8884000.0,0.12376706603510727,3632000.0,0.050599052660908334,-349000.0,2503000.0,0.03487043744775704,4954000.0,7380000.0,0.10281415436054611,0.320295956936252,0.3174470853776517,23041190.0,23247969.0,https://www.sec.gov/Archives/edgar/data/716634/000071663418000006/0000716634-18-000006-index.html,https://www.sec.gov/Archives/edgar/data/716634/000071663418000006/rdi-20171231x10k.htm,1620597132,17:52:12,20210509
13,2017-09-30,RDIB,USD,2017-11-07 00:00:00,2017-11-06 19:29:05,Q3,66087000.0,0.0,66087000.0,1.0,0.0,5840000.0,0.0,52472000.0,9977000.0,62449000.0,1629000.0,3556000.0,7194000.0,0.10885650733124518,3638000.0,0.05504864799431053,89000.0,2200000.0,0.0332894517832554,742000.0,1556000.0,0.023544721352157006,3.859548164978321,0.06664886508033802,403156.0,23346234.0,https://www.sec.gov/Archives/edgar/data/716634/000071663417000034/0000716634-17-000034-index.html,https://www.sec.gov/Archives/edgar/data/716634/000071663417000034/rdi-20170930x10q.htm,1620597132,17:52:12,20210509
14,2017-06-30,RDIB,USD,2017-08-09 00:00:00,2017-08-08 20:50:06,Q2,72413000.0,0.0,72413000.0,1.0,0.0,6118000.0,0.0,54480000.0,10172000.0,64650000.0,1801000.0,3326000.0,11089000.0,0.15313548672199742,7763000.0,0.10720450747793904,27000.0,24900000.0,0.34386090895281235,5846000.0,19034000.0,0.2628533550605554,0.8215392980781013,0.8128681720771114,23168703.0,23415851.0,https://www.sec.gov/Archives/edgar/data/716634/000071663417000025/0000716634-17-000025-index.html,https://www.sec.gov/Archives/edgar/data/716634/000071663417000025/rdi-20170630x10q.htm,1620597132,17:52:12,20210509
15,2017-03-31,RDIB,USD,2017-05-09 00:00:00,2017-05-09 08:35:43,Q1,69454000.0,0.0,69454000.0,1.0,0.0,6174000.0,0.0,53818000.0,10108000.0,63926000.0,1880000.0,3402000.0,8930000.0,0.1285743081751951,5528000.0,0.07959224810666052,821000.0,4744000.0,0.06830420134189535,1703000.0,3029000.0,0.04361159904397155,0.1307386960772478,0.12908490437062992,23168351.0,23465176.0,https://www.sec.gov/Archives/edgar/data/716634/000071663417000016/0000716634-17-000016-index.html,https://www.sec.gov/Archives/edgar/data/716634/000071663417000016/rdi-20170331x10q.htm,1620597132,17:52:12,20210509
16,2016-12-31,RDIB,USD,2017-03-13 00:00:00,2017-03-13 17:13:18,Q4,67451000.0,207567000.0,-140116000.0,-2.077300558924256,0.0,8534000.0,0.0,52075000.0,12457000.0,64532000.0,1604000.0,4285000.0,7204000.0,0.10680345732457636,2919000.0,0.043275859512831534,-63000.0,149000.0,0.0022090109857526206,202000.0,349000.0,0.005174126402870231,0.014965663878564916,0.014837705475117572,23320048.0,23521157.0,https://www.sec.gov/Archives/edgar/data/716634/000071663417000007/0000716634-17-000007-index.html,https://www.sec.gov/Archives/edgar/data/716634/000071663417000007/rdi-20161231x10k.htm,1620597132,17:52:12,20210509
17,2016-09-30,RDIB,USD,2016-11-08 00:00:00,2016-11-07 21:33:26,Q3,71315000.0,0.0,71315000.0,1.0,0.0,6175000.0,0.0,54399000.0,10306000.0,64705000.0,1572000.0,4843000.0,11453000.0,0.16059734978616,6610000.0,0.09268737292294749,104000.0,5245000.0,0.0735469396340181,1328000.0,3855000.0,0.054055948958844566,0.16520325013717654,0.16381393864120525,23334892.0,23532796.0,https://www.sec.gov/Archives/edgar/data/716634/000071663416000100/0000716634-16-000100-index.html,https://www.sec.gov/Archives/edgar/data/716634/000071663416000100/rdi-20160930x10q.htm,1620597132,17:52:12,20210509
18,2016-06-30,RDIB,USD,2016-08-08,2016-08-08 17:05:52,Q2,66918000.0,0.0,66918000.0,1.0,0.0,6006000.0,0.0,50995000.0,9834000.0,60828000.0,1780000.0,4203000.0,10293000.0,0.15381511700887654,6090000.0,0.09100690397202546,-104000.0,4588000.0,0.06856152305807107,1663000.0,2973000.0,0.044427508293732626,0.12740577500851513,0.12627442988666435,23334892.0,23543959.0,https://www.sec.gov/Archives/edgar/data/716634/000071663416000089/0000716634-16-000089-index.htm,https://www.sec.gov/Archives/edgar/data/716634/000071663416000089/rdi-20160630x10q.htm,1620597132,17:52:12,20210509
19,2016-03-31,RDIB,USD,2016-04-29 00:00:00,2016-04-29 17:26:21,Q1,64789000.0,0.0,64789000.0,1.0,0.0,6191000.0,0.0,50098000.0,9999000.0,60097000.0,1912000.0,4155000.0,8847000.0,0.13655095772430506,4692000.0,0.07241970087514855,0.0,3455000.0,0.05332695364953927,1231000.0,2226000.0,0.03435768417478276,0.09539362770566927,0.0945911457078439,23334892.0,23532858.0,https://www.sec.gov/Archives/edgar/data/716634/000071663416000067/0000716634-16-000067-index.html,https://www.sec.gov/Archives/edgar/data/716634/000071663416000067/rdi-20151231x10k.htm,1620597132,17:52:12,20210509
20,2015-12-31,RDIB,USD,2016-04-29,2016-04-29 17:26:21,Q4,66149000.0,200955000.0,-134806000.0,-2.037914405357602,0.0,4916000.0,0.0,42357000.0,8709000.0,61835000.0,1495000.0,3817000.0,8131000.0,0.12291946968208137,4314000.0,0.06521640538783655,227000.0,3596000.0,0.05436212187637001,338000.0,3277000.0,0.049539675580885574,0.14068183941268916,0.13947281573951364,23293696.0,23495618.0,https://www.sec.gov/Archives/edgar/data/716634/000071663416000067/0000716634-16-000067-index.htm,https://www.sec.gov/Archives/edgar/data/716634/000071663416000067/rdi-20151231x10k.htm,1620597132,17:52:12,20210509
21,2015-09-30,RDIB,USD,2015-11-06 00:00:00,2015-11-06 08:38:06,Q3,57788000.0,0.0,57788000.0,1.0,0.0,4134000.0,0.0,50532000.0,7635000.0,54666000.0,2379000.0,3547000.0,6669000.0,0.11540458226621444,3122000.0,0.054025057105281375,-578000.0,1565000.0,0.027081747075517408,517000.0,381000.0,0.006593064304007752,0.016363585996120412,0.016227807408552047,23283405.0,23478218.0,https://www.sec.gov/Archives/edgar/data/716634/000071663415000040/0000716634-15-000040-index.html,https://www.sec.gov/Archives/edgar/data/716634/000071663415000040/rdi-20150930x10q.htm,1620597132,17:52:12,20210509
22,2015-06-30,RDIB,USD,2015-08-10 00:00:00,2015-08-10 06:17:00,Q2,72801000.0,0.0,72801000.0,1.0,0.0,5274000.0,0.0,57043000.0,8800000.0,62316000.0,1928000.0,4215000.0,14700000.0,0.20192030329253718,10485000.0,0.14402274694028927,-2820000.0,17087000.0,0.23470831444623014,1565000.0,15997000.0,0.21973599263746377,0.6872785796099479,0.6808643866427831,23275860.0,23495134.0,https://www.sec.gov/Archives/edgar/data/716634/000071663415000026/0000716634-15-000026-index.html,https://www.sec.gov/Archives/edgar/data/716634/000071663415000026/rdi-20150630x10q.htm,1620597132,17:52:12,20210509
23,2015-03-31,RDIB,USD,2015-05-07 00:00:00,2015-05-07 17:04:43,Q1,60585000.0,0.0,60585000.0,1.0,0.0,4329000.0,0.0,51023000.0,8071000.0,55352000.0,2770000.0,3902000.0,9135000.0,0.15077989601386482,5233000.0,0.08637451514401255,2731000.0,5389000.0,0.08894940991994718,2523000.0,3118000.0,0.0514648840472064,0.1341509918030646,0.132547429385442,23242467.0,23523655.0,https://www.sec.gov/Archives/edgar/data/716634/000071663415000015/0000716634-15-000015-index.html,https://www.sec.gov/Archives/edgar/data/716634/000071663415000015/rdi-20150331x10q.htm,1620597132,17:52:12,20210509
24,2014-12-31,RDIB,USD,2015-03-17,2015-03-16 17:35:06,Q4,61742000.0,0.0,61742000.0,1.0,0.0,4179000.0,0.0,52644000.0,8157000.0,56823000.0,2696000.0,3528000.0,8447000.0,0.13681124680120502,4919000.0,0.07967024067895435,16000.0,2472000.0,0.04003757571831169,14532000.0,17220000.0,0.27890252988241393,0.734897002392683,0.7250764140853294,23431855.0,23749221.0,https://www.sec.gov/Archives/edgar/data/716634/000156276215000083/0001562762-15-000083-index.htm,https://www.sec.gov/Archives/edgar/data/716634/000156276215000083/rdi-20141231x10k.htm,1620597132,17:52:12,20210509
25,2014-09-30,RDIB,USD,2014-11-12 00:00:00,2014-11-12 12:11:26,Q3,65031000.0,0.0,65031000.0,1.0,0.0,4456000.0,0.0,54402000.0,8277000.0,58858000.0,1614000.0,5014000.0,11187000.0,0.17202564930571573,6173000.0,0.09492395934246745,242000.0,5029000.0,0.07733234918731066,1312000.0,3939000.0,0.06057111223877843,0.16792392905331233,0.1658208986953865,23457050.0,23754545.0,https://www.sec.gov/Archives/edgar/data/716634/000071663414000031/0000716634-14-000031-index.html,https://www.sec.gov/Archives/edgar/data/716634/000071663414000031/rdi-20140930x10q.htm,1620597132,17:52:12,20210509
26,2014-06-30,RDIB,USD,2014-08-12 00:00:00,2014-08-11 19:51:44,Q2,69922000.0,0.0,69922000.0,1.0,0.0,5366000.0,0.0,56057000.0,9231000.0,61422000.0,2976000.0,3843000.0,12343000.0,0.17652527101627527,8500000.0,0.12156402848888762,644000.0,6315000.0,0.09031492234203826,1843000.0,4757000.0,0.0680329510025457,0.20259425413394277,0.20000356533578736,23480429.0,23784576.0,https://www.sec.gov/Archives/edgar/data/716634/000156276214000221/0001562762-14-000221-index.html,https://www.sec.gov/Archives/edgar/data/716634/000156276214000221/rdi-20140630x10q.htm,1620597132,17:52:12,20210509
27,2014-03-31,RDIB,USD,2014-05-12 00:00:00,2014-05-12 13:26:54,Q1,58053000.0,0.0,58053000.0,1.0,0.0,4902000.0,0.0,50570000.0,8707000.0,55472000.0,2376000.0,4112000.0,6693000.0,0.11529119942121854,2581000.0,0.044459373331266254,744000.0,1028000.0,0.01770795652248807,1592000.0,-254000.0,-0.00437531221470036,-0.01081,-0.01081,23490563.0,23490563.0,https://www.sec.gov/Archives/edgar/data/716634/000071663414000016/0000716634-14-000016-index.html,https://www.sec.gov/Archives/edgar/data/716634/000071663414000016/rdi-20140331x10q.htm,1620597132,17:52:12,20210509
28,2013-12-31,RDIB,USD,2014-03-07,2014-03-07 11:26:05,Q4,63540000.0,0.0,63540000.0,1.0,0.0,4730000.0,0.0,54003000.0,8684000.0,58733000.0,1977000.0,4294000.0,9101000.0,0.14323260937991816,4807000.0,0.07565313188542651,1804000.0,4649000.0,0.07316650928548946,1802000.0,3181000.0,0.050062952470884485,0.1362429155075918,0.13524504033138054,23348003.0,23520271.0,https://www.sec.gov/Archives/edgar/data/716634/000071663414000004/0000716634-14-000004-index.htm,https://www.sec.gov/Archives/edgar/data/716634/000071663414000004/rdi-20131231x10k.htm,1620597132,17:52:12,20210509
29,2013-09-30,RDIB,USD,2013-11-06 00:00:00,2013-11-06 12:39:42,Q3,65472000.0,0.0,65472000.0,1.0,0.0,4586000.0,0.0,55061000.0,8188000.0,59646000.0,2910000.0,3884000.0,9710000.0,0.14830767350928642,5826000.0,0.08898460410557185,-56000.0,2955000.0,0.045133797653958946,751000.0,2392000.0,0.036534701857282505,0.10251420370292275,0.1019288804872371,23333352.0,23467343.0,https://www.sec.gov/Archives/edgar/data/716634/000071663413000052/0000716634-13-000052-index.html,https://www.sec.gov/Archives/edgar/data/716634/000071663413000052/rdi-20130930x10q.htm,1620597132,17:52:12,20210509
30,2013-06-30,RDIB,USD,2013-08-08 00:00:00,2013-08-08 14:28:19,Q2,69642000.0,0.0,69642000.0,1.0,0.0,4401000.0,0.0,57475000.0,8051000.0,61874000.0,2835000.0,4021000.0,11789000.0,0.16928003216449844,7768000.0,0.11154188564372074,112000.0,5244000.0,0.0752993883001637,1500000.0,4136000.0,0.05938944889578128,0.17746909673464586,0.17668675510203297,23305466.0,23408659.0,https://www.sec.gov/Archives/edgar/data/716634/000071663413000039/0000716634-13-000039-index.html,https://www.sec.gov/Archives/edgar/data/716634/000071663413000039/rdi-20130630x10q.htm,1620597132,17:52:12,20210509
31,2013-03-31,RDIB,USD,2013-05-09 00:00:00,2013-05-09 12:45:10,Q1,59567000.0,0.0,59567000.0,1.0,0.0,4339000.0,0.0,52694000.0,8329000.0,57033000.0,2722000.0,4365000.0,6899000.0,0.11581916161633118,2534000.0,0.042540332734567796,16000.0,-130000.0,-0.0021824164386321284,889000.0,-672000.0,-0.011281414205852233,-0.02889,-0.02889,23263010.0,23263010.0,https://www.sec.gov/Archives/edgar/data/716634/000071663413000027/0000716634-13-000027-index.html,https://www.sec.gov/Archives/edgar/data/716634/000071663413000027/rdi-20130331x10q.htm,1620597132,17:52:12,20210509
32,2012-12-31,RDIB,USD,2013-03-19 00:00:00,2013-03-19 14:12:13,Q4,254430000.0,0.0,254430000.0,1.0,0.0,0.0,0.0,219186000.0,7449000.0,235303000.0,17226000.0,18219000.0,37346000.0,0.1467830051487639,19127000.0,0.07517588334708958,-563000.0,2282000.0,0.008969068113036984,4904000.0,-1916000.0,-0.007530558503321149,-0.0832,-0.0832,23028596.0,23028596.0,https://www.sec.gov/Archives/edgar/data/716634/000071663413000017/0000716634-13-000017-index.html,https://www.sec.gov/Archives/edgar/data/716634/000071663413000017/rdi-20121231x10k.htm,1620597132,17:52:12,20210509
33,2012-11-09,RDIB,USD,2012-11-09,2012-11-09 16:23:56,Q3,63517000.0,0.0,63517000.0,1.0,0.0,3955000.0,0.0,55522000.0,59477000.0,59477000.0,0.0,4086000.0,8126000.0,0.12793425382181148,4040000.0,0.06360501912873719,0.0,140000.0,0.0022041343262433678,100000.0,397000.0,0.00625029519656155,0.01728,0.01728,22969392.0,22969392.0,https://www.sec.gov/Archives/edgar/data/716634/000071663412000023/0000716634-12-000023-index.htm,https://www.sec.gov/Archives/edgar/data/716634/000071663412000023/form10q.htm,1620597132,17:52:12,20210509
34,2012-08-22,RDIB,USD,2012-11-09 00:00:00,2012-11-09 16:23:56,Q2,0.0,0.0,0.0,0.0,0.0,0.0,0.0,0.0,0.0,0.0,0.0,0.0,0.0,0.0,0.0,0.0,0.0,0.0,0.0,0.0,0.0,0.0,0.0,0.0,22969392.0,22969392.0,https://www.sec.gov/Archives/edgar/data/716634/000071663412000023/0000716634-12-000023-index.html,https://www.sec.gov/Archives/edgar/data/716634/000071663412000023/form10q.htm,1620597132,17:52:12,20210509
35,2012-06-30,RDIB,USD,2012-08-09 00:00:00,2012-08-09 17:18:20,Q2,63144000.0,0.0,63144000.0,1.0,0.0,0.0,0.0,53118000.0,8333000.0,57444000.0,5876000.0,4007000.0,9707000.0,0.1537279868237679,5700000.0,0.09026985936906119,0.0,82000.0,0.0012986190295198278,-259000.0,222000.0,0.0035157734701634358,0.00967,0.00967,22969392.0,22969392.0,https://www.sec.gov/Archives/edgar/data/716634/000071663412000016/0000716634-12-000016-index.html,https://www.sec.gov/Archives/edgar/data/716634/000071663412000016/form10q.htm,1620597132,17:52:12,20210509
36,2012-05-07,RDIB,USD,2012-05-09,2012-05-09 16:12:34,Q1,62652000.0,0.0,62652000.0,1.0,0.0,4420000.0,0.0,53325000.0,57745000.0,57745000.0,0.0,4197000.0,9104000.0,0.14531060460958947,4907000.0,0.07832152205835408,0.0,1103000.0,0.017605184192044945,-1625000.0,-109000.0,-0.0017397688820787844,-0.00479,-0.00479,22764666.0,22764666.0,https://www.sec.gov/Archives/edgar/data/716634/000071663412000009/0000716634-12-000009-index.htm,https://www.sec.gov/Archives/edgar/data/716634/000071663412000009/form10q.htm,1620597132,17:52:12,20210509
37,2012-03-15,RDIB,USD,2012-03-15,2012-03-15 16:00:00,Q4,57896000.0,0.0,57896000.0,1.0,0.0,4269000.0,0.0,51522000.0,55791000.0,55791000.0,-17923000.0,-14021000.0,-11916000.0,-0.2058173276219428,2105000.0,0.03635829763714246,1078000.0,298000.0,0.005147160425590714,13177000.0,-4761000.0,-0.08223366035650131,-0.20919,-0.20919,22759488.0,22759488.0,https://www.sec.gov/Archives/edgar/data/716634/000071663412000005/0000716634-12-000005-index.htm,https://www.sec.gov/Archives/edgar/data/716634/000071663412000005/form10k.htm,1620597132,17:52:12,20210509
38,2011-12-31,RDIB,USD,2011-12-31,2011-12-31,Q4,57896000.0,46911000.0,10985000.0,0.18973676937957717,0.0,0.0,0.0,0.0,8511000.0,55422000.0,4597000.0,5074000.0,7548000.0,0.1303717009810695,2474000.0,-0.021417714522592234,708000.0,-1240000.0,-0.021417714522592234,847000.0,-5034000.0,-0.08694901202155589,0.0,0.0,0.0,0.0,,,1620597132,17:52:12,20210509
39,2011-09-30,RDIB,USD,2011-11-03 00:00:00,2011-11-03 14:30:27,Q3,66684000.0,0.0,66684000.0,1.0,0.0,0.0,0.0,55436000.0,8470000.0,59609000.0,7745000.0,4573000.0,11648000.0,0.17467458460800192,7075000.0,0.10609741467218523,4000.0,-198000.0,-0.0029692280007198126,39000.0,38000.0,0.0005698518385219843,0.0016696333414881741,0.0016552753232513128,22759488.0,22956906.0,https://www.sec.gov/Archives/edgar/data/716634/000071663411000034/0000716634-11-000034-index.html,https://www.sec.gov/Archives/edgar/data/716634/000071663411000034/form10q.htm,1620597132,17:52:12,20210509
40,2011-06-30,RDIB,USD,2011-08-05 00:00:00,2011-08-05 17:22:09,Q2,121225000.0,0.0,121225000.0,1.0,0.0,0.0,0.0,103005000.0,9048000.0,111961745.0,10178000.0,9448000.0,18711255.0,0.15435145390802227,9263255.0,0.07641373479067849,22657.0,1916000.0,0.015805320684677254,13774000.0,15007912.0,0.12380212002474737,0.6597115802127916,0.6547898059170344,22749202.0,22920198.0,https://www.sec.gov/Archives/edgar/data/716634/000071663411000017/0000716634-11-000017-index.html,https://www.sec.gov/Archives/edgar/data/716634/000071663411000017/form10q.htm,1620597132,17:52:12,20210509
41,2011-03-31,RDIB,USD,2011-05-09 00:00:00,2011-05-06 17:52:39,Q1,0.0,0.0,0.0,0.0,0.0,0.0,0.0,-19000.0,8364000.0,4235000.0,4363000.0,4129000.0,6062000.0,0.0,1933000.0,0.0,0.0,-2016000.0,0.0,-636000.0,-2247000.0,0.0,-0.09894,-0.09894,22709672.0,22709672.0,https://www.sec.gov/Archives/edgar/data/716634/000071663411000008/0000716634-11-000008-index.html,https://www.sec.gov/Archives/edgar/data/716634/000071663411000008/form10q.htm,1620597132,17:52:12,20210509
42,2010-12-31,RDIB,USD,2011-03-16,2011-03-15 18:33:31,Q4,229817000.0,0.0,229817000.0,1.0,0.0,0.0,0.0,199596000.0,9013000.0,203668000.0,1872000.0,-11642000.0,-10777000.0,-0.04689383291923574,865000.0,0.0037638642920236535,345000.0,-295000.0,-0.0012836300186670263,-564000.0,-419000.0,-0.0018231897553270646,-0.01839,-0.01839,22781392.0,22781392.0,https://www.sec.gov/Archives/edgar/data/716634/000071663411000002/0000716634-11-000002-index.htm,https://www.sec.gov/Archives/edgar/data/716634/000071663411000002/form10_k.htm,1620597132,17:52:12,20210509
43,2010-09-30,RDIB,USD,2010-11-15 00:00:00,2010-11-15 15:33:22,Q3,0.0,0.0,0.0,0.0,0.0,0.0,0.0,-692000.0,8073000.0,13020000.0,11765000.0,3874000.0,16138000.0,0.0,12264000.0,0.0,-692000.0,1143000.0,0.0,-13668000.0,-11615000.0,0.0,-0.51005,-0.51005,22772166.0,22772166.0,https://www.sec.gov/Archives/edgar/data/716634/000071663410000025/0000716634-10-000025-index.html,https://www.sec.gov/Archives/edgar/data/716634/000071663410000025/form10q.htm,1620597132,17:52:12,20210509
44,2010-06-30,RDIB,USD,2010-08-06 00:00:00,2010-08-06 14:45:43,Q2,0.0,0.0,0.0,0.0,0.0,0.0,0.0,-713000.0,8481000.0,8822000.0,7810000.0,3864000.0,10563000.0,0.0,6699000.0,0.0,-713000.0,-827000.0,0.0,-12783000.0,-12993000.0,0.0,-0.57101,-0.57101,22754599.0,22754599.0,https://www.sec.gov/Archives/edgar/data/716634/000071663410000017/0000716634-10-000017-index.html,https://www.sec.gov/Archives/edgar/data/716634/000071663410000017/form10q.htm,1620597132,17:52:12,20210509
45,2010-03-31,RDIB,USD,2010-05-10 00:00:00,2010-05-07 17:55:42,Q1,58150000.0,0.0,58150000.0,1.0,0.0,0.0,0.0,49466000.0,8110000.0,53672000.0,3380000.0,3904000.0,8382000.0,0.1441444539982803,4478000.0,0.07700773860705074,0.0,799000.0,0.013740326741186587,-582000.0,568000.0,0.009767841788478074,0.02501,0.02501,22711058.0,22711058.0,https://www.sec.gov/Archives/edgar/data/716634/000071663410000007/0000716634-10-000007-index.html,https://www.sec.gov/Archives/edgar/data/716634/000071663410000007/form10q.htm,1620597132,17:52:12,20210509
46,2009-12-31,RDIB,USD,2010-03-12 00:00:00,2010-03-12 14:42:13,Q4,59447000.0,0.0,59447000.0,1.0,0.0,0.0,0.0,53997000.0,10324000.0,58681000.0,4109000.0,-11255000.0,-11255000.0,-0.18932830925025654,0.0,0.0,0.0,-2344000.0,-0.03943008057597524,-530000.0,-3618000.0,-0.06086093495046007,-0.16022,-0.16022,22580942.0,22580942.0,https://www.sec.gov/Archives/edgar/data/716634/000071663410000003/0000716634-10-000003-index.html,https://www.sec.gov/Archives/edgar/data/716634/000071663410000003/form10k.htm,1620597132,17:52:12,20210509
47,2009-09-30,RDIB,USD,2009-11-06 00:00:00,2009-11-06 17:09:13,Q3,157567000.0,0.0,157567000.0,1.0,0.0,0.0,0.0,131536000.0,5656000.0,135743000.0,3619000.0,4001000.0,4001000.0,0.025392372768409627,0.0,0.0,165000.0,3229000.0,0.020492869699873704,-423000.0,3276000.0,0.020791155508450374,0.1452,0.1452,22562309.0,22562309.0,https://www.sec.gov/Archives/edgar/data/716634/000071663409000039/0000716634-09-000039-index.html,https://www.sec.gov/Archives/edgar/data/716634/000071663409000039/form10q.htm,1620597132,17:52:12,20210509
48,2009-06-30,RDIB,USD,2009-08-07 00:00:00,2009-08-07 13:46:10,Q2,0.0,0.0,0.0,0.0,0.0,0.0,0.0,0.0,8106000.0,8668000.0,7998000.0,3331000.0,3880000.0,0.0,549000.0,0.0,-2716000.0,7164000.0,0.0,-999000.0,6824000.0,0.0,0.30173,0.30173,22616193.0,22616193.0,https://www.sec.gov/Archives/edgar/data/716634/000071663409000030/0000716634-09-000030-index.html,https://www.sec.gov/Archives/edgar/data/716634/000071663409000030/form10q.htm,1620597132,17:52:12,20210509
49,2009-03-31,RDIB,USD,2009-05-14 00:00:00,2009-05-14 11:36:42,Q1,0.0,0.0,0.0,0.0,0.0,0.0,0.0,-795000.0,8272000.0,4435000.0,4907000.0,3837000.0,5499000.0,0.0,1662000.0,0.0,-795000.0,-3523000.0,0.0,-351000.0,-3155000.0,0.0,-0.13976,-0.13976,22573737.0,22573737.0,https://www.sec.gov/Archives/edgar/data/716634/000071663409000023/0000716634-09-000023-index.html,https://www.sec.gov/Archives/edgar/data/716634/000071663409000023/form10q.htm,1620597132,17:52:12,20210509
50,2008-12-31,RDIB,USD,2009-03-16 00:00:00,2009-03-16 16:52:23,Q4,191286000.0,0.0,191286000.0,1.0,0.0,0.0,0.0,174428000.0,17525000.0,181869000.0,6088000.0,-14786000.0,-23276000.0,-0.12168167037838629,-8490000.0,-0.04438380226467175,-1042000.0,-15440000.0,-0.08071683238710622,-586000.0,-16529000.0,-0.086409878401974,-0.73536,-0.73536,22477471.0,22477471.0,https://www.sec.gov/Archives/edgar/data/716634/000071663409000010/0000716634-09-000010-index.html,https://www.sec.gov/Archives/edgar/data/716634/000071663409000010/form10k.htm,1620597132,17:52:12,20210509
51,2008-09-30,RDIB,USD,2008-11-07 00:00:00,2008-11-07 15:18:28,Q3,0.0,0.0,0.0,0.0,0.0,0.0,0.0,0.0,9274000.0,13993000.0,10661000.0,5100000.0,9014000.0,0.0,3914000.0,0.0,2033000.0,-3885000.0,0.0,-1513000.0,-2006000.0,0.0,-0.08925,-0.08925,22476514.0,22476514.0,https://www.sec.gov/Archives/edgar/data/716634/000071663408000031/0000716634-08-000031-index.html,https://www.sec.gov/Archives/edgar/data/716634/000071663408000031/form10q.htm,1620597132,17:52:12,20210509
52,2008-06-30,RDIB,USD,2008-08-07 00:00:00,2008-08-06 17:35:55,Q2,0.0,0.0,0.0,0.0,0.0,0.0,0.0,3045000.0,10437000.0,9597000.0,6479000.0,5529000.0,6404000.0,0.0,875000.0,0.0,3045000.0,-1956000.0,0.0,-824000.0,56000.0,0.0,0.00249,0.00249,22476355.0,22476355.0,https://www.sec.gov/Archives/edgar/data/716634/000071663408000027/0000716634-08-000027-index.html,https://www.sec.gov/Archives/edgar/data/716634/000071663408000027/form10q.htm,1620597132,17:52:12,20210509
53,2008-03-31,RDIB,USD,2008-05-19 00:00:00,2008-05-19 17:00:30,Q1,0.0,0.0,0.0,0.0,0.0,0.0,0.0,1377000.0,8570000.0,4688000.0,3075000.0,3882000.0,5518000.0,0.0,1636000.0,0.0,1377000.0,175000.0,0.0,-417000.0,-226000.0,0.0,-0.01006,-0.01006,22476355.0,22476355.0,https://www.sec.gov/Archives/edgar/data/716634/000071663408000021/0000716634-08-000021-index.html,https://www.sec.gov/Archives/edgar/data/716634/000071663408000021/form10q.htm,1620597132,17:52:12,20210509
54,2007-12-31,RDIB,USD,2008-03-28,2008-03-28 15:02:11,Q4,119235000.0,0.0,119235000.0,1.0,0.0,0.0,0.0,97566000.0,7648000.0,102661000.0,2435000.0,-8933000.0,-8922000.0,-0.07482702226695181,11000.0,9.225479095903049e-05,-755000.0,-2939000.0,-0.024648802784417327,-595000.0,-3961000.0,-0.03322011154442907,-0.17622,-0.17622,22478145.0,22478145.0,https://www.sec.gov/Archives/edgar/data/716634/000071663408000009/0000716634-08-000009-index.htm,https://www.sec.gov/Archives/edgar/data/716634/000071663408000009/form10k.htm,1620597132,17:52:12,20210509
55,2007-09-30,RDIB,USD,2007-11-09 00:00:00,2007-11-09 13:20:50,Q3,0.0,0.0,0.0,0.0,0.0,0.0,0.0,435000.0,6787000.0,11425000.0,6526000.0,2917000.0,8055000.0,0.0,5138000.0,0.0,435000.0,-580000.0,0.0,-1443000.0,1858000.0,0.0,8e-05,8e-05,22486395000.0,22486395000.0,https://www.sec.gov/Archives/edgar/data/716634/000071663407000035/0000716634-07-000035-index.html,https://www.sec.gov/Archives/edgar/data/716634/000071663407000035/form10q.htm,1620597132,17:52:12,20210509
56,2007-06-30,RDIB,USD,2007-08-08 00:00:00,2007-08-08 17:30:00,Q2,0.0,0.0,0.0,0.0,0.0,0.0,0.0,-271000.0,6926000.0,7555000.0,3930000.0,3048000.0,5676000.0,0.0,2628000.0,0.0,-271000.0,-1529000.0,0.0,-942000.0,988000.0,0.0,0.04394,0.04394,22485480.0,22485480.0,https://www.sec.gov/Archives/edgar/data/716634/000071663407000025/0000716634-07-000025-index.html,https://www.sec.gov/Archives/edgar/data/716634/000071663407000025/form10q.htm,1620597132,17:52:12,20210509
57,2007-03-31,RDIB,USD,2007-05-10 00:00:00,2007-05-10 13:28:29,Q1,0.0,0.0,0.0,0.0,0.0,0.0,0.0,-736000.0,6643000.0,3675000.0,1895000.0,2968000.0,4178000.0,0.0,1210000.0,0.0,0.0,-1461000.0,0.0,-499000.0,-646000.0,0.0,-0.02873,-0.02873,22482804.0,22482804.0,https://www.sec.gov/Archives/edgar/data/716634/000071663407000019/0000716634-07-000019-index.html,https://www.sec.gov/Archives/edgar/data/716634/000071663407000019/form10q.htm,1620597132,17:52:12,20210509
58,2006-12-31,RDIB,USD,2007-03-30,2007-03-29 18:04:30,Q4,106125000.0,0.0,106125000.0,1.0,0.0,0.0,0.0,90719000.0,6751000.0,94221000.0,1699000.0,-9963000.0,-1103000.0,-0.010393404004711426,8860000.0,0.08348645465253239,-1008000.0,-171000.0,-0.0016113074204946996,-3492000.0,1144000.0,0.010779740871613663,0.05101,0.05101,22425941.0,22425941.0,https://www.sec.gov/Archives/edgar/data/716634/000071663407000012/0000716634-07-000012-index.htm,https://www.sec.gov/Archives/edgar/data/716634/000071663407000012/form10k.htm,1620597132,17:52:12,20210509
59,2006-09-30,RDIB,USD,2006-11-07,2006-11-07 17:02:34,Q3,0.0,0.0,0.0,0.0,0.0,0.0,0.0,0.0,6432000.0,9489000.0,5217000.0,3386000.0,-3059000.0,0.0,-6445000.0,0.0,-945000.0,-6020000.0,0.0,1222000.0,2712000.0,0.0,0.12093,0.12093,22425941.0,22425941.0,https://www.sec.gov/Archives/edgar/data/716634/000071663406000014/0000716634-06-000014-index.htm,https://www.sec.gov/Archives/edgar/data/716634/000071663406000014/form10q.htm,1620597132,17:52:12,20210509
60,2006-06-30,RDIB,USD,2006-08-09,2006-08-09 12:47:16,Q2,0.0,0.0,0.0,0.0,0.0,0.0,0.0,0.0,6413000.0,6441000.0,3382000.0,3337000.0,3685000.0,0.0,348000.0,0.0,-1154000.0,-4101000.0,0.0,681000.0,-3380000.0,0.0,-0.15068,-0.15068,22431834.0,22431834.0,https://www.sec.gov/Archives/edgar/data/716634/000071663406000007/0000716634-06-000007-index.htm,https://www.sec.gov/Archives/edgar/data/716634/000071663406000007/form10q.htm,1620597132,17:52:12,20210509
61,2006-03-31,RDIB,USD,2006-05-10,2006-05-10 16:07:26,Q1,0.0,0.0,0.0,0.0,0.0,0.0,0.0,-1156000.0,6607000.0,3367000.0,1845000.0,3240000.0,-37000.0,0.0,-3277000.0,0.0,0.0,-3197000.0,0.0,337000.0,-3147000.0,0.0,-0.14018,-0.14018,22450007.0,22450007.0,https://www.sec.gov/Archives/edgar/data/716634/000095012906005275/0000950129-06-005275-index.htm,https://www.sec.gov/Archives/edgar/data/716634/000095012906005275/a20278e10vq.htm,1620597132,17:52:12,20210509
62,2005-12-31,RDIB,USD,2006-03-16,2006-03-16 17:11:01,Q4,101070000.0,0.0,101070000.0,1.0,0.0,0.0,0.0,90195000.0,6743000.0,93963000.0,1217000.0,2975000.0,646000.0,0.006391609775403186,-2329000.0,-0.02304343524290096,22000.0,-2309000.0,-0.022845552587315722,566000.0,10149000.0,0.100415553576729,0.45614,0.45614,22249967.0,22249967.0,https://www.sec.gov/Archives/edgar/data/716634/000095012906002759/0000950129-06-002759-index.htm,https://www.sec.gov/Archives/edgar/data/716634/000095012906002759/a18602e10vk.htm,1620597132,17:52:12,20210509
63,2005-09-30,RDIB,USD,2005-11-09,2005-11-09 14:23:44,Q3,0.0,0.0,0.0,0.0,0.0,0.0,0.0,0.0,8842000.0,13479000.0,3465000.0,3243000.0,-5833000.0,0.0,-9076000.0,0.0,29000.0,-8517000.0,0.0,643000.0,-9160000.0,0.0,-0.4132,-0.4132,22168652.0,22168652.0,https://www.sec.gov/Archives/edgar/data/716634/000095012905010795/0000950129-05-010795-index.htm,https://www.sec.gov/Archives/edgar/data/716634/000095012905010795/a14309e10vq.htm,1620597132,17:52:12,20210509
64,2005-06-30,RDIB,USD,2005-08-09,2005-08-09 14:49:52,Q2,0.0,0.0,0.0,0.0,0.0,0.0,0.0,0.0,7135000.0,7879000.0,1683000.0,2883000.0,-1388000.0,0.0,-4271000.0,0.0,292000.0,-3852000.0,0.0,453000.0,8097000.0,0.0,0.36825,0.36825,21988031.0,21988031.0,https://www.sec.gov/Archives/edgar/data/716634/000095012905007995/0000950129-05-007995-index.htm,https://www.sec.gov/Archives/edgar/data/716634/000095012905007995/a11569e10vq.htm,1620597132,17:52:12,20210509
65,2005-03-31,RDIB,USD,2005-05-10,2005-05-10 15:24:41,Q1,0.0,0.0,0.0,0.0,0.0,0.0,0.0,-271000.0,7224000.0,3941000.0,939000.0,3283000.0,631000.0,0.0,-2652000.0,0.0,-271000.0,-2515000.0,0.0,233000.0,-2403000.0,0.0,-0.11,-0.11,21845454.0,21845454.0,https://www.sec.gov/Archives/edgar/data/716634/000095012905005037/0000950129-05-005037-index.htm,https://www.sec.gov/Archives/edgar/data/716634/000095012905005037/a09009e10vq.htm,1620597132,17:52:12,20210509
66,2004-12-31,RDIB,USD,2005-03-25,2005-03-25 17:25:07,Q4,102982000.0,0.0,102982000.0,1.0,0.0,0.0,0.0,95680000.0,8527000.0,97601000.0,7952000.0,3622000.0,-2272000.0,-0.022062107941193607,-5894000.0,-0.05723330290730419,3982000.0,-5894000.0,-0.05723330290730419,284000.0,-4365000.0,-0.042386048047231555,-0.19888,-0.19888,21948065.0,21948065.0,https://www.sec.gov/Archives/edgar/data/716634/000095012905002846/0000950129-05-002846-index.htm,https://www.sec.gov/Archives/edgar/data/716634/000095012905002846/a06859e10vk.htm,1620597132,17:52:12,20210509
67,2004-09-30,RDIB,USD,2004-11-09,2004-11-09 15:59:29,Q3,0.0,0.0,0.0,0.0,0.0,0.0,0.0,-2984000.0,7481000.0,11333000.0,-3190000.0,3320000.0,229000.0,0.0,-3091000.0,0.0,-2984000.0,-3091000.0,0.0,762000.0,-4098000.0,0.0,-0.18713,-0.18713,21899290.0,21899290.0,https://www.sec.gov/Archives/edgar/data/716634/000095012904008768/0000950129-04-008768-index.htm,https://www.sec.gov/Archives/edgar/data/716634/000095012904008768/a03122e10vq.htm,1620597132,17:52:12,20210509
68,2004-06-30,RDIB,USD,2004-08-09,2004-08-09 13:50:39,Q2,0.0,0.0,0.0,0.0,0.0,0.0,0.0,0.0,6578000.0,7171000.0,-2100000.0,2916000.0,1524000.0,0.0,-1392000.0,0.0,-2753000.0,-1392000.0,0.0,435000.0,-1827000.0,0.0,-0.08343,-0.08343,21899290.0,21899290.0,https://www.sec.gov/Archives/edgar/data/716634/000095012904005778/0000950129-04-005778-index.htm,https://www.sec.gov/Archives/edgar/data/716634/000095012904005778/a00988e10vq.htm,1620597132,17:52:12,20210509
69,2004-03-31,RDIB,USD,2004-05-10,2004-05-07 18:43:41,Q1,0.0,0.0,0.0,0.0,0.0,0.0,0.0,-1191000.0,6550000.0,3509000.0,-1029000.0,3041000.0,1974000.0,0.0,-1067000.0,0.0,-1191000.0,-1067000.0,0.0,301000.0,-1353000.0,0.0,-0.06178,-0.06178,21899290.0,21899290.0,https://www.sec.gov/Archives/edgar/data/716634/000095015004000504/0000950150-04-000504-index.htm,https://www.sec.gov/Archives/edgar/data/716634/000095015004000504/a98813e10vq.htm,1620597132,17:52:12,20210509
70,2003-12-31,RDIB,USD,2004-03-15,2004-03-15 16:10:04,Q4,0.0,0.0,0.0,0.0,0.0,0.0,0.0,2824000.0,8132000.0,13502000.0,4231000.0,-7516000.0,-12484000.0,0.0,-4968000.0,0.0,2824000.0,-4968000.0,0.0,711000.0,-5928000.0,0.0,-0.27118,-0.27118,21860222.0,21860222.0,https://www.sec.gov/Archives/edgar/data/716634/000095012904001315/0000950129-04-001315-index.htm,https://www.sec.gov/Archives/edgar/data/716634/000095012904001315/a97336e10vk.htm,1620597132,17:52:12,20210509
71,2003-09-30,RDIB,USD,2003-11-14,2003-11-14 14:07:18,Q3,0.0,0.0,0.0,0.0,0.0,0.0,0.0,-2761000.0,6107000.0,9857000.0,-2918000.0,2559000.0,274000.0,0.0,-2285000.0,0.0,-2761000.0,-2285000.0,0.0,607000.0,-3070000.0,0.0,-0.14052,-0.14052,21847468.0,21847468.0,https://www.sec.gov/Archives/edgar/data/716634/000095015003001354/0000950150-03-001354-index.htm,https://www.sec.gov/Archives/edgar/data/716634/000095015003001354/a94399e10vq.htm,1620597132,17:52:12,20210509
72,2003-06-30,RDIB,USD,2003-08-14,2003-08-13 20:19:00,Q2,0.0,0.0,0.0,0.0,0.0,0.0,0.0,0.0,5371000.0,6310000.0,-1927000.0,2460000.0,2414000.0,0.0,-46000.0,0.0,-2872000.0,-46000.0,0.0,285000.0,-527000.0,0.0,-0.02415,-0.02415,21821142.0,21821142.0,https://www.sec.gov/Archives/edgar/data/716634/000095015003000917/0000950150-03-000917-index.htm,https://www.sec.gov/Archives/edgar/data/716634/000095015003000917/a92465e10vq.htm,1620597132,17:52:12,20210509
73,2003-03-31,RDIB,USD,2003-05-13,2003-05-13 12:07:00,Q1,0.0,0.0,0.0,0.0,0.0,0.0,0.0,132000.0,5896000.0,3399000.0,-919000.0,2497000.0,508000.0,0.0,-1989000.0,0.0,132000.0,-1989000.0,0.0,0.0,-1945000.0,0.0,-0.08913,-0.08913,21821142.0,21821142.0,https://www.sec.gov/Archives/edgar/data/716634/000095015003000576/0000950150-03-000576-index.htm,https://www.sec.gov/Archives/edgar/data/716634/000095015003000576/a89992e10vq.htm,1620597132,17:52:12,20210509
74,2002-12-31,RDIB,USD,2003-03-28,2003-03-28 16:49:59,Q4,0.0,0.0,0.0,0.0,0.0,0.0,0.0,-55000.0,7378000.0,14221000.0,3288000.0,3182000.0,-4305000.0,0.0,-7487000.0,0.0,-55000.0,-7487000.0,0.0,6000.0,-7954000.0,0.0,-0.36451,-0.36451,21821236.0,21821236.0,https://www.sec.gov/Archives/edgar/data/716634/000095015003000386/0000950150-03-000386-index.htm,https://www.sec.gov/Archives/edgar/data/716634/000095015003000386/a88762e10vk.htm,1620597132,17:52:12,20210509
75,2002-09-30,RDIB,USD,2002-11-14,2002-11-14 14:55:12,Q3,0.0,0.0,0.0,0.0,0.0,10025000.0,0.0,-1185000.0,5499000.0,10025000.0,-2526000.0,2078000.0,1751000.0,0.0,-327000.0,0.0,-1185000.0,-4358000.0,0.0,-372000.0,-3896000.0,0.0,-0.17854,-0.17854,21821265.0,21821265.0,https://www.sec.gov/Archives/edgar/data/716634/000095015002001056/0000950150-02-001056-index.htm,https://www.sec.gov/Archives/edgar/data/716634/000095015002001056/a85978e10vq.htm,1620597132,17:52:12,20210509
76,2002-06-30,RDIB,USD,2002-08-14 00:00:00,2002-08-14 13:01:18,Q2,0.0,0.0,0.0,0.0,0.0,6604000.0,0.0,0.0,5307000.0,6604000.0,-1526000.0,1963000.0,1945000.0,0.0,-18000.0,0.0,-1084000.0,-2149000.0,0.0,63000.0,-2299000.0,0.0,-0.10536,-0.10536,21821324.0,21821324.0,https://www.sec.gov/Archives/edgar/data/716634/000095015002000766/0000950150-02-000766-index.html,https://www.sec.gov/Archives/edgar/data/716634/000095015002000766/a83671e10vq.htm,1620597132,17:52:12,20210509
77,2002-03-31,RDIB,USD,2002-05-15 00:00:00,2002-05-15 15:03:20,Q1,0.0,0.0,0.0,0.0,0.0,3260000.0,0.0,-738000.0,4742000.0,3260000.0,-618000.0,1482000.0,825000.0,0.0,-657000.0,0.0,-738000.0,-657000.0,0.0,-135000.0,-857000.0,0.0,-0.03927,-0.03927,21821324.0,21821324.0,https://www.sec.gov/Archives/edgar/data/716634/000095015002000501/0000950150-02-000501-index.html,https://www.sec.gov/Archives/edgar/data/716634/000095015002000501/a81610e10-q.htm,1620597132,17:52:12,20210509
