,date,symbol,reportedCurrency,fillingDate,acceptedDate,period,revenue,costOfRevenue,grossProfit,grossProfitRatio,researchAndDevelopmentExpenses,generalAndAdministrativeExpenses,sellingAndMarketingExpenses,otherExpenses,operatingExpenses,costAndExpenses,interestExpense,depreciationAndAmortization,ebitda,ebitdaratio,operatingIncome,operatingIncomeRatio,totalOtherIncomeExpensesNet,incomeBeforeTax,incomeBeforeTaxRatio,incomeTaxExpense,netIncome,netIncomeRatio,eps,epsdiluted,weightedAverageShsOut,weightedAverageShsOutDil,link,finalLink,timestamp,est_time,est_date
0,2020-12-31,MX,USD,2021-03-09,2021-03-09 06:12:14,Q4,142945000.0,104484000.0,38461000.0,0.2690615271607961,11604000.0,12576000.0,0.0,767000.0,23626000.0,128110000.0,1625000.0,3148000.0,17983000.0,0.12580363076707823,14835000.0,0.10378117457763475,7628000.0,20838000.0,0.14577634754625904,-47064000.0,66581000.0,0.4657805449648466,1.87,1.45,35582966,47062903,https://www.sec.gov/Archives/edgar/data/1325702/000119312521073817/0001193125-21-073817-index.htm,https://www.sec.gov/Archives/edgar/data/1325702/000119312521073817/d846606d10k.htm,1620595444,17:24:04,20210509
1,2020-09-30,MX,USD,2020-11-06,2020-11-06 06:22:06,Q3,124813000.0,96225000.0,28588000.0,0.22904665379407593,12477000.0,12888000.0,0.0,714000.0,25365000.0,121590000.0,5485000.0,2854000.0,6077000.0,0.04868883850239959,3223000.0,0.02582263065546057,9578000.0,7316000.0,0.05861568907084999,-1145000.0,272962000.0,2.1869677036847124,7.74,5.89,35280864,46581788,https://www.sec.gov/Archives/edgar/data/1325702/000119312520287329/0001193125-20-287329-index.htm,https://www.sec.gov/Archives/edgar/data/1325702/000119312520287329/d94454d10q.htm,1620595444,17:24:04,20210509
2,2020-06-30,MX,USD,2020-08-07,2020-08-07 06:40:36,Q2,118828000.0,86690000.0,32138000.0,0.27045814117884676,11108000.0,12408000.0,0.0,791000.0,23516000.0,110206000.0,5430000.0,2544000.0,11166000.0,0.09396775170835156,8622000.0,0.07255865620897431,9260000.0,12452000.0,0.10479011680748646,678000.0,29171000.0,0.2454892786212004,0.84,0.65,35092312,46474237,https://www.sec.gov/Archives/edgar/data/1325702/000119312520212439/0001193125-20-212439-index.htm,https://www.sec.gov/Archives/edgar/data/1325702/000119312520212439/d53649d10q.htm,1620595444,17:24:04,20210509
3,2020-03-31,MX,USD,2020-05-11,2020-05-11 16:13:09,Q1,120473000.0,91343000.0,29130000.0,0.24179691715156093,10509000.0,12656000.0,0.0,838000.0,23165000.0,114508000.0,5607000.0,7935000.0,13900000.0,0.1153785495505217,5965000.0,0.049513168925817405,-30133000.0,-29775000.0,-0.24715081387530816,1303000.0,-23749000.0,-0.19713130742988055,-0.68,-0.68,34893157,34893157,https://www.sec.gov/Archives/edgar/data/1325702/000119312520139052/0001193125-20-139052-index.htm,https://www.sec.gov/Archives/edgar/data/1325702/000119312520044746/d878295d10k.htm,1620595444,17:24:04,20210509
4,2019-12-31,MX,USD,2020-02-21,2020-02-21 16:17:12,Q4,199993000.0,146789000.0,53204000.0,0.2660293110258859,18981000.0,19780000.0,0.0,866000.0,38761000.0,185550000.0,5655000.0,8068000.0,22511000.0,0.11255893956288471,14443000.0,0.07221752761346648,16278000.0,25066000.0,0.1253343867035346,1640000.0,23426000.0,0.11713409969348927,0.68,0.54,34542415,46078768,https://www.sec.gov/Archives/edgar/data/1325702/000119312520044746/0001193125-20-044746-index.htm,https://www.sec.gov/Archives/edgar/data/1325702/000119312520044746/d878295d10k.htm,1620595444,17:24:04,20210509
5,2019-09-30,MX,USD,2019-11-07,2019-11-07 06:17:18,Q3,229677000.0,168811000.0,60866000.0,0.26500694453515156,17368000.0,16812000.0,0.0,785000.0,34180000.0,202991000.0,5656000.0,8156000.0,34842000.0,0.15169999608145351,26686000.0,0.1161892570871267,-21183000.0,-153000.0,-0.0006661529016836689,1454000.0,-1607000.0,-0.006996782437945463,-0.05,-0.05,34357745,34357745,https://www.sec.gov/Archives/edgar/data/1325702/000119312519286524/0001193125-19-286524-index.htm,https://www.sec.gov/Archives/edgar/data/1325702/000119312519286524/d811675d10q.htm,1620595444,17:24:04,20210509
6,2019-06-30,MX,USD,2019-08-08,2019-08-08 06:18:46,Q2,205145000.0,161305000.0,43840000.0,0.21370250310755806,18989000.0,16975000.0,0.0,656000.0,35964000.0,197269000.0,5679000.0,8202000.0,16078000.0,0.07837383314241146,7876000.0,0.03839235662580126,-10905000.0,-8708000.0,-0.0424480245679885,812000.0,-9520000.0,-0.04640620049233469,-0.28,-0.28,34245127,34245127,https://www.sec.gov/Archives/edgar/data/1325702/000119312519215952/0001193125-19-215952-index.htm,https://www.sec.gov/Archives/edgar/data/1325702/000119312519215952/d764110d10q.htm,1620595444,17:24:04,20210509
7,2019-03-31,MX,USD,2019-05-10,2019-05-10 06:19:17,Q1,157380000.0,134679000.0,22701000.0,0.14424323293938238,20018000.0,18070000.0,0.0,673000.0,38088000.0,172767000.0,5637000.0,8303000.0,-7084000.0,-0.045012072690303724,-15387000.0,-0.0977697293175753,-12260000.0,-33284000.0,-0.21148811793112213,841000.0,-34125000.0,-0.21683187190240183,-1.0,-1.0,34194878,34194878,https://www.sec.gov/Archives/edgar/data/1325702/000119312519143565/0001193125-19-143565-index.htm,https://www.sec.gov/Archives/edgar/data/1325702/000119312519048327/d695091d10k.htm,1620595444,17:24:04,20210509
8,2018-12-31,MX,USD,2019-02-22,2019-02-22 16:18:12,Q4,179394000.0,135482000.0,43912000.0,0.24477964703390304,18536000.0,17516000.0,0.0,555000.0,36052000.0,171534000.0,5743000.0,8165000.0,16025000.0,0.08932851711874422,7860000.0,0.04381417438710325,-3967000.0,-1850000.0,-0.010312496516048474,530000.0,-2380000.0,-0.013266887409835334,-0.07,-0.07,34627292,34627292,https://www.sec.gov/Archives/edgar/data/1325702/000119312519048327/0001193125-19-048327-index.htm,https://www.sec.gov/Archives/edgar/data/1325702/000119312519048327/d695091d10k.htm,1620595444,17:24:04,20210509
9,2018-09-30,MX,USD,2018-11-07,2018-11-07 16:17:15,Q3,206000000.0,150251000.0,55749000.0,0.270626213592233,18918000.0,18566000.0,0.0,150000.0,37484000.0,187735000.0,5587000.0,7913000.0,26178000.0,0.1270776699029126,18265000.0,0.08866504854368933,6152000.0,18830000.0,0.09140776699029127,1608000.0,17222000.0,0.08360194174757282,0.5,0.41,34573377,46021610,https://www.sec.gov/Archives/edgar/data/1325702/000119312518320929/0001193125-18-320929-index.htm,https://www.sec.gov/Archives/edgar/data/1325702/000119312518320929/d628972d10q.htm,1620595444,17:24:04,20210509
10,2018-06-30,MX,USD,2018-08-09,2018-08-09 06:25:47,Q2,199685000.0,145831000.0,53854000.0,0.269694769261587,21005000.0,18935000.0,0.0,-960000.0,39940000.0,185771000.0,5489000.0,8012000.0,21926000.0,0.10980293962991712,13914000.0,0.06967974559931893,-28409000.0,-19984000.0,-0.10007762225505171,1521000.0,-21505000.0,-0.10769461902496431,-0.62,-0.62,34420654,34420654,https://www.sec.gov/Archives/edgar/data/1325702/000119312518243413/0001193125-18-243413-index.htm,https://www.sec.gov/Archives/edgar/data/1325702/000119312518243413/d452736d10q.htm,1620595444,17:24:04,20210509
11,2018-03-31,MX,USD,2018-05-09,2018-05-09 06:03:25,Q1,165819000.0,121238000.0,44581000.0,0.26885338833306194,19580000.0,17622000.0,0.0,519000.0,37202000.0,158440000.0,5463000.0,7958000.0,15337000.0,0.0924924164299628,7379000.0,0.04450032867162388,1837000.0,3753000.0,0.022633112007671013,990000.0,2763000.0,0.01666274672986811,0.0806642059461402,0.0785954808366553,34253111,35154693,https://www.sec.gov/Archives/edgar/data/1325702/000119312518156480/0001193125-18-156480-index.htm,https://www.sec.gov/Archives/edgar/data/1325702/000119312518054078/d527108d10k.htm,1620595444,17:24:04,20210509
12,2017-12-31,MX,USD,2018-02-22,2018-02-22 16:18:24,Q4,174580000.0,125229000.0,49351000.0,0.28268415626074006,18083000.0,23631000.0,0.0,1006000.0,41714000.0,166943000.0,5460000.0,7457000.0,15094000.0,0.08645893000343682,7637000.0,0.04374498797113072,40303000.0,42480000.0,0.2433268415626074,-1173000.0,43653000.0,0.2500458242639478,1.28,0.99,34176812,45573889,https://www.sec.gov/Archives/edgar/data/1325702/000119312518054078/0001193125-18-054078-index.htm,https://www.sec.gov/Archives/edgar/data/1325702/000119312518054078/d527108d10k.htm,1620595444,17:24:04,20210509
13,2017-09-30,MX,USD,2017-11-08,2017-11-08 06:18:57,Q3,176697000.0,126387000.0,50310000.0,0.28472469821219376,17554000.0,17266000.0,0.0,198000.0,34820000.0,161207000.0,5485000.0,7158000.0,22648000.0,0.12817421914350555,15490000.0,0.08766419350639795,-3464000.0,6541000.0,0.03701817235153964,937000.0,5604000.0,0.031715309258221705,0.16,0.15,34103029,45542418,https://www.sec.gov/Archives/edgar/data/1325702/000119312517336422/0001193125-17-336422-index.htm,https://www.sec.gov/Archives/edgar/data/1325702/000119312517336422/d476448d10q.htm,1620595444,17:24:04,20210509
14,2017-06-30,MX,USD,2017-08-04,2017-08-04 16:32:14,Q2,166685000.0,120023000.0,46662000.0,0.2799412064672886,16928000.0,17730000.0,0.0,83000.0,34658000.0,154681000.0,5441000.0,6773000.0,18777000.0,0.11264960854306026,12004000.0,0.07201607823139454,-14084000.0,-7521000.0,-0.045121036685964545,538000.0,-8059000.0,-0.04834868164501905,-0.24,-0.24,33952574,33952574,https://www.sec.gov/Archives/edgar/data/1325702/000119312517248789/0001193125-17-248789-index.htm,https://www.sec.gov/Archives/edgar/data/1325702/000119312517248789/d397413d10q.htm,1620595444,17:24:04,20210509
15,2017-03-31,MX,USD,2017-05-09,2017-05-09 16:07:10,Q1,161710000.0,120140000.0,41570000.0,0.25706511656669345,17958000.0,23148000.0,0.0,1611000.0,41106000.0,161246000.0,5173000.0,6758000.0,7222000.0,0.04466019417475728,464000.0,0.002869333992950343,49300000.0,44591000.0,0.27574670706820853,853000.0,43738000.0,0.27047183229237526,1.3,1.05,33662297,42892044,https://www.sec.gov/Archives/edgar/data/1325702/000119312517164171/0001193125-17-164171-index.htm,https://www.sec.gov/Archives/edgar/data/1325702/000119312517050458/d298174d10k.htm,1620595444,17:24:04,20210509
16,2016-12-31,MX,USD,2017-02-21,2017-02-21 16:32:20,Q4,180462000.0,134373000.0,46089000.0,0.25539448748212923,17748000.0,23112000.0,0.0,561000.0,40860000.0,175233000.0,4053000.0,6625000.0,11854000.0,0.06568695902738526,5229000.0,0.028975629218339596,-49067000.0,-47891000.0,-0.26537996919018964,1899000.0,-49790000.0,-0.2759029601799825,-1.42,-1.42,35068330,35068330,https://www.sec.gov/Archives/edgar/data/1325702/000119312517050458/0001193125-17-050458-index.htm,https://www.sec.gov/Archives/edgar/data/1325702/000119312517050458/d298174d10k.htm,1620595444,17:24:04,20210509
17,2016-09-30,MX,USD,2016-11-02,2016-11-02 16:32:02,Q3,192296000.0,153157000.0,39139000.0,0.20353517493863627,18439000.0,20082000.0,0.0,887000.0,38521000.0,191678000.0,4055000.0,6539000.0,7157000.0,0.037218662894704,618000.0,0.0032137953987602446,34061000.0,30624000.0,0.1592544826725465,758000.0,29866000.0,0.15531264300869493,0.86,0.85,34849805,35302706,https://www.sec.gov/Archives/edgar/data/1325702/000119312516757126/0001193125-16-757126-index.htm,https://www.sec.gov/Archives/edgar/data/1325702/000119312516757126/d274043d10q.htm,1620595444,17:24:04,20210509
18,2016-06-30,MX,USD,2016-08-05,2016-08-05 16:32:07,Q2,167106000.0,130357000.0,36749000.0,0.2199143058896748,18178000.0,25948000.0,0.0,1007000.0,44126000.0,174483000.0,4073000.0,6228000.0,-1149000.0,-0.006875875192991275,-7377000.0,-0.04414563211374816,-6094000.0,-17544000.0,-0.10498725359951169,272000.0,-17816000.0,-0.10661496295764365,-0.51,-0.51,34716081,34716081,https://www.sec.gov/Archives/edgar/data/1325702/000119312516673542/0001193125-16-673542-index.htm,https://www.sec.gov/Archives/edgar/data/1325702/000119312516673542/d169579d10q.htm,1620595444,17:24:04,20210509
19,2016-03-31,MX,USD,2016-05-06,2016-05-06 06:22:09,Q1,148105000.0,113856000.0,34249000.0,0.231248101009419,17815000.0,19952000.0,0.0,535000.0,37767000.0,151623000.0,4057000.0,6024000.0,2506000.0,0.01692042807467675,-3518000.0,-0.023753418183045813,16515000.0,8940000.0,0.06036258060160021,815000.0,8125000.0,0.05485972789574964,0.2341572517679521,0.23268422691331442,34698904,34918568,https://www.sec.gov/Archives/edgar/data/1325702/000119312516580819/0001193125-16-580819-index.htm,https://www.sec.gov/Archives/edgar/data/1325702/000119312516470674/d103672d10k.htm,1620595444,17:24:04,20210509
20,2015-12-31,MX,USD,2016-02-22,2016-02-22 06:13:37,Q4,152430000.0,122528000.0,29902000.0,0.1961687331890048,18879000.0,18653000.0,0.0,617000.0,37532000.0,160060000.0,4081000.0,6424000.0,-1206000.0,-0.00791182838024011,-7630000.0,-0.05005576330118743,17697000.0,5986000.0,0.039270484812700915,-16868000.0,22854000.0,0.1499311159220626,0.6586399284332125,0.6583694182421508,34698777,34713034,https://www.sec.gov/Archives/edgar/data/1325702/000119312516470674/0001193125-16-470674-index.htm,https://www.sec.gov/Archives/edgar/data/1325702/000119312516470674/d103672d10k.htm,1620595444,17:24:04,20210509
21,2015-09-30,MX,USD,2015-11-06,2015-11-06 16:38:47,Q3,154382000.0,119683000.0,34699000.0,0.2247606586260056,20450000.0,22107000.0,0.0,256000.0,42557000.0,162240000.0,4075000.0,6399000.0,-1459000.0,-0.00945058361726108,-7858000.0,-0.05089971628816831,-43883000.0,-55816000.0,-0.3615447396717234,1250000.0,-57066000.0,-0.3696415385213302,-1.65,-1.65,34664246,34664246,https://www.sec.gov/Archives/edgar/data/1325702/000119312515370252/0001193125-15-370252-index.htm,https://www.sec.gov/Archives/edgar/data/1325702/000119312515370252/d78736d10q.htm,1620595444,17:24:04,20210509
22,2015-06-30,MX,USD,2015-08-07,2015-08-07 16:17:43,Q2,162015000.0,126729000.0,35286000.0,0.21779464864364412,21931000.0,28588000.0,0.0,234000.0,50519000.0,177248000.0,3933000.0,6797000.0,-8436000.0,-0.05206925284695862,-15233000.0,-0.09402215844211956,-12062000.0,-31228000.0,-0.19274758510014506,-602000.0,-30626000.0,-0.18903187976421937,-0.9,-0.9,34092402,34092402,https://www.sec.gov/Archives/edgar/data/1325702/000119312515283105/0001193125-15-283105-index.htm,https://www.sec.gov/Archives/edgar/data/1325702/000119312515283105/d21231d10q.htm,1620595444,17:24:04,20210509
23,2015-03-31,MX,USD,2015-06-05,2015-05-28 16:06:45,Q1,164885000.0,129908000.0,34977000.0,0.21212966613093975,22160000.0,25030000.0,0.0,556000.0,47190000.0,177098000.0,4063000.0,6870000.0,-5343000.0,-0.03240440306880553,-12213000.0,-0.07406980622858356,-2620000.0,-18896000.0,-0.11460108560511872,1133000.0,-20029000.0,-0.12147254146829609,-0.59,-0.59,34056468,34056468,https://www.sec.gov/Archives/edgar/data/1325702/000119312515214944/0001193125-15-214944-index.htm,https://www.sec.gov/Archives/edgar/data/1325702/000119312515204040/d834273d10k.htm,1620595444,17:24:04,20210509
24,2014-12-31,MX,USD,2015-05-28,2015-05-28 16:06:45,Q4,167652000.0,133154000.0,34498000.0,0.20577147901605708,22147000.0,32491000.0,0.0,626000.0,54638000.0,187792000.0,4134000.0,7143000.0,-12997000.0,-0.07752368000381743,-20140000.0,-0.12012979266576003,-39803000.0,-64077000.0,-0.38220241929711546,-247000.0,-63830000.0,-0.38072912938706366,-1.8742401590206008,-1.8742401590206008,34056468,34056468,https://www.sec.gov/Archives/edgar/data/1325702/000119312515204040/0001193125-15-204040-index.htm,https://www.sec.gov/Archives/edgar/data/1325702/000119312515204040/d834273d10k.htm,1620595444,17:24:04,20210509
25,2014-09-30,MX,USD,2015-02-12,2015-02-12 16:20:27,Q3,194332000.0,151702000.0,42630000.0,0.2193668567194286,23422000.0,38690000.0,0.0,572000.0,62112000.0,213814000.0,4078000.0,7824000.0,-11658000.0,-0.059990120000823335,-19482000.0,-0.10025111664574028,-22936000.0,-46496000.0,-0.23926064672827943,311000.0,-46807000.0,-0.24086100076158326,-1.37,-1.37,34056359,34056359,https://www.sec.gov/Archives/edgar/data/1325702/000119312515046779/0001193125-15-046779-index.htm,https://www.sec.gov/Archives/edgar/data/1325702/000119312515046779/d834271d10q.htm,1620595444,17:24:04,20210509
26,2014-06-30,MX,USD,2015-02-12,2015-02-12 16:18:37,Q2,172070000.0,136613000.0,35457000.0,0.20606148660428894,24059000.0,30746000.0,0.0,597000.0,54805000.0,191418000.0,4007000.0,7754000.0,-11594000.0,-0.06737955483233568,-19348000.0,-0.11244261056546755,39021000.0,15666000.0,0.09104434241878305,656000.0,15010000.0,0.08723194048933573,0.44,0.43,34056359,35177915,https://www.sec.gov/Archives/edgar/data/1325702/000119312515046768/0001193125-15-046768-index.htm,https://www.sec.gov/Archives/edgar/data/1325702/000119312515046768/d834269d10q.htm,1620595444,17:24:04,20210509
27,2014-03-31,MX,USD,2015-02-12,2015-02-12 16:14:25,Q1,164164000.0,123887000.0,40277000.0,0.2453461172973368,23137000.0,25027000.0,0.0,561000.0,48164000.0,172051000.0,4070000.0,7268000.0,-619000.0,-0.003770619624278161,-7887000.0,-0.04804341999463951,-8845000.0,-20802000.0,-0.12671474866596819,803000.0,-21605000.0,-0.1316061986793694,-0.63,-0.63,34052875,34052875,https://www.sec.gov/Archives/edgar/data/1325702/000119312515046744/0001193125-15-046744-index.htm,https://www.sec.gov/Archives/edgar/data/1325702/000119312515046730/d655531d10k.htm,1620595444,17:24:04,20210509
28,2013-12-31,MX,USD,2015-02-12,2015-02-12 16:12:00,Q4,95766000.0,149377000.0,-53611000.0,-0.5598124595367876,24957000.0,26196000.0,0.0,2597000.0,51153000.0,200530000.0,4084000.0,7097000.0,-97667000.0,-1.019850468851158,-104764000.0,-1.0939581897541926,13859000.0,-94989000.0,-0.9918864732786167,12916000.0,-107905000.0,-1.1267568865776998,-3.1687486005219823,-3.1687486005219823,34052875,34052875,https://www.sec.gov/Archives/edgar/data/1325702/000119312515046730/0001193125-15-046730-index.htm,https://www.sec.gov/Archives/edgar/data/1325702/000119312515046730/d655531d10k.htm,1620595444,17:24:04,20210509
29,2013-09-30,MX,USD,2013-11-08,2013-11-08 06:17:18,Q3,217824000.0,145936000.0,71888000.0,0.33002791244307333,21192000.0,20071000.0,0.0,763000.0,41263000.0,187199000.0,4548000.0,8748000.0,39373000.0,0.18075602321140002,30625000.0,0.1405951593947407,11301000.0,37378000.0,0.1715972528279712,-9293000.0,46671000.0,0.21426013662406346,1.32,1.24,35443820,37493550,https://www.sec.gov/Archives/edgar/data/1325702/000119312513433908/0001193125-13-433908-index.htm,https://www.sec.gov/Archives/edgar/data/1325702/000119312513433908/d610148d10q.htm,1620595444,17:24:04,20210509
30,2013-06-30,MX,USD,2013-08-05,2013-08-05 06:07:07,Q2,215289000.0,144241000.0,71048000.0,0.33001221613737813,21131000.0,19709000.0,0.0,-230000.0,40840000.0,185081000.0,5879000.0,8359000.0,38567000.0,0.17914059705790822,30208000.0,0.140313717839741,-21208000.0,3121000.0,0.014496792683323347,-1315000.0,4436000.0,0.020604861372387814,0.13,0.12,35474001,37125005,https://www.sec.gov/Archives/edgar/data/1325702/000119312513318094/0001193125-13-318094-index.htm,https://www.sec.gov/Archives/edgar/data/1325702/000119312513318094/d564056d10q.htm,1620595444,17:24:04,20210509
31,2013-03-31,MX,USD,2013-05-03,2013-05-03 06:28:28,Q1,205298000.0,139555000.0,65743000.0,0.32023205291819695,20582000.0,19791000.0,0.0,-260000.0,40373000.0,179928000.0,5849000.0,8522000.0,33892000.0,0.1650868493604419,25370000.0,0.12357645958557804,-25264000.0,-5743000.0,-0.02797396954670771,1662000.0,-7405000.0,-0.03606951845609797,-0.21,-0.21,35539413,35539413,https://www.sec.gov/Archives/edgar/data/1325702/000119312513197418/0001193125-13-197418-index.htm,https://www.sec.gov/Archives/edgar/data/1325702/000119312513070260/d449766d10k.htm,1620595444,17:24:04,20210509
32,2012-12-31,MX,USD,2013-02-22,2013-02-22 06:16:06,Q4,218084000.0,143796000.0,74288000.0,0.3406393866583518,19660000.0,19281000.0,0.0,634000.0,38941000.0,182737000.0,5655000.0,8550000.0,43897000.0,0.20128482603033693,35347000.0,0.16207974908750758,34290000.0,63982000.0,0.29338236642761506,-61304000.0,125286000.0,0.5744850608022597,3.5,3.38,35845367,37074657,https://www.sec.gov/Archives/edgar/data/1325702/000119312513070260/0001193125-13-070260-index.htm,https://www.sec.gov/Archives/edgar/data/1325702/000119312513070260/d449766d10k.htm,1620595444,17:24:04,20210509
33,2012-09-30,MX,USD,2012-11-06,2012-11-06 06:11:20,Q3,221872000.0,145432000.0,76440000.0,0.34452296819787986,19470000.0,21388000.0,0.0,0.0,40858000.0,186290000.0,5746000.0,8443000.0,44025000.0,0.19842521814379463,35582000.0,0.16037174587149347,22477000.0,52313000.0,0.23578008942092737,3901000.0,48412000.0,0.21819787985865724,1.34,1.3,36199655,37324787,https://www.sec.gov/Archives/edgar/data/1325702/000119312512453043/0001193125-12-453043-index.htm,https://www.sec.gov/Archives/edgar/data/1325702/000119312512453043/d417855d10q.htm,1620595444,17:24:04,20210509
34,2012-06-30,MX,USD,2012-08-08,2012-08-07 19:57:45,Q2,202634000.0,139776000.0,62858000.0,0.3102046053475725,19762000.0,20093000.0,0.0,0.0,39855000.0,179631000.0,5619000.0,7923000.0,30926000.0,0.15261999467019355,23003000.0,0.11351994235913025,-9885000.0,7499000.0,0.037007609779207834,3159000.0,4340000.0,0.021417925915690358,0.11821242440363126,0.11552785087665009,36713569,37566699,https://www.sec.gov/Archives/edgar/data/1325702/000119312512341601/0001193125-12-341601-index.htm,https://www.sec.gov/Archives/edgar/data/1325702/000119312512341601/d381296d10q.htm,1620595444,17:24:04,20210509
35,2012-03-31,MX,USD,2012-05-15,2012-05-15 08:59:15,Q1,177002000.0,127087000.0,49915000.0,0.28200246324900285,19831000.0,18209000.0,0.0,0.0,38040000.0,165127000.0,0.0,7474000.0,19349000.0,0.10931514898136745,11875000.0,0.06708963740522705,11198000.0,17493000.0,0.09882939175828521,2230000.0,15263000.0,0.0862306640602931,0.41,0.4,37524127,38298336,https://www.sec.gov/Archives/edgar/data/1325702/000119312512233014/0001193125-12-233014-index.htm,https://www.sec.gov/Archives/edgar/data/1325702/000119312512102315/d297453d10k.htm,1620595444,17:24:04,20210509
36,2011-12-31,MX,USD,2012-03-08,2012-03-08 06:54:32,Q4,180826000.0,129287000.0,51539000.0,0.2850198533396746,18652000.0,17627000.0,0.0,0.0,36279000.0,165566000.0,0.0,8856000.0,24116000.0,0.1333657770453364,15260000.0,0.08439051906252419,17022000.0,25586000.0,0.14149513897337773,1881000.0,23705000.0,0.13109287381239423,0.6317268886761842,0.6317268886761842,37524127,37524127,https://www.sec.gov/Archives/edgar/data/1325702/000119312512102315/0001193125-12-102315-index.htm,https://www.sec.gov/Archives/edgar/data/1325702/000119312512102315/d297453d10k.htm,1620595444,17:24:04,20210509
37,2011-09-30,MX,USD,2011-11-04,2011-11-04 06:09:44,Q3,200405000.0,140284000.0,60121000.0,0.29999750505226913,19003000.0,17881000.0,0.0,0.0,36884000.0,177168000.0,0.0,13053000.0,36290000.0,0.1810833063047329,23237000.0,0.11595020084329233,-71594000.0,-54217000.0,-0.2705371622464509,1793000.0,-56010000.0,-0.27948404480926126,-1.43,-1.43,39064071,39064071,https://www.sec.gov/Archives/edgar/data/1325702/000119312511296146/0001193125-11-296146-index.htm,https://www.sec.gov/Archives/edgar/data/1325702/000119312511296146/d244907d10q.htm,1620595444,17:24:04,20210509
38,2011-06-30,MX,USD,2011-08-05,2011-08-05 09:06:54,Q2,203679000.0,137497000.0,66182000.0,0.32493286003957206,20614000.0,17458000.0,0.0,0.0,38072000.0,175569000.0,0.0,15412000.0,43522000.0,0.21367936802517687,28110000.0,0.1380112824591637,11859000.0,33600000.0,0.16496546035673781,1970000.0,31630000.0,0.15529337830606002,0.81,0.78,39066303,40294902,https://www.sec.gov/Archives/edgar/data/1325702/000119312511211470/0001193125-11-211470-index.htm,https://www.sec.gov/Archives/edgar/data/1325702/000119312511211470/d10q.htm,1620595444,17:24:04,20210509
39,2011-03-31,MX,USD,2011-05-03,2011-05-03 15:22:51,Q1,187921000.0,131447000.0,56474000.0,0.3005198993193949,18498000.0,15401000.0,0.0,0.0,46045000.0,177492000.0,0.0,13903000.0,24332000.0,0.12947994103905364,10429000.0,0.055496724687501664,21359000.0,24843000.0,0.13219916879965518,2375000.0,22468000.0,0.11956087930566568,0.59,0.57,38332750,39570522,https://www.sec.gov/Archives/edgar/data/1325702/000119312511123751/0001193125-11-123751-index.htm,https://www.sec.gov/Archives/edgar/data/1325702/000119312511071056/d10k.htm,1620595444,17:24:04,20210509
40,2010-12-31,MX,USD,2011-03-18,2011-03-18 14:28:47,Q4,186772000.0,126421000.0,60351000.0,0.32312659285117684,19331000.0,16566000.0,0.0,0.0,35897000.0,162318000.0,0.0,14063000.0,38517000.0,0.20622470177542673,24454000.0,0.1309296896751119,-993000.0,16480000.0,0.08823592401430622,4209000.0,12271000.0,0.06570042618807959,0.32011791483783447,0.32011791483783447,38332750,38332750,https://www.sec.gov/Archives/edgar/data/1325702/000119312511071056/0001193125-11-071056-index.htm,https://www.sec.gov/Archives/edgar/data/1325702/000119312511071056/d10k.htm,1620595444,17:24:04,20210509
41,2010-09-30,MX,USD,2010-11-04,2010-11-04 13:02:09,Q3,209448000.0,140133000.0,69315000.0,0.3309413314999427,23119000.0,16202000.0,0.0,0.0,39321000.0,179454000.0,0.0,14347000.0,44341000.0,0.21170409839196364,29994000.0,0.14320499598945802,41270000.0,63952000.0,0.30533593063672126,2457000.0,61495000.0,0.29360509529811696,1.63,1.57,37819820,39200585,https://www.sec.gov/Archives/edgar/data/1325702/000119312510247659/0001193125-10-247659-index.htm,https://www.sec.gov/Archives/edgar/data/1325702/000119312510247659/d10q.htm,1620595444,17:24:04,20210509
42,2010-06-30,MX,USD,2010-09-03,2010-09-03 06:04:58,Q2,194700000.0,130166000.0,64534000.0,0.33145351823317926,20543000.0,15964000.0,0.0,0.0,36507000.0,166673000.0,0.0,14508000.0,42535000.0,0.2184643040575244,28027000.0,0.143949666153056,-49490000.0,-28020000.0,-0.14391371340523884,2727000.0,-30747000.0,-0.15791987673343605,-0.8126332584281066,-0.7854786063672586,37836256,39144287,https://www.sec.gov/Archives/edgar/data/1325702/000119312510204260/0001193125-10-204260-index.htm,https://www.sec.gov/Archives/edgar/data/1325702/000119312510204260/d10q.htm,1620595444,17:24:04,20210509
43,2008-09-28,MX,USD,2008-11-12,2008-11-12 15:53:37,Q3,176012000.0,135505000.0,40507000.0,0.23013771788287163,32199000.0,21226000.0,0.0,0.0,53425000.0,188930000.0,15631000.0,20870000.0,-115604000.0,-0.6567961275367589,-136474000.0,-0.7753675885735064,0.0,-136474000.0,-0.7753675885735064,3317000.0,-139791000.0,-0.7942128945753698,-2.65175,-2.65175,52716486,52716486,https://www.sec.gov/Archives/edgar/data/1325702/000119312508233722/0001193125-08-233722-index.htm,https://www.sec.gov/Archives/edgar/data/1325702/000119312508233722/d10q.htm,1620595444,17:24:04,20210509
44,2008-06-29,MX,USD,2008-08-13,2008-08-12 21:44:21,Q2,194676000.0,145522000.0,49154000.0,0.2524913189093674,35494000.0,23010000.0,0.0,0.0,58504000.0,204026000.0,15816000.0,20605000.0,-35710000.0,-0.18343298608970804,-56315000.0,-0.28927551418767594,0.0,-56315000.0,-0.28927551418767594,3278000.0,-59593000.0,-0.30611374797098767,-1.13169,-1.13169,52658459,52658459,https://www.sec.gov/Archives/edgar/data/1325702/000119312508175195/0001193125-08-175195-index.htm,https://www.sec.gov/Archives/edgar/data/1325702/000119312508175195/d10q.htm,1620595444,17:24:04,20210509
45,2008-03-30,MX,USD,2008-05-14,2008-05-13 19:22:58,Q1,203052000.0,155186000.0,47866000.0,0.23573271871244805,36347000.0,19224000.0,0.0,0.0,55571000.0,210757000.0,15695000.0,21277000.0,-44112000.0,-0.21724484368536137,-65389000.0,-0.3220308098418139,0.0,-65389000.0,-0.3220308098418139,2508000.0,-67897000.0,-0.3343823257096704,-1.29133,-1.29133,52579237,52579237,https://www.sec.gov/Archives/edgar/data/1325702/000119312508113406/0001193125-08-113406-index.htm,https://www.sec.gov/Archives/edgar/data/1325702/000119312508070732/d10k.htm,1620595444,17:24:04,20210509
46,2007-12-31,MX,USD,2008-03-31,2008-03-31 14:04:37,Q4,246475000.0,182926000.0,63549000.0,0.2578314230652196,37774000.0,21086000.0,0.0,0.0,58860000.0,241786000.0,15607000.0,24647000.0,29336000.0,0.11902221320620752,4689000.0,0.01902424180951415,-16064000.0,-26982000.0,-0.1094715488386246,2496000.0,-29478000.0,-0.11959833654528856,-0.5606395543548873,-0.5606395543548873,52579237,52579237,https://www.sec.gov/Archives/edgar/data/1325702/000119312508070732/0001193125-08-070732-index.htm,https://www.sec.gov/Archives/edgar/data/1325702/000119312508070732/d10k.htm,1620595444,17:24:04,20210509
47,2007-09-30,MX,USD,2007-11-14,2007-11-14 15:16:06,Q3,200045000.0,168702000.0,31343000.0,0.1566797470569122,33437000.0,23644000.0,0.0,0.0,57081000.0,225783000.0,15336000.0,48813000.0,23075000.0,0.11534904646454548,-25738000.0,-0.12866105126346572,4855000.0,-36219000.0,-0.18105426279087206,2547000.0,-38766000.0,-0.1937863980604364,-1.0245728329991213,-0.9903360865916397,37836256,39144287,https://www.sec.gov/Archives/edgar/data/1325702/000119312507247211/0001193125-07-247211-index.htm,https://www.sec.gov/Archives/edgar/data/1325702/000119312507247211/d10q.htm,1620595444,17:24:04,20210509
48,2007-07-01,MX,USD,2007-08-15,2007-08-15 06:30:15,Q2,194053000.0,166299000.0,27754000.0,0.14302278243572633,32534000.0,25531000.0,0.0,0.0,58065000.0,224364000.0,14952000.0,46032000.0,2553000.0,0.013156199594956017,-43479000.0,-0.2240573451582815,0.0,-43479000.0,-0.2240573451582815,1845000.0,-45324000.0,-0.2335650569689724,-0.85928,-0.85928,52746718,52746718,https://www.sec.gov/Archives/edgar/data/1325702/000119312507183293/0001193125-07-183293-index.htm,https://www.sec.gov/Archives/edgar/data/1325702/000119312507183293/d10q.htm,1620595444,17:24:04,20210509
49,2007-04-01,MX,USD,2007-05-16,2007-05-16 06:11:38,Q1,151783000.0,136860000.0,14923000.0,0.098317993451177,35118000.0,22729000.0,0.0,0.0,57847000.0,194707000.0,14416000.0,43942000.0,-20789000.0,-0.13696527279076048,-64731000.0,-0.42647068512283987,0.0,-64731000.0,-0.42647068512283987,2251000.0,-66982000.0,-0.44130106797203905,-1.2705,-1.2705,52720784,52720784,https://www.sec.gov/Archives/edgar/data/1325702/000119312507116251/0001193125-07-116251-index.htm,https://www.sec.gov/Archives/edgar/data/1325702/000119312507069143/d10k.htm,1620595444,17:24:04,20210509
50,2006-12-31,MX,USD,2007-03-30,2007-03-29 21:55:30,Q4,162313000.0,144332000.0,17981000.0,0.110779789665646,35384000.0,21309000.0,0.0,0.0,56693000.0,201025000.0,14128000.0,43079000.0,4367000.0,0.026904807378336917,-38712000.0,-0.2385021532471213,9629000.0,-43211000.0,-0.266220204173418,2427000.0,-45638000.0,-0.2811727957711336,-0.8614982360031738,-0.8614982360031738,52975152,52975152,https://www.sec.gov/Archives/edgar/data/1325702/000119312507069143/0001193125-07-069143-index.htm,https://www.sec.gov/Archives/edgar/data/1325702/000119312507069143/d10k.htm,1620595444,17:24:04,20210509
51,2006-10-01,MX,USD,2006-11-14,2006-11-14 06:19:47,Q3,171283000.0,150422000.0,20861000.0,0.12179258887338498,32016000.0,22812000.0,0.0,0.0,54828000.0,205250000.0,13946000.0,42972000.0,-931000.0,-0.0054354489353876335,-43903000.0,-0.25631849045147503,0.0,-46020000.0,-0.2686781525311911,1698000.0,-47718000.0,-0.2785915706754319,-0.90076,-0.90076,52975152,52975152,https://www.sec.gov/Archives/edgar/data/1325702/000119312506233684/0001193125-06-233684-index.htm,https://www.sec.gov/Archives/edgar/data/1325702/000119312506233684/d10q.htm,1620595444,17:24:04,20210509
52,2006-07-02,MX,USD,2006-08-14,2006-08-14 08:29:51,Q2,410756000.0,350157000.0,60599000.0,0.14753040734645387,63852000.0,43523000.0,0.0,0.0,107375000.0,457532000.0,29085000.0,52205000.0,-78583000.0,-0.1913130909834549,-130788000.0,-0.31840800864746954,0.0,-130788000.0,-0.31840800864746954,5133000.0,-132063000.0,-0.3215120412118143,-2.48699,-2.48699,53101546,53101546,https://www.sec.gov/Archives/edgar/data/1325702/000119312506171759/0001193125-06-171759-index.htm,https://www.sec.gov/Archives/edgar/data/1325702/000119312506171759/d10q.htm,1620595444,17:24:04,20210509
53,2006-04-02,MX,USD,2006-05-17,2006-05-17 06:10:32,Q1,0.0,0.0,0.0,0.0,0.0,33000.0,0.0,0.0,33000.0,33000.0,0.0,50304000.0,50271000.0,0.0,-33000.0,0.0,0.0,-33000.0,0.0,0.0,-3891000.0,0.0,-0.07356,-0.07356,52898497,52898497,https://www.sec.gov/Archives/edgar/data/1325702/000119312506114221/0001193125-06-114221-index.htm,https://www.sec.gov/Archives/edgar/data/1325702/000119312506069376/d10k.htm,1620595444,17:24:04,20210509
54,2005-12-31,MX,USD,2006-03-31,2006-03-31 07:01:42,Q4,245154000.0,184765000.0,60389000.0,0.24633087773399578,26960000.0,34048000.0,0.0,0.0,61008000.0,245773000.0,14400000.0,48181000.0,47562000.0,0.1940086639418488,-619000.0,-0.0025249435048989616,-6315000.0,-21334000.0,-0.08702285094267277,1560000.0,-22894000.0,-0.0933861980632582,-0.4332011376686119,-0.4332011376686119,52848430,52848430,https://www.sec.gov/Archives/edgar/data/1325702/000119312506069376/0001193125-06-069376-index.htm,https://www.sec.gov/Archives/edgar/data/1325702/000119312506069376/d10k.htm,1620595444,17:24:04,20210509
55,2005-10-02,MX,USD,2005-11-16,2005-11-16 09:35:23,Q3,243089000.0,181177000.0,61912000.0,0.2546886119898473,27043000.0,28166000.0,0.0,0.0,55209000.0,236386000.0,14944000.0,47964000.0,54667000.0,0.22488471300634746,6703000.0,0.027574262924278763,0.0,-13714000.0,-0.05641555150582708,-472000.0,-13242000.0,-0.05447387582325815,-0.25057,-0.25057,52848430,52848430,https://www.sec.gov/Archives/edgar/data/1325702/000119312505227559/0001193125-05-227559-index.htm,https://www.sec.gov/Archives/edgar/data/1325702/000119312505227559/d10q.htm,1620595444,17:24:04,20210509
