,date,symbol,reportedCurrency,fillingDate,acceptedDate,period,revenue,costOfRevenue,grossProfit,grossProfitRatio,researchAndDevelopmentExpenses,generalAndAdministrativeExpenses,sellingAndMarketingExpenses,otherExpenses,operatingExpenses,costAndExpenses,interestExpense,depreciationAndAmortization,ebitda,ebitdaratio,operatingIncome,operatingIncomeRatio,totalOtherIncomeExpensesNet,incomeBeforeTax,incomeBeforeTaxRatio,incomeTaxExpense,netIncome,netIncomeRatio,eps,epsdiluted,weightedAverageShsOut,weightedAverageShsOutDil,link,finalLink,timestamp,est_time,est_date
0,2020-12-31,EXLS,USD,2021-02-25,2021-02-25 16:43:31,Q4,248953000.0,150792000.0,98161000.0,0.3942953087530578,0.0,29390000.0,17326000.0,-218000.0,59898000.0,210690000.0,2607000.0,19926000.0,58189000.0,0.23373488168449466,38263000.0,0.15369567749735893,3152000.0,39462000.0,0.15851184761782344,7210000.0,32218000.0,0.12941398577241486,0.9385484403645511,0.9385484403645511,34327477.0,34327477.0,https://www.sec.gov/Archives/edgar/data/1297989/000129798921000004/0001297989-21-000004-index.htm,https://www.sec.gov/Archives/edgar/data/1297989/000129798921000004/exls-20201231.htm,1620591896,16:24:56,20210509
1,2020-09-30,EXLS,USD,2020-10-29,2020-10-29 16:43:37,Q3,241018000.0,152087000.0,88931000.0,0.36898074002771575,0.0,26810000.0,15290000.0,-257000.0,54525000.0,206612000.0,2628000.0,9000000.0,43406000.0,0.18009443278095413,34406000.0,0.1427528234405729,2424000.0,34979000.0,0.14513023923524385,8490000.0,26418000.0,0.10961007061713234,0.77,0.76,34327477.0,34536049.0,https://www.sec.gov/Archives/edgar/data/1297989/000129798920000010/0001297989-20-000010-index.htm,https://www.sec.gov/Archives/edgar/data/1297989/000129798920000010/exls-20200930.htm,1620591896,16:24:56,20210509
2,2020-06-30,EXLS,USD,2020-08-06,2020-08-06 16:36:51,Q2,222473000.0,158401000.0,64072000.0,0.2879989931362458,0.0,28750000.0,13051000.0,4225000.0,54206000.0,212607000.0,2883000.0,19184000.0,29050000.0,0.1305776431297281,9866000.0,0.04434695446188976,5584000.0,12567000.0,0.056487753570096146,4072000.0,8429000.0,0.037887743681255706,0.24441659304785143,0.2436289962496916,34486202.0,34597688.0,https://www.sec.gov/Archives/edgar/data/1297989/000129798920000007/0001297989-20-000007-index.htm,https://www.sec.gov/Archives/edgar/data/1297989/000129798920000007/exls-20200630.htm,1620591896,16:24:56,20210509
3,2020-03-31,EXLS,USD,2020-05-07,2020-05-07 16:40:38,Q1,245990000.0,162656000.0,83334000.0,0.33876986869384934,0.0,28941000.0,14456000.0,-59000.0,55847000.0,218503000.0,3072000.0,19325000.0,46812000.0,0.19030041871620798,27487000.0,0.11174031464693687,3374000.0,28321000.0,0.11513069636977113,5855000.0,22411000.0,0.09110532948493841,0.6514529208191546,0.6454669004452486,34401565.0,34720603.0,https://www.sec.gov/Archives/edgar/data/1297989/000129798920000005/0001297989-20-000005-index.htm,https://www.sec.gov/Archives/edgar/data/1297989/000129798920000003/exls-12312019x10k.htm,1620591896,16:24:56,20210509
4,2019-12-31,EXLS,USD,2020-02-27,2020-02-27 16:47:39,Q4,256872000.0,168262000.0,88610000.0,0.34495779999377124,0.0,33560000.0,17846000.0,97000.0,63921000.0,232183000.0,2986000.0,19351000.0,44040000.0,0.17144725777819303,24689000.0,0.09611401787660781,1908000.0,24028000.0,0.09354075181413311,2601000.0,21356000.0,0.08313868385810833,0.6234726292713101,0.6155017440176781,34253308.0,34696896.0,https://www.sec.gov/Archives/edgar/data/1297989/000129798920000003/0001297989-20-000003-index.htm,https://www.sec.gov/Archives/edgar/data/1297989/000129798920000003/exls-12312019x10k.htm,1620591896,16:24:56,20210509
5,2019-09-30,EXLS,USD,2019-10-30,2019-10-30 09:03:38,Q3,251392000.0,167542000.0,83850000.0,0.33354283350305497,0.0,29590000.0,18302000.0,858000.0,60939000.0,228481000.0,3180000.0,19944000.0,42855000.0,0.17047081848268839,22911000.0,0.0911365516802444,4594000.0,24814000.0,0.09870640274949083,5701000.0,19044000.0,0.07575420061099797,0.5548555116215629,0.5488263994143777,34322449.0,34699497.0,https://www.sec.gov/Archives/edgar/data/1297989/000129798919000009/0001297989-19-000009-index.htm,https://www.sec.gov/Archives/edgar/data/1297989/000129798919000009/exls-093019x10q.htm,1620591896,16:24:56,20210509
6,2019-06-30,EXLS,USD,2019-07-30,2019-07-30 16:42:40,Q2,243509000.0,162446000.0,81063000.0,0.33289529339777996,0.0,31228000.0,17647000.0,87000.0,61627000.0,224073000.0,3864000.0,26509000.0,45945000.0,0.18867885786562302,19436000.0,0.07981635175701925,-993000.0,15296000.0,0.0628149267583539,2670000.0,12564000.0,0.051595628908993094,0.36468477827969503,0.3620483533960778,34451671.0,34702547.0,https://www.sec.gov/Archives/edgar/data/1297989/000129798919000007/0001297989-19-000007-index.htm,https://www.sec.gov/Archives/edgar/data/1297989/000129798919000007/exls-063019x10q.htm,1620591896,16:24:56,20210509
7,2019-03-31,EXLS,USD,2019-04-30,2019-04-30 16:33:28,Q1,239573000.0,157240000.0,82333000.0,0.3436656050556615,0.0,32531000.0,18047000.0,101000.0,64245000.0,221485000.0,3582000.0,13724000.0,31812000.0,0.13278624886777726,18088000.0,0.07550099552119813,3660000.0,18962000.0,0.07914915286781064,4200000.0,14695000.0,0.06133829772136259,0.43,0.42,34374815.0,34833435.0,https://www.sec.gov/Archives/edgar/data/1297989/000129798919000004/0001297989-19-000004-index.htm,https://www.sec.gov/Archives/edgar/data/1297989/000129798919000002/exls-12312018x10k.htm,1620591896,16:24:56,20210509
8,2018-12-31,EXLS,USD,2019-02-28,2019-02-28 16:44:06,Q4,234903000.0,154948000.0,79955000.0,0.3403745375750842,0.0,30592000.0,18019000.0,1081000.0,61992000.0,216940000.0,3508000.0,13374000.0,31337000.0,0.13340400080033035,17963000.0,0.0764698620281563,-14639000.0,529000.0,0.0022519933759892383,-3399000.0,3857000.0,0.016419543385993367,0.11216113748899507,0.11044807268256347,34388025.0,34921388.0,https://www.sec.gov/Archives/edgar/data/1297989/000129798919000002/0001297989-19-000002-index.htm,https://www.sec.gov/Archives/edgar/data/1297989/000129798919000002/exls-12312018x10k.htm,1620591896,16:24:56,20210509
9,2018-09-30,EXLS,USD,2018-11-01,2018-11-01 16:34:52,Q3,231124000.0,152157000.0,78967000.0,0.34166508021668024,0.0,28704000.0,16490000.0,-237000.0,59293000.0,211450000.0,2475000.0,14066000.0,33740000.0,0.1459822432979699,19674000.0,0.0851231373634932,3328000.0,21050000.0,0.09107665149443589,5739000.0,15249000.0,0.06597757048164622,0.44,0.43,34458520.0,35207991.0,https://www.sec.gov/Archives/edgar/data/1297989/000129798918000011/0001297989-18-000011-index.htm,https://www.sec.gov/Archives/edgar/data/1297989/000129798918000011/exls-093018x10q.htm,1620591896,16:24:56,20210509
10,2018-06-30,EXLS,USD,2018-08-02,2018-08-02 16:34:49,Q2,210112000.0,139649000.0,70463000.0,0.33535923697837344,0.0,27640000.0,15151000.0,209000.0,53373000.0,193022000.0,706000.0,10624000.0,27714000.0,0.13190108132805362,17090000.0,0.08133757234236978,3317000.0,20030000.0,0.09533010965580262,5510000.0,14462000.0,0.06882995735607676,0.42,0.41,34511777.0,35142388.0,https://www.sec.gov/Archives/edgar/data/1297989/000129798918000008/0001297989-18-000008-index.htm,https://www.sec.gov/Archives/edgar/data/1297989/000129798918000008/exls-063018x10q.htm,1620591896,16:24:56,20210509
11,2018-03-31,EXLS,USD,2018-05-01,2018-05-01 16:41:50,Q1,206973000.0,138101000.0,68872000.0,0.33275837911225137,0.0,29266000.0,13952000.0,93000.0,53722000.0,191823000.0,538000.0,10655000.0,25805000.0,0.12467809810941524,15150000.0,0.07319795335623487,3841000.0,18761000.0,0.09064467345982326,-4453000.0,23158000.0,0.11188899035139849,0.67,0.66,34446265.0,35302926.0,https://www.sec.gov/Archives/edgar/data/1297989/000129798918000006/0001297989-18-000006-index.htm,https://www.sec.gov/Archives/edgar/data/1297989/000129798918000002/exls-123117x10k.htm,1620591896,16:24:56,20210509
12,2017-12-31,EXLS,USD,2018-02-27,2018-02-27 16:48:08,Q4,197875000.0,125128000.0,72747000.0,0.367641187618446,0.0,26758000.0,14672000.0,691000.0,51208000.0,176336000.0,510000.0,10213000.0,31752000.0,0.16046493998736577,21539000.0,0.10885154769425143,-1748000.0,19589000.0,0.09899684144030323,28944000.0,-9355000.0,-0.047277321541377135,-0.27,-0.27,34086711.0,34086711.0,https://www.sec.gov/Archives/edgar/data/1297989/000129798918000002/0001297989-18-000002-index.htm,https://www.sec.gov/Archives/edgar/data/1297989/000129798918000002/exls-123117x10k.htm,1620591896,16:24:56,20210509
13,2017-09-30,EXLS,USD,2017-10-26,2017-10-26 16:37:19,Q3,192345000.0,124890000.0,67455000.0,0.35069796459486857,0.0,26870000.0,12222000.0,44000.0,48800000.0,173690000.0,482000.0,9708000.0,28363000.0,0.14745899295536666,18655000.0,0.09698718448620967,5401000.0,23896000.0,0.12423509839091217,2819000.0,21077000.0,0.10957914164652058,0.62,0.6,33838374.0,35043987.0,https://www.sec.gov/Archives/edgar/data/1297989/000129798917000010/0001297989-17-000010-index.htm,https://www.sec.gov/Archives/edgar/data/1297989/000129798917000010/exls-093017x10q.htm,1620591896,16:24:56,20210509
14,2017-06-30,EXLS,USD,2017-07-27,2017-07-27 16:39:05,Q2,189057000.0,125449000.0,63608000.0,0.33644879586579707,0.0,24715000.0,13127000.0,-122000.0,47479000.0,172928000.0,465000.0,9637000.0,25766000.0,0.136286939917591,16129000.0,0.08531289505281477,5214000.0,21201000.0,0.11214078293847887,823000.0,20378000.0,0.10778759844914497,0.6,0.58,33819320.0,34993226.0,https://www.sec.gov/Archives/edgar/data/1297989/000129798917000008/0001297989-17-000008-index.htm,https://www.sec.gov/Archives/edgar/data/1297989/000129798917000008/exls-063017x10q.htm,1620591896,16:24:56,20210509
15,2017-03-31,EXLS,USD,2017-05-02,2017-05-02 16:15:22,Q1,183033000.0,120119000.0,62914000.0,0.3437303655624942,0.0,24224000.0,13362000.0,855000.0,47012000.0,167131000.0,432000.0,9426000.0,25328000.0,0.13837941791917305,15902000.0,0.08688050788655598,4206000.0,20348000.0,0.11117120956330279,3560000.0,16788000.0,0.09172116503581322,0.5,0.48,33845560.0,35108882.0,https://www.sec.gov/Archives/edgar/data/1297989/000129798917000006/0001297989-17-000006-index.htm,https://www.sec.gov/Archives/edgar/data/1297989/000129798917000002/exls-123116x10k.htm,1620591896,16:24:56,20210509
16,2016-12-31,EXLS,USD,2017-03-15,2017-03-15 17:22:28,Q4,177274000.0,115784000.0,61490000.0,0.34686417635975947,0.0,25028000.0,12707000.0,850000.0,47315000.0,163099000.0,320000.0,9580000.0,23755000.0,0.13400160203978023,14175000.0,0.07996096438281981,10961000.0,19090000.0,0.10768640635400567,3602000.0,15488000.0,0.08736757787379988,0.46,0.45,33638170.0,34714308.0,https://www.sec.gov/Archives/edgar/data/1297989/000129798917000002/0001297989-17-000002-index.htm,https://www.sec.gov/Archives/edgar/data/1297989/000129798917000002/exls-123116x10k.htm,1620591896,16:24:56,20210509
17,2016-09-30,EXLS,USD,2016-10-27,2016-10-27 16:17:56,Q3,171200000.0,111767000.0,59433000.0,0.3471553738317757,0.0,21854000.0,11623000.0,-25000.0,42074000.0,153841000.0,295000.0,8597000.0,25956000.0,0.1516121495327103,17359000.0,0.10139602803738318,1716000.0,21696000.0,0.12672897196261682,5646000.0,16050000.0,0.09375,0.48,0.46,33624401.0,34675485.0,https://www.sec.gov/Archives/edgar/data/1297989/000129798916000015/0001297989-16-000015-index.htm,https://www.sec.gov/Archives/edgar/data/1297989/000129798916000015/exls-093016x10q.htm,1620591896,16:24:56,20210509
18,2016-06-30,EXLS,USD,2016-07-28,2016-07-28 16:10:26,Q2,170478000.0,112026000.0,58452000.0,0.3428712209200014,0.0,21148000.0,12798000.0,56000.0,42216000.0,154242000.0,343000.0,8270000.0,24506000.0,0.14374875350485106,16236000.0,0.09523809523809523,5229000.0,23383000.0,0.13716139325895424,7008000.0,16375000.0,0.0960534497119863,0.49,0.47,33621444.0,34510400.0,https://www.sec.gov/Archives/edgar/data/1297989/000129798916000010/0001297989-16-000010-index.htm,https://www.sec.gov/Archives/edgar/data/1297989/000129798916000010/exls-063016x10q.htm,1620591896,16:24:56,20210509
19,2016-03-31,EXLS,USD,2016-04-29,2016-04-28 17:35:26,Q1,167036000.0,108379000.0,58657000.0,0.3511638209727244,0.0,20618000.0,13454000.0,707000.0,42205000.0,150584000.0,385000.0,8133000.0,24585000.0,0.14718384060921,16452000.0,0.09849373787686487,1426000.0,19715000.0,0.11802844895711104,5895000.0,13820000.0,0.0827366555712541,0.41,0.4,33380028.0,34351657.0,https://www.sec.gov/Archives/edgar/data/1297989/000129798916000006/0001297989-16-000006-index.htm,https://www.sec.gov/Archives/edgar/data/1297989/000162828016011841/exls-123115x10k.htm,1620591896,16:24:56,20210509
20,2015-12-31,EXLS,USD,2016-02-26,2016-02-26 16:38:05,Q4,165858000.0,106116000.0,59742000.0,0.3601996888904967,0.0,19865000.0,13705000.0,-65000.0,41864000.0,147980000.0,355000.0,8294000.0,26172000.0,0.1577976341207539,17878000.0,0.10779100194141977,332000.0,19664000.0,0.11855924947846953,4902000.0,14762000.0,0.0890038466640138,0.44,0.43,33231716.0,34272731.0,https://www.sec.gov/Archives/edgar/data/1297989/000162828016011841/0001628280-16-011841-index.htm,https://www.sec.gov/Archives/edgar/data/1297989/000162828016011841/exls-123115x10k.htm,1620591896,16:24:56,20210509
21,2015-09-30,EXLS,USD,2015-10-29,2015-10-29 17:05:33,Q3,163503000.0,103198000.0,60305000.0,0.3688311529452059,0.0,18817000.0,12682000.0,42000.0,39556000.0,142754000.0,340000.0,8057000.0,28806000.0,0.17618025357332892,20749000.0,0.12690287028372568,233000.0,22727000.0,0.1390005076359455,7565000.0,15162000.0,0.0927322434450744,0.46,0.44,33307312.0,34180635.0,https://www.sec.gov/Archives/edgar/data/1297989/000119312515358171/0001193125-15-358171-index.htm,https://www.sec.gov/Archives/edgar/data/1297989/000119312515358171/d71865d10q.htm,1620591896,16:24:56,20210509
22,2015-06-30,EXLS,USD,2015-07-30,2015-07-30 16:34:25,Q2,155621000.0,100478000.0,55143000.0,0.3543416376967119,0.0,19990000.0,11844000.0,185000.0,39895000.0,140373000.0,360000.0,8061000.0,23309000.0,0.14978055660868392,15248000.0,0.09798163486932998,1207000.0,17605000.0,0.11312740568432281,5531000.0,12074000.0,0.07758592991948388,0.36,0.35,33417079.0,34207973.0,https://www.sec.gov/Archives/edgar/data/1297989/000119312515270896/0001193125-15-270896-index.htm,https://www.sec.gov/Archives/edgar/data/1297989/000119312515270896/d111867d10q.htm,1620591896,16:24:56,20210509
23,2015-03-31,EXLS,USD,2015-05-01,2015-05-01 16:08:02,Q1,143510000.0,93125000.0,50385000.0,0.35109051634032473,0.0,18621000.0,11243000.0,59000.0,36917000.0,130042000.0,283000.0,7053000.0,20521000.0,0.1429935196153578,13468000.0,0.09384711866768866,1193000.0,15780000.0,0.10995749425127169,6213000.0,9567000.0,0.06666434394815693,0.29,0.28,33236259.0,34051971.0,https://www.sec.gov/Archives/edgar/data/1297989/000119312515166288/0001193125-15-166288-index.htm,https://www.sec.gov/Archives/edgar/data/1297989/000119312515069666/d845158d10k.htm,1620591896,16:24:56,20210509
24,2014-12-31,EXLS,USD,2015-02-27,2015-02-27 16:04:34,Q4,135286000.0,91371000.0,43915000.0,0.3246086069511997,0.0,18389000.0,10482000.0,0.0,36850000.0,128221000.0,0.0,7979000.0,15044000.0,0.1112014546959774,7065000.0,0.05222269857930606,323000.0,8130000.0,0.06009491004242863,670000.0,7460000.0,0.05514243898112148,0.23,0.22,32986276.0,33761462.0,https://www.sec.gov/Archives/edgar/data/1297989/000119312515069666/0001193125-15-069666-index.htm,https://www.sec.gov/Archives/edgar/data/1297989/000119312515069666/d845158d10k.htm,1620591896,16:24:56,20210509
25,2014-09-30,EXLS,USD,2014-10-30,2014-10-30 16:07:32,Q3,122457000.0,84983000.0,37474000.0,0.3060176225123921,0.0,15952000.0,9117000.0,0.0,32083000.0,117066000.0,0.0,7014000.0,12405000.0,0.10130086479335604,5391000.0,0.04402361645312232,642000.0,7077000.0,0.0577917146426909,1002000.0,6075000.0,0.049609250594086086,0.18470393024120205,0.18039197171097554,32890475.0,33676665.0,https://www.sec.gov/Archives/edgar/data/1297989/000119312514389622/0001193125-14-389622-index.htm,https://www.sec.gov/Archives/edgar/data/1297989/000119312514389622/d791989d10q.htm,1620591896,16:24:56,20210509
26,2014-06-30,EXLS,USD,2014-07-29,2014-07-29 16:46:23,Q2,119738000.0,81259000.0,38479000.0,0.3213599692662313,0.0,16240000.0,9463000.0,0.0,32382000.0,113641000.0,0.0,6679000.0,12776000.0,0.10669962752008552,6097000.0,0.05091950759157494,-137000.0,6818000.0,0.05694098782341445,-944000.0,7762000.0,0.06482486762765372,0.24,0.23,32812155.0,33673669.0,https://www.sec.gov/Archives/edgar/data/1297989/000119312514284765/0001193125-14-284765-index.htm,https://www.sec.gov/Archives/edgar/data/1297989/000119312514284765/d748624d10q.htm,1620591896,16:24:56,20210509
27,2014-03-31,EXLS,USD,2014-05-01,2014-05-01 16:39:59,Q1,121797000.0,74922000.0,46875000.0,0.38486169610088916,0.0,14800000.0,10232000.0,0.0,31388000.0,106310000.0,0.0,6356000.0,21843000.0,0.17933939259587675,15487000.0,0.1271541992003087,-833000.0,15612000.0,0.12818049705657775,4465000.0,11147000.0,0.09152113763064772,0.34,0.33,32523490.0,33428544.0,https://www.sec.gov/Archives/edgar/data/1297989/000119312514177305/0001193125-14-177305-index.htm,https://www.sec.gov/Archives/edgar/data/1297989/000119312514080551/d652259d10k.htm,1620591896,16:24:56,20210509
28,2013-12-31,EXLS,USD,2014-03-03,2014-03-03 17:14:38,Q4,124123000.0,72050000.0,52073000.0,0.4195274042683467,0.0,14532000.0,8492000.0,0.0,29098000.0,101148000.0,0.0,6074000.0,29049000.0,0.23403398242066337,22975000.0,0.18509865214343837,-1864000.0,21897000.0,0.17641371865004873,6038000.0,15859000.0,0.12776842325757515,0.48,0.47,32788489.0,33792757.0,https://www.sec.gov/Archives/edgar/data/1297989/000119312514080551/0001193125-14-080551-index.htm,https://www.sec.gov/Archives/edgar/data/1297989/000119312514080551/d652259d10k.htm,1620591896,16:24:56,20210509
29,2013-09-30,EXLS,USD,2013-11-06,2013-11-06 16:16:48,Q3,122315000.0,72049000.0,50266000.0,0.41095532027960596,0.0,15791000.0,8993000.0,0.0,30753000.0,102802000.0,0.0,5969000.0,25482000.0,0.2083309487797899,19513000.0,0.15953071986264972,-2508000.0,17470000.0,0.14282794424232514,4230000.0,13240000.0,0.10824510485222581,0.4,0.39,32907281.0,33955445.0,https://www.sec.gov/Archives/edgar/data/1297989/000119312513430105/0001193125-13-430105-index.htm,https://www.sec.gov/Archives/edgar/data/1297989/000119312513430105/d602020d10q.htm,1620591896,16:24:56,20210509
30,2013-06-30,EXLS,USD,2013-07-30,2013-07-30 17:23:48,Q2,116008000.0,73930000.0,42078000.0,0.36271636438866284,0.0,13753000.0,9136000.0,0.0,29251000.0,103181000.0,0.0,6362000.0,19189000.0,0.16541100613750775,12827000.0,0.11056996069236605,-569000.0,12851000.0,0.11077684297634646,3615000.0,9236000.0,0.07961519895179643,0.28,0.27,32778800.0,33899097.0,https://www.sec.gov/Archives/edgar/data/1297989/000119312513310557/0001193125-13-310557-index.htm,https://www.sec.gov/Archives/edgar/data/1297989/000119312513310557/d562644d10q.htm,1620591896,16:24:56,20210509
31,2013-03-31,EXLS,USD,2013-05-03,2013-05-03 17:29:28,Q1,116006000.0,72913000.0,43093000.0,0.3714721652328328,0.0,15045000.0,9755000.0,0.0,31312000.0,104225000.0,0.0,6512000.0,18293000.0,0.1576901194765788,11781000.0,0.10155509197800114,-49000.0,12759000.0,0.10998569039532438,2997000.0,9762000.0,0.08415081978518353,0.3,0.29,32521481.0,33719794.0,https://www.sec.gov/Archives/edgar/data/1297989/000119312513199501/0001193125-13-199501-index.htm,https://www.sec.gov/Archives/edgar/data/1297989/000119312513096263/d445095d10k.htm,1620591896,16:24:56,20210509
32,2012-12-31,EXLS,USD,2013-03-07,2013-03-07 17:14:01,Q4,117653000.0,70509000.0,47144000.0,0.40070376445989475,0.0,16210000.0,8505000.0,0.0,31606000.0,102115000.0,0.0,6891000.0,22429000.0,0.1906368728379217,15538000.0,0.13206633065030216,-142000.0,16072000.0,0.13660510144237717,3909000.0,12163000.0,0.10338027929589556,0.38,0.36,32297414.0,33514446.0,https://www.sec.gov/Archives/edgar/data/1297989/000119312513096263/0001193125-13-096263-index.htm,https://www.sec.gov/Archives/edgar/data/1297989/000119312513096263/d445095d10k.htm,1620591896,16:24:56,20210509
33,2012-09-30,EXLS,USD,2012-11-05,2012-11-05 16:17:06,Q3,112639000.0,68650000.0,43989000.0,0.3905308108204086,0.0,13777000.0,7009000.0,0.0,27119000.0,95769000.0,0.0,6333000.0,23203000.0,0.20599437139889382,16870000.0,0.14977050577508677,-1345000.0,16032000.0,0.14233080904482462,4329000.0,11703000.0,0.10389829455162067,0.36,0.35,32154001.0,33283854.0,https://www.sec.gov/Archives/edgar/data/1297989/000119312512451816/0001193125-12-451816-index.htm,https://www.sec.gov/Archives/edgar/data/1297989/000119312512451816/d398896d10q.htm,1620591896,16:24:56,20210509
34,2012-06-30,EXLS,USD,2012-08-03,2012-08-03 14:24:06,Q2,108030000.0,66045000.0,41985000.0,0.3886420438767009,0.0,13858000.0,7694000.0,0.0,27592000.0,93637000.0,0.0,6040000.0,20433000.0,0.18914190502638156,14393000.0,0.1332315097658058,-2080000.0,12680000.0,0.11737480329538091,3626000.0,9054000.0,0.08381005276312135,0.28,0.27,31970881.0,33096607.0,https://www.sec.gov/Archives/edgar/data/1297989/000119312512334439/0001193125-12-334439-index.htm,https://www.sec.gov/Archives/edgar/data/1297989/000119312512334439/d352620d10q.htm,1620591896,16:24:56,20210509
35,2012-03-31,EXLS,USD,2012-05-04,2012-05-04 16:25:38,Q1,104608000.0,66672000.0,37936000.0,0.36264912817375344,0.0,13347000.0,7799000.0,0.0,27505000.0,94177000.0,0.0,6359000.0,16790000.0,0.1605039767513001,10431000.0,0.09971512695013765,1058000.0,11936000.0,0.11410217191801775,3020000.0,8916000.0,0.08523248699908229,0.28,0.27,31445592.0,32783855.0,https://www.sec.gov/Archives/edgar/data/1297989/000119312512212024/0001193125-12-212024-index.htm,https://www.sec.gov/Archives/edgar/data/1297989/000119312512099147/d268905d10k.htm,1620591896,16:24:56,20210509
36,2011-12-31,EXLS,USD,2012-03-06,2012-03-06 16:42:38,Q4,102580000.0,62016000.0,40564000.0,0.3954377071553909,0.0,14545000.0,6688000.0,0.0,27822000.0,89838000.0,0.0,6589000.0,19331000.0,0.18844804055371417,12742000.0,0.1242152466367713,-572000.0,12783000.0,0.1246149346851238,3229000.0,9554000.0,0.09313706375511796,0.3153852060240489,0.3153852060240489,30293114.0,30293114.0,https://www.sec.gov/Archives/edgar/data/1297989/000119312512099147/0001193125-12-099147-index.htm,https://www.sec.gov/Archives/edgar/data/1297989/000119312512099147/d268905d10k.htm,1620591896,16:24:56,20210509
37,2011-09-30,EXLS,USD,2011-11-08,2011-11-08 16:33:31,Q3,100026000.0,61755000.0,38271000.0,0.38261052126447126,0.0,13253000.0,6915000.0,0.0,26611000.0,88366000.0,0.0,6443000.0,18103000.0,0.18098294443444704,11660000.0,0.11656969188011117,495000.0,12529000.0,0.12525743306740247,4138000.0,8391000.0,0.08388818907084158,0.28,0.27,30293114.0,31586936.0,https://www.sec.gov/Archives/edgar/data/1297989/000119312511302251/0001193125-11-302251-index.htm,https://www.sec.gov/Archives/edgar/data/1297989/000119312511302251/d241380d10q.htm,1620591896,16:24:56,20210509
38,2011-06-30,EXLS,USD,2011-08-05,2011-08-05 16:43:06,Q2,85028000.0,51998000.0,33030000.0,0.38846027191042953,0.0,12391000.0,6121000.0,0.0,23622000.0,75620000.0,0.0,5110000.0,14518000.0,0.17074375499835348,9408000.0,0.110645904878393,1803000.0,11856000.0,0.13943642094368913,3381000.0,8475000.0,0.09967304887801666,0.28,0.27,29859811.0,31043426.0,https://www.sec.gov/Archives/edgar/data/1297989/000119312511212436/0001193125-11-212436-index.htm,https://www.sec.gov/Archives/edgar/data/1297989/000119312511212436/d10q.htm,1620591896,16:24:56,20210509
39,2011-03-31,EXLS,USD,2011-05-10,2011-05-10 16:38:45,Q1,72907000.0,44219000.0,28688000.0,0.3934875937838616,0.0,10471000.0,5857000.0,0.0,21180000.0,65399000.0,0.0,4852000.0,12360000.0,0.1695310464015801,7508000.0,0.10298050941610545,1648000.0,9481000.0,0.1300423827616004,1120000.0,8361000.0,0.11468034619446692,0.28,0.27,29620218.0,30911066.0,https://www.sec.gov/Archives/edgar/data/1297989/000119312511134308/0001193125-11-134308-index.htm,https://www.sec.gov/Archives/edgar/data/1297989/000119312511068676/d10k.htm,1620591896,16:24:56,20210509
40,2010-12-31,EXLS,USD,2011-03-16,2011-03-16 16:08:53,Q4,70040000.0,41769000.0,28271000.0,0.40364077669902915,0.0,11040000.0,4752000.0,0.0,20479000.0,62248000.0,0.0,4687000.0,12479000.0,0.17816961736150772,7792000.0,0.11125071387778412,1747000.0,9912000.0,0.14151913192461452,1616000.0,8296000.0,0.11844660194174757,0.2831122775652426,0.2831122775652426,29302862.0,29302862.0,https://www.sec.gov/Archives/edgar/data/1297989/000119312511068676/0001193125-11-068676-index.htm,https://www.sec.gov/Archives/edgar/data/1297989/000119312511068676/d10k.htm,1620591896,16:24:56,20210509
41,2010-09-30,EXLS,USD,2010-11-09,2010-11-09 16:43:39,Q3,67585000.0,40584000.0,27001000.0,0.39951172597469853,0.0,10469000.0,5331000.0,0.0,20018000.0,60602000.0,0.0,4218000.0,11201000.0,0.16573204113338758,6983000.0,0.1033217429903085,943000.0,8188000.0,0.12115114300510468,384000.0,7804000.0,0.11546940889250573,0.27,0.26,29302862.0,30385308.0,https://www.sec.gov/Archives/edgar/data/1297989/000119312510254264/0001193125-10-254264-index.htm,https://www.sec.gov/Archives/edgar/data/1297989/000119312510254264/d10q.htm,1620591896,16:24:56,20210509
42,2010-06-30,EXLS,USD,2010-08-09,2010-08-09 16:15:53,Q2,60639000.0,37447000.0,23192000.0,0.3824601329177592,0.0,9464000.0,4599000.0,0.0,17920000.0,55367000.0,0.0,3857000.0,9129000.0,0.1505466778805719,5272000.0,0.08694074770362308,903000.0,6489000.0,0.10701033988027507,1620000.0,4869000.0,0.08029485974372928,0.17,0.16,29231812.0,30201092.0,https://www.sec.gov/Archives/edgar/data/1297989/000119312510183364/0001193125-10-183364-index.htm,https://www.sec.gov/Archives/edgar/data/1297989/000119312510183364/d10q.htm,1620591896,16:24:56,20210509
43,2010-03-31,EXLS,USD,2010-05-10,2010-05-10 17:07:25,Q1,54489000.0,31485000.0,23004000.0,0.42217695314650666,0.0,9305000.0,4150000.0,0.0,16528000.0,48013000.0,0.0,3073000.0,9549000.0,0.17524638000330342,6476000.0,0.11884967608141092,606000.0,7500000.0,0.13764245994604415,1877000.0,5623000.0,0.10319514030354751,0.1930395824522591,0.18645162822042713,29128741.0,30157956.0,https://www.sec.gov/Archives/edgar/data/1297989/000119312510114797/0001193125-10-114797-index.htm,https://www.sec.gov/Archives/edgar/data/1297989/000119312510058425/d10k.htm,1620591896,16:24:56,20210509
44,2009-12-31,EXLS,USD,2010-03-16,2010-03-16 16:30:43,Q4,59438000.0,30403000.0,29035000.0,0.4884922103704701,0.0,9713000.0,3910000.0,0.0,16891000.0,47294000.0,0.0,3268000.0,15412000.0,0.25929540024899894,12144000.0,0.20431373868568928,-915000.0,11396000.0,0.19172919681012146,3872000.0,7524000.0,0.12658568592482924,0.2600729531594923,0.2600729531594923,28930344.0,28930344.0,https://www.sec.gov/Archives/edgar/data/1297989/000119312510058425/0001193125-10-058425-index.htm,https://www.sec.gov/Archives/edgar/data/1297989/000119312510058425/d10k.htm,1620591896,16:24:56,20210509
45,2009-09-30,EXLS,USD,2009-11-09,2009-11-09 16:10:52,Q3,48186000.0,28803000.0,19383000.0,0.4022537666542149,0.0,7770000.0,3516000.0,0.0,14204000.0,43007000.0,0.0,2918000.0,8097000.0,0.16803635910845474,5179000.0,0.10747935084879426,-1995000.0,3453000.0,0.07165981820445773,-541000.0,3994000.0,0.08288714564396298,0.13805573829332965,0.13599655956625473,28930344.0,29368390.0,https://www.sec.gov/Archives/edgar/data/1297989/000119312509229366/0001193125-09-229366-index.htm,https://www.sec.gov/Archives/edgar/data/1297989/000119312509229366/d10q.htm,1620591896,16:24:56,20210509
46,2009-06-30,EXLS,USD,2009-08-10,2009-08-10 16:40:17,Q2,42385000.0,25827000.0,16558000.0,0.39065707207738587,0.0,7634000.0,3340000.0,0.0,13763000.0,39590000.0,0.0,2789000.0,5584000.0,0.1317447210097912,2795000.0,0.0659431402618851,-1710000.0,1361000.0,0.03211041642090362,109000.0,1252000.0,0.029538751916951753,0.043312729112920716,0.04293619513362124,28906052.0,29159547.0,https://www.sec.gov/Archives/edgar/data/1297989/000119312509170733/0001193125-09-170733-index.htm,https://www.sec.gov/Archives/edgar/data/1297989/000119312509170733/d10q.htm,1620591896,16:24:56,20210509
47,2009-03-31,EXLS,USD,2009-05-11,2009-05-11 16:32:20,Q1,40986000.0,24356000.0,16630000.0,0.4057483042990289,0.0,6733000.0,3184000.0,0.0,12347000.0,36703000.0,0.0,2430000.0,6713000.0,0.16378763480212755,4283000.0,0.10449909725272044,-1309000.0,3285000.0,0.08014931927975406,263000.0,2883000.0,0.07034109208022252,0.09995426996805831,0.09914141062443098,28843190.0,29079675.0,https://www.sec.gov/Archives/edgar/data/1297989/000119312509107214/0001193125-09-107214-index.htm,https://www.sec.gov/Archives/edgar/data/1297989/000119312509055465/d10k.htm,1620591896,16:24:56,20210509
48,2008-12-31,EXLS,USD,2009-03-16,2009-03-16 16:31:17,Q4,43694368.0,25533753.0,18160615.0,0.4156282795988719,0.0,9897792.0,0.0,0.0,12752471.0,38286224.0,0.0,3706786.0,9114930.0,0.20860651880809902,5408144.0,0.1237721071969733,-3428797.0,3094030.0,0.07081072782652446,-356243.0,3419045.0,0.07824910066212652,0.11852696255307947,0.11852696255307947,28846137.0,28846137.0,https://www.sec.gov/Archives/edgar/data/1297989/000119312509055465/0001193125-09-055465-index.htm,https://www.sec.gov/Archives/edgar/data/1297989/000119312509055465/d10k.htm,1620591896,16:24:56,20210509
49,2008-09-30,EXLS,USD,2008-11-10,2008-11-10 17:07:18,Q3,46572902.0,28046252.0,18526650.0,0.3977989174906902,0.0,10430043.0,0.0,0.0,13262125.0,41308377.0,0.0,4016312.0,9280837.0,0.19927547138892054,5264525.0,0.11303837154060101,-6636434.0,-214977.0,-0.004615924513357575,-589309.0,-1075260.0,-0.023087674459281064,-0.037275701769009836,-0.036915877967971224,28846137.0,29127304.0,https://www.sec.gov/Archives/edgar/data/1297989/000119312508231962/0001193125-08-231962-index.htm,https://www.sec.gov/Archives/edgar/data/1297989/000119312508231962/d10q.htm,1620591896,16:24:56,20210509
50,2008-06-30,EXLS,USD,2008-08-11,2008-08-11 16:41:11,Q2,53815795.0,33911941.0,19903854.0,0.36985152779030767,0.0,11510276.0,0.0,0.0,14643434.0,48555375.0,0.0,5019746.0,10280166.0,0.19102506987028622,5260420.0,0.09774862565906534,-143581.0,5720654.0,0.10630065020873519,456582.0,5264072.0,0.09781648677679108,0.1827833876340257,0.17934875080056795,28799510.0,29351038.0,https://www.sec.gov/Archives/edgar/data/1297989/000119312508173555/0001193125-08-173555-index.htm,https://www.sec.gov/Archives/edgar/data/1297989/000119312508173555/d10q.htm,1620591896,16:24:56,20210509
51,2008-03-31,EXLS,USD,2008-05-12,2008-05-12 16:44:33,Q1,50948630.0,32364827.0,18583803.0,0.3647556960805423,0.0,10839399.0,0.0,0.0,13542438.0,45907265.0,0.0,3691367.0,8732732.0,0.17140268541077552,5041365.0,0.09894996195187192,1816808.0,7404351.0,0.14532973703120183,604539.0,6799812.0,0.13346407940704197,0.24,0.23,28757077.0,29292838.0,https://www.sec.gov/Archives/edgar/data/1297989/000119312508111599/0001193125-08-111599-index.htm,https://www.sec.gov/Archives/edgar/data/1297989/000119312508058929/d10k.htm,1620591896,16:24:56,20210509
52,2007-12-31,EXLS,USD,2008-03-17,2008-03-17 16:46:52,Q4,50386519.0,30586915.0,19799604.0,0.3929543932177573,0.0,12070221.0,0.0,0.0,14796571.0,45383486.0,0.0,3671020.0,8674053.0,0.1721502729728164,5003033.0,0.09929308670837134,2541292.0,8779964.0,0.17425224393850267,-995508.0,9775472.0,0.19400967151550993,0.3412732525907586,0.3412732525907586,28644120.0,28644120.0,https://www.sec.gov/Archives/edgar/data/1297989/000119312508058929/0001193125-08-058929-index.htm,https://www.sec.gov/Archives/edgar/data/1297989/000119312508058929/d10k.htm,1620591896,16:24:56,20210509
53,2007-09-30,EXLS,USD,2007-11-14,2007-11-14 17:28:44,Q3,46629050.0,29852667.0,16776383.0,0.3597839329774036,0.0,9547387.0,0.0,0.0,12107863.0,41960530.0,0.0,4003482.0,8672002.0,0.18597852626206196,4668520.0,0.1001204184944793,2267805.0,7951680.0,0.17053060270367937,1712240.0,6239440.0,0.13381014625003082,0.22,0.21,28644120.0,29115603.0,https://www.sec.gov/Archives/edgar/data/1297989/000119312507247629/0001193125-07-247629-index.htm,https://www.sec.gov/Archives/edgar/data/1297989/000119312507247629/d10q.htm,1620591896,16:24:56,20210509
54,2007-06-30,EXLS,USD,2007-08-14,2007-08-14 16:58:06,Q2,43019839.0,28798645.0,14221194.0,0.3305729247382818,0.0,8833068.0,0.0,0.0,11597103.0,40395748.0,0.0,3854822.0,6478913.0,0.15060291136840379,2624091.0,0.06099722967350017,2294904.0,5928218.0,0.13780195690644031,308170.0,5620048.0,0.13063851773131926,0.2,0.19,28495781.0,29210372.0,https://www.sec.gov/Archives/edgar/data/1297989/000119312507182876/0001193125-07-182876-index.htm,https://www.sec.gov/Archives/edgar/data/1297989/000119312507182876/d10q.htm,1620591896,16:24:56,20210509
55,2007-03-31,EXLS,USD,2007-05-15,2007-05-15 15:51:47,Q1,39854448.0,24481968.0,15372480.0,0.38571554171318595,0.0,7999077.0,0.0,0.0,10439979.0,34921947.0,0.0,3269111.0,8201612.0,0.20578912546975936,4932501.0,0.12376287334352241,570107.0,6492889.0,0.16291504024845607,1084263.0,5408626.0,0.13570946961804614,0.19219517093742686,0.18596399757614634,28141321.0,29084264.0,https://www.sec.gov/Archives/edgar/data/1297989/000119312507115563/0001193125-07-115563-index.htm,https://www.sec.gov/Archives/edgar/data/1297989/000119312507070775/d10k.htm,1620591896,16:24:56,20210509
56,2006-12-31,EXLS,USD,2007-03-30,2007-03-30 17:22:40,Q4,39315243.0,22459219.0,16856024.0,0.42874017082890725,0.0,7725621.0,0.0,0.0,10410407.0,32869626.0,0.0,3446439.0,9892056.0,0.2516086699502277,6445617.0,0.16394702176964798,400094.0,7741930.0,0.19691929667075947,1703730.0,6038200.0,0.15358419633830064,0.21456704182436923,0.21456704182436923,28141321.0,28141321.0,https://www.sec.gov/Archives/edgar/data/1297989/000119312507070775/0001193125-07-070775-index.htm,https://www.sec.gov/Archives/edgar/data/1297989/000119312507070775/d10k.htm,1620591896,16:24:56,20210509
57,2006-09-30,EXLS,USD,2006-09-30,2006-09-30,Q3,35665045.0,21490479.0,14174566.0,0.3974358086468137,0.0,0.0,0.0,0.0,10052812.0,31543291.0,0.0,3509291.0,7631045.0,0.2139642610853288,4121754.0,0.1155684508459193,11681.0,4169070.0,0.11689512798876323,-152084.0,4321154.0,0.12115935925497921,0.19,0.19,21603812.0,21997319.0,,,1620591896,16:24:56,20210509
58,2006-06-30,EXLS,USD,2006-06-30,2006-06-30,Q2,25230258.0,15941695.0,9288563.0,0.36815172480598496,0.0,0.0,0.0,0.0,6194503.0,22136198.0,0.0,0.0,6070018.0,0.24058485648462255,3094060.0,0.12263291164125234,-1100715.0,2255356.0,0.08939092101238125,670196.0,1585160.0,0.06282773644248901,0.13,0.13,10612084.0,10703917.0,,,1620591896,16:24:56,20210509
59,2006-03-31,EXLS,USD,2006-03-31,2006-03-31,Q1,21557984.0,0.0,0.0,0.0,0.0,0.0,0.0,0.0,0.0,0.0,0.0,0.0,21557984.0,1.0,21557984.0,1.0,0.0,0.0,0.0,0.0,2113282.0,0.09802781187702894,0.19,0.18,10612084.0,10703917.0,,,1620591896,16:24:56,20210509
60,2005-12-31,EXLS,USD,2005-12-31,2005-12-31,Q4,19174049.0,0.0,0.0,0.0,0.0,0.0,0.0,0.0,0.0,0.0,0.0,0.0,-49197708.0,-2.5658486634721753,-49197708.0,-2.5658486634721753,0.0,0.0,0.0,0.0,2189387.0,0.11418490690203201,0.0,0.0,0.0,0.0,,,1620591896,16:24:56,20210509
61,2005-09-30,EXLS,USD,2005-09-30,2005-09-30,Q3,19174050.0,0.0,0.0,0.0,0.0,0.0,0.0,0.0,0.0,0.0,0.0,0.0,19174050.0,1.0,19174050.0,1.0,0.0,0.0,0.0,0.0,2189387.0,0.11418490094685264,0.195,0.19,10587274.0,10795514.0,,,1620591896,16:24:56,20210509
62,2005-06-30,EXLS,USD,2005-06-30,2005-06-30,Q2,17808865.0,0.0,0.0,0.0,0.0,0.0,0.0,0.0,0.0,0.0,0.0,0.0,17808865.0,1.0,17808865.0,1.0,0.0,0.0,0.0,0.0,1557360.0,0.08744858248967578,0.15,0.15,10587274.0,10795514.0,,,1620591896,16:24:56,20210509
63,2005-03-31,EXLS,USD,2005-03-31,2005-03-31,Q1,1796828.0,0.0,0.0,0.0,0.0,0.0,0.0,0.0,0.0,0.0,0.0,0.0,1796828.0,1.0,1796828.0,1.0,0.0,0.0,0.0,0.0,1123414.0,0.625220666641437,0.1,0.1,10587274.0,10795514.0,,,1620591896,16:24:56,20210509
64,2004-12-31,EXLS,USD,2004-12-31,2004-12-31,Q4,15116661.0,0.0,0.0,0.0,0.0,0.0,0.0,0.0,0.0,0.0,0.0,0.0,-40049880.0,-2.649386660189046,-40049880.0,-2.649386660189046,0.0,0.0,0.0,0.0,1345074.0,0.08897957029002634,0.0,0.0,0.0,0.0,,,1620591896,16:24:56,20210509
65,2004-09-30,EXLS,USD,2004-09-30,2004-09-30,Q3,15116662.0,0.0,0.0,0.0,0.0,0.0,0.0,0.0,0.0,0.0,0.0,0.0,15116662.0,1.0,15116662.0,1.0,0.0,0.0,0.0,0.0,1345074.0,0.08897956440383466,0.13,0.1275,10259166.0,10508626.0,,,1620591896,16:24:56,20210509
66,2004-06-30,EXLS,USD,2004-06-30,2004-06-30,Q2,15116662.0,0.0,0.0,0.0,0.0,0.0,0.0,0.0,0.0,0.0,0.0,0.0,15116662.0,1.0,15116662.0,1.0,0.0,0.0,0.0,0.0,1345074.0,0.08897956440383466,0.13,0.1275,10259166.0,10508626.0,,,1620591896,16:24:56,20210509
67,2004-03-31,EXLS,USD,2004-03-31,2004-03-31,Q1,15116662.0,0.0,0.0,0.0,0.0,0.0,0.0,0.0,0.0,0.0,0.0,0.0,15116662.0,1.0,15116662.0,1.0,0.0,0.0,0.0,0.0,1345074.0,0.08897956440383466,0.13,0.1275,10259166.0,10259166.0,,,1620591896,16:24:56,20210509
