,date,symbol,reportedCurrency,fillingDate,acceptedDate,period,revenue,costOfRevenue,grossProfit,grossProfitRatio,researchAndDevelopmentExpenses,generalAndAdministrativeExpenses,sellingAndMarketingExpenses,otherExpenses,operatingExpenses,costAndExpenses,interestExpense,depreciationAndAmortization,ebitda,ebitdaratio,operatingIncome,operatingIncomeRatio,totalOtherIncomeExpensesNet,incomeBeforeTax,incomeBeforeTaxRatio,incomeTaxExpense,netIncome,netIncomeRatio,eps,epsdiluted,weightedAverageShsOut,weightedAverageShsOutDil,link,finalLink,timestamp,est_time,est_date
0,2020-09-30,AQSG.L,GBP,2020-09-30,2020-09-30,Q3,1990750.0,1552750.0,438000.0,0.2200175813135753,0.0,406500.0,0.0,0.0,0.0,1959250.0,0.0,33500.0,65000.0,0.03265101092553058,31500.0,0.015823182217757126,0.0,44500.0,0.022353384402863243,13000.0,31500.0,0.015823182217757126,0.0009334183504595352,0.0009334183504595352,33746926.0,33746926.0,https://find-and-update.company-information.service.gov.uk/search/companies?q=Aquila+Services+Group+PLC,https://find-and-update.company-information.service.gov.uk/search/companies?q=Aquila+Services+Group+PLC,1620588666,15:31:06,20210509
1,2020-06-30,AQSG.L,GBP,2020-06-30,2020-06-30,Q2,1990750.0,1552750.0,438000.0,0.2200175813135753,0.0,406500.0,0.0,0.0,0.0,1959250.0,0.0,33500.0,65000.0,0.03265101092553058,31500.0,0.015823182217757126,0.0,44500.0,0.022353384402863243,13000.0,31500.0,0.015823182217757126,0.0009334183504595352,0.0009334183504595352,33746926.0,33746926.0,https://find-and-update.company-information.service.gov.uk/search/companies?q=Aquila+Services+Group+PLC,https://find-and-update.company-information.service.gov.uk/search/companies?q=Aquila+Services+Group+PLC,1620588666,15:31:06,20210509
2,2020-03-31,AQSG.L,GBP,2020-03-31,2020-03-31,Q1,1990750.0,1552750.0,438000.0,0.2200175813135753,0.0,406500.0,0.0,0.0,0.0,1959250.0,0.0,33500.0,65000.0,0.03265101092553058,31500.0,0.015823182217757126,0.0,44500.0,0.022353384402863243,13000.0,31500.0,0.015823182217757126,0.0009334183504595352,0.0009334183504595352,33746926.0,33746926.0,https://find-and-update.company-information.service.gov.uk/search/companies?q=Aquila+Services+Group+PLC,https://find-and-update.company-information.service.gov.uk/search/companies?q=Aquila+Services+Group+PLC,1620588666,15:31:06,20210509
3,2020-01-31,AQSG.L,GBP,2020-01-31,2020-01-31,Q1,1990750.0,1552750.0,438000.0,0.2200175813135753,0.0,406500.0,0.0,0.0,0.0,1959250.0,0.0,33500.0,65000.0,0.03265101092553058,31500.0,0.015823182217757126,0.0,44500.0,0.022353384402863243,13000.0,31500.0,0.015823182217757126,0.0009334183504595352,0.0009334183504595352,33746926.0,33746926.0,https://find-and-update.company-information.service.gov.uk/search/companies?q=Aquila+Services+Group+PLC,https://find-and-update.company-information.service.gov.uk/search/companies?q=Aquila+Services+Group+PLC,1620588666,15:31:06,20210509
4,2019-06-30,AQSG.L,GBP,2019-06-30,2019-06-30,Q2,1913908.0,1447118.0,466790.0,0.24389364588057524,0.0,314880.75,0.0,0.0,0.0,1761998.75,0.0,12923.0,164832.25,0.08612339255596403,151909.25,0.07937123936991747,0.0,152374.25,0.07961419775663198,35865.0,116509.25,0.060875052510361,0.0033,0.002875,35272301.0,40353113.0,https://find-and-update.company-information.service.gov.uk/search/companies?q=Aquila+Services+Group+PLC,https://find-and-update.company-information.service.gov.uk/search/companies?q=Aquila+Services+Group+PLC,1620588666,15:31:06,20210509
5,2019-03-31,AQSG.L,GBP,2019-03-31,2019-03-31,Q1,1913908.0,1447118.0,466790.0,0.24389364588057524,0.0,314880.75,0.0,0.0,0.0,1761998.75,0.0,12923.0,164832.25,0.08612339255596403,151909.25,0.07937123936991747,0.0,152374.25,0.07961419775663198,35865.0,116509.25,0.060875052510361,0.0033,0.002875,35272301.0,40353113.0,https://find-and-update.company-information.service.gov.uk/search/companies?q=Aquila+Services+Group+PLC,https://find-and-update.company-information.service.gov.uk/search/companies?q=Aquila+Services+Group+PLC,1620588666,15:31:06,20210509
6,2019-01-31,AQSG.L,GBP,2019-01-31,2019-01-31,Q1,1913908.0,1447118.0,466790.0,0.24389364588057524,0.0,314880.75,0.0,0.0,0.0,1761998.75,0.0,12923.0,164832.25,0.08612339255596403,151909.25,0.07937123936991747,0.0,152374.25,0.07961419775663198,35865.0,116509.25,0.060875052510361,0.0033,0.002875,35272301.0,40353113.0,https://find-and-update.company-information.service.gov.uk/search/companies?q=Aquila+Services+Group+PLC,https://find-and-update.company-information.service.gov.uk/search/companies?q=Aquila+Services+Group+PLC,1620588666,15:31:06,20210509
7,2018-06-30,AQSG.L,GBP,2018-06-30,2018-06-30,Q2,1476305.25,1085864.0,390441.25,0.26447189698742857,0.0,259321.75,0.0,0.0,0.0,1345185.75,0.0,7909.75,139029.25,0.09417378282709488,131119.5,0.08881598165420058,0.0,132018.5,0.08942493430813174,30847.5,101171.0,0.06852986535135602,0.003,0.002625,33746926.0,38429011.0,https://find-and-update.company-information.service.gov.uk/search/companies?q=Aquila+Services+Group+PLC,https://find-and-update.company-information.service.gov.uk/search/companies?q=Aquila+Services+Group+PLC,1620588666,15:31:06,20210509
8,2018-03-31,AQSG.L,GBP,2018-03-31,2018-03-31,Q1,1476305.25,1085864.0,390441.25,0.26447189698742857,0.0,259321.75,0.0,0.0,0.0,1345185.75,0.0,7909.75,139029.25,0.09417378282709488,131119.5,0.08881598165420058,0.0,132018.5,0.08942493430813174,30847.5,101171.0,0.06852986535135602,0.003,0.002625,33746926.0,38429011.0,https://find-and-update.company-information.service.gov.uk/search/companies?q=Aquila+Services+Group+PLC,https://find-and-update.company-information.service.gov.uk/search/companies?q=Aquila+Services+Group+PLC,1620588666,15:31:06,20210509
9,2018-01-31,AQSG.L,GBP,2018-01-31,2018-01-31,Q1,1476305.25,1085864.0,390441.25,0.26447189698742857,0.0,259321.75,0.0,0.0,0.0,1345185.75,0.0,7909.75,139029.25,0.09417378282709488,131119.5,0.08881598165420058,0.0,132018.5,0.08942493430813174,30847.5,101171.0,0.06852986535135602,0.003,0.002625,33746926.0,38429011.0,https://find-and-update.company-information.service.gov.uk/search/companies?q=Aquila+Services+Group+PLC,https://find-and-update.company-information.service.gov.uk/search/companies?q=Aquila+Services+Group+PLC,1620588666,15:31:06,20210509
10,2017-06-30,AQSG.L,GBP,2017-06-30,2017-06-30,Q2,1482050.25,1113366.5,368683.75,0.24876602530852107,0.0,241173.0,0.0,0.0,0.0,1354539.5,0.0,2923.5,130434.25,0.08800933031791601,127510.75,0.08603672513803091,0.0,128888.75,0.08696651817305115,27836.25,101052.5,0.06818426028402208,0.0031,0.0027,32633381.0,37301635.0,https://find-and-update.company-information.service.gov.uk/search/companies?q=Aquila+Services+Group+PLC,https://find-and-update.company-information.service.gov.uk/search/companies?q=Aquila+Services+Group+PLC,1620588666,15:31:06,20210509
11,2017-03-31,AQSG.L,GBP,2017-03-31,2017-03-31,Q1,1482050.25,1113366.5,368683.75,0.24876602530852107,0.0,241173.0,0.0,0.0,0.0,1354539.5,0.0,2923.5,130434.25,0.08800933031791601,127510.75,0.08603672513803091,0.0,128888.75,0.08696651817305115,27836.25,101052.5,0.06818426028402208,0.0031,0.0027,32633381.0,37301635.0,https://find-and-update.company-information.service.gov.uk/search/companies?q=Aquila+Services+Group+PLC,https://find-and-update.company-information.service.gov.uk/search/companies?q=Aquila+Services+Group+PLC,1620588666,15:31:06,20210509
12,2017-01-31,AQSG.L,GBP,2017-01-31,2017-01-31,Q1,1482050.25,1113366.5,368683.75,0.24876602530852107,0.0,241173.0,0.0,0.0,0.0,1354539.5,0.0,2923.5,130434.25,0.08800933031791601,127510.75,0.08603672513803091,0.0,128888.75,0.08696651817305115,27836.25,101052.5,0.06818426028402208,0.0031,0.0027,32633381.0,37301635.0,https://find-and-update.company-information.service.gov.uk/search/companies?q=Aquila+Services+Group+PLC,https://find-and-update.company-information.service.gov.uk/search/companies?q=Aquila+Services+Group+PLC,1620588666,15:31:06,20210509
13,2016-06-30,AQSG.L,GBP,2016-06-30,2016-06-30,Q2,1186536.0,864633.0,321903.0,0.27129644612552845,0.0,249446.5,0.0,0.0,0.0,1114079.5,0.0,1364.25,73820.75,0.06221534786976544,72456.5,0.06106557238886979,0.0,-703247.0,-0.592689138804048,31079.75,-734326.75,-0.6188828236142856,-0.02665,-0.02665,27566749.0,27566749.0,https://find-and-update.company-information.service.gov.uk/search/companies?q=Aquila+Services+Group+PLC,https://find-and-update.company-information.service.gov.uk/search/companies?q=Aquila+Services+Group+PLC,1620588666,15:31:06,20210509
14,2016-03-31,AQSG.L,GBP,2016-03-31,2016-03-31,Q1,1186536.0,864633.0,321903.0,0.27129644612552845,0.0,249446.5,0.0,0.0,0.0,1114079.5,0.0,1364.25,73820.75,0.06221534786976544,72456.5,0.06106557238886979,0.0,-703247.0,-0.592689138804048,31079.75,-734326.75,-0.6188828236142856,-0.02665,-0.02665,27566749.0,27566749.0,https://find-and-update.company-information.service.gov.uk/search/companies?q=Aquila+Services+Group+PLC,https://find-and-update.company-information.service.gov.uk/search/companies?q=Aquila+Services+Group+PLC,1620588666,15:31:06,20210509
15,2016-01-31,AQSG.L,GBP,2016-01-31,2016-01-31,Q1,1186536.0,864633.0,321903.0,0.27129644612552845,0.0,249446.5,0.0,0.0,0.0,1114079.5,0.0,1364.25,73820.75,0.06221534786976544,72456.5,0.06106557238886979,0.0,-703247.0,-0.592689138804048,31079.75,-734326.75,-0.6188828236142856,-0.02665,-0.02665,27566749.0,27566749.0,https://find-and-update.company-information.service.gov.uk/search/companies?q=Aquila+Services+Group+PLC,https://find-and-update.company-information.service.gov.uk/search/companies?q=Aquila+Services+Group+PLC,1620588666,15:31:06,20210509
16,2015-09-30,AQSG.L,GBP,2015-09-30,2015-09-30,Q3,0.0,0.0,0.0,0.0,0.0,9613.0,0.0,0.0,0.0,9613.0,0.0,0.0,-9613.0,0.0,-9613.0,0.0,0.0,-8901.0,0.0,0.0,-8901.0,0.0,-0.00135,-0.00135,6616573.0,6616573.0,https://find-and-update.company-information.service.gov.uk/search/companies?q=Aquila+Services+Group+PLC,https://find-and-update.company-information.service.gov.uk/search/companies?q=Aquila+Services+Group+PLC,1620588666,15:31:06,20210509
17,2015-06-30,AQSG.L,GBP,2015-06-30,2015-06-30,Q2,0.0,0.0,0.0,0.0,0.0,9613.0,0.0,0.0,0.0,9613.0,0.0,0.0,-9613.0,0.0,-9613.0,0.0,0.0,-8901.0,0.0,0.0,-8901.0,0.0,-0.00135,-0.00135,6616573.0,6616573.0,https://find-and-update.company-information.service.gov.uk/search/companies?q=Aquila+Services+Group+PLC,https://find-and-update.company-information.service.gov.uk/search/companies?q=Aquila+Services+Group+PLC,1620588666,15:31:06,20210509
18,2015-03-31,AQSG.L,GBP,2015-03-31,2015-03-31,Q1,0.0,0.0,0.0,0.0,0.0,9613.0,0.0,0.0,0.0,9613.0,0.0,0.0,-9613.0,0.0,-9613.0,0.0,0.0,-8901.0,0.0,0.0,-8901.0,0.0,-0.00135,-0.00135,6616573.0,6616573.0,https://find-and-update.company-information.service.gov.uk/search/companies?q=Aquila+Services+Group+PLC,https://find-and-update.company-information.service.gov.uk/search/companies?q=Aquila+Services+Group+PLC,1620588666,15:31:06,20210509
19,2015-01-31,AQSG.L,GBP,2015-01-31,2015-01-31,Q1,0.0,0.0,0.0,0.0,0.0,9613.0,0.0,0.0,0.0,9613.0,0.0,0.0,-9613.0,0.0,-9613.0,0.0,0.0,-8901.0,0.0,0.0,-8901.0,0.0,-0.00135,-0.00135,6616573.0,6616573.0,https://find-and-update.company-information.service.gov.uk/search/companies?q=Aquila+Services+Group+PLC,https://find-and-update.company-information.service.gov.uk/search/companies?q=Aquila+Services+Group+PLC,1620588666,15:31:06,20210509
