,date,symbol,reportedCurrency,fillingDate,acceptedDate,period,revenue,costOfRevenue,grossProfit,grossProfitRatio,researchAndDevelopmentExpenses,generalAndAdministrativeExpenses,sellingAndMarketingExpenses,otherExpenses,operatingExpenses,costAndExpenses,interestExpense,depreciationAndAmortization,ebitda,ebitdaratio,operatingIncome,operatingIncomeRatio,totalOtherIncomeExpensesNet,incomeBeforeTax,incomeBeforeTaxRatio,incomeTaxExpense,netIncome,netIncomeRatio,eps,epsdiluted,weightedAverageShsOut,weightedAverageShsOutDil,link,finalLink,timestamp,est_time,est_date
0,2020-12-31,JANL,USD,2021-02-11,2021-02-11 15:30:13,Q1,26478000.0,20029000.0,6449000.0,0.24356069189515825,0.0,0.0,0.0,0.0,5960000.0,25989000.0,119000.0,337000.0,826000.0,0.031195709645743638,489000.0,0.01846816224790392,0.0,370000.0,0.013973865095551024,115000.0,255000.0,0.009630636755041921,0.09,0.08,935936.0,966872.0,https://www.sec.gov/Archives/edgar/data/1133062/000114036121004309/0001140361-21-004309-index.htm,https://www.sec.gov/Archives/edgar/data/1133062/000114036121004309/brhc10020075_10q.htm,1620593863,16:57:43,20210509
1,2020-09-30,JANL,USD,2021-01-13,2021-01-13 17:01:41,Q4,4242000.0,4260000.0,-18000.0,-0.004243281471004243,0.0,0.0,0.0,-727000.0,-762000.0,-54455000.0,524.0,-935000.0,-935211.0,-0.22046463932107496,-211.0,-4.974068835454974e-05,0.0,-215.0,-5.068363979255068e-05,93000.0,-308.0,-7.260726072607261e-05,-0.3548252197785107,-0.3548252197785107,868033.0,868033.0,https://www.sec.gov/Archives/edgar/data/1133062/000114036121001080/0001140361-21-001080-index.htm,https://www.sec.gov/Archives/edgar/data/1133062/000114036121001080/brhc10018856_10k.htm,1620593863,16:57:43,20210509
2,2020-06-30,JANL,USD,2020-08-07,2020-08-07 19:49:35,Q3,18498000.0,13405000.0,5093000.0,0.2753270623851227,0.0,0.0,0.0,243000.0,5725000.0,19130000.0,0.0,337000.0,-295000.0,-0.015947670018380364,-632000.0,-0.03416585576819116,0.0,-740000.0,-0.04000432479186939,557000.0,-1297000.0,-0.07011568818250621,-1.49418,-1.49418,868033.0,868033.0,https://www.sec.gov/Archives/edgar/data/1133062/000114036120017861/0001140361-20-017861-index.htm,https://www.sec.gov/Archives/edgar/data/1133062/000114036120017861/brhc10014172_10q.htm,1620593863,16:57:43,20210509
3,2020-03-31,JANL,USD,2020-05-12,2020-05-11 19:39:05,Q2,19121000.0,13125000.0,5996000.0,0.3135819256315046,0.0,0.0,0.0,0.0,6827000.000000002,19952000.000000004,141000.0,279999.99999999994,-551000.0,-0.028816484493488833,-831000.0,-0.04346007008001673,0.0,-972000.0,-0.050834161393232574,-35000.0,-937000.0,-0.04900371319491659,-1.082,-1.082,865990.0,865990.0,https://www.sec.gov/Archives/edgar/data/1133062/000114036120011336/0001140361-20-011336-index.htm,https://www.sec.gov/Archives/edgar/data/1133062/000114036120011336/form10q.htm,1620593863,16:57:43,20210509
4,2019-12-31,JANL,USD,2020-03-06,2020-01-28 17:31:40,Q1,19821000.0,13534000.0,6287000.0,0.3171888401190656,0.0,0.0,0.0,243000.0,6327999.999999998,19861999.999999996,-163000.0,298000.0,257000.0,0.012966046112708744,-41000.0,-0.0020685131930780485,0.0,-204000.0,-0.010292114424095656,-84000.0,-120000.0,-0.006054184955350386,-0.13868,-0.13868,865280.0,865280.0,https://www.sec.gov/Archives/edgar/data/1133062/000114036120005089/0001140361-20-005089-index.htm,https://www.sec.gov/Archives/edgar/data/1133062/000114036120001614/form10k.htm,1620593863,16:57:43,20210509
5,2019-09-30,JANL,USD,2020-01-28,2019-10-18 16:03:27,Q4,20747000.0,14584000.0,6163000.0,0.29705499590302215,0.0,0.0,0.0,241000.0,6172000.000000001,20756000.0,19000.0,293999.99999999994,284999.99999999994,0.013736925820600565,-9000.0,-0.00043379765749264955,0.0,-99000.0,-0.004771774232419145,-26000.0,-73000.0,-0.0035185809996626017,-0.08512,-0.08512,857620.0,857620.0,https://www.sec.gov/Archives/edgar/data/1133062/000114036120001614/0001140361-20-001614-index.htm,https://www.sec.gov/Archives/edgar/data/1133062/000114036120001614/form10k.htm,1620593863,16:57:43,20210509
6,2019-06-30,JANL,USD,2019-12-16,2019-07-26 17:20:34,Q3,20311000.0,14225000.0,6086000.0,0.2996405888434838,0.0,0.0,0.0,230000.0,5830000.0,20055000.0,-183000.0,307000.00000000006,563000.0,0.027718970016247353,256000.0,0.012604007680567181,0.0,73000.0,0.003594111565161735,103000.0,-30000.0,-0.0014770321500664665,-0.03521,-0.03521,852070.0,852070.0,https://www.sec.gov/Archives/edgar/data/1133062/000114036119022654/0001140361-19-022654-index.htm,https://www.sec.gov/Archives/edgar/data/1133062/000114036119022654/form10q.htm,1620593863,16:57:43,20210509
7,2019-03-31,JANL,USD,2019-11-22,2019-11-22 17:21:23,Q2,20969000.0,14599000.0,6370000.0,0.30378177309361437,0.0,0.0,0.0,236000.0,5928000.000000001,20527000.0,-198000.0,312000.0,754000.0,0.03595784252944823,442000.0,0.021078735275883446,0.0,244000.0,0.01163622490342887,69000.0,175000.0,0.008345653106967428,0.18778,0.18778,931960.0,931960.0,https://www.sec.gov/Archives/edgar/data/1133062/000114036119021265/0001140361-19-021265-index.htm,https://www.sec.gov/Archives/edgar/data/1133062/000114036119021265/form10q.htm,1620593863,16:57:43,20210509
8,2018-12-31,JANL,USD,2019-10-18,2019-10-18 16:03:27,Q1,22327000.0,15840000.0,6487000.0,0.29054507994804496,0.0,0.0,0.0,208000.0,5597000.000000001,21437000.0,-162000.0,284000.0,1174000.0,0.05258207551395172,890000.0,0.03986205043221212,0.0,728000.0,0.03260626147713531,184000.0,544000.0,0.024365118466430778,0.581,0.581,936310.0,936310.0,https://www.sec.gov/Archives/edgar/data/1133062/000114036119018679/0001140361-19-018679-index.htm,https://www.sec.gov/Archives/edgar/data/1133062/000114036119013515/form10k.htm,1620593863,16:57:43,20210509
9,2018-09-30,JANL,USD,2019-07-26,2019-07-26 17:20:34,Q4,5393200.0,240010.0,5153190.0,0.9554976637246904,0.0,0.0,0.0,-27321.0,4919650.0,4679640.0,40000.0,237000.0000000001,950560.0000000001,0.17625157605874064,713560.0,0.13230734999629162,0.0,545440.0,0.10113476229325817,243750.0,301690.0,0.05593896017206853,0.18504,0.18504,1630400.0,1630400.0,https://www.sec.gov/Archives/edgar/data/1133062/000114036119013515/0001140361-19-013515-index.htm,https://www.sec.gov/Archives/edgar/data/1133062/000114036119013515/form10k.htm,1620593863,16:57:43,20210509
10,2018-06-30,JANL,USD,2018-08-13,2018-08-13 16:16:46,Q3,22500000.0,17250000.0,5250000.0,0.23333333333333334,0.0,0.0,0.0,17451386.0,5231685.0,22480000.0,-110000.0,229999.99999999994,249999.99999999994,0.011111111111111108,20000.0,0.0008888888888888889,0.0,-90000.0,-0.004,-70000.0,-20000.0,-0.0008888888888888889,-0.03448,-0.03448,580000.0,580000.0,https://www.sec.gov/Archives/edgar/data/1133062/000095015918000363/0000950159-18-000363-index.htm,https://www.sec.gov/Archives/edgar/data/1133062/000095015918000363/janel8-1810q.htm,1620593863,16:57:43,20210509
11,2018-03-31,JANL,USD,2018-05-21,2018-04-30 13:56:05,Q2,20360000.0,15510000.0,4850000.0,0.2382121807465619,0.0,0.0,0.0,15714294.0,4982454.0,20500000.0,-120000.0,220000.00000000003,80000.00000000003,0.003929273084479373,-140000.0,-0.0068762278978389,0.0,-260000.0,-0.012770137524557957,-40000.0,-220000.0,-0.010805500982318271,-0.38596,-0.38596,570000.0,570000.0,https://www.sec.gov/Archives/edgar/data/1133062/000095015918000231/0000950159-18-000231-index.htm,https://www.sec.gov/Archives/edgar/data/1133062/000095015918000231/janel10q.htm,1620593863,16:57:43,20210509
12,2017-12-31,JANL,USD,2018-04-30,2018-04-30 13:56:05,Q1,14780000.0,10190000.0,4590000.0,0.31055480378890393,0.0,0.0,0.0,14877641.0,4291211.0,14480000.000000002,-120000.0,220000.0,520000.0,0.035182679296346414,300000.0,0.02029769959404601,0.0,180000.0,0.012178619756427604,50000.0,180000.0,0.012178619756427604,0.21951,0.21951,820000.0,820000.0,https://www.sec.gov/Archives/edgar/data/1133062/000095015918000182/0000950159-18-000182-index.htm,https://www.sec.gov/Archives/edgar/data/1133062/000095015917000278/janel10k.htm,1620593863,16:57:43,20210509
13,2017-09-30,JANL,USD,2017-12-27,2017-12-27 17:19:55,Q4,2990000.0,1790000.0,1200000.0,0.4013377926421405,0.0,0.0,0.0,17236868.0,4159899.0,2410000.0,-170000.0,210000.0000000001,790000.0000000001,0.2642140468227425,580000.0,0.1939799331103679,0.0,410000.0,0.13712374581939799,140000.0,160000.0,0.05351170568561873,0.13793,0.13793,1160000.0,1160000.0,https://www.sec.gov/Archives/edgar/data/1133062/000095015917000278/0000950159-17-000278-index.htm,https://www.sec.gov/Archives/edgar/data/1133062/000095015917000278/janel10k.htm,1620593863,16:57:43,20210509
14,2017-06-30,JANL,USD,2017-08-04,2017-08-04 17:09:37,Q3,20250000.0,15450000.0,4800000.0,0.23703703703703705,0.0,0.0,0.0,15640905.0,4197977.0,19630000.0,-180000.0,229999.99999999994,850000.0,0.04197530864197531,620000.0,0.030617283950617285,0.0,430000.0,0.02123456790123457,170000.0,260000.0,0.012839506172839505,0.4127,0.4127,630000.0,630000.0,https://www.sec.gov/Archives/edgar/data/1133062/000114420417040627/0001144204-17-040627-index.htm,https://www.sec.gov/Archives/edgar/data/1133062/000114420417040627/v472245_10q.htm,1620593863,16:57:43,20210509
15,2017-03-31,JANL,USD,2017-05-12,2017-05-12 17:29:28,Q2,17840000.0,13500000.0,4340000.0,0.24327354260089687,0.0,0.0,0.0,13693037.0,3775539.0,17250000.0,-190000.0,220000.0,820000.0,0.04596412556053812,600000.0,0.033632286995515695,0.0,400000.0,0.02242152466367713,140000.0,240000.0,0.013452914798206279,0.35294,0.35294,680000.0,680000.0,https://www.sec.gov/Archives/edgar/data/1133062/000114420417026963/0001144204-17-026963-index.htm,https://www.sec.gov/Archives/edgar/data/1133062/000114420417026963/v466476_10q.htm,1620593863,16:57:43,20210509
16,2016-12-31,JANL,USD,2017-02-14,2017-02-14 15:08:24,Q1,17860000.0,13750000.0,4110000.0,0.23012318029115342,0.0,0.0,0.0,13943696.0,3799956.0,17550000.0,-190000.0,220000.0,530000.0,0.02967525195968645,310000.0,0.017357222844344905,0.0,120000.0,0.006718924972004479,40000.0,70000.0,0.003919372900335946,0.12281,0.12281,570000.0,570000.0,https://www.sec.gov/Archives/edgar/data/1133062/000114420417008677/0001144204-17-008677-index.htm,https://www.sec.gov/Archives/edgar/data/1133062/000114420416141034/v454542_10k.htm,1620593863,16:57:43,20210509
17,2016-09-30,JANL,USD,2016-12-22,2016-12-22 17:19:06,Q4,18610000.0,14100000.0,4510000.0,0.24234282643739924,0.0,0.0,0.0,14292173.0,3548845.0,17640000.0,-200000.0,209999.99999999997,1180000.0,0.06340677055346589,970000.0,0.05212251477700161,0.0,770000.0,0.04137560451370231,-2250000.0,3010000.0,0.1617409994626545,4.77778,4.77778,630000.0,630000.0,https://www.sec.gov/Archives/edgar/data/1133062/000114420416141034/0001144204-16-141034-index.htm,https://www.sec.gov/Archives/edgar/data/1133062/000114420416141034/v454542_10k.htm,1620593863,16:57:43,20210509
18,2016-06-30,JANL,USD,2016-08-09,2016-08-09 17:17:57,Q3,17510000.0,13120000.0,4390000.0,0.25071387778412335,0.0,0.0,0.0,13294297.0,3664173.0,16780000.000000004,-200000.0,230000.0,950000.0,0.054254711593375214,720000.0,0.041119360365505425,0.0,520000.0,0.029697315819531698,190000.0,330000.0,0.018846373500856654,0.52381,0.52381,630000.0,630000.0,https://www.sec.gov/Archives/edgar/data/1133062/000114420416117789/0001144204-16-117789-index.htm,https://www.sec.gov/Archives/edgar/data/1133062/000114420416117789/v445741_10q.htm,1620593863,16:57:43,20210509
19,2016-03-31,JANL,USD,2016-05-16,2016-05-16 17:27:41,Q2,16650000.0,13140000.0,3510000.0,0.21081081081081082,0.0,0.0,0.0,13269219.0,3431842.0,16469999.999999998,-140000.0,130000.0,310000.0,0.018618618618618618,180000.0,0.010810810810810811,0.0,40000.0,0.0024024024024024023,-80000.0,-40000.0,-0.0024024024024024023,-0.07018,-0.07018,570000.0,570000.0,https://www.sec.gov/Archives/edgar/data/1133062/000114420416102814/0001144204-16-102814-index.htm,https://www.sec.gov/Archives/edgar/data/1133062/000114420416102814/v439978_10q.htm,1620593863,16:57:43,20210509
20,2015-12-31,JANL,USD,2016-02-10,2016-02-10 15:03:08,Q1,22570000.0,19180000.0,3390000.0,0.15019937970757644,0.0,0.0,0.0,19278035.0,3105807.0,22290000.0,-140000.0,99999.99999999999,390000.0,0.017279574656623838,290000.0,0.01284891448825875,0.0,150000.0,0.00664599025254763,50000.0,80000.0,0.003544528134692069,0.14035,0.14035,570000.0,570000.0,https://www.sec.gov/Archives/edgar/data/1133062/000114420416080333/0001144204-16-080333-index.htm,https://www.sec.gov/Archives/edgar/data/1133062/000114420415073189/v427841_10k.htm,1620593863,16:57:43,20210509
21,2015-09-30,JANL,USD,2015-12-29,2015-12-29 17:30:48,Q4,27560000.0,23940000.0,3620000.0,0.1313497822931785,0.0,0.0,0.0,-240000.0,2802149.0,26739999.999999996,-130000.0,90000.0,910000.0,0.0330188679245283,820000.0,0.029753265602322207,-240000.0,690000.0,0.025036284470246733,120000.0,450000.0,0.01632801161103048,0.75,0.75,600000.0,600000.0,https://www.sec.gov/Archives/edgar/data/1133062/000114420415073189/0001144204-15-073189-index.htm,https://www.sec.gov/Archives/edgar/data/1133062/000114420415073189/v427841_10k.htm,1620593863,16:57:43,20210509
22,2015-06-30,JANL,USD,2015-08-07,2015-08-07 16:19:59,Q3,16650000.0,13860000.0,2790000.0,0.16756756756756758,0.0,0.0,0.0,13942175.0,2322368.0,16180000.0,-120000.0,70000.0,540000.0,0.032432432432432434,470000.0,0.02822822822822823,0.0,350000.0,0.021021021021021023,20000.0,290000.0,0.017417417417417418,0.49153,0.49153,590000.0,590000.0,https://www.sec.gov/Archives/edgar/data/1133062/000114420415047334/0001144204-15-047334-index.htm,https://www.sec.gov/Archives/edgar/data/1133062/000114420415047334/v416580_10q.htm,1620593863,16:57:43,20210509
23,2015-03-31,JANL,USD,2015-05-15,2015-05-15 16:19:35,Q2,14800000.0,12200000.0,2600000.0,0.17567567567567569,0.0,0.0,0.0,12278266.0,2507479.0,14710000.000000002,-130000.0,89999.99999999999,180000.0,0.012162162162162163,90000.0,0.006081081081081081,0.0,-40000.0,-0.002702702702702703,0.0,-110000.0,-0.007432432432432433,-0.19643,-0.19643,560000.0,560000.0,https://www.sec.gov/Archives/edgar/data/1133062/000114420415031629/0001144204-15-031629-index.htm,https://www.sec.gov/Archives/edgar/data/1133062/000114420415031629/v409524_10q.htm,1620593863,16:57:43,20210509
24,2014-12-31,JANL,USD,2015-02-17,2015-02-17 16:15:53,Q1,15730000.0,13140000.0,2590000.0,0.16465352828989194,0.0,0.0,0.0,13221527.0,2428670.0,15570000.0,-120000.0,70000.0,230000.0,0.014621741894469168,160000.0,0.010171646535282899,0.0,40000.0,0.0025429116338207248,0.0,10000.0,0.0006357279084551812,0.01818,0.01818,550000.0,550000.0,https://www.sec.gov/Archives/edgar/data/1133062/000114420415010107/0001144204-15-010107-index.htm,https://www.sec.gov/Archives/edgar/data/1133062/000114420414076150/v397376_10k.htm,1620593863,16:57:43,20210509
25,2014-09-30,JANL,USD,2014-12-29,2014-12-29 16:46:51,Q4,15090000.0,13140000.0,1950000.0,0.12922465208747516,0.0,0.0,0.0,-10000.0,1792442.0,14930000.0,-60000.0,19999.999999999996,180000.0,0.011928429423459244,160000.0,0.010603048376408217,-10000.0,100000.0,0.0066269052352551355,10000.0,70000.0,0.004638833664678595,0.12727,0.12727,550000.0,550000.0,https://www.sec.gov/Archives/edgar/data/1133062/000114420414076150/0001144204-14-076150-index.htm,https://www.sec.gov/Archives/edgar/data/1133062/000114420414076150/v397376_10k.htm,1620593863,16:57:43,20210509
26,2014-06-30,JANL,USD,2014-08-11,2014-08-11 16:15:43,Q3,11120000.0,9600000.0,1520000.0,0.1366906474820144,0.0,0.0,0.0,9606917.0,1550731.0,11150000.0,-40000.0,4239.0,-25761.0,-0.002316636690647482,-30000.0,-0.002697841726618705,0.0,-70000.0,-0.006294964028776978,0.0,-100000.0,-0.008992805755395683,-0.18182,-0.18182,550000.0,550000.0,https://www.sec.gov/Archives/edgar/data/1133062/000114420414048504/0001144204-14-048504-index.htm,https://www.sec.gov/Archives/edgar/data/1133062/000114420414048504/v385727_10q.htm,1620593863,16:57:43,20210509
27,2014-03-31,JANL,USD,2014-05-12,2014-05-12 16:15:59,Q2,10890000.0,9340000.0,1550000.0,0.1423324150596878,0.0,0.0,0.0,9346811.0,1549990.0,10890000.0,-20000.0,10000.0,-14930.0,-0.0013709825528007346,-24930.0,-0.0022892561983471073,0.0,-30000.0,-0.0027548209366391185,0.0,-40000.0,-0.0036730945821854912,-0.07273,-0.07273,550000.0,550000.0,https://www.sec.gov/Archives/edgar/data/1133062/000114420414029553/0001144204-14-029553-index.htm,https://www.sec.gov/Archives/edgar/data/1133062/000114420414029553/v377061_10q.htm,1620593863,16:57:43,20210509
28,2013-12-31,JANL,USD,2014-02-13,2014-02-13 16:15:39,Q1,10840000.0,9310000.0,1530000.0,0.1411439114391144,0.0,0.0,0.0,9309711.0,1753441.0,11060000.0,-20000.0,3772.0,-216228.0,-0.019947232472324723,-220000.0,-0.02029520295202952,0.0,-250000.0,-0.023062730627306273,10000.0,-260000.0,-0.023985239852398525,-0.52,-0.52,500000.0,500000.0,https://www.sec.gov/Archives/edgar/data/1133062/000114420414008525/0001144204-14-008525-index.htm,https://www.sec.gov/Archives/edgar/data/1133062/000114420414002163/v363466_10k.htm,1620593863,16:57:43,20210509
29,2013-09-30,JANL,USD,2014-01-14,2014-01-14 16:15:51,Q4,12840000.0,11220000.0,1620000.0,0.1261682242990654,0.0,0.0,0.0,-19517446.0,-1332255.0,12779999.999999998,-106624.0,10000.0,70000.0,0.005451713395638629,60000.0,0.004672897196261682,0.0,30000.0,0.002336448598130841,10000.0,-1450000.0,-0.11292834890965732,-3.37209,-3.37209,430000.0,430000.0,https://www.sec.gov/Archives/edgar/data/1133062/000114420414002163/0001144204-14-002163-index.htm,https://www.sec.gov/Archives/edgar/data/1133062/000114420414002163/v363466_10k.htm,1620593863,16:57:43,20210509
30,2013-06-30,JANL,USD,2013-08-14,2013-08-14 17:46:54,Q3,10780000.0,9180000.0,1600000.0,0.14842300556586271,0.0,0.0,0.0,19577765.0,2561421.0,10720000.000000002,35073.0,104245.0,164245.0,0.015236085343228201,60000.0,0.0055658627087198514,0.0,30000.0,0.0027829313543599257,0.0,-220000.0,-0.02040816326530612,-0.51163,-0.51163,430000.0,430000.0,https://www.sec.gov/Archives/edgar/data/1133062/000114420413045889/0001144204-13-045889-index.htm,https://www.sec.gov/Archives/edgar/data/1133062/000114420413045889/v351593_10q.htm,1620593863,16:57:43,20210509
31,2013-03-31,JANL,USD,2013-05-15,2013-05-15 16:01:55,Q2,10120000.0,8600000.0,1520000.0,0.15019762845849802,0.0,0.0,0.0,18886059.0,2657594.0,10280000.0,37184.0,10000.0,-150000.0,-0.014822134387351778,-160000.0,-0.015810276679841896,0.0,-190000.0,-0.018774703557312252,0.0,-290000.0,-0.02865612648221344,-0.67442,-0.67442,430000.0,430000.0,https://www.sec.gov/Archives/edgar/data/1133062/000114420413029441/0001144204-13-029441-index.htm,https://www.sec.gov/Archives/edgar/data/1133062/000114420413029441/v343673_10q.htm,1620593863,16:57:43,20210509
32,2012-12-31,JANL,USD,2013-02-12,2013-01-07 16:16:36,Q1,11000000.0,9470000.0,1530000.0,0.1390909090909091,0.0,0.0,0.0,19552787.0,2580583.0,11150000.0,34367.0,103680.0,-36320.0,-0.003301818181818182,-140000.0,-0.012727272727272728,0.0,-180000.0,-0.016363636363636365,0.0,-200000.0,-0.01818181818181818,-0.46512,-0.46512,430000.0,430000.0,https://www.sec.gov/Archives/edgar/data/1133062/000114420413007786/0001144204-13-007786-index.htm,https://www.sec.gov/Archives/edgar/data/1133062/000114420413001064/v330123_10k.htm,1620593863,16:57:43,20210509
33,2012-09-30,JANL,USD,2013-01-07,2013-01-07 16:16:36,Q4,-19610000.0,19230000.0,380000.0,-0.019377868434472208,0.0,0.0,0.0,26668971.0,1543041.0,-20280000.0,-263159.0,-260000.0,400000.0,-0.02039775624681285,660000.0,-0.033656297807241206,0.0,690000.0,-0.03518612952575217,1790000.0,-1820000.0,0.09280979092299847,-4.13636,-4.13636,440000.0,440000.0,https://www.sec.gov/Archives/edgar/data/1133062/000114420413001064/0001144204-13-001064-index.htm,https://www.sec.gov/Archives/edgar/data/1133062/000114420413001064/v330123_10k.htm,1620593863,16:57:43,20210509
34,2012-06-30,JANL,USD,2012-08-14,2012-08-14 16:16:32,Q3,24010000.0,21460000.0,2550000.0,0.10620574760516452,0.0,0.0,0.0,21029326.0,2615721.0,24079999.999999996,42461.0,109999.99999999999,39999.999999999985,0.0016659725114535604,-70000.0,-0.0029154518950437317,0.0,-110000.0,-0.004581424406497293,-130000.0,-220000.0,-0.009162848812994586,-0.51163,-0.51163,430000.0,430000.0,https://www.sec.gov/Archives/edgar/data/1133062/000114420412045708/0001144204-12-045708-index.htm,https://www.sec.gov/Archives/edgar/data/1133062/000114420412045708/v321406_10q.htm,1620593863,16:57:43,20210509
35,2012-03-31,JANL,USD,2012-05-15,2012-05-15 16:16:37,Q2,22090000.0,19850000.0,2240000.0,0.10140334993209597,0.0,0.0,0.0,20182411.0,2809607.0,22510000.0,44050.0,99999.99999999999,-320000.0,-0.014486192847442281,-420000.0,-0.019013128112267994,0.0,-460000.0,-0.02082390221819828,-260000.0,-400000.0,-0.01810774105930285,-0.90909,-0.90909,440000.0,440000.0,https://www.sec.gov/Archives/edgar/data/1133062/000114420412029553/0001144204-12-029553-index.htm,https://www.sec.gov/Archives/edgar/data/1133062/000114420412029553/v310922_10q.htm,1620593863,16:57:43,20210509
36,2011-12-31,JANL,USD,2012-02-14,2012-01-13 16:54:25,Q1,23350000.0,20940000.0,2410000.0,0.10321199143468951,0.0,0.0,0.0,21325465.0,2716077.0,23500000.0,39633.0,80000.0,-70000.0,-0.0029978586723768737,-150000.0,-0.006423982869379015,0.0,-190000.0,-0.008137044967880086,-170000.0,-250000.0,-0.010706638115631691,-0.5814,-0.5814,430000.0,430000.0,https://www.sec.gov/Archives/edgar/data/1133062/000114420412008841/0001144204-12-008841-index.htm,https://www.sec.gov/Archives/edgar/data/1133062/000114420412002370/v244258_10k.htm,1620593863,16:57:43,20210509
37,2011-09-30,JANL,USD,2012-01-13,2012-01-13 16:54:25,Q4,26790000.0,24560000.0,2230000.0,0.08324001493094438,0.0,0.0,0.0,0.0,2544310.0,26980000.0,31769.0,100000.00000000003,-79999.99999999997,-0.002986188876446434,-180000.0,-0.006718924972004479,0.0,-210000.0,-0.007838745800671893,-90000.0,-280000.0,-0.010451661067562523,-0.66667,-0.66667,420000.0,420000.0,https://www.sec.gov/Archives/edgar/data/1133062/000114420412002370/0001144204-12-002370-index.htm,https://www.sec.gov/Archives/edgar/data/1133062/000114420412002370/v244258_10k.htm,1620593863,16:57:43,20210509
38,2011-06-30,JANL,USD,2011-08-15,2011-08-15 16:19:00,Q3,22450000.0,20110000.0,2340000.0,0.10423162583518931,0.0,0.0,0.0,64602603.0,2714185.0,22660000.0,-10448754.0,79999.99999999999,-130000.00000000001,-0.00579064587973274,-210000.0,-0.009354120267260579,0.0,-240000.0,-0.010690423162583519,-100000.0,-250000.0,-0.011135857461024499,-0.59524,-0.59524,420000.0,420000.0,https://www.sec.gov/Archives/edgar/data/1133062/000114420411047240/0001144204-11-047240-index.htm,https://www.sec.gov/Archives/edgar/data/1133062/000114420411047240/v230769_10q.htm,1620593863,16:57:43,20210509
39,2011-03-31,JANL,USD,2011-05-16,2011-05-16 16:31:31,Q2,22720000.0,20360000.0,2360000.0,0.10387323943661972,0.0,0.0,0.0,0.0,2551829.0,22860000.0,25742000.0,80000.0,-60000.0,-0.002640845070422535,-140000.0,-0.006161971830985915,0.0,-170000.0,-0.007482394366197183,-70000.0,-140000.0,-0.006161971830985915,-0.33333,-0.33333,420000.0,420000.0,https://www.sec.gov/Archives/edgar/data/1133062/000114420411030066/0001144204-11-030066-index.htm,https://www.sec.gov/Archives/edgar/data/1133062/000114420411030066/v222630_10q.htm,1620593863,16:57:43,20210509
40,2010-12-31,JANL,USD,2011-02-14,2011-02-14 19:27:46,Q1,26430000.0,23830000.0,2600000.0,0.09837306091562618,0.0,0.0,0.0,0.0,2525220.0,26340000.0,47043000.0,80000.0,180000.0,0.00681044267877412,100000.0,0.0037835792659856224,0.0,50000.0,0.0018917896329928112,30000.0,10000.0,0.00037835792659856227,0.02174,0.02174,460000.0,460000.0,https://www.sec.gov/Archives/edgar/data/1133062/000114420411008465/0001144204-11-008465-index.htm,https://www.sec.gov/Archives/edgar/data/1133062/000114420410068522/v206475_10k.htm,1620593863,16:57:43,20210509
41,2010-09-30,JANL,USD,2010-12-28,2010-12-28 16:11:21,Q4,31160000.0,28660000.0,2500000.0,0.08023106546854943,0.0,0.0,0.0,0.0,2241876.0,30829999.999999996,21608000.0,30000.0,360000.0,0.011553273427471117,330000.0,0.010590500641848523,0.0,310000.0,0.00994865211810013,140000.0,160000.0,0.005134788189987163,0.38095,0.38095,420000.0,420000.0,https://www.sec.gov/Archives/edgar/data/1133062/000114420410068522/0001144204-10-068522-index.htm,https://www.sec.gov/Archives/edgar/data/1133062/000114420410068522/v206475_10k.htm,1620593863,16:57:43,20210509
42,2010-06-30,JANL,USD,2010-08-13,2010-08-13 16:55:44,Q3,21000000.0,18630000.0,2370000.0,0.11285714285714285,0.0,0.0,0.0,0.0,2013652.0,20340000.0,24980000.0,60000.0,720000.0,0.03428571428571429,660000.0,0.03142857142857143,0.0,640000.0,0.030476190476190476,270000.0,170000.0,0.008095238095238095,0.32692,0.32692,520000.0,520000.0,https://www.sec.gov/Archives/edgar/data/1133062/000114420410043718/0001144204-10-043718-index.htm,https://www.sec.gov/Archives/edgar/data/1133062/000114420410043718/v193562_10q.htm,1620593863,16:57:43,20210509
43,2010-03-31,JANL,USD,2010-05-17,2010-05-17 16:01:47,Q2,19270000.0,17200000.0,2070000.0,0.10742086144265697,0.0,0.0,0.0,0.0,1900666.0,19100000.000000004,54827000.0,60000.0,230000.0,0.011935651271406332,170000.0,0.008822003113648157,0.0,140000.0,0.007265179034769071,40000.0,110000.0,0.005708354955889984,0.2973,0.2973,370000.0,370000.0,https://www.sec.gov/Archives/edgar/data/1133062/000114420410028270/0001144204-10-028270-index.htm,https://www.sec.gov/Archives/edgar/data/1133062/000114420410001871/v171341_10k.htm,1620593863,16:57:43,20210509
44,2009-12-31,JANL,USD,2010-01-13 00:00:00,2010-01-13 17:29:21,Q1,17000000.0,15080000.0,1910000.0,0.11235294117647059,0.0,0.0,0.0,0.0,1942133.0,17030000.0,-20000.0,60000.0,30000.0,0.0017647058823529412,-30000.0,-0.0017647058823529412,0.0,-50000.0,-0.0029411764705882353,0.0,-50000.0,-0.0029411764705882353,-0.13889,-0.13889,360000.0,360000.0,https://www.sec.gov/Archives/edgar/data/1133062/000114420410001871/0001144204-10-001871-index.html,https://www.sec.gov/Archives/edgar/data/1133062/000114420410001871/v171341_10k.htm,1620593863,16:57:43,20210509
45,2009-09-30,JANL,USD,2010-01-13,2010-01-13 17:29:21,Q4,17910000.0,15720000.0,2190000.0,0.12227805695142378,0.0,0.0,0.0,0.0,2212803.0,18989999.999999996,58842000.0,-70000.0,-1150000.0,-0.06420993858179788,-1080000.0,-0.06030150753768844,0.0,-1140000.0,-0.06365159128978225,-410000.0,-740000.0,-0.0413176996091569,-2.11429,-2.11429,350000.0,350000.0,https://www.sec.gov/Archives/edgar/data/1133062/000114420410001871/0001144204-10-001871-index.htm,https://www.sec.gov/Archives/edgar/data/1133062/000114420410001871/v171341_10k.htm,1620593863,16:57:43,20210509
46,2009-06-30,JANL,USD,2009-08-14,2009-08-14 16:34:32,Q3,15520000.0,13610000.0,1910000.0,0.12306701030927836,0.0,0.0,0.0,0.0,1991945.0,15610000.0,56181000.0,120000.0,40000.0,0.002577319587628866,-80000.0,-0.005154639175257732,0.0,-140000.0,-0.00902061855670103,-30000.0,-110000.0,-0.007087628865979381,-0.30556,-0.30556,360000.0,360000.0,https://www.sec.gov/Archives/edgar/data/1133062/000114420409043741/0001144204-09-043741-index.htm,https://www.sec.gov/Archives/edgar/data/1133062/000114420409043741/v157864_10q.htm,1620593863,16:57:43,20210509
47,2009-03-31,JANL,USD,2009-05-15,2009-05-15 16:47:04,Q2,17150000.0,15110000.0,2040000.0,0.11895043731778426,0.0,0.0,0.0,0.0,2400604.0,17510000.000000004,51421000.0,130000.0,-230000.0,-0.013411078717201166,-360000.0,-0.02099125364431487,0.0,-400000.0,-0.023323615160349854,-120000.0,-280000.0,-0.0163265306122449,-0.8,-0.8,350000.0,350000.0,https://www.sec.gov/Archives/edgar/data/1133062/000114420409027620/0001144204-09-027620-index.htm,https://www.sec.gov/Archives/edgar/data/1133062/000114420409027620/v149503_10q.htm,1620593863,16:57:43,20210509
48,2008-12-31,JANL,USD,2009-02-17,2009-01-14 17:06:33,Q1,21270000.0,18980000.0,2290000.0,0.1076633756464504,0.0,0.0,0.0,0.0,2385544.0,21360000.0,58262000.0,120000.0,20000.0,0.0009402914903620122,-100000.0,-0.004701457451810061,0.0,-150000.0,-0.007052186177715092,-40000.0,-120000.0,-0.005641748942172073,-0.34286,-0.34286,350000.0,350000.0,https://www.sec.gov/Archives/edgar/data/1133062/000114420409008892/0001144204-09-008892-index.htm,https://www.sec.gov/Archives/edgar/data/1133062/000114420409002010/v137056_10k.htm,1620593863,16:57:43,20210509
49,2008-09-30,JANL,USD,2009-01-14,2009-01-14 17:06:33,Q4,24430000.0,21860000.0,2570000.0,0.1051985264019648,0.0,0.0,0.0,0.0,2707395.0,26380000.0,61952000000.0,260000.0,-1690000.0,-0.06917724109701187,-1950000.0,-0.07981989357347523,0.0,-2010000.0,-0.08227589029881294,-660000.0,-1350000.0,-0.05525992632009824,-3.85714,-3.85714,350000.0,350000.0,https://www.sec.gov/Archives/edgar/data/1133062/000114420409002010/0001144204-09-002010-index.htm,https://www.sec.gov/Archives/edgar/data/1133062/000114420409002010/v137056_10k.htm,1620593863,16:57:43,20210509
50,2008-06-30,JANL,USD,2008-08-14,2008-08-14 16:02:37,Q3,19960000.0,17610000.0,2350000.0,0.11773547094188377,0.0,0.0,0.0,0.0,2541752.0,20160000.0,24317000.0,189999.99999999994,-5.820766091346741e-11,-2.9162154766266235e-18,-190000.0,-0.009519038076152305,0.0,-210000.0,-0.010521042084168337,-50000.0,-150000.0,-0.00751503006012024,-0.44118,-0.44118,340000.0,340000.0,https://www.sec.gov/Archives/edgar/data/1133062/000114420408047268/0001144204-08-047268-index.htm,https://www.sec.gov/Archives/edgar/data/1133062/000114420408047268/v123446_10q.htm,1620593863,16:57:43,20210509
51,2008-03-31,JANL,USD,2008-05-15,2008-05-15 16:35:04,Q2,18280000.0,15940000.0,2340000.0,0.12800875273522977,0.0,0.0,0.0,0.0,2528078.0,18460000.0,29484000.0,200000.0,20000.0,0.0010940919037199124,-180000.0,-0.009846827133479213,0.0,-200000.0,-0.010940919037199124,-40000.0,-160000.0,-0.0087527352297593,-0.47059,-0.47059,340000.0,340000.0,https://www.sec.gov/Archives/edgar/data/1133062/000114420408029769/0001144204-08-029769-index.htm,https://www.sec.gov/Archives/edgar/data/1133062/000114420408029769/v114417_10q.htm,1620593863,16:57:43,20210509
52,2007-12-31,JANL,USD,2008-02-19,2008-02-19 16:43:58,Q1,20070000.0,17550000.0,2520000.0,0.12556053811659193,0.0,0.0,0.0,0.0,2462352.0,20010000.0,33636000.0,190000.0,250000.0,0.01245640259093174,60000.0,0.0029895366218236174,0.0,40000.0,0.001993024414549078,20000.0,20000.0,0.000996512207274539,0.05714,0.05714,350000.0,350000.0,https://www.sec.gov/Archives/edgar/data/1133062/000114420408010529/0001144204-08-010529-index.htm,https://www.sec.gov/Archives/edgar/data/1133062/000114420408002233/v099684_10k.htm,1620593863,16:57:43,20210509
53,2007-09-30,JANL,USD,2008-01-15,2008-01-14 17:44:37,Q4,21060000.0,18910000.0,2150000.0,0.10208926875593542,0.0,0.0,0.0,0.0,1965418.0,20880000.0,500000.0,90000.00000000001,280000.0,0.013295346628679962,190000.0,0.009021842355175688,548004.0,200000.0,0.00949667616334283,110000.0,90000.0,0.004273504273504274,0.25714,0.25714,350000.0,350000.0,https://www.sec.gov/Archives/edgar/data/1133062/000114420408002233/0001144204-08-002233-index.htm,https://www.sec.gov/Archives/edgar/data/1133062/000114420408002233/v099684_10k.htm,1620593863,16:57:43,20210509
54,2007-06-30,JANL,USD,2007-08-14,2007-08-14 13:02:58,Q3,18850000.0,16720000.0,2130000.0,0.1129973474801061,0.0,0.0,0.0,0.0,1903699.0,18620000.000000004,20000.0,-30000.0,200000.0,0.010610079575596816,230000.0,0.01220159151193634,0.0,250000.0,0.013262599469496022,110000.0,140000.0,0.007427055702917772,0.4,0.4,350000.0,350000.0,https://www.sec.gov/Archives/edgar/data/1133062/000114420407043089/0001144204-07-043089-index.htm,https://www.sec.gov/Archives/edgar/data/1133062/000114420407043089/v084417_10q.htm,1620593863,16:57:43,20210509
55,2007-03-31,JANL,USD,2007-05-15,2007-05-15 14:01:22,Q2,18300000.0,16340000.0,1960000.0,0.10710382513661203,0.0,0.0,0.0,0.0,1910885.0,18250000.0,10000.0,20000.0,70000.0,0.003825136612021858,50000.0,0.00273224043715847,0.0,70000.0,0.003825136612021858,30000.0,40000.0,0.002185792349726776,0.11429,0.11429,350000.0,350000.0,https://www.sec.gov/Archives/edgar/data/1133062/000114420407025620/0001144204-07-025620-index.htm,https://www.sec.gov/Archives/edgar/data/1133062/000114420407025620/v075165_10q.htm,1620593863,16:57:43,20210509
56,2006-12-31,JANL,USD,2007-02-14,2007-02-14 17:26:38,Q1,16730000.0,14800000.0,1930000.0,0.11536162582187687,0.0,0.0,0.0,0.0,1844358.0,16649999.999999998,10000.0,20000.0,100000.0,0.005977286312014346,80000.0,0.004781829049611476,0.0,90000.0,0.005379557680812911,40000.0,50000.0,0.002988643156007173,0.14286,0.14286,350000.0,350000.0,https://www.sec.gov/Archives/edgar/data/1133062/000114420407008251/0001144204-07-008251-index.htm,https://www.sec.gov/Archives/edgar/data/1133062/000114420406055054/v061419_10k.htm,1620593863,16:57:43,20210509
57,2006-09-30,JANL,USD,2006-12-29,2006-12-29 16:03:56,Q4,20110000.0,18030000.0,2080000.0,0.10343112879164594,0.0,0.0,0.0,0.0,1934399.0,19960000.0,1140000.0,30000.0,180000.0,0.008950770760815515,150000.0,0.007458975634012929,301423.0,160000.0,0.007956240676280457,140000.0,30000.0,0.0014917951268025858,0.08571,0.08571,350000.0,350000.0,https://www.sec.gov/Archives/edgar/data/1133062/000114420406055054/0001144204-06-055054-index.htm,https://www.sec.gov/Archives/edgar/data/1133062/000114420406055054/v061419_10k.htm,1620593863,16:57:43,20210509
58,2006-06-30,JANL,USD,2006-06-30,2006-06-30,Q3,19540000.0,17380000.0,2150000.0,0.11003070624360287,0.0,0.0,0.0,0.0,1965664.0,19350000.000000004,10000.0,30000.0,220000.0,0.011258955987717503,190000.0,0.009723643807574206,0.0,200000.0,0.01023541453428864,100000.0,100000.0,0.00511770726714432,0.28571,0.28571,350000.0,350000.0,,,1620593863,16:57:43,20210509
59,2006-03-31,JANL,USD,2006-03-31,2006-03-31,Q2,18790000.0,16920000.0,1870000.0,0.09952102182011709,0.0,0.0,0.0,0.0,2061591.0,18980000.0,0.0,20000.000000000004,-170000.0,-0.009047365620010643,-190000.0,-0.010111761575306013,0.0,-190000.0,-0.010111761575306013,-30000.0,-160000.0,-0.008515167642362959,-0.47059,-0.47059,340000.0,340000.0,,,1620593863,16:57:43,20210509
60,2005-12-31,JANL,USD,2005-12-31,2005-12-31,Q1,18780000.0,16840000.0,1940000.0,0.1033013844515442,0.0,0.0,0.0,0.0,1789745.0,18630000.0,0.0,30000.0,180000.0,0.009584664536741214,150000.0,0.007987220447284345,0.0,160000.0,0.008519701810436636,70000.0,90000.0,0.004792332268370607,0.26471,0.26471,340000.0,340000.0,,,1620593863,16:57:43,20210509
61,2005-09-30,JANL,USD,2005-09-30,2005-09-30,Q4,23560000.0,21160000.0,2410000.0,0.10229202037351443,0.0,0.0,0.0,0.0,1947394.0,23130000.0,0.0,30000.0,460000.0,0.019524617996604415,430000.0,0.01825127334465195,0.0,430000.0,0.01825127334465195,200000.0,230000.0,0.009762308998302207,0.67647,0.67647,340000.0,340000.0,,,1620593863,16:57:43,20210509
62,2005-06-30,JANL,USD,2005-06-30,2005-06-30,Q3,19950000.0,18010000.0,1930000.0,0.09674185463659148,0.0,0.0,0.0,0.0,1665201.0,19680000.0,0.0,30000.000000000007,300000.0,0.015037593984962405,270000.0,0.013533834586466165,0.0,270000.0,0.013533834586466165,120000.0,150000.0,0.007518796992481203,0.44118,0.44118,340000.0,340000.0,,,1620593863,16:57:43,20210509
63,2005-03-31,JANL,USD,2005-03-31,2005-03-31,Q2,14950000.0,13350000.0,1600000.0,0.10702341137123746,0.0,0.0,0.0,0.0,1651103.0,15000000.0,0.0,20000.0,-30000.0,-0.002006688963210702,-50000.0,-0.0033444816053511705,0.0,-50000.0,-0.0033444816053511705,-20000.0,-30000.0,-0.002006688963210702,-0.08824,-0.08824,340000.0,340000.0,,,1620593863,16:57:43,20210509
64,2004-12-31,JANL,USD,2004-12-31,2004-12-31,Q1,15020000.0,13360000.0,1670000.0,0.11118508655126498,0.0,0.0,0.0,0.0,1536490.0,14890000.000000002,-10000.0,20000.0,150000.0,0.009986684420772303,130000.0,0.008655126498002663,0.0,130000.0,0.008655126498002663,50000.0,70000.0,0.004660452729693742,0.20588,0.20588,340000.0,340000.0,,,1620593863,16:57:43,20210509
65,2004-09-30,JANL,USD,2004-12-28 00:00:00,2004-12-28 16:14:22,Q4,19780000.0,17870000.0,1900000.0,0.09605662285136501,0.0,0.0,0.0,0.0,1621448.0,19579999.999999996,0.0,19999.999999999996,220000.0,0.011122345803842264,200000.0,0.010111223458038422,0.0,200000.0,0.010111223458038422,90000.0,110000.0,0.005561172901921132,0.32353,0.32353,340000.0,340000.0,https://www.sec.gov/Archives/edgar/data/1133062/000114420404022946/0001144204-04-022946-index.html,https://www.sec.gov/Archives/edgar/data/1133062/000114420404022946/v010491.txt,1620593863,16:57:43,20210509
66,2004-06-30,JANL,USD,2004-08-16 00:00:00,2004-08-16 17:27:42,Q3,17150000.0,15420000.0,1730000.0,0.10087463556851312,0.0,0.0,0.0,0.0,1604977.0,17030000.0,0.0,10000.000000000002,130000.0,0.007580174927113703,120000.0,0.006997084548104956,0.0,120000.0,0.006997084548104956,50000.0,70000.0,0.004081632653061225,0.20588,0.20588,340000.0,340000.0,https://www.sec.gov/Archives/edgar/data/1133062/000114420404012265/0001144204-04-012265-index.html,https://www.sec.gov/Archives/edgar/data/1133062/000114420404012265/v05715_10q.txt,1620593863,16:57:43,20210509
67,2004-03-31,JANL,USD,2004-05-17 00:00:00,2004-05-17 16:53:00,Q2,16880000.0,15230000.0,1650000.0,0.09774881516587677,0.0,0.0,0.0,0.0,1590552.0,16829999.999999996,0.0,19999.999999999996,70000.0,0.004146919431279621,50000.0,0.002962085308056872,0.0,50000.0,0.002962085308056872,20000.0,30000.0,0.0017772511848341231,0.08824,0.08824,340000.0,340000.0,https://www.sec.gov/Archives/edgar/data/1133062/000114420404006968/0001144204-04-006968-index.html,https://www.sec.gov/Archives/edgar/data/1133062/000114420404006968/v03295_10q.txt,1620593863,16:57:43,20210509
68,2003-12-31,JANL,USD,2003-12-31,2003-12-31,Q1,16170000.0,14520000.0,1650000.0,0.10204081632653061,0.0,0.0,0.0,0.0,1550006.0,16070000.0,0.0,10000.0,110000.0,0.006802721088435374,100000.0,0.006184291898577613,0.0,100000.0,0.006184291898577613,40000.0,60000.0,0.0037105751391465678,0.17647,0.17647,340000.0,340000.0,,,1620593863,16:57:43,20210509
69,2003-09-30,JANL,USD,2003-12-31 00:00:00,2003-12-31 16:30:20,Q4,16390000.0,14640000.0,1750000.0,0.10677242220866381,0.0,0.0,0.0,0.0,1693861.0,16309999.999999998,0.0,19999.999999999996,90000.0,0.005491153142159854,70000.0,0.004270896888346553,0.0,70000.0,0.004270896888346553,50000.0,30000.0,0.0018303843807199512,0.08824,0.08824,340000.0,340000.0,https://www.sec.gov/Archives/edgar/data/1133062/000114420403008859/0001144204-03-008859-index.html,https://www.sec.gov/Archives/edgar/data/1133062/000114420403008859/v01118_10-k.txt,1620593863,16:57:43,20210509
70,2003-06-30,JANL,USD,2003-08-14 00:00:00,2003-08-14 09:33:45,Q3,14950000.0,13370000.0,1580000.0,0.10568561872909699,0.0,0.0,0.0,0.0,1474782.0,14850000.0,0.0,20000.0,120000.0,0.008026755852842809,100000.0,0.006688963210702341,0.0,100000.0,0.006688963210702341,40000.0,60000.0,0.004013377926421404,0.17647,0.17647,340000.0,340000.0,https://www.sec.gov/Archives/edgar/data/1133062/000114420403004513/0001144204-03-004513-index.html,https://www.sec.gov/Archives/edgar/data/1133062/000114420403004513/janel_10-q.txt,1620593863,16:57:43,20210509
71,2003-03-31,JANL,USD,2003-05-15 00:00:00,2003-05-15 11:40:37,Q2,11650000.0,10210000.0,1440000.0,0.12360515021459227,0.0,0.0,0.0,0.0,1432913.0,11650000.0,0.0,10000.0,20000.0,0.0017167381974248926,10000.0,0.0008583690987124463,0.0,10000.0,0.0008583690987124463,0.0,10000.0,0.0008583690987124463,0.02941,0.02941,340000.0,340000.0,https://www.sec.gov/Archives/edgar/data/1133062/000114420403002452/0001144204-03-002452-index.html,https://www.sec.gov/Archives/edgar/data/1133062/000114420403002452/j10q.txt,1620593863,16:57:43,20210509
72,2002-12-31,JANL,USD,2003-02-14 00:00:00,2003-02-14 12:58:39,Q1,13930000.0,12380000.0,1540000.0,0.11055276381909548,0.0,0.0,0.0,0.0,1377859.0,13759999.999999998,0.0,10000.0,180000.0,0.012921751615218953,170000.0,0.012203876525484566,0.0,170000.0,0.012203876525484566,70000.0,100000.0,0.007178750897343862,0.29412,0.29412,340000.0,340000.0,https://www.sec.gov/Archives/edgar/data/1133062/000114420403000570/0001144204-03-000570-index.html,https://www.sec.gov/Archives/edgar/data/1133062/000114420403000570/doc1.txt,1620593863,16:57:43,20210509
73,2002-09-30,JANL,USD,2002-12-30 00:00:00,2002-12-30 17:09:11,Q4,13850000.0,12090000.0,1760000.0,0.12707581227436823,0.0,1620000.0,0.0,0.0,4309226.0,13960000.000000002,0.0,49999.99999999999,-60000.00000000001,-0.004332129963898918,-110000.0,-0.007942238267148015,0.0,-110000.0,-0.007942238267148015,80000.0,-190000.0,-0.013718411552346571,-0.59375,-0.59375,320000.0,320000.0,https://www.sec.gov/Archives/edgar/data/1133062/000114420402001742/0001144204-02-001742-index.html,https://www.sec.gov/Archives/edgar/data/1133062/000114420402001742/doc1.txt,1620593863,16:57:43,20210509
74,2002-06-30,JANL,USD,2002-08-14 00:00:00,2002-08-14 11:03:21,Q3,11460000.0,10100000.0,1350000.0,0.11780104712041885,0.0,1280000.0,0.0,0.0,3953251.0,11390000.000000002,0.0,0.0,60000.0,0.005236,70000.0,0.006108202443280977,0.0,70000.0,0.006108202443280977,20000.0,40000.0,0.0034904013961605585,0.13333,0.13333,300000.0,300000.0,https://www.sec.gov/Archives/edgar/data/1133062/000114420402000645/0001144204-02-000645-index.html,https://www.sec.gov/Archives/edgar/data/1133062/000114420402000645/doc1.txt,1620593863,16:57:43,20210509
75,2002-03-31,JANL,USD,2002-03-31,2002-03-31,Q2,9890000.0,8530000.0,1360000.0,0.13751263902932254,0.0,1340000.0,0.0,0.0,1340000.0,9870000.0,0.0,20000.0,40000.0,0.004044489383215369,20000.0,0.0020222446916076846,0.0,20000.0,0.0020222446916076846,10000.0,10000.0,0.0010111223458038423,0.03333,0.03333,300000.0,300000.0,,,1620593863,16:57:43,20210509
76,2001-12-31,JANL,USD,2001-12-31,2001-12-31,Q1,9650000.0,8300000.0,1350000.0,0.13989637305699482,0.0,1330000.0,0.0,0.0,1340000.0,9640000.0,0.0,20000.0,40000.0,0.004145077720207254,20000.0,0.002072538860103627,0.0,20000.0,0.002072538860103627,10000.0,10000.0,0.0010362694300518134,0.03333,0.03333,300000.0,300000.0,,,1620593863,16:57:43,20210509
77,2001-09-30,JANL,USD,2001-09-30,2001-09-30,Q4,10890000.0,9390000.0,1510000.0,0.1386593204775023,0.0,1540000.0,0.0,0.0,1539999.999999999,10930000.0,0.0,90000.0,60000.0,0.005509641873278237,-30000.0,-0.0027548209366391185,0.0,-30000.0,-0.0027548209366391185,-10000.0,-30000.0,-0.0027548209366391185,-0.1,-0.1,300000.0,300000.0,,,1620593863,16:57:43,20210509
78,2001-06-30,JANL,USD,2001-06-30,2001-06-30,Q3,11970000.0,10450000.0,1520000.0,0.12698412698412698,0.0,1490000.0,0.0,0.0,1500000.0,11950000.0,0.0,30000.0,60000.0,0.005012531328320802,30000.0,0.002506265664160401,0.0,30000.0,0.002506265664160401,10000.0,20000.0,0.001670843776106934,0.06667,0.06667,300000.0,300000.0,,,1620593863,16:57:43,20210509
