,date,symbol,reportedCurrency,fillingDate,acceptedDate,period,revenue,costOfRevenue,grossProfit,grossProfitRatio,researchAndDevelopmentExpenses,generalAndAdministrativeExpenses,sellingAndMarketingExpenses,otherExpenses,operatingExpenses,costAndExpenses,interestExpense,depreciationAndAmortization,ebitda,ebitdaratio,operatingIncome,operatingIncomeRatio,totalOtherIncomeExpensesNet,incomeBeforeTax,incomeBeforeTaxRatio,incomeTaxExpense,netIncome,netIncomeRatio,eps,epsdiluted,weightedAverageShsOut,weightedAverageShsOutDil,link,finalLink,timestamp,est_time,est_date
0,2019-09-30,0632.HK,HKD,2019-09-30,2019-09-30,Q3,43866750.0,43859750.0,7000.0,0.0001595741649426958,0.0,8128500.0,0.0,123500.0,0.0,51988250.0,2525000.0,1374750.0,-6746750.0,-0.15380099961816182,-8121500.0,-0.18514022579744338,0.0,-68726250.0,-1.5667048504847065,-1484000.0,-67210250.0,-1.532145645619974,-0.175475,-0.175475,383042794.0,383042794.0,https://www1.hkexnews.hk/search/titlesearch.xhtml,https://www1.hkexnews.hk/search/titlesearch.xhtml,1620584830,14:27:10,20210509
1,2019-06-30,0632.HK,HKD,2019-06-30,2019-06-30,Q2,43866750.0,43859750.0,7000.0,0.0001595741649426958,0.0,8128500.0,0.0,123500.0,0.0,51988250.0,2525000.0,1374750.0,-6746750.0,-0.15380099961816182,-8121500.0,-0.18514022579744338,0.0,-68726250.0,-1.5667048504847065,-1484000.0,-67210250.0,-1.532145645619974,-0.175475,-0.175475,383042794.0,383042794.0,https://www1.hkexnews.hk/search/titlesearch.xhtml,https://www1.hkexnews.hk/search/titlesearch.xhtml,1620584830,14:27:10,20210509
2,2019-03-31,0632.HK,HKD,2019-03-31,2019-03-31,Q1,43866750.0,43859750.0,7000.0,0.0001595741649426958,0.0,8128500.0,0.0,123500.0,0.0,51988250.0,2525000.0,1374750.0,-6746750.0,-0.15380099961816182,-8121500.0,-0.18514022579744338,0.0,-68726250.0,-1.5667048504847065,-1484000.0,-67210250.0,-1.532145645619974,-0.175475,-0.175475,383042794.0,383042794.0,https://www1.hkexnews.hk/search/titlesearch.xhtml,https://www1.hkexnews.hk/search/titlesearch.xhtml,1620584830,14:27:10,20210509
3,2019-01-31,0632.HK,HKD,2019-01-31,2019-01-31,Q1,43866750.0,43859750.0,7000.0,0.0001595741649426958,0.0,8128500.0,0.0,123500.0,0.0,51988250.0,2525000.0,1374750.0,-6746750.0,-0.15380099961816182,-8121500.0,-0.18514022579744338,0.0,-68726250.0,-1.5667048504847065,-1484000.0,-67210250.0,-1.532145645619974,-0.175475,-0.175475,383042794.0,383042794.0,https://www1.hkexnews.hk/search/titlesearch.xhtml,https://www1.hkexnews.hk/search/titlesearch.xhtml,1620584830,14:27:10,20210509
4,2018-09-30,0632.HK,HKD,2018-09-30,2018-09-30,Q3,18509000.0,18945250.0,-436250.0,-0.023569614781997948,0.0,9598000.0,0.0,55000.0,0.0,28543250.0,2238250.0,567250.0,-9467000.0,-0.5114809011832082,-10034250.0,-0.5421281538710897,0.0,-14890500.0,-0.8045005132638176,-215000.0,-14603750.0,-0.7890080501377709,-0.08940125,-0.08940125,163362600.0,163362600.0,https://www1.hkexnews.hk/search/titlesearch.xhtml,https://www1.hkexnews.hk/search/titlesearch.xhtml,1620584830,14:27:10,20210509
5,2018-06-30,0632.HK,HKD,2018-06-30,2018-06-30,Q2,18509000.0,18945250.0,-436250.0,-0.023569614781997948,0.0,9598000.0,0.0,55000.0,0.0,28543250.0,2238250.0,567250.0,-9467000.0,-0.5114809011832082,-10034250.0,-0.5421281538710897,0.0,-14890500.0,-0.8045005132638176,-215000.0,-14603750.0,-0.7890080501377709,-0.08940125,-0.08940125,163362600.0,163362600.0,https://www1.hkexnews.hk/search/titlesearch.xhtml,https://www1.hkexnews.hk/search/titlesearch.xhtml,1620584830,14:27:10,20210509
6,2018-03-31,0632.HK,HKD,2018-03-31,2018-03-31,Q1,18509000.0,18945250.0,-436250.0,-0.023569614781997948,0.0,9598000.0,0.0,55000.0,0.0,28543250.0,2238250.0,567250.0,-9467000.0,-0.5114809011832082,-10034250.0,-0.5421281538710897,0.0,-14890500.0,-0.8045005132638176,-215000.0,-14603750.0,-0.7890080501377709,-0.08940125,-0.08940125,163362600.0,163362600.0,https://www1.hkexnews.hk/search/titlesearch.xhtml,https://www1.hkexnews.hk/search/titlesearch.xhtml,1620584830,14:27:10,20210509
7,2018-01-31,0632.HK,HKD,2018-01-31,2018-01-31,Q1,18509000.0,18945250.0,-436250.0,-0.023569614781997948,0.0,9598000.0,0.0,55000.0,0.0,28543250.0,2238250.0,567250.0,-9467000.0,-0.5114809011832082,-10034250.0,-0.5421281538710897,0.0,-14890500.0,-0.8045005132638176,-215000.0,-14603750.0,-0.7890080501377709,-0.08940125,-0.08940125,163362600.0,163362600.0,https://www1.hkexnews.hk/search/titlesearch.xhtml,https://www1.hkexnews.hk/search/titlesearch.xhtml,1620584830,14:27:10,20210509
8,2017-09-30,0632.HK,HKD,2017-09-30,2017-09-30,Q3,8898500.0,9188500.0,-290000.0,-0.03258976231949205,0.0,6404000.0,0.0,425500.0,0.0,15592500.0,1548500.0,96750.0,-6597250.0,-0.7413889981457549,-6694000.0,-0.752261617126482,0.0,-111814750.0,-12.565572849356633,-23897500.0,-87908250.0,-9.878996460077541,-0.53789825,-0.53789825,163362600.0,163362600.0,https://www1.hkexnews.hk/search/titlesearch.xhtml,https://www1.hkexnews.hk/search/titlesearch.xhtml,1620584830,14:27:10,20210509
9,2017-06-30,0632.HK,HKD,2017-06-30,2017-06-30,Q2,8898500.0,9188500.0,-290000.0,-0.03258976231949205,0.0,6404000.0,0.0,425500.0,0.0,15592500.0,1548500.0,96750.0,-6597250.0,-0.7413889981457549,-6694000.0,-0.752261617126482,0.0,-111814750.0,-12.565572849356633,-23897500.0,-87908250.0,-9.878996460077541,-0.53789825,-0.53789825,163362600.0,163362600.0,https://www1.hkexnews.hk/search/titlesearch.xhtml,https://www1.hkexnews.hk/search/titlesearch.xhtml,1620584830,14:27:10,20210509
10,2017-03-31,0632.HK,HKD,2017-03-31,2017-03-31,Q1,8898500.0,9188500.0,-290000.0,-0.03258976231949205,0.0,6404000.0,0.0,425500.0,0.0,15592500.0,1548500.0,96750.0,-6597250.0,-0.7413889981457549,-6694000.0,-0.752261617126482,0.0,-111814750.0,-12.565572849356633,-23897500.0,-87908250.0,-9.878996460077541,-0.53789825,-0.53789825,163362600.0,163362600.0,https://www1.hkexnews.hk/search/titlesearch.xhtml,https://www1.hkexnews.hk/search/titlesearch.xhtml,1620584830,14:27:10,20210509
11,2017-01-31,0632.HK,HKD,2017-01-31,2017-01-31,Q1,8898500.0,9188500.0,-290000.0,-0.03258976231949205,0.0,6404000.0,0.0,425500.0,0.0,15592500.0,1548500.0,96750.0,-6597250.0,-0.7413889981457549,-6694000.0,-0.752261617126482,0.0,-111814750.0,-12.565572849356633,-23897500.0,-87908250.0,-9.878996460077541,-0.53789825,-0.53789825,163362600.0,163362600.0,https://www1.hkexnews.hk/search/titlesearch.xhtml,https://www1.hkexnews.hk/search/titlesearch.xhtml,1620584830,14:27:10,20210509
12,2016-09-30,0632.HK,HKD,2016-09-30,2016-09-30,Q3,129500.0,201500.0,-72000.0,-0.555984555984556,0.0,5875250.0,3750.0,1916250.0,0.0,6238500.0,653750.0,84500.0,-6024500.0,-46.52123552123552,-6109000.0,-47.173745173745175,0.0,45883750.0,354.31467181467184,12112500.0,33018750.0,254.97104247104247,0.2021465,0.2021465,163362600.0,163362600.0,https://www1.hkexnews.hk/search/titlesearch.xhtml,https://www1.hkexnews.hk/search/titlesearch.xhtml,1620584830,14:27:10,20210509
13,2016-06-30,0632.HK,HKD,2016-06-30,2016-06-30,Q2,129500.0,201500.0,-72000.0,-0.555984555984556,0.0,5875250.0,3750.0,1916250.0,0.0,6238500.0,653750.0,84500.0,-6024500.0,-46.52123552123552,-6109000.0,-47.173745173745175,0.0,45883750.0,354.31467181467184,12112500.0,33018750.0,254.97104247104247,0.2021465,0.2021465,163362600.0,163362600.0,https://www1.hkexnews.hk/search/titlesearch.xhtml,https://www1.hkexnews.hk/search/titlesearch.xhtml,1620584830,14:27:10,20210509
14,2016-03-31,0632.HK,HKD,2016-03-31,2016-03-31,Q1,129500.0,201500.0,-72000.0,-0.555984555984556,0.0,5875250.0,3750.0,1916250.0,0.0,6238500.0,653750.0,84500.0,-6024500.0,-46.52123552123552,-6109000.0,-47.173745173745175,0.0,45883750.0,354.31467181467184,12112500.0,33018750.0,254.97104247104247,0.2021465,0.2021465,163362600.0,163362600.0,https://www1.hkexnews.hk/search/titlesearch.xhtml,https://www1.hkexnews.hk/search/titlesearch.xhtml,1620584830,14:27:10,20210509
15,2016-01-31,0632.HK,HKD,2016-01-31,2016-01-31,Q1,129500.0,201500.0,-72000.0,-0.555984555984556,0.0,5875250.0,3750.0,1916250.0,0.0,6238500.0,653750.0,84500.0,-6024500.0,-46.52123552123552,-6109000.0,-47.173745173745175,0.0,45883750.0,354.31467181467184,12112500.0,33018750.0,254.97104247104247,0.2021465,0.2021465,163362600.0,163362600.0,https://www1.hkexnews.hk/search/titlesearch.xhtml,https://www1.hkexnews.hk/search/titlesearch.xhtml,1620584830,14:27:10,20210509
16,2015-09-30,0632.HK,HKD,2015-09-30,2015-09-30,Q3,222250.0,406000.0,-183750.0,-0.8267716535433071,0.0,6621500.0,13500.0,719500.0,0.0,7318250.0,260250.0,158500.0,-6937500.0,-31.214848143982003,-7096000.0,-31.92800899887514,0.0,-488841500.0,-2199.511811023622,-117291500.0,-371894250.0,-1673.3149606299212,-2.27774825,-2.27774825,163273759.0,163273759.0,https://www1.hkexnews.hk/search/titlesearch.xhtml,https://www1.hkexnews.hk/search/titlesearch.xhtml,1620584830,14:27:10,20210509
17,2015-06-30,0632.HK,HKD,2015-06-30,2015-06-30,Q2,222250.0,406000.0,-183750.0,-0.8267716535433071,0.0,6621500.0,13500.0,719500.0,0.0,7318250.0,260250.0,158500.0,-6937500.0,-31.214848143982003,-7096000.0,-31.92800899887514,0.0,-488841500.0,-2199.511811023622,-117291500.0,-371894250.0,-1673.3149606299212,-2.27774825,-2.27774825,163273759.0,163273759.0,https://www1.hkexnews.hk/search/titlesearch.xhtml,https://www1.hkexnews.hk/search/titlesearch.xhtml,1620584830,14:27:10,20210509
18,2015-03-31,0632.HK,HKD,2015-03-31,2015-03-31,Q1,222250.0,406000.0,-183750.0,-0.8267716535433071,0.0,6621500.0,13500.0,719500.0,0.0,7318250.0,260250.0,158500.0,-6937500.0,-31.214848143982003,-7096000.0,-31.92800899887514,0.0,-488841500.0,-2199.511811023622,-117291500.0,-371894250.0,-1673.3149606299212,-2.27774825,-2.27774825,163273759.0,163273759.0,https://www1.hkexnews.hk/search/titlesearch.xhtml,https://www1.hkexnews.hk/search/titlesearch.xhtml,1620584830,14:27:10,20210509
19,2015-01-31,0632.HK,HKD,2015-01-31,2015-01-31,Q1,222250.0,406000.0,-183750.0,-0.8267716535433071,0.0,6621500.0,13500.0,719500.0,0.0,7318250.0,260250.0,158500.0,-6937500.0,-31.214848143982003,-7096000.0,-31.92800899887514,0.0,-488841500.0,-2199.511811023622,-117291500.0,-371894250.0,-1673.3149606299212,-2.27774825,-2.27774825,163273759.0,163273759.0,https://www1.hkexnews.hk/search/titlesearch.xhtml,https://www1.hkexnews.hk/search/titlesearch.xhtml,1620584830,14:27:10,20210509
20,2014-09-30,0632.HK,HKD,2014-09-30,2014-09-30,Q3,24341750.0,23886500.0,455250.0,0.01870243511662062,0.0,8881250.0,52000.0,0.0,0.0,33357750.0,0.0,156500.0,-8859500.0,-0.3639631497324556,-9016000.0,-0.37039243275442396,0.0,-31490000.0,-1.2936621237174812,-494750.0,-30781250.0,-1.2645454825556914,-0.18873625,-0.18873625,163161260.0,163161260.0,https://www1.hkexnews.hk/search/titlesearch.xhtml,https://www1.hkexnews.hk/search/titlesearch.xhtml,1620584830,14:27:10,20210509
21,2014-06-30,0632.HK,HKD,2014-06-30,2014-06-30,Q2,24341750.0,23886500.0,455250.0,0.01870243511662062,0.0,8881250.0,52000.0,0.0,0.0,33357750.0,0.0,156500.0,-8859500.0,-0.3639631497324556,-9016000.0,-0.37039243275442396,0.0,-31490000.0,-1.2936621237174812,-494750.0,-30781250.0,-1.2645454825556914,-0.18873625,-0.18873625,163161260.0,163161260.0,https://www1.hkexnews.hk/search/titlesearch.xhtml,https://www1.hkexnews.hk/search/titlesearch.xhtml,1620584830,14:27:10,20210509
22,2014-03-31,0632.HK,HKD,2014-03-31,2014-03-31,Q1,24341750.0,23886500.0,455250.0,0.01870243511662062,0.0,8881250.0,52000.0,0.0,0.0,33357750.0,0.0,156500.0,-8859500.0,-0.3639631497324556,-9016000.0,-0.37039243275442396,0.0,-31490000.0,-1.2936621237174812,-494750.0,-30781250.0,-1.2645454825556914,-0.18873625,-0.18873625,163161260.0,163161260.0,https://www1.hkexnews.hk/search/titlesearch.xhtml,https://www1.hkexnews.hk/search/titlesearch.xhtml,1620584830,14:27:10,20210509
23,2014-01-31,0632.HK,HKD,2014-01-31,2014-01-31,Q1,24341750.0,23886500.0,455250.0,0.01870243511662062,0.0,8881250.0,52000.0,0.0,0.0,33357750.0,0.0,156500.0,-8859500.0,-0.3639631497324556,-9016000.0,-0.37039243275442396,0.0,-31490000.0,-1.2936621237174812,-494750.0,-30781250.0,-1.2645454825556914,-0.18873625,-0.18873625,163161260.0,163161260.0,https://www1.hkexnews.hk/search/titlesearch.xhtml,https://www1.hkexnews.hk/search/titlesearch.xhtml,1620584830,14:27:10,20210509
24,2013-09-30,0632.HK,HKD,2013-09-30,2013-09-30,Q3,102103250.0,99204500.0,2898750.0,0.028390379346396908,0.0,15036500.0,271250.0,247250.0,0.0,123474500.0,0.0,243000.0,-21128250.0,-0.2069302397328195,-21371250.0,-0.20931018356418626,0.0,-41649250.0,-0.4079130683891061,-995750.0,-40356750.0,-0.39525431364819436,-0.243867,-0.243867,165575670.0,165575670.0,https://www1.hkexnews.hk/search/titlesearch.xhtml,https://www1.hkexnews.hk/search/titlesearch.xhtml,1620584830,14:27:10,20210509
25,2013-06-30,0632.HK,HKD,2013-06-30,2013-06-30,Q2,102103250.0,99204500.0,2898750.0,0.028390379346396908,0.0,15036500.0,271250.0,247250.0,0.0,123474500.0,0.0,243000.0,-21128250.0,-0.2069302397328195,-21371250.0,-0.20931018356418626,0.0,-41649250.0,-0.4079130683891061,-995750.0,-40356750.0,-0.39525431364819436,-0.243867,-0.243867,165575670.0,165575670.0,https://www1.hkexnews.hk/search/titlesearch.xhtml,https://www1.hkexnews.hk/search/titlesearch.xhtml,1620584830,14:27:10,20210509
26,2013-03-31,0632.HK,HKD,2013-03-31,2013-03-31,Q1,102103250.0,99204500.0,2898750.0,0.028390379346396908,0.0,15036500.0,271250.0,247250.0,0.0,123474500.0,0.0,243000.0,-21128250.0,-0.2069302397328195,-21371250.0,-0.20931018356418626,0.0,-41649250.0,-0.4079130683891061,-995750.0,-40356750.0,-0.39525431364819436,-0.243867,-0.243867,165575670.0,165575670.0,https://www1.hkexnews.hk/search/titlesearch.xhtml,https://www1.hkexnews.hk/search/titlesearch.xhtml,1620584830,14:27:10,20210509
27,2013-01-31,0632.HK,HKD,2013-01-31,2013-01-31,Q1,102103250.0,99204500.0,2898750.0,0.028390379346396908,0.0,15036500.0,271250.0,247250.0,0.0,123474500.0,0.0,243000.0,-21128250.0,-0.2069302397328195,-21371250.0,-0.20931018356418626,0.0,-41649250.0,-0.4079130683891061,-995750.0,-40356750.0,-0.39525431364819436,-0.243867,-0.243867,165575670.0,165575670.0,https://www1.hkexnews.hk/search/titlesearch.xhtml,https://www1.hkexnews.hk/search/titlesearch.xhtml,1620584830,14:27:10,20210509
28,2012-09-30,0632.HK,HKD,2012-09-30,2012-09-30,Q3,111044000.0,107321250.0,3722750.0,0.03352499909945607,0.0,13239250.0,491500.0,384750.0,0.0,122355250.0,0.0,346250.0,-10965000.0,-0.09874464176362523,-11311250.0,-0.10186277511617017,0.0,-100361750.0,-0.9038016461943014,-24394000.0,-75830250.0,-0.6828847123662692,-0.44204,-0.44204,171554236.0,171554236.0,https://www1.hkexnews.hk/search/titlesearch.xhtml,https://www1.hkexnews.hk/search/titlesearch.xhtml,1620584830,14:27:10,20210509
29,2012-06-30,0632.HK,HKD,2012-06-30,2012-06-30,Q2,111044000.0,107321250.0,3722750.0,0.03352499909945607,0.0,13239250.0,491500.0,384750.0,0.0,122355250.0,0.0,346250.0,-10965000.0,-0.09874464176362523,-11311250.0,-0.10186277511617017,0.0,-100361750.0,-0.9038016461943014,-24394000.0,-75830250.0,-0.6828847123662692,-0.44204,-0.44204,171554236.0,171554236.0,https://www1.hkexnews.hk/search/titlesearch.xhtml,https://www1.hkexnews.hk/search/titlesearch.xhtml,1620584830,14:27:10,20210509
30,2012-03-31,0632.HK,HKD,2012-03-31,2012-03-31,Q1,111044000.0,107321250.0,3722750.0,0.03352499909945607,0.0,13239250.0,491500.0,384750.0,0.0,122355250.0,0.0,346250.0,-10965000.0,-0.09874464176362523,-11311250.0,-0.10186277511617017,0.0,-100361750.0,-0.9038016461943014,-24394000.0,-75830250.0,-0.6828847123662692,-0.44204,-0.44204,171554236.0,171554236.0,https://www1.hkexnews.hk/search/titlesearch.xhtml,https://www1.hkexnews.hk/search/titlesearch.xhtml,1620584830,14:27:10,20210509
31,2012-01-31,0632.HK,HKD,2012-01-31,2012-01-31,Q1,111044000.0,107321250.0,3722750.0,0.03352499909945607,0.0,13239250.0,491500.0,384750.0,0.0,122355250.0,0.0,346250.0,-10965000.0,-0.09874464176362523,-11311250.0,-0.10186277511617017,0.0,-100361750.0,-0.9038016461943014,-24394000.0,-75830250.0,-0.6828847123662692,-0.44204,-0.44204,171554236.0,171554236.0,https://www1.hkexnews.hk/search/titlesearch.xhtml,https://www1.hkexnews.hk/search/titlesearch.xhtml,1620584830,14:27:10,20210509
32,2011-09-30,0632.HK,HKD,2011-09-30,2011-09-30,Q3,127732750.0,118759500.0,8973250.0,0.07025019033881287,0.0,14657250.0,589500.0,0.0,0.0,138403000.0,6750.0,606750.0,-10063500.0,-0.07878558944358435,-10670250.0,-0.08353574161677409,0.0,-22818000.0,-0.17863860286418323,-6277250.0,-14801000.0,-0.11587474629646664,-0.09734825,-0.09734825,152361073.0,152361073.0,https://www1.hkexnews.hk/search/titlesearch.xhtml,https://www1.hkexnews.hk/search/titlesearch.xhtml,1620584830,14:27:10,20210509
33,2011-06-30,0632.HK,HKD,2011-06-30,2011-06-30,Q2,127732750.0,118759500.0,8973250.0,0.07025019033881287,0.0,14657250.0,589500.0,0.0,0.0,138403000.0,6750.0,606750.0,-10063500.0,-0.07878558944358435,-10670250.0,-0.08353574161677409,0.0,-22818000.0,-0.17863860286418323,-6277250.0,-14801000.0,-0.11587474629646664,-0.09734825,-0.09734825,152361073.0,152361073.0,https://www1.hkexnews.hk/search/titlesearch.xhtml,https://www1.hkexnews.hk/search/titlesearch.xhtml,1620584830,14:27:10,20210509
34,2011-03-31,0632.HK,HKD,2011-03-31,2011-03-31,Q1,127732750.0,118759500.0,8973250.0,0.07025019033881287,0.0,14657250.0,589500.0,0.0,0.0,138403000.0,6750.0,606750.0,-10063500.0,-0.07878558944358435,-10670250.0,-0.08353574161677409,0.0,-22818000.0,-0.17863860286418323,-6277250.0,-14801000.0,-0.11587474629646664,-0.09734825,-0.09734825,152361073.0,152361073.0,https://www1.hkexnews.hk/search/titlesearch.xhtml,https://www1.hkexnews.hk/search/titlesearch.xhtml,1620584830,14:27:10,20210509
35,2011-01-31,0632.HK,HKD,2011-01-31,2011-01-31,Q1,127732750.0,118759500.0,8973250.0,0.07025019033881287,0.0,14657250.0,589500.0,0.0,0.0,138403000.0,6750.0,606750.0,-10063500.0,-0.07878558944358435,-10670250.0,-0.08353574161677409,0.0,-22818000.0,-0.17863860286418323,-6277250.0,-14801000.0,-0.11587474629646664,-0.09734825,-0.09734825,152361073.0,152361073.0,https://www1.hkexnews.hk/search/titlesearch.xhtml,https://www1.hkexnews.hk/search/titlesearch.xhtml,1620584830,14:27:10,20210509
36,2010-09-30,0632.HK,HKD,2010-09-30,2010-09-30,Q3,138810500.0,132698250.0,6112250.0,0.04403305225469255,0.0,28292500.0,1330750.0,-38614000.0,0.0,3490500.0,0.0,779500.0,136099500.0,0.9804697771422191,135320000.0,0.9748542077148342,0.0,96692750.0,0.6965809502883428,-1175750.0,105798750.0,0.7621811750552011,1.1309866487052178,1.1171891518300066,93545534.0,94700839.0,https://www1.hkexnews.hk/search/titlesearch.xhtml,https://www1.hkexnews.hk/search/titlesearch.xhtml,1620584830,14:27:10,20210509
37,2010-06-30,0632.HK,HKD,2010-06-30,2010-06-30,Q2,138810500.0,132698250.0,6112250.0,0.04403305225469255,0.0,28292500.0,1330750.0,-38614000.0,0.0,3490500.0,0.0,779500.0,136099500.0,0.9804697771422191,135320000.0,0.9748542077148342,0.0,96692750.0,0.6965809502883428,-1175750.0,105798750.0,0.7621811750552011,1.1309866487052178,1.1171891518300066,93545534.0,94700839.0,https://www1.hkexnews.hk/search/titlesearch.xhtml,https://www1.hkexnews.hk/search/titlesearch.xhtml,1620584830,14:27:10,20210509
38,2010-03-31,0632.HK,HKD,2010-03-31,2010-03-31,Q1,138810500.0,132698250.0,6112250.0,0.04403305225469255,0.0,28292500.0,1330750.0,-38614000.0,0.0,3490500.0,0.0,779500.0,136099500.0,0.9804697771422191,135320000.0,0.9748542077148342,0.0,96692750.0,0.6965809502883428,-1175750.0,105798750.0,0.7621811750552011,1.1309866487052178,1.1171891518300066,93545534.0,94700839.0,https://www1.hkexnews.hk/search/titlesearch.xhtml,https://www1.hkexnews.hk/search/titlesearch.xhtml,1620584830,14:27:10,20210509
39,2010-01-31,0632.HK,HKD,2010-01-31,2010-01-31,Q1,138810500.0,132698250.0,6112250.0,0.04403305225469255,0.0,28292500.0,1330750.0,-38614000.0,0.0,3490500.0,0.0,779500.0,136099500.0,0.9804697771422191,135320000.0,0.9748542077148342,0.0,96692750.0,0.6965809502883428,-1175750.0,105798750.0,0.7621811750552011,1.1309866487052178,1.1171891518300066,93545534.0,94700839.0,https://www1.hkexnews.hk/search/titlesearch.xhtml,https://www1.hkexnews.hk/search/titlesearch.xhtml,1620584830,14:27:10,20210509
40,2009-09-30,0632.HK,HKD,2009-09-30,2009-09-30,Q3,48882500.0,43772750.0,5109750.0,0.10453127397330333,0.0,19560500.0,1336250.0,0.0,0.0,289257000.0,1399250.0,2404750.0,-237969750.0,-4.868199253311512,-240374500.0,-4.917393750319644,0.0,-241910750.0,-4.948821152764282,79750.0,-141710000.0,-2.898992481972076,-3.62572225,-3.62572225,39076616.0,39076616.0,https://www1.hkexnews.hk/search/titlesearch.xhtml,https://www1.hkexnews.hk/search/titlesearch.xhtml,1620584830,14:27:10,20210509
41,2009-06-30,0632.HK,HKD,2009-06-30,2009-06-30,Q2,48882500.0,43772750.0,5109750.0,0.10453127397330333,0.0,19560500.0,1336250.0,0.0,0.0,289257000.0,1399250.0,2404750.0,-237969750.0,-4.868199253311512,-240374500.0,-4.917393750319644,0.0,-241910750.0,-4.948821152764282,79750.0,-141710000.0,-2.898992481972076,-3.62572225,-3.62572225,39076616.0,39076616.0,https://www1.hkexnews.hk/search/titlesearch.xhtml,https://www1.hkexnews.hk/search/titlesearch.xhtml,1620584830,14:27:10,20210509
42,2009-03-31,0632.HK,HKD,2009-03-31,2009-03-31,Q1,48882500.0,43772750.0,5109750.0,0.10453127397330333,0.0,19560500.0,1336250.0,0.0,0.0,289257000.0,1399250.0,2404750.0,-237969750.0,-4.868199253311512,-240374500.0,-4.917393750319644,0.0,-241910750.0,-4.948821152764282,79750.0,-141710000.0,-2.898992481972076,-3.62572225,-3.62572225,39076616.0,39076616.0,https://www1.hkexnews.hk/search/titlesearch.xhtml,https://www1.hkexnews.hk/search/titlesearch.xhtml,1620584830,14:27:10,20210509
43,2009-01-31,0632.HK,HKD,2009-01-31,2009-01-31,Q1,48882500.0,43772750.0,5109750.0,0.10453127397330333,0.0,19560500.0,1336250.0,0.0,0.0,289257000.0,1399250.0,2404750.0,-237969750.0,-4.868199253311512,-240374500.0,-4.917393750319644,0.0,-241910750.0,-4.948821152764282,79750.0,-141710000.0,-2.898992481972076,-3.62572225,-3.62572225,39076616.0,39076616.0,https://www1.hkexnews.hk/search/titlesearch.xhtml,https://www1.hkexnews.hk/search/titlesearch.xhtml,1620584830,14:27:10,20210509
44,2008-09-30,0632.HK,HKD,2008-09-30,2008-09-30,Q3,19695750.0,12773750.0,6922000.0,0.3514463780257162,0.0,10792750.0,4402250.0,0.0,0.0,24845500.0,1623500.0,1534250.0,-3615500.0,-0.18356752091187184,-5149750.0,-0.26146503687343714,0.0,-9961250.0,-0.5057563179873831,355000.0,-9577500.0,-0.4862724191767259,-0.351811,-0.351811,27010579.0,27010579.0,https://www1.hkexnews.hk/search/titlesearch.xhtml,https://www1.hkexnews.hk/search/titlesearch.xhtml,1620584830,14:27:10,20210509
45,2008-06-30,0632.HK,HKD,2008-06-30,2008-06-30,Q2,19695750.0,12773750.0,6922000.0,0.3514463780257162,0.0,10792750.0,4402250.0,0.0,0.0,24845500.0,1623500.0,1534250.0,-3615500.0,-0.18356752091187184,-5149750.0,-0.26146503687343714,0.0,-9961250.0,-0.5057563179873831,355000.0,-9577500.0,-0.4862724191767259,-0.351811,-0.351811,27010579.0,27010579.0,https://www1.hkexnews.hk/search/titlesearch.xhtml,https://www1.hkexnews.hk/search/titlesearch.xhtml,1620584830,14:27:10,20210509
46,2008-03-31,0632.HK,HKD,2008-03-31,2008-03-31,Q1,19695750.0,12773750.0,6922000.0,0.3514463780257162,0.0,10792750.0,4402250.0,0.0,0.0,24845500.0,1623500.0,1534250.0,-3615500.0,-0.18356752091187184,-5149750.0,-0.26146503687343714,0.0,-9961250.0,-0.5057563179873831,355000.0,-9577500.0,-0.4862724191767259,-0.351811,-0.351811,27010579.0,27010579.0,https://www1.hkexnews.hk/search/titlesearch.xhtml,https://www1.hkexnews.hk/search/titlesearch.xhtml,1620584830,14:27:10,20210509
47,2008-01-31,0632.HK,HKD,2008-01-31,2008-01-31,Q1,19695750.0,12773750.0,6922000.0,0.3514463780257162,0.0,10792750.0,4402250.0,0.0,0.0,24845500.0,1623500.0,1534250.0,-3615500.0,-0.18356752091187184,-5149750.0,-0.26146503687343714,0.0,-9961250.0,-0.5057563179873831,355000.0,-9577500.0,-0.4862724191767259,-0.351811,-0.351811,27010579.0,27010579.0,https://www1.hkexnews.hk/search/titlesearch.xhtml,https://www1.hkexnews.hk/search/titlesearch.xhtml,1620584830,14:27:10,20210509
48,2007-09-30,0632.HK,HKD,2007-09-30,2007-09-30,Q3,13905000.0,10068000.0,3837000.0,0.2759439050701187,0.0,5870500.0,1793750.0,0.0,0.0,16923500.0,1031250.0,906500.0,-2112000.0,-0.15188781014023733,-3018500.0,-0.2170801869830996,0.0,8557000.0,0.6153901474289823,275750.0,9605500.0,0.690794678173319,0.41389525,0.41389525,23388769.0,23388769.0,https://www1.hkexnews.hk/search/titlesearch.xhtml,https://www1.hkexnews.hk/search/titlesearch.xhtml,1620584830,14:27:10,20210509
49,2007-06-30,0632.HK,HKD,2007-06-30,2007-06-30,Q2,13905000.0,10068000.0,3837000.0,0.2759439050701187,0.0,5870500.0,1793750.0,0.0,0.0,16923500.0,1031250.0,906500.0,-2112000.0,-0.15188781014023733,-3018500.0,-0.2170801869830996,0.0,8557000.0,0.6153901474289823,275750.0,9605500.0,0.690794678173319,0.41389525,0.41389525,23388769.0,23388769.0,https://www1.hkexnews.hk/search/titlesearch.xhtml,https://www1.hkexnews.hk/search/titlesearch.xhtml,1620584830,14:27:10,20210509
50,2007-03-31,0632.HK,HKD,2007-03-31,2007-03-31,Q1,13905000.0,10068000.0,3837000.0,0.2759439050701187,0.0,5870500.0,1793750.0,0.0,0.0,16923500.0,1031250.0,906500.0,-2112000.0,-0.15188781014023733,-3018500.0,-0.2170801869830996,0.0,8557000.0,0.6153901474289823,275750.0,9605500.0,0.690794678173319,0.41389525,0.41389525,23388769.0,23388769.0,https://www1.hkexnews.hk/search/titlesearch.xhtml,https://www1.hkexnews.hk/search/titlesearch.xhtml,1620584830,14:27:10,20210509
51,2007-01-31,0632.HK,HKD,2007-01-31,2007-01-31,Q1,13905000.0,10068000.0,3837000.0,0.2759439050701187,0.0,5870500.0,1793750.0,0.0,0.0,16923500.0,1031250.0,906500.0,-2112000.0,-0.15188781014023733,-3018500.0,-0.2170801869830996,0.0,8557000.0,0.6153901474289823,275750.0,9605500.0,0.690794678173319,0.41389525,0.41389525,23388769.0,23388769.0,https://www1.hkexnews.hk/search/titlesearch.xhtml,https://www1.hkexnews.hk/search/titlesearch.xhtml,1620584830,14:27:10,20210509
52,2006-09-30,0632.HK,HKD,2006-09-30,2006-09-30,Q3,18789250.0,13551750.0,5237500.0,0.27874981704964275,0.0,6887500.0,1183000.0,-19913000.0,0.0,19339500.0,1538750.0,1221000.0,670750.0,0.03569860425509267,-550250.0,-0.029285362640871775,0.0,-19132500.0,-1.0182684247641605,259750.0,-19569000.0,-1.0414997937650519,-2.9800455,-2.9800455,6569413.0,6569413.0,https://www1.hkexnews.hk/search/titlesearch.xhtml,https://www1.hkexnews.hk/search/titlesearch.xhtml,1620584830,14:27:10,20210509
53,2006-06-30,0632.HK,HKD,2006-06-30,2006-06-30,Q2,18789250.0,13551750.0,5237500.0,0.27874981704964275,0.0,6887500.0,1183000.0,-19913000.0,0.0,19339500.0,1538750.0,1221000.0,670750.0,0.03569860425509267,-550250.0,-0.029285362640871775,0.0,-19132500.0,-1.0182684247641605,259750.0,-19569000.0,-1.0414997937650519,-2.9800455,-2.9800455,6569413.0,6569413.0,https://www1.hkexnews.hk/search/titlesearch.xhtml,https://www1.hkexnews.hk/search/titlesearch.xhtml,1620584830,14:27:10,20210509
54,2006-03-31,0632.HK,HKD,2006-03-31,2006-03-31,Q1,18789250.0,13551750.0,5237500.0,0.27874981704964275,0.0,6887500.0,1183000.0,-19913000.0,0.0,19339500.0,1538750.0,1221000.0,670750.0,0.03569860425509267,-550250.0,-0.029285362640871775,0.0,-19132500.0,-1.0182684247641605,259750.0,-19569000.0,-1.0414997937650519,-2.9800455,-2.9800455,6569413.0,6569413.0,https://www1.hkexnews.hk/search/titlesearch.xhtml,https://www1.hkexnews.hk/search/titlesearch.xhtml,1620584830,14:27:10,20210509
55,2006-01-31,0632.HK,HKD,2006-01-31,2006-01-31,Q1,18789250.0,13551750.0,5237500.0,0.27874981704964275,0.0,6887500.0,1183000.0,-19913000.0,0.0,19339500.0,1538750.0,1221000.0,670750.0,0.03569860425509267,-550250.0,-0.029285362640871775,0.0,-19132500.0,-1.0182684247641605,259750.0,-19569000.0,-1.0414997937650519,-2.9800455,-2.9800455,6569413.0,6569413.0,https://www1.hkexnews.hk/search/titlesearch.xhtml,https://www1.hkexnews.hk/search/titlesearch.xhtml,1620584830,14:27:10,20210509
56,2005-09-30,0632.HK,HKD,2005-09-30,2005-09-30,Q3,8536250.0,5423750.0,3112500.0,0.36462146727192857,0.0,6269000.0,680750.0,-625500.0,0.0,11604250.0,1371500.0,52250.0,-3015750.0,-0.3532874505784156,-3068000.0,-0.3594084053302094,0.0,-4500750.0,-0.527251427734661,108750.0,-4601000.0,-0.5389954605359496,-0.7450115,-0.7450115,6166679.0,6166679.0,https://www1.hkexnews.hk/search/titlesearch.xhtml,https://www1.hkexnews.hk/search/titlesearch.xhtml,1620584830,14:27:10,20210509
57,2005-06-30,0632.HK,HKD,2005-06-30,2005-06-30,Q2,8536250.0,5423750.0,3112500.0,0.36462146727192857,0.0,6269000.0,680750.0,-625500.0,0.0,11604250.0,1371500.0,52250.0,-3015750.0,-0.3532874505784156,-3068000.0,-0.3594084053302094,0.0,-4500750.0,-0.527251427734661,108750.0,-4601000.0,-0.5389954605359496,-0.7450115,-0.7450115,6166679.0,6166679.0,https://www1.hkexnews.hk/search/titlesearch.xhtml,https://www1.hkexnews.hk/search/titlesearch.xhtml,1620584830,14:27:10,20210509
58,2005-03-31,0632.HK,HKD,2005-03-31,2005-03-31,Q1,8536250.0,5423750.0,3112500.0,0.36462146727192857,0.0,6269000.0,680750.0,-625500.0,0.0,11604250.0,1371500.0,52250.0,-3015750.0,-0.3532874505784156,-3068000.0,-0.3594084053302094,0.0,-4500750.0,-0.527251427734661,108750.0,-4601000.0,-0.5389954605359496,-0.7450115,-0.7450115,6166679.0,6166679.0,https://www1.hkexnews.hk/search/titlesearch.xhtml,https://www1.hkexnews.hk/search/titlesearch.xhtml,1620584830,14:27:10,20210509
59,2005-01-31,0632.HK,HKD,2005-01-31,2005-01-31,Q1,8536250.0,5423750.0,3112500.0,0.36462146727192857,0.0,6269000.0,680750.0,-625500.0,0.0,11604250.0,1371500.0,52250.0,-3015750.0,-0.3532874505784156,-3068000.0,-0.3594084053302094,0.0,-4500750.0,-0.527251427734661,108750.0,-4601000.0,-0.5389954605359496,-0.7450115,-0.7450115,6166679.0,6166679.0,https://www1.hkexnews.hk/search/titlesearch.xhtml,https://www1.hkexnews.hk/search/titlesearch.xhtml,1620584830,14:27:10,20210509
60,2004-09-30,0632.HK,HKD,2004-09-30,2004-09-30,Q3,6942250.0,4716750.0,2225500.0,0.32057330116316757,0.0,-6586500.0,-270500.0,-1157250.0,0.0,-919750.0,3250.0,1397000.0,9259000.0,1.3337174547156903,7862000.0,1.1324858655335086,0.0,2864500.0,0.41261838741042167,-81500.0,4185000.0,0.6028304944362418,0.6415375,0.5587585,5480330.0,6435108.0,https://www1.hkexnews.hk/search/titlesearch.xhtml,https://www1.hkexnews.hk/search/titlesearch.xhtml,1620584830,14:27:10,20210509
61,2004-06-30,0632.HK,HKD,2004-06-30,2004-06-30,Q2,6942250.0,4716750.0,2225500.0,0.32057330116316757,0.0,-6586500.0,-270500.0,-1157250.0,0.0,-919750.0,3250.0,1397000.0,9259000.0,1.3337174547156903,7862000.0,1.1324858655335086,0.0,2864500.0,0.41261838741042167,-81500.0,4185000.0,0.6028304944362418,0.6415375,0.5587585,5480330.0,6435108.0,https://www1.hkexnews.hk/search/titlesearch.xhtml,https://www1.hkexnews.hk/search/titlesearch.xhtml,1620584830,14:27:10,20210509
62,2004-03-31,0632.HK,HKD,2004-03-31,2004-03-31,Q1,6942250.0,4716750.0,2225500.0,0.32057330116316757,0.0,-6586500.0,-270500.0,-1157250.0,0.0,-919750.0,3250.0,1397000.0,9259000.0,1.3337174547156903,7862000.0,1.1324858655335086,0.0,2864500.0,0.41261838741042167,-81500.0,4185000.0,0.6028304944362418,0.6415375,0.5587585,5480330.0,6435108.0,https://www1.hkexnews.hk/search/titlesearch.xhtml,https://www1.hkexnews.hk/search/titlesearch.xhtml,1620584830,14:27:10,20210509
63,2004-01-31,0632.HK,HKD,2004-01-31,2004-01-31,Q1,6942250.0,4716750.0,2225500.0,0.32057330116316757,0.0,-6586500.0,-270500.0,-1157250.0,0.0,-919750.0,3250.0,1397000.0,9259000.0,1.3337174547156903,7862000.0,1.1324858655335086,0.0,2864500.0,0.41261838741042167,-81500.0,4185000.0,0.6028304944362418,0.6415375,0.5587585,5480330.0,6435108.0,https://www1.hkexnews.hk/search/titlesearch.xhtml,https://www1.hkexnews.hk/search/titlesearch.xhtml,1620584830,14:27:10,20210509
64,2003-09-30,0632.HK,HKD,2003-09-30,2003-09-30,Q3,9084250.0,8841000.0,243250.0,0.026777114236178002,0.0,-7474750.0,-592000.0,0.0,0.0,350750.0,1250.0,2788500.0,11522000.0,1.2683490656906184,8733500.0,0.9613892176018934,0.0,3098250.0,0.34105732449018905,0.0,3628250.0,0.39940006054434873,0.80709575,0.703622,4180088.0,4756491.0,https://www1.hkexnews.hk/search/titlesearch.xhtml,https://www1.hkexnews.hk/search/titlesearch.xhtml,1620584830,14:27:10,20210509
65,2003-06-30,0632.HK,HKD,2003-06-30,2003-06-30,Q2,9084250.0,8841000.0,243250.0,0.026777114236178002,0.0,-7474750.0,-592000.0,0.0,0.0,350750.0,1250.0,2788500.0,11522000.0,1.2683490656906184,8733500.0,0.9613892176018934,0.0,3098250.0,0.34105732449018905,0.0,3628250.0,0.39940006054434873,0.80709575,0.703622,4180088.0,4756491.0,https://www1.hkexnews.hk/search/titlesearch.xhtml,https://www1.hkexnews.hk/search/titlesearch.xhtml,1620584830,14:27:10,20210509
66,2003-03-31,0632.HK,HKD,2003-03-31,2003-03-31,Q1,9084250.0,8841000.0,243250.0,0.026777114236178002,0.0,-7474750.0,-592000.0,0.0,0.0,350750.0,1250.0,2788500.0,11522000.0,1.2683490656906184,8733500.0,0.9613892176018934,0.0,3098250.0,0.34105732449018905,0.0,3628250.0,0.39940006054434873,0.80709575,0.703622,4180088.0,4756491.0,https://www1.hkexnews.hk/search/titlesearch.xhtml,https://www1.hkexnews.hk/search/titlesearch.xhtml,1620584830,14:27:10,20210509
67,2003-01-31,0632.HK,HKD,2003-01-31,2003-01-31,Q1,9084250.0,8841000.0,243250.0,0.026777114236178002,0.0,-7474750.0,-592000.0,0.0,0.0,350750.0,1250.0,2788500.0,11522000.0,1.2683490656906184,8733500.0,0.9613892176018934,0.0,3098250.0,0.34105732449018905,0.0,3628250.0,0.39940006054434873,0.80709575,0.703622,4180088.0,4756491.0,https://www1.hkexnews.hk/search/titlesearch.xhtml,https://www1.hkexnews.hk/search/titlesearch.xhtml,1620584830,14:27:10,20210509
68,2002-09-30,0632.HK,HKD,2002-09-30,2002-09-30,Q3,15702750.0,11415250.0,4287500.0,0.27304134626100524,0.0,9479750.0,625250.0,0.0,0.0,29528250.0,0.0,3298250.0,-10527250.0,-0.6704080495454617,-13825500.0,-0.8804508764388403,0.0,-32312500.0,-2.0577605833373136,32750.0,-32300750.0,-2.0570123067615547,-14.651891,-14.651891,2205337.0,2205337.0,https://www1.hkexnews.hk/search/titlesearch.xhtml,https://www1.hkexnews.hk/search/titlesearch.xhtml,1620584830,14:27:10,20210509
69,2002-06-30,0632.HK,HKD,2002-06-30,2002-06-30,Q2,15702750.0,11415250.0,4287500.0,0.27304134626100524,0.0,9479750.0,625250.0,0.0,0.0,29528250.0,0.0,3298250.0,-10527250.0,-0.6704080495454617,-13825500.0,-0.8804508764388403,0.0,-32312500.0,-2.0577605833373136,32750.0,-32300750.0,-2.0570123067615547,-14.651891,-14.651891,2205337.0,2205337.0,https://www1.hkexnews.hk/search/titlesearch.xhtml,https://www1.hkexnews.hk/search/titlesearch.xhtml,1620584830,14:27:10,20210509
70,2002-03-31,0632.HK,HKD,2002-03-31,2002-03-31,Q1,15702750.0,11415250.0,4287500.0,0.27304134626100524,0.0,9479750.0,625250.0,0.0,0.0,29528250.0,0.0,3298250.0,-10527250.0,-0.6704080495454617,-13825500.0,-0.8804508764388403,0.0,-32312500.0,-2.0577605833373136,32750.0,-32300750.0,-2.0570123067615547,-14.651891,-14.651891,2205337.0,2205337.0,https://www1.hkexnews.hk/search/titlesearch.xhtml,https://www1.hkexnews.hk/search/titlesearch.xhtml,1620584830,14:27:10,20210509
71,2002-01-31,0632.HK,HKD,2002-01-31,2002-01-31,Q1,15702750.0,11415250.0,4287500.0,0.27304134626100524,0.0,9479750.0,625250.0,0.0,0.0,29528250.0,0.0,3298250.0,-10527250.0,-0.6704080495454617,-13825500.0,-0.8804508764388403,0.0,-32312500.0,-2.0577605833373136,32750.0,-32300750.0,-2.0570123067615547,-14.651891,-14.651891,2205337.0,2205337.0,https://www1.hkexnews.hk/search/titlesearch.xhtml,https://www1.hkexnews.hk/search/titlesearch.xhtml,1620584830,14:27:10,20210509
72,2001-09-30,0632.HK,HKD,2001-09-30,2001-09-30,Q3,53132500.0,47456500.0,5676000.0,0.10682727144403142,0.0,8050500.0,1403500.0,0.0,0.0,57221500.0,3375250.0,2633750.0,-1455250.0,-0.027389074483602314,-4089000.0,-0.07695854702865478,0.0,-33226750.0,-0.6253564202700795,332500.0,-32880250.0,-0.6188349880016939,-15.35551275,-15.35551275,2141540.0,2141540.0,https://www1.hkexnews.hk/search/titlesearch.xhtml,https://www1.hkexnews.hk/search/titlesearch.xhtml,1620584830,14:27:10,20210509
73,2001-06-30,0632.HK,HKD,2001-06-30,2001-06-30,Q2,53132500.0,47456500.0,5676000.0,0.10682727144403142,0.0,8050500.0,1403500.0,0.0,0.0,57221500.0,3375250.0,2633750.0,-1455250.0,-0.027389074483602314,-4089000.0,-0.07695854702865478,0.0,-33226750.0,-0.6253564202700795,332500.0,-32880250.0,-0.6188349880016939,-15.35551275,-15.35551275,2141540.0,2141540.0,https://www1.hkexnews.hk/search/titlesearch.xhtml,https://www1.hkexnews.hk/search/titlesearch.xhtml,1620584830,14:27:10,20210509
74,2001-03-31,0632.HK,HKD,2001-03-31,2001-03-31,Q1,53132500.0,47456500.0,5676000.0,0.10682727144403142,0.0,8050500.0,1403500.0,0.0,0.0,57221500.0,3375250.0,2633750.0,-1455250.0,-0.027389074483602314,-4089000.0,-0.07695854702865478,0.0,-33226750.0,-0.6253564202700795,332500.0,-32880250.0,-0.6188349880016939,-15.35551275,-15.35551275,2141540.0,2141540.0,https://www1.hkexnews.hk/search/titlesearch.xhtml,https://www1.hkexnews.hk/search/titlesearch.xhtml,1620584830,14:27:10,20210509
75,2001-01-31,0632.HK,HKD,2001-01-31,2001-01-31,Q1,53132500.0,47456500.0,5676000.0,0.10682727144403142,0.0,8050500.0,1403500.0,0.0,0.0,57221500.0,3375250.0,2633750.0,-1455250.0,-0.027389074483602314,-4089000.0,-0.07695854702865478,0.0,-33226750.0,-0.6253564202700795,332500.0,-32880250.0,-0.6188349880016939,-15.35551275,-15.35551275,2141540.0,2141540.0,https://www1.hkexnews.hk/search/titlesearch.xhtml,https://www1.hkexnews.hk/search/titlesearch.xhtml,1620584830,14:27:10,20210509
76,2000-09-30,0632.HK,HKD,2000-09-30,2000-09-30,Q3,63820500.0,57898500.0,5922000.0,0.09279150116341928,0.0,7919750.0,2906000.0,0.0,0.0,68356250.0,3121500.0,3358000.0,-1177750.0,-0.018454101738469612,-4535750.0,-0.07107042408003698,0.0,2338500.0,0.03664183138646673,540250.0,527250.0,0.008261452041272006,0.3144340902015837,0.3127914344090155,1676822.0,1685628.0,https://www1.hkexnews.hk/search/titlesearch.xhtml,https://www1.hkexnews.hk/search/titlesearch.xhtml,1620584830,14:27:10,20210509
77,2000-06-30,0632.HK,HKD,2000-06-30,2000-06-30,Q2,63820500.0,57898500.0,5922000.0,0.09279150116341928,0.0,7919750.0,2906000.0,0.0,0.0,68356250.0,3121500.0,3358000.0,-1177750.0,-0.018454101738469612,-4535750.0,-0.07107042408003698,0.0,2338500.0,0.03664183138646673,540250.0,527250.0,0.008261452041272006,0.3144340902015837,0.3127914344090155,1676822.0,1685628.0,https://www1.hkexnews.hk/search/titlesearch.xhtml,https://www1.hkexnews.hk/search/titlesearch.xhtml,1620584830,14:27:10,20210509
78,2000-03-31,0632.HK,HKD,2000-03-31,2000-03-31,Q1,63820500.0,57898500.0,5922000.0,0.09279150116341928,0.0,7919750.0,2906000.0,0.0,0.0,68356250.0,3121500.0,3358000.0,-1177750.0,-0.018454101738469612,-4535750.0,-0.07107042408003698,0.0,2338500.0,0.03664183138646673,540250.0,527250.0,0.008261452041272006,0.3144340902015837,0.3127914344090155,1676822.0,1685628.0,https://www1.hkexnews.hk/search/titlesearch.xhtml,https://www1.hkexnews.hk/search/titlesearch.xhtml,1620584830,14:27:10,20210509
79,2000-01-31,0632.HK,HKD,2000-01-31,2000-01-31,Q1,63820500.0,57898500.0,5922000.0,0.09279150116341928,0.0,7919750.0,2906000.0,0.0,0.0,68356250.0,3121500.0,3358000.0,-1177750.0,-0.018454101738469612,-4535750.0,-0.07107042408003698,0.0,2338500.0,0.03664183138646673,540250.0,527250.0,0.008261452041272006,0.3144340902015837,0.3127914344090155,1676822.0,1685628.0,https://www1.hkexnews.hk/search/titlesearch.xhtml,https://www1.hkexnews.hk/search/titlesearch.xhtml,1620584830,14:27:10,20210509
