,date,symbol,reportedCurrency,fillingDate,acceptedDate,period,revenue,costOfRevenue,grossProfit,grossProfitRatio,researchAndDevelopmentExpenses,generalAndAdministrativeExpenses,sellingAndMarketingExpenses,otherExpenses,operatingExpenses,costAndExpenses,interestExpense,depreciationAndAmortization,ebitda,ebitdaratio,operatingIncome,operatingIncomeRatio,totalOtherIncomeExpensesNet,incomeBeforeTax,incomeBeforeTaxRatio,incomeTaxExpense,netIncome,netIncomeRatio,eps,epsdiluted,weightedAverageShsOut,weightedAverageShsOutDil,link,finalLink,timestamp,est_time,est_date
0,2020-12-31,ANIK,USD,2021-03-05,2021-03-05 17:18:17,Q4,32688000.0,15944000.0,16744000.0,0.5122369065100343,7632000.0,15179000.0,0.0,13835.499,22811000.0,38755000.0,0.0,3501000.0,-2566000.0,-0.0784997552618698,-6067000.0,-0.18560327949094468,-11886000.0,-18137000.0,-0.5548519334312286,-2481000.0,-15656000.0,-0.4789525208027411,-1.1021471312917988,-1.1021471312917988,14205000.0,14205000.0,https://www.sec.gov/Archives/edgar/data/898437/000117184321001573/0001171843-21-001573-index.htm,https://www.sec.gov/Archives/edgar/data/898437/000117184321001573/anik20201231_10k.htm,1620588261,15:24:21,20210509
1,2020-09-30,ANIK,USD,2020-11-05,2020-11-04 19:04:15,Q3,31694000.0,14351000.0,17343000.0,0.5472013630340128,5217000.0,15903000.0,0.0,18501.0,21120000.0,35471000.0,0.0,3504000.0,-273000.0,-0.008613617719442166,-3777000.0,-0.11917082097557898,-4150000.0,-8155000.0,-0.25730422161923394,-1744000.0,-6411000.0,-0.20227803369722977,-0.45,-0.45,14205000.0,14205000.0,https://www.sec.gov/Archives/edgar/data/898437/000117184320007600/0001171843-20-007600-index.htm,https://www.sec.gov/Archives/edgar/data/898437/000117184320007600/anik20200930_10q.htm,1620588261,15:24:21,20210509
2,2020-06-30,ANIK,USD,2020-08-07,2020-08-07 09:30:49,Q2,30678000.0,16936000.0,13742000.0,0.4479431514440316,4532000.0,14550000.0,0.0,0.0,19082000.0,36018000.0,0.0,3698000.0,-1642000.0,-0.05352369776386987,-5340000.0,-0.17406610600430275,-4196000.0,-9705000.0,-0.31635047917074127,-1997000.0,-7708000.0,-0.2512549709889823,-0.54,-0.54,14199000.0,14199000.0,https://www.sec.gov/Archives/edgar/data/898437/000117184320005715/0001171843-20-005715-index.htm,https://www.sec.gov/Archives/edgar/data/898437/000117184320005715/anik20200630_10q.htm,1620588261,15:24:21,20210509
3,2020-03-31,ANIK,USD,2020-05-22,2020-05-22 16:58:00,Q1,35397000.0,14200000.0,21197000.0,0.5988360595530695,6050000.0,14431000.0,0.0,0.0,20481000.0,34681000.0,0.0,2761000.0,3477000.0,0.09822866344605476,716000.0,0.020227702912676216,6378000.0,7373000.0,0.2082944882334661,1580000.0,5793000.0,0.1636579371133147,0.40790029573299535,0.40360900160245244,14202000.0,14353000.0,https://www.sec.gov/Archives/edgar/data/898437/000117184320003962/0001171843-20-003962-index.htm,https://www.sec.gov/Archives/edgar/data/898437/000117184320001536/f10k_030420p.htm,1620588261,15:24:21,20210509
4,2019-12-31,ANIK,USD,2020-03-06,2020-03-05 21:22:53,Q4,29772000.0,8649000.0,21123000.0,0.7094921402660218,4084000.0,12237000.0,0.0,0.0,16321000.0,24970000.0,0.0,1532000.0,6334000.0,0.2127502351202472,4802000.0,0.1612924895875319,0.0,5162000.0,0.17338438801558512,1111000.0,4051000.0,0.13606744592234313,0.28368347338935573,0.27706723206347034,14280000.0,14621000.0,https://www.sec.gov/Archives/edgar/data/898437/000117184320001536/0001171843-20-001536-index.htm,https://www.sec.gov/Archives/edgar/data/898437/000117184320001536/f10k_030420p.htm,1620588261,15:24:21,20210509
5,2019-09-30,ANIK,USD,2019-10-28,2019-10-28 17:20:32,Q3,29697000.0,5951000.0,23746000.0,0.7996093881536855,4158000.0,7539000.0,0.0,0.0,11697000.0,17648000.0,0.0,1516000.0,13565000.0,0.456780146142708,12049000.0,0.40573121864161366,0.0,12531000.0,0.4219618143246793,3331000.0,9200000.0,0.30979560224938546,0.65,0.64,14070000.0,14387000.0,https://www.sec.gov/Archives/edgar/data/898437/000117184319006886/0001171843-19-006886-index.htm,https://www.sec.gov/Archives/edgar/data/898437/000117184319006886/f10q_102819p.htm,1620588261,15:24:21,20210509
6,2019-06-30,ANIK,USD,2019-07-26,2019-07-26 17:00:25,Q2,30418000.0,6836000.0,23582000.0,0.775264645933329,4165000.0,7502000.0,0.0,0.0,11667000.0,18503000.0,0.0,1169000.0,13084000.0,0.4301400486554014,11915000.0,0.3917088565980669,0.0,12448000.0,0.4092313761588533,3013000.0,9435000.0,0.31017818397001773,0.68,0.67,13916000.0,14088000.0,https://www.sec.gov/Archives/edgar/data/898437/000117184319004913/0001171843-19-004913-index.htm,https://www.sec.gov/Archives/edgar/data/898437/000117184319004913/f10q_072619p.htm,1620588261,15:24:21,20210509
7,2019-03-31,ANIK,USD,2019-05-06,2019-05-03 19:05:34,Q1,24723000.0,7311000.0,17412000.0,0.7042834607450552,4258000.0,7672000.0,0.0,0.0,11930000.0,19241000.0,0.0,1774000.0,7256000.0,0.29349189014278204,5482000.0,0.221736844234114,0.0,5980000.0,0.2418800307406059,1473000.0,4507000.0,0.18229988270031955,0.32,0.31,14185000.0,14314000.0,https://www.sec.gov/Archives/edgar/data/898437/000117184319002946/0001171843-19-002946-index.htm,https://www.sec.gov/Archives/edgar/data/898437/000117184319001243/f10k_022619p.htm,1620588261,15:24:21,20210509
8,2018-12-31,ANIK,USD,2019-02-27,2019-02-26 20:53:35,Q4,26956000.0,7001000.0,19955000.0,0.740280457041104,4064000.0,6129000.0,0.0,0.0,10193000.0,17194000.0,0.0,1477000.0,11239000.0,0.4169387149428699,9762000.0,0.362145718949399,0.0,10313000.0,0.3825864371568482,2595000.0,7718000.0,0.2863184448731266,0.5447487295313382,0.5397580250367159,14168000.0,14299000.0,https://www.sec.gov/Archives/edgar/data/898437/000117184319001243/0001171843-19-001243-index.htm,https://www.sec.gov/Archives/edgar/data/898437/000117184319001243/f10k_022619p.htm,1620588261,15:24:21,20210509
9,2018-09-30,ANIK,USD,2018-10-26,2018-10-26 16:21:40,Q3,26787000.0,8282000.0,18505000.0,0.690820173964983,4232000.0,5700000.0,0.0,0.0,9932000.0,18214000.0,0.0,1513000.0,10086000.0,0.3765259267555157,8573000.0,0.3200433045880464,0.0,9095000.0,0.33953036920894464,1496000.0,7599000.0,0.2836823832456042,0.5337500877993959,0.5285525492105446,14237000.0,14377000.0,https://www.sec.gov/Archives/edgar/data/898437/000117184318007266/0001171843-18-007266-index.htm,https://www.sec.gov/Archives/edgar/data/898437/000117184318007266/f10q_102618p.htm,1620588261,15:24:21,20210509
10,2018-06-30,ANIK,USD,2018-07-31,2018-07-31 17:28:35,Q2,30548000.0,8152000.0,22396000.0,0.7331412858452272,4733000.0,6417000.0,0.0,0.0,11150000.0,19302000.0,0.0,1447000.0,12693000.0,0.415510017022391,11246000.0,0.368141940552573,0.0,11536000.0,0.37763519706691107,1444000.0,10092000.0,0.33036532669896557,0.69,0.68,14652000.0,14915000.0,https://www.sec.gov/Archives/edgar/data/898437/000117184318005577/0001171843-18-005577-index.htm,https://www.sec.gov/Archives/edgar/data/898437/000117184318005577/f10q_073118p.htm,1620588261,15:24:21,20210509
11,2018-03-31,ANIK,USD,2018-05-10,2018-05-10 14:00:09,Q1,21264000.0,7845000.0,13419000.0,0.6310665914221218,5161000.0,16090000.0,0.0,0.0,21251000.0,29096000.0,0.0,1473000.0,-6359000.0,-0.2990500376222724,-7832000.0,-0.3683220466516178,0.0,-7737000.0,-0.3638544018058691,-1051000.0,-6686000.0,-0.3144281414597442,-0.46,-0.46,14679000.0,14679000.0,https://www.sec.gov/Archives/edgar/data/898437/000117184318003806/0001171843-18-003806-index.htm,https://www.sec.gov/Archives/edgar/data/898437/000117184318001450/f10k_022618p.htm,1620588261,15:24:21,20210509
12,2017-12-31,ANIK,USD,2018-02-27,2018-02-26 21:13:01,Q4,29388000.0,8716000.0,20672000.0,0.7034163604192187,4266000.0,6678000.0,0.0,0.0,10944000.0,19660000.0,0.0,1066000.0,10794000.0,0.3672927725602287,9728000.0,0.33101946372669117,0.0,9866000.0,0.3357152579284062,1799000.0,8067000.0,0.2744997958350347,0.55,0.53,14596000.0,15141000.0,https://www.sec.gov/Archives/edgar/data/898437/000117184318001450/0001171843-18-001450-index.htm,https://www.sec.gov/Archives/edgar/data/898437/000117184318001450/f10k_022618p.htm,1620588261,15:24:21,20210509
13,2017-09-30,ANIK,USD,2017-10-27,2017-10-27 16:59:09,Q3,27184000.0,6250000.0,20934000.0,0.7700853443201884,5842000.0,4823000.0,0.0,0.0,10665000.0,16915000.0,0.0,1202000.0,11471000.0,0.4219761624484991,10269000.0,0.37775897586815776,0.0,10530000.0,0.38736021188934666,3643000.0,6887000.0,0.25334755738669806,0.47,0.46,14579000.0,15115000.0,https://www.sec.gov/Archives/edgar/data/898437/000117184317006367/0001171843-17-006367-index.htm,https://www.sec.gov/Archives/edgar/data/898437/000117184317006367/f10q_102717p.htm,1620588261,15:24:21,20210509
14,2017-06-30,ANIK,USD,2017-07-28,2017-07-28 16:06:09,Q2,33462000.0,6315000.0,27147000.0,0.811278465124619,4449000.0,4972000.0,0.0,0.0,9421000.0,15736000.0,0.0,1008000.0,18734000.0,0.559858944474329,17726000.0,0.5297352220429143,0.0,17742000.0,0.5302133763672225,6373000.0,11369000.0,0.33975853206622436,0.78,0.76,14588000.0,15044000.0,https://www.sec.gov/Archives/edgar/data/898437/000117184317004447/0001171843-17-004447-index.htm,https://www.sec.gov/Archives/edgar/data/898437/000117184317004447/f10q_072817p.htm,1620588261,15:24:21,20210509
15,2017-03-31,ANIK,USD,2017-05-04,2017-05-04 16:48:03,Q1,23386000.0,6083000.0,17303000.0,0.7398871119473189,4230000.0,5067000.0,0.0,0.0,9297000.0,15380000.0,0.0,1014000.0,9020000.0,0.3857008466603951,8006000.0,0.3423415718806123,0.0,8064000.0,0.3448216881895151,2571000.0,5493000.0,0.23488411870349782,0.38,0.37,14576000.0,15043000.0,https://www.sec.gov/Archives/edgar/data/898437/000117184317002682/0001171843-17-002682-index.htm,https://www.sec.gov/Archives/edgar/data/898437/000117184317001121/f10k_022417p.htm,1620588261,15:24:21,20210509
16,2016-12-31,ANIK,USD,2017-02-24,2017-02-24 17:07:11,Q4,28726000.0,7539000.0,21187000.0,0.7375548283784724,2959000.0,5488000.0,0.0,0.0,8447000.0,15986000.0,0.0,957000.0,13697000.0,0.4768154285316438,12740000.0,0.4435006614217086,0.0,12789000.0,0.44520643319640746,4704000.0,8085000.0,0.28145234282531506,0.56,0.54,14538000.0,14979000.0,https://www.sec.gov/Archives/edgar/data/898437/000117184317001121/0001171843-17-001121-index.htm,https://www.sec.gov/Archives/edgar/data/898437/000117184317001121/f10k_022417p.htm,1620588261,15:24:21,20210509
17,2016-09-30,ANIK,USD,2016-11-01,2016-10-31 21:08:41,Q3,25789000.0,4998000.0,20791000.0,0.8061964403427818,2822000.0,4280000.0,0.0,0.0,7102000.0,12100000.0,0.0,876000.0,14565000.0,0.5647756795532979,13689000.0,0.5308077087130172,0.0,13782000.0,0.5344138973981155,4830000.0,8952000.0,0.34712474310752645,0.61,0.59,14625000.0,15077000.0,https://www.sec.gov/Archives/edgar/data/898437/000117184316012756/0001171843-16-012756-index.htm,https://www.sec.gov/Archives/edgar/data/898437/000117184316012756/f10q_103116p.htm,1620588261,15:24:21,20210509
18,2016-06-30,ANIK,USD,2016-08-01,2016-08-01 16:42:00,Q2,26581000.0,6065000.0,20516000.0,0.7718295022760618,2792000.0,4255000.0,0.0,0.0,7047000.0,13112000.0,0.0,959000.0,14428000.0,0.5427937248410519,13469000.0,0.5067153229750574,0.0,13518000.0,0.5085587449682104,4903000.0,8615000.0,0.32410368308190063,0.59,0.57,14679000.0,15111000.0,https://www.sec.gov/Archives/edgar/data/898437/000117184316011397/0001171843-16-011397-index.htm,https://www.sec.gov/Archives/edgar/data/898437/000117184316011397/f10q_080116p.htm,1620588261,15:24:21,20210509
19,2016-03-31,ANIK,USD,2016-05-03,2016-05-03 16:06:15,Q1,22283000.0,5425000.0,16858000.0,0.75654086074586,2159000.0,3990000.0,0.0,0.0,6149000.0,11574000.0,0.0,942000.0,11651000.0,0.5228649643225778,10709000.0,0.4805905847507068,0.0,10781000.0,0.48382174752053136,3886000.0,6895000.0,0.30942871247139075,0.46,0.45,14875000.0,15307000.0,https://www.sec.gov/Archives/edgar/data/898437/000117184316009632/0001171843-16-009632-index.htm,https://www.sec.gov/Archives/edgar/data/898437/000117184316008487/f10k_030816p.htm,1620588261,15:24:21,20210509
20,2015-12-31,ANIK,USD,2016-03-10,2016-03-10 09:01:27,Q4,30893858.0,6289778.0,24604080.0,0.7964068456584477,3015229.0,4523114.0,0.0,0.0,7538343.0,13828121.0,0.0,974842.0,18040579.0,0.5839535806761331,17065737.0,0.5523990237800666,0.0,17104440.0,0.553651797065941,6061419.0,11043021.0,0.35745037087954507,0.74,0.72,14965000.0,15353000.0,https://www.sec.gov/Archives/edgar/data/898437/000117184316008487/0001171843-16-008487-index.htm,https://www.sec.gov/Archives/edgar/data/898437/000117184316008487/f10k_030816p.htm,1620588261,15:24:21,20210509
21,2015-09-30,ANIK,USD,2015-11-03,2015-11-03 16:06:13,Q3,23681257.0,5175723.0,18505534.0,0.7814422182065758,2061689.0,3308731.0,0.0,0.0,5370420.0,10546143.0,0.0,973088.0,14108202.0,0.5957539331632608,13135114.0,0.5546628711474226,0.0,13168781.0,0.5560845439919004,4788916.0,8379865.0,0.35386065021801844,0.56,0.55,14967322.0,15315808.0,https://www.sec.gov/Archives/edgar/data/898437/000117184315005922/0001171843-15-005922-index.htm,https://www.sec.gov/Archives/edgar/data/898437/000117184315005922/gff10q_110315.htm,1620588261,15:24:21,20210509
22,2015-06-30,ANIK,USD,2015-08-04,2015-08-04 16:23:45,Q2,22903561.0,5274059.0,17629502.0,0.7697275545929299,1812320.0,3388494.0,0.0,0.0,5200814.0,10474873.0,0.0,913211.0,13341899.0,0.5825250929320555,12428688.0,0.5426530835095905,0.0,12452595.0,0.5436968949937523,4633038.0,7819557.0,0.3414122808239295,0.52,0.51,14961436.0,15335687.0,https://www.sec.gov/Archives/edgar/data/898437/000117184315004303/0001171843-15-004303-index.htm,https://www.sec.gov/Archives/edgar/data/898437/000117184315004303/gfpf10q_080415.htm,1620588261,15:24:21,20210509
23,2015-03-31,ANIK,USD,2015-05-04,2015-05-04 16:05:40,Q1,15520324.0,4313440.0,11206884.0,0.7220779669290409,2097762.0,3604661.0,0.0,0.0,5702423.0,10015863.0,0.0,913859.0,6418320.0,0.41354291315052444,5504461.0,0.3546614748506539,0.0,5528184.0,0.3561899867554311,2012627.0,3515557.0,0.22651311918488298,0.24,0.23,14905322.0,15330054.0,https://www.sec.gov/Archives/edgar/data/898437/000117184315002462/0001171843-15-002462-index.htm,https://www.sec.gov/Archives/edgar/data/898437/000117184315001395/f10k_031215.htm,1620588261,15:24:21,20210509
24,2014-12-31,ANIK,USD,2015-03-13,2015-03-13 15:16:28,Q4,23254469.0,5511586.0,17742883.0,0.7629880948904918,1983412.0,3672086.0,0.0,0.0,5655498.0,11167084.0,0.0,1129161.0,13216546.0,0.5683443470586235,12087385.0,0.519787615877189,0.0,12129183.0,0.5215850338272613,4313107.0,7816076.0,0.3361107062904769,0.53,0.51,14800813.0,15277583.0,https://www.sec.gov/Archives/edgar/data/898437/000117184315001395/0001171843-15-001395-index.htm,https://www.sec.gov/Archives/edgar/data/898437/000117184315001395/f10k_031215.htm,1620588261,15:24:21,20210509
25,2014-09-30,ANIK,USD,2014-11-06,2014-11-05 20:18:13,Q3,22055423.0,5724800.0,16330623.0,0.7404357195960377,1999867.0,4044538.0,0.0,0.0,6044405.0,11769205.0,0.0,1210030.0,11496248.0,0.5212435961894724,10286218.0,0.46638044529909944,0.0,10296155.0,0.4668309920875242,4125355.0,6170800.0,0.27978606440692616,0.42,0.4,14758781.0,15434875.0,https://www.sec.gov/Archives/edgar/data/898437/000117184314005281/0001171843-14-005281-index.htm,https://www.sec.gov/Archives/edgar/data/898437/000117184314005281/gff10q_110314.htm,1620588261,15:24:21,20210509
26,2014-06-30,ANIK,USD,2014-08-04,2014-08-04 17:23:29,Q2,26274660.0,5332913.0,20941747.0,0.7970320833837622,1873158.0,3865876.0,0.0,0.0,5739034.0,11071947.0,0.0,1167612.0,16370325.0,0.6230461212438144,15202713.0,0.5786074110949485,0.0,15208648.0,0.5788332941320649,5906298.0,9302350.0,0.35404264032341426,0.63,0.6,14687747.0,15492732.0,https://www.sec.gov/Archives/edgar/data/898437/000117184314003693/0001171843-14-003693-index.htm,https://www.sec.gov/Archives/edgar/data/898437/000117184314003693/f10q_080414.htm,1620588261,15:24:21,20210509
27,2014-03-31,ANIK,USD,2014-05-05,2014-05-05 17:27:31,Q1,34010287.0,4361019.0,29649268.0,0.8717735313436197,2287715.0,3490985.0,0.0,0.0,5778700.0,10139719.0,0.0,1198799.0,25069367.0,0.7371113040004632,23870568.0,0.7018631745154047,0.0,23871035.0,0.7018769056550449,8840782.0,15030253.0,0.4419325541122308,1.04,0.97,14461367.0,15499447.0,https://www.sec.gov/Archives/edgar/data/898437/000117184314002144/0001171843-14-002144-index.htm,https://www.sec.gov/Archives/edgar/data/898437/000117184314001240/f10k_031314.htm,1620588261,15:24:21,20210509
28,2013-12-31,ANIK,USD,2014-03-13,2014-03-13 17:27:09,Q4,21251328.0,6235334.0,15015994.0,0.7065908539927481,2029901.0,2399539.0,0.0,0.0,4429440.0,10664774.0,0.0,1193017.0,11779571.0,0.554298112569718,10586554.0,0.49815964442316263,-156026.0,10412097.0,0.4899504162751617,3757728.0,6654369.0,0.3131272078620216,0.47,0.44,14272606.0,15084738.0,https://www.sec.gov/Archives/edgar/data/898437/000117184314001240/0001171843-14-001240-index.htm,https://www.sec.gov/Archives/edgar/data/898437/000117184314001240/f10k_031314.htm,1620588261,15:24:21,20210509
29,2013-09-30,ANIK,USD,2013-11-05,2013-11-05 16:06:10,Q3,17754438.0,5377568.0,12376870.0,0.6971141525290747,1618012.0,3188669.0,0.0,0.0,4806681.0,10184249.0,0.0,1308579.0,8878768.0,0.5000872457917283,7570189.0,0.42638291338762735,196084.0,7733457.0,0.43557881133719917,2776199.0,4957258.0,0.27921232989746,0.36,0.33,13682449.0,14958965.0,https://www.sec.gov/Archives/edgar/data/898437/000117184313004422/0001171843-13-004422-index.htm,https://www.sec.gov/Archives/edgar/data/898437/000117184313004422/f10q_110413.htm,1620588261,15:24:21,20210509
30,2013-06-30,ANIK,USD,2013-08-06,2013-08-06 17:19:45,Q2,20828377.0,6311332.0,14517045.0,0.696983975275654,1829052.0,3400679.0,0.0,0.0,5229731.0,11541063.0,0.0,1068687.0,10356001.0,0.4972063353760113,9287314.0,0.4458971527162198,111178.0,9362111.0,0.449488263055734,3467219.0,5894892.0,0.28302214810112186,0.44,0.4,13510573.0,14578927.0,https://www.sec.gov/Archives/edgar/data/898437/000115752313003914/0001157523-13-003914-index.htm,https://www.sec.gov/Archives/edgar/data/898437/000115752313003914/a50683805.htm,1620588261,15:24:21,20210509
31,2013-03-31,ANIK,USD,2013-05-06,2013-05-06 16:35:10,Q1,15247011.0,4841170.0,10405841.0,0.6824839963714855,1582910.0,3947114.0,0.0,0.0,5530024.0,10371194.0,0.0,1202208.0,6078025.0,0.39863714927470045,4875817.0,0.31978838344118726,135607.0,4971866.0,0.3260879132309933,1903864.0,3068002.0,0.20121989811642427,0.23,0.21,13406952.0,14357110.0,https://www.sec.gov/Archives/edgar/data/898437/000115752313002386/0001157523-13-002386-index.htm,https://www.sec.gov/Archives/edgar/data/898437/000115752313001397/a50585765.htm,1620588261,15:24:21,20210509
32,2012-12-31,ANIK,USD,2013-03-14,2013-03-13 18:34:22,Q4,22606465.0,7269886.0,15336579.0,0.6784156213720278,1339677.0,3667406.0,0.0,0.0,5007083.0,12276969.0,0.0,1160815.0,11490311.0,0.5082754424453358,10329496.0,0.45692663580971193,-2537988.0,7749224.0,0.3427879591081578,3286001.0,4463223.0,0.19743126579056036,0.33,0.31,13324942.0,14299211.0,https://www.sec.gov/Archives/edgar/data/898437/000115752313001397/0001157523-13-001397-index.htm,https://www.sec.gov/Archives/edgar/data/898437/000115752313001397/a50585765.htm,1620588261,15:24:21,20210509
33,2012-09-30,ANIK,USD,2012-11-08,2012-11-08 15:40:18,Q3,14766611.0,7221028.0,7545583.0,0.5109894883802384,1217086.0,3601737.0,0.0,0.0,4818823.0,12039851.0,45161.0,1182303.0,3909063.0,0.2647230972631432,2726760.0,0.18465712952010452,0.0,2681599.0,0.1815988109932604,1036349.0,1645250.0,0.11141689856934675,0.12,0.11,13287463.0,14459154.0,https://www.sec.gov/Archives/edgar/data/898437/000115752312005906/0001157523-12-005906-index.htm,https://www.sec.gov/Archives/edgar/data/898437/000115752312005906/a50464791.htm,1620588261,15:24:21,20210509
34,2012-06-30,ANIK,USD,2012-08-07,2012-08-07 16:07:47,Q2,19624769.0,8084226.0,11540543.0,0.5880600683758367,1298170.0,4108503.0,0.0,0.0,5406673.0,13490899.0,49129.0,1195216.0,7329086.0,0.3734610073626854,6133870.0,0.3125575643718405,0.0,6084741.0,0.3100541463698248,2347873.0,3736868.0,0.19041589737947998,0.28,0.26,13262023.0,14443794.0,https://www.sec.gov/Archives/edgar/data/898437/000115752312004339/0001157523-12-004339-index.htm,https://www.sec.gov/Archives/edgar/data/898437/000115752312004339/a50362368.htm,1620588261,15:24:21,20210509
35,2012-03-31,ANIK,USD,2012-05-07,2012-05-07 16:55:49,Q1,14360660.0,6413481.0,7947179.0,0.5533992866623122,1533103.0,3351016.0,0.0,0.0,4884119.0,11297600.0,0.0,986913.0,4049973.0,0.2820185841040732,3063060.0,0.21329521066580506,0.0,3011857.0,0.2097297060162973,1099738.0,1912119.0,0.133149799521749,0.15,0.14,13162824.0,14089946.0,https://www.sec.gov/Archives/edgar/data/898437/000115752312002604/0001157523-12-002604-index.htm,https://www.sec.gov/Archives/edgar/data/898437/000115752312001365/a50196852.htm,1620588261,15:24:21,20210509
36,2011-12-31,ANIK,USD,2012-03-13,2012-03-13 09:44:00,Q4,18444287.0,7128450.0,11315837.0,0.6135144719879928,1530762.0,4869290.0,0.0,0.0,6400052.0,13528502.0,0.0,1059096.0,5974881.0,0.3239420965418723,4915785.0,0.2665207389149822,0.0,4865868.0,0.2638143724395527,1982758.0,2883110.0,0.15631452709448732,0.21903430449271372,0.21903430449271372,13162824.0,13162824.0,https://www.sec.gov/Archives/edgar/data/898437/000115752312001365/0001157523-12-001365-index.htm,https://www.sec.gov/Archives/edgar/data/898437/000115752312001365/a50196852.htm,1620588261,15:24:21,20210509
37,2011-09-30,ANIK,USD,2011-11-04,2011-11-04 16:18:07,Q3,18455817.0,7394922.0,11060895.0,0.5993175484997494,1531355.0,4712178.0,0.0,0.0,6243533.0,13638455.0,0.0,1002468.0,5819830.0,0.315338519015441,4817362.0,0.26102133544128664,0.0,4771093.0,0.2585143209861693,1794575.0,2976518.0,0.16127804041403315,0.23,0.22,12817910.0,13765533.0,https://www.sec.gov/Archives/edgar/data/898437/000115752311006495/0001157523-11-006495-index.htm,https://www.sec.gov/Archives/edgar/data/898437/000115752311006495/a50053128.htm,1620588261,15:24:21,20210509
38,2011-06-30,ANIK,USD,2011-08-05,2011-08-05 16:31:03,Q2,16140852.0,6655804.0,9485048.0,0.5876423375915968,1574155.0,4233316.0,0.0,0.0,5807471.0,12463275.0,0.0,1020417.0,4697994.0,0.2910623305386853,3677577.0,0.22784280532403123,0.0,3632296.0,0.22503743916368232,1349655.0,2282641.0,0.14142010595227564,0.18,0.17,12725216.0,13739836.0,https://www.sec.gov/Archives/edgar/data/898437/000115752311004789/0001157523-11-004789-index.htm,https://www.sec.gov/Archives/edgar/data/898437/000115752311004789/a6820636.htm,1620588261,15:24:21,20210509
39,2011-03-31,ANIK,USD,2011-05-06,2011-05-06 16:02:40,Q1,11737679.0,5604562.0,6133117.0,0.5225153115875805,1532664.0,4043774.0,0.0,0.0,5576438.0,11181000.0,0.0,920410.0,1477089.0,0.12584165915595408,556679.0,0.04742666757201317,0.0,515758.0,0.04394037356107626,191346.0,324412.0,0.027638513542583676,0.03,0.02,12688819.0,13744710.0,https://www.sec.gov/Archives/edgar/data/898437/000115752311002886/0001157523-11-002886-index.htm,https://www.sec.gov/Archives/edgar/data/898437/000115752311001610/a6645325.htm,1620588261,15:24:21,20210509
40,2010-12-31,ANIK,USD,2011-03-16,2011-03-16 17:29:22,Q4,14721493.0,6702674.0,8018819.0,0.5447014783079407,1387713.0,4152896.0,0.0,0.0,5540609.0,12243283.0,0.0,864651.0,3342861.0,0.2270735040257126,2478210.0,0.16833958349197325,0.0,2432685.0,0.16524716616718155,1081985.0,1350700.0,0.09175020495543489,0.10644804689861208,0.10644804689861208,12688819.0,12688819.0,https://www.sec.gov/Archives/edgar/data/898437/000115752311001610/0001157523-11-001610-index.htm,https://www.sec.gov/Archives/edgar/data/898437/000115752311001610/a6645325.htm,1620588261,15:24:21,20210509
41,2010-09-30,ANIK,USD,2010-11-09,2010-11-09 15:57:33,Q3,13869214.0,6108502.0,7760712.0,0.5595639377977728,1774623.0,3908452.0,0.0,0.0,5683075.0,11791577.0,0.0,794869.0,2872506.0,0.20711382779153886,2077637.0,0.14980207241736987,0.0,2037749.0,0.14692606228442362,853485.0,1184264.0,0.08538796791224074,0.09374068194599952,0.08693375267560832,12633405.0,13622603.0,https://www.sec.gov/Archives/edgar/data/898437/000115752310006763/0001157523-10-006763-index.htm,https://www.sec.gov/Archives/edgar/data/898437/000115752310006763/a6501697.htm,1620588261,15:24:21,20210509
42,2010-06-30,ANIK,USD,2010-08-09,2010-08-09 17:29:47,Q2,14499800.0,5891752.0,8608048.0,0.5936666712644312,1836653.0,4967346.0,0.0,0.0,6803999.0,12695751.0,0.0,809933.0,2613982.0,0.1802771072704451,1804049.0,0.1244188885363936,0.0,1744762.0,0.12033007351825542,678010.0,1066752.0,0.07357011820852702,0.08435563525822502,0.07819430752372598,12645889.0,13642323.0,https://www.sec.gov/Archives/edgar/data/898437/000115752310004948/0001157523-10-004948-index.htm,https://www.sec.gov/Archives/edgar/data/898437/000115752310004948/a6389672.htm,1620588261,15:24:21,20210509
43,2010-03-31,ANIK,USD,2010-05-10,2010-05-10 17:25:08,Q1,12466087.0,5123675.0,7342412.0,0.5889909159145127,1875644.0,4288978.0,0.0,0.0,6164622.0,11288297.0,0.0,850899.0,2028689.0,0.16273663098933933,1177790.0,0.0944795267352137,0.0,1127870.0,0.09047506246346589,413590.0,714280.0,0.057297851362660954,0.06,0.05,12614808.0,13628376.0,https://www.sec.gov/Archives/edgar/data/898437/000115752310003034/0001157523-10-003034-index.htm,https://www.sec.gov/Archives/edgar/data/898437/000115752310001609/a6215711.htm,1620588261,15:24:21,20210509
44,2009-12-31,ANIK,USD,2010-03-16,2010-03-16 17:23:37,Q4,10618940.0,3613028.0,7005912.0,0.6597562468570309,1318849.0,1931826.0,0.0,0.0,3250675.0,6863703.0,0.0,295771.0,4051008.0,0.38148892450658917,3755237.0,0.35363576778849865,0.0,1572941.0,0.14812598997640067,875793.0,697148.0,0.06565137386594141,0.055264257688266046,0.055264257688266046,12614808.0,12614808.0,https://www.sec.gov/Archives/edgar/data/898437/000115752310001609/0001157523-10-001609-index.htm,https://www.sec.gov/Archives/edgar/data/898437/000115752310001609/a6215711.htm,1620588261,15:24:21,20210509
45,2009-09-30,ANIK,USD,2009-11-03,2009-11-03 17:14:21,Q3,10792764.0,3551374.0,7241390.0,0.6709486096425346,2382146.0,2842991.0,0.0,0.0,5225137.0,8776511.0,44096.0,329202.0,2345455.0,0.2173173618917267,2016253.0,0.1868152588159993,0.0,1972157.0,0.18272955843378028,460232.0,1511925.0,0.14008691378779337,0.1327918168077635,0.13060963603111186,11385679.0,11575907.0,https://www.sec.gov/Archives/edgar/data/898437/000115752309007622/0001157523-09-007622-index.htm,https://www.sec.gov/Archives/edgar/data/898437/000115752309007622/a6090041.htm,1620588261,15:24:21,20210509
46,2009-06-30,ANIK,USD,2009-06-30,2009-06-30,Q2,9523676.0,3294160.0,6229516.0,0.6541083505990753,2286229.0,2735552.0,0.0,0.0,5021781.0,8315941.0,0.0,335035.0,1542770.0,0.16199312114355843,1207735.0,0.1268139529316201,0.0,1206353.0,0.1266688408971494,250579.0,955774.0,0.10035767701463175,0.08395066152689837,0.08276476113473072,11384949.0,11548079.0,,,1620588261,15:24:21,20210509
47,2009-03-31,ANIK,USD,2009-05-04,2009-05-04 16:36:19,Q1,9200324.0,3211666.0,5988658.0,0.6509181633168571,2194308.0,3034982.0,0.0,0.0,5229290.0,8440956.0,0.0,333460.0,1092828.0,0.11878146900043955,759368.0,0.08253709325888958,0.0,760808.0,0.0826936094859268,238088.0,522720.0,0.05681539041451149,0.045987589016715284,0.045467679866199484,11366545.0,11496518.0,https://www.sec.gov/Archives/edgar/data/898437/000110465909029067/0001104659-09-029067-index.htm,https://www.sec.gov/Archives/edgar/data/898437/000104746909002371/a2191303z10-k.htm,1620588261,15:24:21,20210509
48,2008-12-31,ANIK,USD,2009-03-09,2009-03-09 16:28:56,Q4,8965804.0,2822930.0,6142874.0,0.6851448012916633,2444529.0,2449721.0,0.0,0.0,4894250.0,7717180.0,0.0,350718.0,1599342.0,0.17838244066009026,1248624.0,0.13926514565787965,0.0,1269369.0,0.1415789370367677,174864.0,1094505.0,0.12207549930826059,0.09629179315262465,0.09629179315262465,11366545.0,11366545.0,https://www.sec.gov/Archives/edgar/data/898437/000104746909002371/0001047469-09-002371-index.htm,https://www.sec.gov/Archives/edgar/data/898437/000104746909002371/a2191303z10-k.htm,1620588261,15:24:21,20210509
49,2008-09-30,ANIK,USD,2008-11-06,2008-11-06 13:53:26,Q3,9205015.0,3504986.0,5700029.0,0.6192308214598238,1801561.0,2567000.0,0.0,0.0,4368561.0,7873547.0,0.0,340380.0,1671848.0,0.18162360408972716,1331468.0,0.14464593485181718,0.0,1461954.0,0.15882146851471726,357751.0,1104203.0,0.11995667579031648,0.09746331277976934,0.09613477777142221,11329422.0,11485989.0,https://www.sec.gov/Archives/edgar/data/898437/000110465908068564/0001104659-08-068564-index.htm,https://www.sec.gov/Archives/edgar/data/898437/000110465908068564/a08-25743_110q.htm,1620588261,15:24:21,20210509
50,2008-06-30,ANIK,USD,2008-08-08,2008-08-08 16:06:02,Q2,9060189.0,3644530.0,5415659.0,0.5977423870517491,1644619.0,2880156.0,0.0,0.0,4524775.0,8169305.0,0.0,374797.0,1265681.0,0.1396969754162965,890884.0,0.09832951608404637,0.0,1048759.0,0.11575464926835412,235830.0,812929.0,0.08972539093831265,0.0717662402073122,0.07059017936247419,11327457.0,11516177.0,https://www.sec.gov/Archives/edgar/data/898437/000110465908051358/0001104659-08-051358-index.htm,https://www.sec.gov/Archives/edgar/data/898437/000110465908051358/a08-19084_110q.htm,1620588261,15:24:21,20210509
51,2008-03-31,ANIK,USD,2008-05-07,2008-05-07 10:50:23,Q1,8548779.0,3216070.0,5332709.0,0.6237977376652268,1508340.0,3068616.0,0.0,0.0,4576956.0,7793026.0,0.0,367117.0,1122870.0,0.1313485820606662,755753.0,0.08840478856688189,0.0,945159.0,0.11056070112468692,327601.0,617558.0,0.07223932213009601,0.06,0.05,11225282.0,11612720.0,https://www.sec.gov/Archives/edgar/data/898437/000110465908030586/0001104659-08-030586-index.htm,https://www.sec.gov/Archives/edgar/data/898437/000104746908002593/a2183520z10-k.htm,1620588261,15:24:21,20210509
52,2007-12-31,ANIK,USD,2008-03-12,2008-03-12 15:45:34,Q4,9626833.0,3225979.0,6400854.0,0.6648971681548854,1395402.0,2884634.0,0.0,0.0,4280036.0,7506015.0,0.0,281670.0,2402488.0,0.24956161595407336,2120818.0,0.2203027724694092,0.0,2528859.0,0.26268857058183104,855463.0,1673396.0,0.17382622093891106,0.14907384954783318,0.14907384954783318,11225282.0,11225282.0,https://www.sec.gov/Archives/edgar/data/898437/000104746908002593/0001047469-08-002593-index.htm,https://www.sec.gov/Archives/edgar/data/898437/000104746908002593/a2183520z10-k.htm,1620588261,15:24:21,20210509
53,2007-09-30,ANIK,USD,2007-11-09,2007-11-09 10:24:34,Q3,7965380.0,3138307.0,4827073.0,0.606006618642174,1125826.0,1820998.0,0.0,0.0,2946824.0,6085131.0,0.0,189370.0,2069619.0,0.2598267753704155,1880249.0,0.23605264281176794,0.0,2430263.0,0.30510320913754274,634033.0,1796230.0,0.2255046212484527,0.161058062604829,0.15527476743319588,11152686.0,11568074.0,https://www.sec.gov/Archives/edgar/data/898437/000110465907081542/0001104659-07-081542-index.htm,https://www.sec.gov/Archives/edgar/data/898437/000110465907081542/a07-28964_110q.htm,1620588261,15:24:21,20210509
54,2007-06-30,ANIK,USD,2007-08-07,2007-08-07 17:14:53,Q2,7099562.0,3023781.0,4075781.0,0.5740890776078862,996051.0,1716099.0,0.0,0.0,2712150.0,5735931.0,0.0,186029.0,1549660.0,0.21827543727345433,1363631.0,0.192072553208212,0.0,1939462.0,0.27318051451624764,574611.0,1364851.0,0.1922443947950592,0.12387406377515156,0.11996925638980746,11018053.0,11376673.0,https://www.sec.gov/Archives/edgar/data/898437/000110465907059776/0001104659-07-059776-index.htm,https://www.sec.gov/Archives/edgar/data/898437/000110465907059776/a07-18938_110q.htm,1620588261,15:24:21,20210509
55,2007-03-31,ANIK,USD,2007-05-09,2007-05-09 15:35:12,Q1,6138046.0,2492922.0,3645124.0,0.5938573937047719,847341.0,1575050.0,0.0,0.0,2422391.0,4915313.0,0.0,161658.0,1384391.0,0.2255426238252369,1222733.0,0.19920557780114387,0.0,1789510.0,0.2915439213065526,588733.0,1200777.0,0.19562854367660326,0.11038127865298432,0.10643938715693071,10878448.0,11281322.0,https://www.sec.gov/Archives/edgar/data/898437/000110465907037513/0001104659-07-037513-index.htm,https://www.sec.gov/Archives/edgar/data/898437/000110465907018715/a07-5799_110k.htm,1620588261,15:24:21,20210509
56,2006-12-31,ANIK,USD,2007-03-13,2007-03-13 16:54:08,Q4,5888956.0,3054111.0,2834845.0,0.48138328763196736,504477.0,1459853.0,0.0,0.0,1964330.0,5018441.0,0.0,90295.0,960810.0,0.16315455574808166,870515.0,0.14782161727817292,0.0,1451189.0,0.24642551243378283,404427.0,1046762.0,0.17775001205646637,0.09622346864185038,0.09622346864185038,10878448.0,10878448.0,https://www.sec.gov/Archives/edgar/data/898437/000110465907018715/0001104659-07-018715-index.htm,https://www.sec.gov/Archives/edgar/data/898437/000110465907018715/a07-5799_110k.htm,1620588261,15:24:21,20210509
57,2006-09-30,ANIK,USD,2006-11-08,2006-11-08 10:25:39,Q3,6200657.0,2125028.0,4075629.0,0.6572898646062828,905289.0,1453393.0,0.0,0.0,2358682.0,4483710.0,0.0,90404.0,1807351.0,0.2914773386110536,1716947.0,0.27689759327116464,0.0,2286176.0,0.3686989943162475,961536.0,1324640.0,0.21362897512312,0.12406547454641277,0.11901286811362753,10676943.0,11130225.0,https://www.sec.gov/Archives/edgar/data/898437/000110465906072523/0001104659-06-072523-index.htm,https://www.sec.gov/Archives/edgar/data/898437/000110465906072523/a06-21774_110q.htm,1620588261,15:24:21,20210509
58,2006-06-30,ANIK,USD,2006-08-07,2006-08-07 15:33:02,Q2,7798041.0,2890904.0,4907137.0,0.6292781738387885,1129877.0,1976600.0,0.0,0.0,3106477.0,5997381.0,0.0,116265.0,1916925.0,0.24582135436323047,1800660.0,0.23091184055072292,0.0,2290432.0,0.2937188968357566,938367.0,1352065.0,0.1733852130297853,0.13,0.12,10601336.0,10955156.0,https://www.sec.gov/Archives/edgar/data/898437/000110465906051999/0001104659-06-051999-index.htm,https://www.sec.gov/Archives/edgar/data/898437/000110465906051999/a06-15440_110q.htm,1620588261,15:24:21,20210509
59,2006-03-31,ANIK,USD,2006-05-09,2006-05-09 11:23:00,Q1,6952960.0,3047818.0,3905142.0,0.5616517281848307,1076792.0,1788999.0,0.0,0.0,2865791.0,5913609.0,0.0,87091.0,1126442.0,0.16200898610088366,1039351.0,0.1494832416697349,0.0,1500425.0,0.21579658159977907,619676.0,880749.0,0.1266725250828424,0.08366832366392721,0.07850960389932218,10526672.0,11218360.0,https://www.sec.gov/Archives/edgar/data/898437/000110465906032456/0001104659-06-032456-index.htm,https://www.sec.gov/Archives/edgar/data/898437/000110465906015388/a06-2611_110k.htm,1620588261,15:24:21,20210509
60,2005-12-31,ANIK,USD,2006-03-09,2006-03-09 17:07:17,Q4,5466000.0,2266000.0,3200000.0,0.5854372484449323,1093000.0,1249000.0,0.0,0.0,2342000.0,4608000.0,0.0,115000.0,973000.0,0.17800951335528722,858000.0,0.15697036223929747,0.0,1280000.0,0.23417489937797292,458000.0,822000.0,0.150384193194292,0.0780873575238214,0.0780873575238214,10526672.0,10526672.0,https://www.sec.gov/Archives/edgar/data/898437/000110465906015388/0001104659-06-015388-index.htm,https://www.sec.gov/Archives/edgar/data/898437/000110465906015388/a06-2611_110k.htm,1620588261,15:24:21,20210509
61,2005-09-30,ANIK,USD,2005-11-07,2005-11-07 14:46:50,Q3,10058000.0,3767000.0,6291000.0,0.6254722608868563,979000.0,1393000.0,0.0,0.0,2372000.0,6139000.0,0.0,121000.0,4040000.0,0.40167031218930205,3919000.0,0.38964008749254325,0.0,4251000.0,0.422648637900179,1720000.0,2531000.0,0.25164048518592164,0.24,0.22,10482850.0,11480570.0,https://www.sec.gov/Archives/edgar/data/898437/000110465905053034/0001104659-05-053034-index.htm,https://www.sec.gov/Archives/edgar/data/898437/000110465905053034/a05-18280_110q.htm,1620588261,15:24:21,20210509
62,2005-06-30,ANIK,USD,2005-08-08,2005-08-08 16:02:27,Q2,7020000.0,2117000.0,4903000.0,0.6984330484330484,1461000.0,1475000.0,0.0,0.0,2936000.0,5053000.0,0.0,115000.0,2082000.0,0.2965811965811966,1967000.0,0.2801994301994302,0.0,2242000.0,0.3193732193732194,905000.0,1337000.0,0.19045584045584046,0.13,0.12,10391538.0,11537538.0,https://www.sec.gov/Archives/edgar/data/898437/000110465905037250/0001104659-05-037250-index.htm,https://www.sec.gov/Archives/edgar/data/898437/000110465905037250/a05-12984_110q.htm,1620588261,15:24:21,20210509
63,2005-03-31,ANIK,USD,2005-05-10,2005-05-10 16:40:28,Q1,7291000.0,2994000.0,4297000.0,0.5893567411877657,1199000.0,1292000.0,0.0,0.0,2491000.0,5485000.0,0.0,108000.0,1914000.0,0.2625154299821698,1806000.0,0.24770264709916334,0.0,2018000.0,0.27677959127691676,816000.0,1202000.0,0.16486078727197914,0.12,0.11,10269389.0,11264595.0,https://www.sec.gov/Archives/edgar/data/898437/000110465905022239/0001104659-05-022239-index.htm,https://www.sec.gov/Archives/edgar/data/898437/000104746905006795/a2153708z10-k.htm,1620588261,15:24:21,20210509
64,2004-12-31,ANIK,USD,2005-03-16,2005-03-16 16:56:03,Q4,7656000.0,2335000.0,5321000.0,0.6950104493207941,1067000.0,1870000.0,0.0,0.0,2937000.0,5272000.0,0.0,192000.0,2576000.0,0.33646812957157785,2384000.0,0.3113897596656217,0.0,2540000.0,0.33176593521421105,785000.0,1755000.0,0.22923197492163008,0.17089624319421534,0.17089624319421534,10269389.0,10269389.0,https://www.sec.gov/Archives/edgar/data/898437/000104746905006795/0001047469-05-006795-index.htm,https://www.sec.gov/Archives/edgar/data/898437/000104746905006795/a2153708z10-k.htm,1620588261,15:24:21,20210509
65,2004-09-30,ANIK,USD,2004-11-15,2004-11-15 16:37:40,Q3,6407000.0,2451000.0,3956000.0,0.6174496644295302,988000.0,1457000.0,0.0,0.0,2445000.0,4896000.0,0.0,181000.0,1692000.0,0.2640861557671297,1511000.0,0.23583580458873107,0.0,1618000.0,0.25253628843452475,734000.0,884000.0,0.13797409083814577,0.09,0.08,10140925.0,11506999.0,https://www.sec.gov/Archives/edgar/data/898437/000110465904036134/0001104659-04-036134-index.htm,https://www.sec.gov/Archives/edgar/data/898437/000110465904036134/a04-13654_110q.htm,1620588261,15:24:21,20210509
66,2004-06-30,ANIK,USD,2004-08-16,2004-08-16 12:50:34,Q2,6262000.0,2442000.0,3820000.0,0.6100287448099648,1125000.0,1407000.0,0.0,0.0,2532000.0,4974000.0,0.0,172000.0,1460000.0,0.2331523474928138,1288000.0,0.20568508463749602,0.0,1368000.0,0.21846055573299267,603000.0,765000.0,0.12216544235068669,0.08,0.07,10060866.0,11396116.0,https://www.sec.gov/Archives/edgar/data/898437/000110465904024566/0001104659-04-024566-index.htm,https://www.sec.gov/Archives/edgar/data/898437/000110465904024566/a04-9567_110q.htm,1620588261,15:24:21,20210509
67,2004-03-31,ANIK,USD,2004-05-17,2004-05-17 12:55:17,Q1,6141000.0,2721000.0,3420000.0,0.5569125549584758,907000.0,1308000.0,0.0,0.0,2215000.0,4936000.0,0.0,165000.0,1370000.0,0.2230907018400912,1205000.0,0.19622211366227,0.0,504000.0,0.08207132388861749,-6535000.0,7786000.0,1.26787168213646,0.78,0.69,9987410.0,11257264.0,https://www.sec.gov/Archives/edgar/data/898437/000110465904014759/0001104659-04-014759-index.htm,https://www.sec.gov/Archives/edgar/data/898437/000104746904009837/a2132242z10-k.htm,1620588261,15:24:21,20210509
68,2003-12-31,ANIK,USD,2004-03-30,2004-03-29 18:57:21,Q4,5014000.0,2260000.0,2754000.0,0.5492620662145992,656000.0,1264000.0,0.0,0.0,1920000.0,4180000.0,0.0,258000.0,1092000.0,0.2177901874750698,834000.0,0.16633426406063023,0.0,867000.0,0.17291583566015156,66000.0,801000.0,0.1597526924611089,0.08020097302503852,0.08020097302503852,9987410.0,9987410.0,https://www.sec.gov/Archives/edgar/data/898437/000104746904009837/0001047469-04-009837-index.htm,https://www.sec.gov/Archives/edgar/data/898437/000104746904009837/a2132242z10-k.htm,1620588261,15:24:21,20210509
69,2003-09-30,ANIK,USD,2003-11-14,2003-11-14 12:13:08,Q3,3688000.0,1930000.0,1758000.0,0.47668112798264645,482000.0,885000.0,0.0,0.0,1367000.0,3297000.0,0.0,252000.0,643000.0,0.17434924078091107,391000.0,0.10601952277657267,0.0,420000.0,0.113882863340564,0.0,420000.0,0.113882863340564,0.0421690811477701,0.040299111519731305,9959904.0,10422066.0,https://www.sec.gov/Archives/edgar/data/898437/000110465903026510/0001104659-03-026510-index.htm,https://www.sec.gov/Archives/edgar/data/898437/000110465903026510/a03-5138_110q.htm,1620588261,15:24:21,20210509
70,2003-06-30,ANIK,USD,2003-08-14,2003-08-14 12:40:39,Q2,3318000.0,1846000.0,1472000.0,0.4436407474382158,648000.0,945000.0,0.0,0.0,1593000.0,3439000.0,0.0,248000.0,127000.0,0.038276069921639545,-121000.0,-0.03646775165762507,0.0,-81000.0,-0.024412296564195298,0.0,-81000.0,-0.024412296564195298,-0.01,-0.01,9941121.0,9941121.0,https://www.sec.gov/Archives/edgar/data/898437/000110465903018527/0001104659-03-018527-index.htm,https://www.sec.gov/Archives/edgar/data/898437/000110465903018527/a03-2670_110q.htm,1620588261,15:24:21,20210509
71,2003-03-31,ANIK,USD,2003-05-15,2003-05-14 20:39:26,Q1,3384000.0,1969000.0,1415000.0,0.41814420803782504,809000.0,1115000.0,0.0,0.0,1924000.0,3893000.0,0.0,248000.0,-261000.0,-0.07712765957446809,-509000.0,-0.15041371158392436,0.0,-467000.0,-0.13800236406619384,-154000.0,-313000.0,-0.09249408983451536,-0.03,-0.03,9934280.0,9934280.0,https://www.sec.gov/Archives/edgar/data/898437/000110465903009972/0001104659-03-009972-index.htm,https://www.sec.gov/Archives/edgar/data/898437/000104746903010610/a2106703z10-k.htm,1620588261,15:24:21,20210509
72,2002-12-31,ANIK,USD,2003-03-27,2003-03-27 17:29:46,Q4,4144201.0,1688446.0,2455755.0,0.5925762288074348,788293.0,1056440.0,0.0,0.0,1844733.0,3533179.0,0.0,275627.0,886649.0,0.2139493234039565,611022.0,0.14744024240137002,0.0,664079.0,0.16024295153637577,0.0,659082.0,0.15903717025308375,0.06634421417556179,0.06634421417556179,9934280.0,9934280.0,https://www.sec.gov/Archives/edgar/data/898437/000104746903010610/0001047469-03-010610-index.htm,https://www.sec.gov/Archives/edgar/data/898437/000104746903010610/a2106703z10-k.htm,1620588261,15:24:21,20210509
73,2002-09-30,ANIK,USD,2002-11-14,2002-11-13 18:21:16,Q3,3232108.0,2131517.0,1100591.0,0.34051801486831507,999137.0,900192.0,0.0,0.0,1899329.0,4030846.0,0.0,275946.0,-522792.0,-0.16174954549786083,-798738.0,-0.24712602425414001,0.0,-737643.0,-0.2282234999573034,0.0,-737643.0,-0.2282234999573034,-0.07,-0.07,9934280.0,9934280.0,https://www.sec.gov/Archives/edgar/data/898437/000110465902005940/0001104659-02-005940-index.htm,https://www.sec.gov/Archives/edgar/data/898437/000110465902005940/j5322_10q.htm,1620588261,15:24:21,20210509
74,2002-06-30,ANIK,USD,2002-08-14,2002-08-14 12:58:00,Q2,3420877.0,2201318.0,1219559.0,0.3565047793299788,1050426.0,1388837.0,0.0,0.0,2439263.0,4640581.0,0.0,272456.0,-947248.0,-0.27690209265051036,-1219704.0,-0.3565471661214361,0.0,0.0,0.0,0.0,-1157196.0,-0.33827465880825297,-0.12,-0.12,9934280.0,9934280.0,https://www.sec.gov/Archives/edgar/data/898437/000110465902004008/0001104659-02-004008-index.htm,https://www.sec.gov/Archives/edgar/data/898437/000110465902004008/j4192_10q.htm,1620588261,15:24:21,20210509
75,2002-03-31,ANIK,USD,2002-05-15,2002-05-15 15:49:33,Q1,2389717.0,2087414.0,302303.0,0.1265015899372185,1089874.0,1079495.0,0.0,0.0,2169369.0,4256783.0,0.0,271188.0,-1595878.0,-0.6678104562172006,-1867066.0,-0.7812916759599567,0.0,0.0,0.0,0.0,-1804208.0,-0.7549881429474703,-0.18,-0.18,9934280.0,9934280.0,https://www.sec.gov/Archives/edgar/data/898437/000110465902002543/0001104659-02-002543-index.htm,https://www.sec.gov/Archives/edgar/data/898437/000110465902002543/j3944_10q.htm,1620588261,15:24:21,20210509
76,2001-12-31,ANIK,USD,2001-12-31,2001-12-31,Q4,3160523.0,1597172.0,1563351.0,0.49464946149735345,1184947.0,1865880.0,0.0,0.0,2100111.0,3697283.0,0.0,292634.0,-244126.0,-0.07724227920505562,-536760.0,-0.16983265111502116,0.0,0.0,0.0,0.0,-456757.0,-0.1445194355491164,-0.04597786653889361,-0.04597786653889361,9934280.0,9934280.0,,,1620588261,15:24:21,20210509
77,2001-09-30,ANIK,USD,2001-09-30,2001-09-30,Q3,3053779.0,2553582.0,500197.0,0.16379607037706395,826378.0,1100180.0,0.0,0.0,1926558.0,4480140.0,0.0,342204.0,-1084157.0,-0.35502143409853826,-1426361.0,-0.46708062371245596,0.0,0.0,0.0,0.0,-1332037.0,-0.43619299235471853,-0.13,-0.13,9934280.0,9934280.0,,,1620588261,15:24:21,20210509
78,2001-06-30,ANIK,USD,2001-06-30,2001-06-30,Q2,2919034.0,2109049.0,809985.0,0.27748392105059416,921325.0,1858790.0,0.0,0.0,3666595.0,5775644.0,0.0,301377.0,-2555233.0,-0.8753693858995818,-2856610.0,-0.9786148431296107,-886480.0,0.0,0.0,0.0,-2650408.0,-0.9079743504186659,-0.27,-0.27,9934280.0,9934280.0,,,1620588261,15:24:21,20210509
79,2001-03-31,ANIK,USD,2001-03-31,2001-03-31,Q1,2178617.0,1744686.0,433931.0,0.19917727622615633,1347870.0,1452810.0,0.0,0.0,2800680.0,4545366.0,0.0,297628.0,-2069121.0,-0.9497405923115444,-2366749.0,-1.086353865778152,0.0,0.0,0.0,0.0,-2318431.0,-1.0641755756059923,-0.23,-0.23,9934280.0,9934280.0,,,1620588261,15:24:21,20210509
80,2000-12-31,ANIK,USD,2001-09-05,2001-09-05,Q4,7115817.0,3105703.0,4010114.0,0.5635493436663703,522848.0,1117531.0,0.0,0.0,1945365.0,5051068.0,0.0,304986.0,2369735.0,0.3330236008036744,2064749.0,0.29016330802211465,0.0,2344953.0,0.32954093676102125,5999.0,2338954.0,0.32869788528850585,0.23544272961905643,0.23544272961905643,9934280.0,9934280.0,https://www.sec.gov/Archives/edgar/data/898437/000091205701531396/0000912057-01-531396-index.htm,https://www.sec.gov/Archives/edgar/data/898437/000091205701531396/a2058455z10-ka.txt,1620588261,15:24:21,20210509
81,2000-09-30,ANIK,USD,2000-09-30,2000-09-30,Q3,2729807.0,2549516.0,180291.0,0.06604532847926611,516171.0,1093841.0,0.0,0.0,1864781.0,4414297.0,0.0,254769.0,-1429721.0,-0.5237443526227312,-1684490.0,-0.6170729285989816,0.0,0.0,0.0,0.0,-1382824.0,-0.5065647498156463,-0.14,-0.14,9934280.0,9934280.0,,,1620588261,15:24:21,20210509
82,2000-06-30,ANIK,USD,2000-06-30,2000-06-30,Q2,3768765.0,2077003.0,1691762.0,0.44889028634048556,907227.0,977210.0,0.0,0.0,2230051.0,4307054.0,0.0,345614.0,-192675.0,-0.051124174630150725,-538289.0,-0.14282901693260258,0.0,-208548.0,-0.05533589916060035,9941.0,-218489.0,-0.057973633272438055,-0.02,-0.02,9918842.0,9918842.0,,,1620588261,15:24:21,20210509
83,2000-03-31,ANIK,USD,2000-03-31,2000-03-31,Q1,2720833.0,940597.0,1780236.0,0.6542981506031424,1313738.0,999462.0,0.0,0.0,2605571.0,3546168.0,0.0,292371.0,-532964.0,-0.1958826579948126,-825335.0,-0.30333908769851,0.0,0.0,0.0,0.0,-564087.0,-0.20732143428133956,-0.06,-0.06,9804284.0,9804284.0,,,1620588261,15:24:21,20210509
84,1999-12-31,ANIK,USD,1999-12-31,1999-12-31,Q4,3000000.0,700000.0,2300000.0,0.7666666666666667,1400000.0,700000.0,0.0,0.0,2400000.0,3100000.0,0.0,300000.0,200000.0,0.06666666666666667,-100000.0,-0.03333333333333333,0.0,0.0,0.0,0.0,-3300000.0,-1.1,-0.33,-0.33,10000000.0,10000000.0,,,1620588261,15:24:21,20210509
85,1999-09-30,ANIK,USD,1999-09-30,1999-09-30,Q3,3500000.0,1600000.0,1900000.0,0.5428571428571428,1200000.0,700000.0,0.0,0.0,2100000.0,3700000.0,0.0,200000.0,0.0,0.0,-200000.0,-0.05714285714285714,0.0,0.0,0.0,0.0,0.0,0.0,0.0,0.0,10000000.0,11428571.0,,,1620588261,15:24:21,20210509
86,1999-06-30,ANIK,USD,1999-06-30,1999-06-30,Q2,3800000.0,1600000.0,2200000.0,0.5789473684210527,900000.0,800000.0,0.0,0.0,2000000.0,3600000.0,0.0,300000.0,500000.0,0.13157894736842105,200000.0,0.05263157894736842,0.0,0.0,0.0,0.0,400000.0,0.10526315789473684,0.04,0.04,10000000.0,10000000.0,,,1620588261,15:24:21,20210509
87,1999-03-31,ANIK,USD,1999-03-31,1999-03-31,Q1,3200000.0,1400000.0,1800000.0,0.5625,700000.0,800000.0,0.0,0.0,1800000.0,3200000.0,0.0,300000.0,0.0,0.0,0.0,0.0,300000.0,0.0,0.0,0.0,300000.0,0.09375,0.04,0.03,7500000.0,10000000.0,,,1620588261,15:24:21,20210509
88,1998-12-31,ANIK,USD,1998-12-31,1998-12-31,Q4,3400000.0,1400000.0,2000000.0,0.5882352941176471,600000.0,600000.0,0.0,0.0,1500000.0,2900000.0,0.0,300000.0,800000.0,0.23529411764705882,500000.0,0.14705882352941177,300000.0,700000.0,0.20588235294117646,0.0,700000.0,0.20588235294117646,0.07,0.07,10000000.0,10000000.0,,,1620588261,15:24:21,20210509
89,1998-09-30,ANIK,USD,1998-09-30,1998-09-30,Q3,3200000.0,1200000.0,2000000.0,0.625,500000.0,900000.0,0.0,0.0,1600000.0,2800000.0,0.0,200000.0,600000.0,0.1875,400000.0,0.125,400000.0,0.0,0.0,0.0,700000.0,0.21875,0.07,0.07,10000000.0,10000000.0,,,1620588261,15:24:21,20210509
90,1998-06-30,ANIK,USD,1998-06-30,1998-06-30,Q2,4600000.0,1400000.0,3200000.0,0.6956521739130435,400000.0,700000.0,0.0,0.0,1300000.0,2700000.0,0.0,200000.0,2100000.0,0.45652173913043476,1900000.0,0.41304347826086957,300000.0,2300000.0,0.5,100000.0,2200000.0,0.4782608695652174,0.22,0.2,10000000.0,11000000.0,,,1620588261,15:24:21,20210509
91,1998-03-31,ANIK,USD,1998-03-31,1998-03-31,Q1,2800000.0,1300000.0,1500000.0,0.5357142857142857,500000.0,500000.0,0.0,0.0,1100000.0,2400000.0,0.0,100000.0,500000.0,0.17857142857142858,400000.0,0.14285714285714285,300000.0,0.0,0.0,0.0,600000.0,0.21428571428571427,0.06,0.06,10000000.0,10000000.0,,,1620588261,15:24:21,20210509
92,1997-12-31,ANIK,USD,1997-12-31,1997-12-31,Q4,6000000.0,1600000.0,4400000.0,0.7333333333333333,500000.0,800000.0,0.0,0.0,1400000.0,3000000.0,0.0,100000.0,3100000.0,0.5166666666666667,3000000.0,0.5,200000.0,0.0,0.0,0.0,3000000.0,0.5,0.5,0.5,6000000.0,6000000.0,,,1620588261,15:24:21,20210509
93,1997-09-30,ANIK,USD,1997-09-30,1997-09-30,Q3,1600000.0,800000.0,800000.0,0.5,600000.0,400000.0,0.0,0.0,1000000.0,1800000.0,0.0,0.0,-200000.0,-0.125,-200000.0,-0.125,0.0,0.0,0.0,0.0,-300000.0,-0.1875,-0.05,-0.05,6000000.0,6000000.0,,,1620588261,15:24:21,20210509
94,1997-06-30,ANIK,USD,1997-06-30,1997-06-30,Q2,2500000.0,1100000.0,1400000.0,0.56,500000.0,400000.0,0.0,0.0,1000000.0,2100000.0,0.0,100000.0,500000.0,0.2,400000.0,0.16,0.0,0.0,0.0,0.0,300000.0,0.12,0.05,0.04,6000000.0,6000000.0,,,1620588261,15:24:21,20210509
95,1997-03-31,ANIK,USD,1997-03-31,1997-03-31,Q1,1900000.0,900000.0,1000000.0,0.5263157894736842,300000.0,400000.0,0.0,0.0,800000.0,1700000.0,0.0,100000.0,300000.0,0.15789473684210525,200000.0,0.10526315789473684,0.0,0.0,0.0,0.0,200000.0,0.10526315789473684,0.04,0.03,5000000.0,5000000.0,,,1620588261,15:24:21,20210509
96,1996-11-30,ANIK,USD,1996-11-30,1996-11-30,Q4,1100000.0,800000.0,300000.0,0.2727272727272727,600000.0,500000.0,0.0,0.0,1300000.0,2100000.0,0.0,200000.0,-800000.0,-0.7272727272727273,-1000000.0,-0.9090909090909091,0.0,0.0,0.0,0.0,-900000.0,-0.8181818181818182,-0.19,-0.19,4736842.0,4736842.0,,,1620588261,15:24:21,20210509
97,1996-08-31,ANIK,USD,1996-08-31,1996-08-31,Q3,1300000.0,800000.0,500000.0,0.38461538461538464,500000.0,500000.0,0.0,0.0,1400000.0,2200000.0,0.0,400000.0,-500000.0,-0.38461538461538464,-900000.0,-0.6923076923076923,0.0,0.0,0.0,0.0,-900000.0,-0.6923076923076923,-0.18,-0.18,5000000.0,5000000.0,,,1620588261,15:24:21,20210509
98,1996-05-31,ANIK,USD,1996-05-31,1996-05-31,Q2,1500000.0,1200000.0,300000.0,0.2,500000.0,400000.0,0.0,0.0,1000000.0,2200000.0,0.0,100000.0,-600000.0,-0.4,-700000.0,-0.4666666666666667,100000.0,0.0,0.0,0.0,-600000.0,-0.4,-0.12,-0.12,5000000.0,5000000.0,,,1620588261,15:24:21,20210509
99,1996-02-29,ANIK,USD,1996-02-29,1996-02-29,Q1,1000000.0,1100000.0,-100000.0,-0.1,400000.0,300000.0,0.0,0.0,800000.0,1900000.0,0.0,100000.0,-800000.0,-0.8,-900000.0,-0.9,0.0,0.0,0.0,0.0,-900000.0,-0.9,-0.26,-0.26,3461538.0,3461538.0,,,1620588261,15:24:21,20210509
100,1995-11-30,ANIK,USD,1995-11-30,1995-11-30,Q4,900000.0,700000.0,200000.0,0.2222222222222222,300000.0,300000.0,0.0,0.0,700000.0,1400000.0,0.0,100000.0,-400000.0,-0.4444444444444444,-500000.0,-0.5555555555555556,0.0,0.0,0.0,0.0,-500000.0,-0.5555555555555556,-0.16,-0.16,3125000.0,3125000.0,,,1620588261,15:24:21,20210509
101,1995-08-31,ANIK,USD,1995-08-31,1995-08-31,Q3,900000.0,1100000.0,-200000.0,-0.2222222222222222,400000.0,200000.0,0.0,0.0,600000.0,1700000.0,0.0,0.0,-800000.0,-0.8888888888888888,-800000.0,-0.8888888888888888,0.0,0.0,0.0,0.0,-900000.0,-1.0,-0.2519999697600036,-0.2519999697600036,3571429.0,3571429.0,,,1620588261,15:24:21,20210509
102,1995-05-31,ANIK,USD,1995-05-31,1995-05-31,Q2,900000.0,800000.0,100000.0,0.1111111111111111,300000.0,200000.0,0.0,0.0,600000.0,1400000.0,0.0,100000.0,-400000.0,-0.4444444444444444,-500000.0,-0.5555555555555556,0.0,0.0,0.0,0.0,-500000.0,-0.5555555555555556,-0.14,-0.14,3571429.0,3571429.0,,,1620588261,15:24:21,20210509
103,1995-02-28,ANIK,USD,1995-02-28,1995-02-28,Q1,700000.0,300000.0,400000.0,0.5714285714285714,300000.0,200000.0,0.0,0.0,600000.0,900000.0,0.0,100000.0,-100000.0,-0.14285714285714285,-200000.0,-0.2857142857142857,0.0,0.0,0.0,0.0,-200000.0,-0.2857142857142857,-0.06,-0.06,3333333.0,3333333.0,,,1620588261,15:24:21,20210509
104,1994-11-30,ANIK,USD,1994-11-30,1994-11-30,Q4,900000.0,700000.0,200000.0,0.2222222222222222,400000.0,200000.0,0.0,0.0,700000.0,1400000.0,0.0,100000.0,-400000.0,-0.4444444444444444,-500000.0,-0.5555555555555556,0.0,0.0,0.0,0.0,-400000.0,-0.4444444444444444,-0.14,-0.14,2857143.0,2857143.0,,,1620588261,15:24:21,20210509
105,1994-08-31,ANIK,USD,1994-08-31,1994-08-31,Q3,1100000.0,900000.0,200000.0,0.18181818181818182,400000.0,200000.0,0.0,0.0,600000.0,1500000.0,0.0,0.0,-400000.0,-0.36363636363636365,-400000.0,-0.36363636363636365,0.0,0.0,0.0,0.0,-500000.0,-0.45454545454545453,-0.17000002720000434,-0.17000002720000434,2941176.0,2941176.0,,,1620588261,15:24:21,20210509
106,1994-05-31,ANIK,USD,1994-05-31,1994-05-31,Q2,1000000.0,900000.0,100000.0,0.1,400000.0,200000.0,0.0,0.0,700000.0,1600000.0,0.0,100000.0,-500000.0,-0.5,-600000.0,-0.6,0.0,0.0,0.0,0.0,-500000.0,-0.5,-0.17,-0.17,2941176.0,2941176.0,,,1620588261,15:24:21,20210509
107,1994-02-28,ANIK,USD,1994-02-28,1994-02-28,Q1,1400000.0,1000000.0,400000.0,0.2857142857142857,400000.0,200000.0,0.0,0.0,600000.0,1600000.0,0.0,0.0,-200000.0,-0.14285714285714285,-200000.0,-0.14285714285714285,0.0,0.0,0.0,0.0,-200000.0,-0.14285714285714285,-0.07,-0.07,2857143.0,2857143.0,,,1620588261,15:24:21,20210509
108,1993-11-30,ANIK,USD,1993-11-30,1993-11-30,Q4,1200000.0,800000.0,400000.0,0.3333333333333333,0.0,500000.0,0.0,0.0,600000.0,1400000.0,0.0,100000.0,-100000.0,-0.08333333333333333,-200000.0,-0.16666666666666666,0.0,0.0,0.0,0.0,-100000.0,-0.08333333333333333,-0.04,-0.04,2500000.0,2500000.0,,,1620588261,15:24:21,20210509
109,1993-08-31,ANIK,USD,1993-08-31,1993-08-31,Q3,2100000.0,800000.0,1300000.0,0.6190476190476191,0.0,1800000.0,0.0,0.0,2000000.0,2800000.0,0.0,200000.0,-500000.0,-0.23809523809523808,-700000.0,-0.3333333333333333,0.0,-500000.0,-0.23809523809523808,0.0,-500000.0,-0.23809523809523808,-0.17499999125000043,-0.17499999125000043,2857143.0,2857143.0,,,1620588261,15:24:21,20210509
110,1993-05-31,ANIK,USD,1993-05-31,1993-05-31,Q2,100000.0,400000.0,-300000.0,-3.0,0.0,100000.0,0.0,0.0,100000.0,500000.0,0.0,0.0,-400000.0,-4.0,-400000.0,-4.0,0.0,-500000.0,-5.0,-100000.0,-400000.0,-4.0,-0.14,-0.14,2857143.0,2857143.0,,,1620588261,15:24:21,20210509
