,date,symbol,reportedCurrency,fillingDate,acceptedDate,period,revenue,costOfRevenue,grossProfit,grossProfitRatio,researchAndDevelopmentExpenses,generalAndAdministrativeExpenses,sellingAndMarketingExpenses,otherExpenses,operatingExpenses,costAndExpenses,interestExpense,depreciationAndAmortization,ebitda,ebitdaratio,operatingIncome,operatingIncomeRatio,totalOtherIncomeExpensesNet,incomeBeforeTax,incomeBeforeTaxRatio,incomeTaxExpense,netIncome,netIncomeRatio,eps,epsdiluted,weightedAverageShsOut,weightedAverageShsOutDil,link,finalLink,timestamp,est_time,est_date
0,2020-12-31,SSTK,USD,2021-02-11,2021-02-11 07:09:41,Q4,180944000,66308000,114636000,0.6335440799363339,9867000.0,32807000.0,44369000.0,306630.0,87043000,153351000,0.0,10239000.0,37832000.0,0.20908126271111505,27593000.0,0.15249469449111328,4703000.0,32356000.0,0.1788177557697409,6477000.0,25879000.0,0.1430221504996021,0.7196207107502364,0.7196207107502364,35962000.0,35962000.0,https://www.sec.gov/Archives/edgar/data/1549346/000154934621000012/0001549346-21-000012-index.htm,https://www.sec.gov/Archives/edgar/data/1549346/000154934621000012/sstk-20201231.htm,1620598325,18:12:05,20210509
1,2020-09-30,SSTK,USD,2020-10-27,2020-10-27 07:08:12,Q3,165227000,60331000,104896000,0.6348599199888638,10617000.0,28277000.0,36655000.0,-1168000.0,75549000,135880000,0.0,9750000.0,39097000.0,0.2366259751735491,29347000.0,0.1776162491602462,-1170000.0,28179000.0,0.17054718659783208,5597000.0,22582000.0,0.13667257772640065,0.63,0.62,35962000.0,36494000.0,https://www.sec.gov/Archives/edgar/data/1549346/000154934620000042/0001549346-20-000042-index.htm,https://www.sec.gov/Archives/edgar/data/1549346/000154934620000042/sstk-20200930.htm,1620598325,18:12:05,20210509
2,2020-06-30,SSTK,USD,2020-07-28,2020-07-28 07:07:24,Q2,159230000,63811000,95419000,0.5992526533944609,12485000.0,24832000.0,35557000.0,149000.0,72874000,136685000,0.0,10851000.0,33396000.0,0.20973434654273693,22545000.0,0.1415876405200025,132000.0,22694000.0,0.14252339383282045,3707000.0,18987000.0,0.11924260503673931,0.5325647929989903,0.5287974154737369,35652000.0,35906000.0,https://www.sec.gov/Archives/edgar/data/1549346/000154934620000033/0001549346-20-000033-index.htm,https://www.sec.gov/Archives/edgar/data/1549346/000154934620000033/sstk-20200630.htm,1620598325,18:12:05,20210509
3,2020-03-31,SSTK,USD,2020-04-28,2020-04-28 07:08:20,Q1,161285000,69123000,92162000,0.57142325696748,13069000.0,30652000.0,42660000.0,0.0,86381000,155504000,0.0,10519000.0,16300000.0,0.10106333509005797,5781000.0,0.03584338283163344,-598000.0,6294000.0,0.03902408779489723,1976000.0,4318000.0,0.026772483491955233,0.1215618929647251,0.12033888857923193,35521000.0,35882000.0,https://www.sec.gov/Archives/edgar/data/1549346/000154934620000023/0001549346-20-000023-index.htm,https://www.sec.gov/Archives/edgar/data/1549346/000154934620000007/a2019q410-kdocument.htm,1620598325,18:12:05,20210509
4,2019-12-31,SSTK,USD,2020-02-13,2020-02-13 07:08:30,Q4,166371000,71797000,94574000,0.5684524346190142,15103000.0,26486000.0,47182000.0,2816000.0,88771000,160568000,0.0,12604000.0,18407000.0,0.11063827229505142,5803000.0,0.03487987690162348,1896000.0,8619000.0,0.051805903673116105,4266000.0,4353000.0,0.02616441567340462,0.12269575511584643,0.12163974738724641,35478000.0,35786000.0,https://www.sec.gov/Archives/edgar/data/1549346/000154934620000007/0001549346-20-000007-index.htm,https://www.sec.gov/Archives/edgar/data/1549346/000154934620000007/a2019q410-kdocument.htm,1620598325,18:12:05,20210509
5,2019-09-30,SSTK,USD,2019-11-05,2019-11-05 07:09:49,Q3,159079000,68635000,90444000,0.568547702713746,13533000.0,28114000.0,45614000.0,0.0,87261000,155896000,0.0,11992000.0,15175000.0,0.09539285512229773,3183000.0,0.020008926382489203,-626000.0,3648000.0,0.022932002338460766,-1286000.0,4934000.0,0.031016036057556307,0.13973774391798124,0.13882558172251766,35309000.0,35541000.0,https://www.sec.gov/Archives/edgar/data/1549346/000154934619000039/0001549346-19-000039-index.htm,https://www.sec.gov/Archives/edgar/data/1549346/000154934619000039/a2019-q310xqdocument.htm,1620598325,18:12:05,20210509
6,2019-06-30,SSTK,USD,2019-08-06,2019-08-06 07:24:53,Q2,161741000,68526000,93215000,0.5763226392813201,13594000.0,32063000.0,44488000.0,0.0,90145000,158671000,0.0,13403000.0,16473000.0,0.10184801627293018,3070000.0,0.018980963392089822,-569000.0,3654000.0,0.022591674343549254,355000.0,3299000.0,0.02039680724120662,0.09363646684831971,0.09291910770617395,35232000.0,35504000.0,https://www.sec.gov/Archives/edgar/data/1549346/000154934619000035/0001549346-19-000035-index.htm,https://www.sec.gov/Archives/edgar/data/1549346/000154934619000035/a2019-q210xqdocument.htm,1620598325,18:12:05,20210509
7,2019-03-31,SSTK,USD,2019-04-25,2019-04-25 07:10:36,Q1,163332000,69218000,94114000,0.5762128670438126,14986000.0,26583000.0,44446000.0,0.0,86015000,155233000,0.0,11916000.0,20015000.0,0.12254181666789117,8099000.0,0.04958611907035976,-161000.0,8995000.0,0.055071878137780715,1473000.0,7522000.0,0.04605343717091568,0.21421655180269977,0.2119410554788538,35114000.0,35491000.0,https://www.sec.gov/Archives/edgar/data/1549346/000154934619000020/0001549346-19-000020-index.htm,https://www.sec.gov/Archives/edgar/data/1549346/000154934619000008/a2018q4_10-kxdocument.htm,1620598325,18:12:05,20210509
8,2018-12-31,SSTK,USD,2019-02-26,2019-02-26 07:09:03,Q4,162072000,68829000,93243000,0.5753183770176218,11689000.0,22881000.0,43034000.0,1048000.0,77604000,146433000,0.0,11718000.0,27357000.0,0.1687953502147194,15639000.0,0.09649415074781578,315000.0,16687000.0,0.10296041265610346,1774000.0,14913000.0,0.09201466015104398,0.43,0.42,35047000.0,35421000.0,https://www.sec.gov/Archives/edgar/data/1549346/000154934619000008/0001549346-19-000008-index.htm,https://www.sec.gov/Archives/edgar/data/1549346/000154934619000008/a2018q4_10-kxdocument.htm,1620598325,18:12:05,20210509
9,2018-09-30,SSTK,USD,2018-10-30,2018-10-30 07:11:14,Q3,151575000,66461000,85114000,0.5615305954148111,14032000.0,23355000.0,41028000.0,0.0,78415000,144876000,0.0,11707000.0,18406000.0,0.12143163450437078,6699000.0,0.04419594260267194,-659000.0,6916000.0,0.04562757710704272,-531000.0,7447000.0,0.049130793336632034,0.21282615529707638,0.20936182175991003,34991000.0,35570000.0,https://www.sec.gov/Archives/edgar/data/1549346/000154934618000028/0001549346-18-000028-index.htm,https://www.sec.gov/Archives/edgar/data/1549346/000154934618000028/a2018-q3_10xqxdocument.htm,1620598325,18:12:05,20210509
10,2018-06-30,SSTK,USD,2018-08-01,2018-08-01 07:13:23,Q2,156584000,67891000,88693000,0.5664244111786645,16728000.0,24322000.0,42018000.0,-7019000.0,83068000,150959000,0.0,11284000.0,16909000.0,0.10798676748582231,5625000.0,0.03592321054513871,-7663000.0,-1394000.0,-0.008902569866653042,-1140000.0,-254000.0,-0.0016221325295049302,-0.01,-0.01,34913000.0,34913000.0,https://www.sec.gov/Archives/edgar/data/1549346/000154934618000021/0001549346-18-000021-index.htm,https://www.sec.gov/Archives/edgar/data/1549346/000154934618000021/a2018-q2_10xqxdocument.htm,1620598325,18:12:05,20210509
11,2018-03-31,SSTK,USD,2018-04-26,2018-04-26 07:07:51,Q1,153019000,64490000,88529000,0.578549069069854,16448000.0,27224000.0,40368000.0,802000.0,84040000,148530000,0.0,10943000.0,15432000.0,0.100850221214359,4489000.0,0.0293362262202733,38932000.0,43904000.0,0.286918617949405,11323000.0,32581000.0,0.21292127121468576,0.94,0.92,34784000.0,35318000.0,https://www.sec.gov/Archives/edgar/data/1549346/000154934618000012/0001549346-18-000012-index.htm,https://www.sec.gov/Archives/edgar/data/1549346/000154934618000006/a2017_10-kxdocument.htm,1620598325,18:12:05,20210509
12,2017-12-31,SSTK,USD,2018-02-22,2018-02-22 07:09:32,Q4,151829000,64590000,87239000,0.5745872000737672,15210000.0,23994000.0,40844000.0,1637000.0,80048000,144638000,0.0,10542000.0,17733000.0,0.11679586903687701,7191000.0,0.04736249333131352,1374000.0,8828000.0,0.058144359773165864,6772000.0,2056000.0,0.013541550033261103,0.059274635299544486,0.05849384050755356,34686000.0,35149000.0,https://www.sec.gov/Archives/edgar/data/1549346/000154934618000006/0001549346-18-000006-index.htm,https://www.sec.gov/Archives/edgar/data/1549346/000154934618000006/a2017_10-kxdocument.htm,1620598325,18:12:05,20210509
13,2017-09-30,SSTK,USD,2017-10-31,2017-10-31 07:07:21,Q3,141063000,58812000,82251000,0.5830799004700028,13340000.0,27333000.0,36008000.0,0.0,76681000,135493000,0.0,10227000.0,15797000.0,0.11198542495197182,5570000.0,0.03948590346157391,-192000.0,5700000.0,0.0404074775100487,698000.0,5002000.0,0.03545933377285326,0.14438703345553214,0.14219518435341275,34643000.0,35177000.0,https://www.sec.gov/Archives/edgar/data/1549346/000154934617000034/0001549346-17-000034-index.htm,https://www.sec.gov/Archives/edgar/data/1549346/000154934617000034/a2017-q3_10xqxdocument.htm,1620598325,18:12:05,20210509
14,2017-06-30,SSTK,USD,2017-08-02,2017-08-02 07:19:29,Q2,133995000,57289000,76706000,0.5724541960520915,12892000.0,23420000.0,37109000.0,0.0,73421000,130710000,0.0,7765000.0,11050000.0,0.0824657636478973,3285000.0,0.02451584014328893,1295000.0,4795000.0,0.035784917347662225,1729000.0,3066000.0,0.022881450800403,0.0886614036609699,0.08697872340425532,34581000.0,35250000.0,https://www.sec.gov/Archives/edgar/data/1549346/000154934617000028/0001549346-17-000028-index.htm,https://www.sec.gov/Archives/edgar/data/1549346/000154934617000028/a2017-q2_10xqxdocument.htm,1620598325,18:12:05,20210509
15,2017-03-31,SSTK,USD,2017-05-03,2017-05-03 07:08:35,Q1,130224000,52411000,77813000,0.5975319449563828,11044000.0,23963000.0,32503000.0,0.0,67510000,119921000,0.0,6956000.0,17259000.0,0.1325331736085514,10303000.0,0.07911752057992383,365000.0,10758000.0,0.08261150018429783,4155000.0,6603000.0,0.05070493918171765,0.19085469838425298,0.18550358196375896,34597000.0,35595000.0,https://www.sec.gov/Archives/edgar/data/1549346/000154934617000015/0001549346-17-000015-index.htm,https://www.sec.gov/Archives/edgar/data/1549346/000154934617000007/a2016_10-kxdocument.htm,1620598325,18:12:05,20210509
16,2016-12-31,SSTK,USD,2017-02-27,2017-02-27 07:12:50,Q4,130173000,52637000,77536000,0.5956381123581695,12989000.0,16358000.0,34990000.0,-1167000.0,64337000,116974000,0.0,5765000.0,18964000.0,0.14568305255314082,13199000.0,0.1013958347737242,-1203000.0,12032000.0,0.09243084203329416,2177000.0,9855000.0,0.07570694383627942,0.28,0.27,35089000.0,35881000.0,https://www.sec.gov/Archives/edgar/data/1549346/000154934617000007/0001549346-17-000007-index.htm,https://www.sec.gov/Archives/edgar/data/1549346/000154934617000007/a2016_10-kxdocument.htm,1620598325,18:12:05,20210509
17,2016-09-30,SSTK,USD,2016-11-04,2016-11-04 07:20:39,Q3,123073000,50184000,72889000,0.5922420027138365,11604000.0,17020000.0,32977000.0,0.0,61601000,111785000,0.0,5176000.0,16464000.0,0.13377426405466675,11288000.0,0.09171792350881185,62000.0,11390000.0,0.09254669992606014,1999000.0,9391000.0,0.07630430719979199,0.27,0.26,35036000.0,35824000.0,https://www.sec.gov/Archives/edgar/data/1549346/000154934616000060/0001549346-16-000060-index.htm,https://www.sec.gov/Archives/edgar/data/1549346/000154934616000060/a2016-q3_10xqxdocument.htm,1620598325,18:12:05,20210509
18,2016-06-30,SSTK,USD,2016-08-04,2016-08-04 07:41:49,Q2,124419000,52245000,72174000,0.5800882501868686,11971000.0,18155000.0,31571000.0,0.0,61697000,113942000,0.0,4821000.0,15298000.0,0.12295549715075672,10477000.0,0.08420739597649876,-253000.0,10265000.0,0.08250347615717857,3016000.0,7249000.0,0.05826280552005723,0.21,0.2,34957000.0,35642000.0,https://www.sec.gov/Archives/edgar/data/1549346/000154934616000055/0001549346-16-000055-index.htm,https://www.sec.gov/Archives/edgar/data/1549346/000154934616000055/a2016-q2_10xqxdocument.htm,1620598325,18:12:05,20210509
19,2016-03-31,SSTK,USD,2016-05-04,2016-05-04 07:42:02,Q1,116652000,48063000,68589000,0.5879796317251311,11225000.0,19454000.0,27088000.0,0.0,57767000,105830000,0.0,4184000.0,15006000.0,0.1286390289064911,10822000.0,0.09277166272331379,-44000.0,10810000.0,0.09266879264821863,4677000.0,6133000.0,0.05257518087988204,0.17337102473498234,0.16989390287819608,35375000.0,36099000.0,https://www.sec.gov/Archives/edgar/data/1549346/000154934616000033/0001549346-16-000033-index.htm,https://www.sec.gov/Archives/edgar/data/1549346/000154934616000024/sstk-12312015x10k.htm,1620598325,18:12:05,20210509
20,2015-12-31,SSTK,USD,2016-02-24,2016-02-24 08:23:15,Q4,116002000,47944000,68058000,0.5866967810899812,9622000.0,16698000.0,26709000.0,-3360000.0,53029000,100973000,0.0,4478000.0,19507000.0,0.1681608937776935,15029000.0,0.12955811106705056,-3382000.0,11669000.0,0.10059309322253064,4800000.0,6869000.0,0.0592144963017879,0.19093815149409313,0.18835691565207854,35975000.0,36468000.0,https://www.sec.gov/Archives/edgar/data/1549346/000154934616000024/0001549346-16-000024-index.htm,https://www.sec.gov/Archives/edgar/data/1549346/000154934616000024/sstk-12312015x10k.htm,1620598325,18:12:05,20210509
21,2015-09-30,SSTK,USD,2015-11-06,2015-11-06 11:18:00,Q3,107260000,44512000,62748000,0.5850083908260302,10827000.0,16441000.0,27393000.0,-767000.0,54661000,99173000,0.0,3869000.0,11956000.0,0.11146746224128286,8087000.0,0.07539623345142644,-784000.0,7320000.0,0.06824538504568338,3217000.0,4103000.0,0.038252843557710234,0.113846020745836,0.11312365653595567,36039907.0,36270044.0,https://www.sec.gov/Archives/edgar/data/1549346/000154934615000014/0001549346-15-000014-index.htm,https://www.sec.gov/Archives/edgar/data/1549346/000154934615000014/sstk_20150930x10q.htm,1620598325,18:12:05,20210509
22,2015-06-30,SSTK,USD,2015-08-07,2015-08-07 13:16:21,Q2,104365000,42545000,61820000,0.5923441766875869,10189000.0,14536000.0,27429000.0,-57000.0,52154000,94699000,0.0,3499000.0,13165000.0,0.1261438221626024,9666000.0,0.09261725674316103,-72000.0,9609000.0,0.09207109663201264,4272000.0,5337000.0,0.051137833564892446,0.14881196772779517,0.14686491292660825,35864051.0,36339517.0,https://www.sec.gov/Archives/edgar/data/1549346/000110465915057619/0001104659-15-057619-index.htm,https://www.sec.gov/Archives/edgar/data/1549346/000110465915057619/a15-11906_110q.htm,1620598325,18:12:05,20210509
23,2015-03-31,SSTK,USD,2015-05-11,2015-05-11 17:01:07,Q1,97522000,39526000,57996000,0.5946965812842231,10684000.0,13972000.0,25105000.0,-2562000.0,49761000,89287000,0.0,2995000.0,11230000.0,0.115153503824778,8235000.0,0.08444248477266668,-2589000.0,5673000.0,0.058171489510059265,2431000.0,3242000.0,0.03324378089046574,0.09097838724504338,0.08957485706151588,35634837.0,36193192.0,https://www.sec.gov/Archives/edgar/data/1549346/000110465915036889/0001104659-15-036889-index.htm,https://www.sec.gov/Archives/edgar/data/1549346/000104746915001422/a2223257z10-k.htm,1620598325,18:12:05,20210509
24,2014-12-31,SSTK,USD,2015-02-27,2015-02-27 17:20:23,Q4,91226000,35603000,55623000,0.6097274899699647,11379000.0,10785000.0,21235000.0,-418000.0,43399000,79002000,0.0,2160000.0,14384000.0,0.15767434722557166,12224000.0,0.1339968868524324,-418000.0,11806000.0,0.1294148597987416,4773000.0,7033000.0,0.07709424944642974,0.2,0.19,35451756.0,36000651.0,https://www.sec.gov/Archives/edgar/data/1549346/000104746915001422/0001047469-15-001422-index.htm,https://www.sec.gov/Archives/edgar/data/1549346/000104746915001422/a2223257z10-k.htm,1620598325,18:12:05,20210509
25,2014-09-30,SSTK,USD,2014-11-07,2014-11-07 16:26:29,Q3,83730000,33260000,50470000,0.6027708109399259,9870000.0,10588000.0,21122000.0,-50000.0,41580000,74840000,0.0,2125000.0,11015000.0,0.1315538038934671,8890000.0,0.10617460886181775,-50000.0,8840000.0,0.1055774513316613,3562000.0,5278000.0,0.06303594888331542,0.14950119343194068,0.1468907993536805,35304066.0,35931454.0,https://www.sec.gov/Archives/edgar/data/1549346/000110465914078417/0001104659-14-078417-index.htm,https://www.sec.gov/Archives/edgar/data/1549346/000110465914078417/a14-19884_110q.htm,1620598325,18:12:05,20210509
26,2014-06-30,SSTK,USD,2014-08-08,2014-08-08 16:05:43,Q2,80238000,32047000,48191000,0.6006007128791844,9275000.0,9994000.0,20492000.0,-19000.0,39761000,71808000,0.0,2081000.0,10511000.0,0.13099778159974076,8430000.0,0.10506243924325133,-19000.0,8411000.0,0.10482564370996286,3550000.0,4861000.0,0.06058226775343353,0.13829745224285409,0.1354990547818971,35148876.0,35874789.0,https://www.sec.gov/Archives/edgar/data/1549346/000110465914058886/0001104659-14-058886-index.htm,https://www.sec.gov/Archives/edgar/data/1549346/000110465914058886/a14-14181_110q.htm,1620598325,18:12:05,20210509
27,2014-03-31,SSTK,USD,2014-05-09,2014-05-09 16:17:18,Q1,72777000,29108000,43669000,0.600038473693612,7777000.0,7517000.0,19276000.0,21000.0,34570000,63678000,0.0,1551000.0,10650000.0,0.1463374417741869,9099000.0,0.12502576363411516,21000.0,9120000.0,0.12531431633620513,4202000.0,4918000.0,0.06757629470849306,0.14040404847850887,0.13722537381427916,35027480.0,35838853.0,https://www.sec.gov/Archives/edgar/data/1549346/000110465914037047/0001104659-14-037047-index.htm,https://www.sec.gov/Archives/edgar/data/1549346/000104746914001577/a2218600z10-k.htm,1620598325,18:12:05,20210509
28,2013-12-31,SSTK,USD,2014-02-28,2014-02-28 16:02:24,Q4,68031000,26102000,41929000,0.6163219708662228,6464000.0,6473000.0,16498000.0,23000.0,29435000,55537000,0.0,1132000.0,13626000.0,0.20029104378886095,12494000.0,0.18365157060751716,23000.0,12517000.0,0.18398965177639606,4658000.0,7859000.0,0.11552086548779233,0.2249574537300817,0.22063773316809787,34935495.0,35619474.0,https://www.sec.gov/Archives/edgar/data/1549346/000104746914001577/0001047469-14-001577-index.htm,https://www.sec.gov/Archives/edgar/data/1549346/000104746914001577/a2218600z10-k.htm,1620598325,18:12:05,20210509
29,2013-09-30,SSTK,USD,2013-11-08,2013-11-08 16:12:00,Q3,59558000,22936000,36622000,0.6148964035058263,5685000.0,6076000.0,14947000.0,20000.0,26708000,49644000,0.0,1013000.0,10927000.0,0.18346821585681183,9914000.0,0.1664595856140233,20000.0,9934000.0,0.16679539272641794,3740000.0,6194000.0,0.10399946270862016,0.18383708176173502,0.1806849903922492,33692876.0,34280656.0,https://www.sec.gov/Archives/edgar/data/1549346/000110465913082825/0001104659-13-082825-index.htm,https://www.sec.gov/Archives/edgar/data/1549346/000110465913082825/a13-22375_110q.htm,1620598325,18:12:05,20210509
30,2013-06-30,SSTK,USD,2013-08-09,2013-08-09 16:05:07,Q2,56809000,21768000,35041000,0.6168212783185762,5060000.0,5734000.0,13314000.0,20000.0,24108000,45876000,0.0,946000.0,11879000.0,0.20910419123730395,10933000.0,0.1924519002270767,20000.0,10953000.0,0.19280395711947051,4090000.0,6863000.0,0.1208083226249362,0.2050390122347911,0.20161021433783222,33471679.0,34040934.0,https://www.sec.gov/Archives/edgar/data/1549346/000110465913062322/0001104659-13-062322-index.htm,https://www.sec.gov/Archives/edgar/data/1549346/000110465913062322/a13-13985_110q.htm,1620598325,18:12:05,20210509
31,2013-03-31,SSTK,USD,2013-05-10,2013-05-10 16:13:11,Q1,51117000,19821000,31296000,0.6122425024942778,4555000.0,4780000.0,11978000.0,-12000.0,21313000,41134000,0.0,779000.0,10762000.0,0.21053661208599878,9983000.0,0.195297063599194,-12000.0,9971000.0,0.19506230803842167,4406000.0,5565000.0,0.10886789130817537,0.17,0.16,33398797.0,33851843.0,https://www.sec.gov/Archives/edgar/data/1549346/000110465913040280/0001104659-13-040280-index.htm,https://www.sec.gov/Archives/edgar/data/1549346/000104746913002091/a2213301z10-k.htm,1620598325,18:12:05,20210509
32,2012-12-31,SSTK,USD,2013-03-01,2013-03-01 17:29:53,Q4,49157000,18364000,30793000,0.6264214659153325,5268000.0,10221000.0,12347000.0,-49000.0,27836000,46200000,0.0,752000.0,3709000.0,0.0754521227902435,2957000.0,0.06015419980877596,-49000.0,2908000.0,0.059157393657058,-26112000.0,29020000.0,0.5903533576092926,0.8929855309572882,0.8879622368203242,32497727.0,32681570.0,https://www.sec.gov/Archives/edgar/data/1549346/000104746913002091/0001047469-13-002091-index.htm,https://www.sec.gov/Archives/edgar/data/1549346/000104746913002091/a2213301z10-k.htm,1620598325,18:12:05,20210509
33,2012-09-30,SSTK,USD,2012-09-30,2012-09-30,Q3,42260000,16208000,26052000,0.616469474680549,3992000.0,3536000.0,9633000.0,0.0,17161000,33369000,0.0,728000.0,9619000.0,0.2276147657359205,8891000.0,0.2103880738286796,-3000.0,8888000.0,0.21031708471367724,146000.0,8742000.0,0.20686228111689542,0.31,0.31,20882191.0,20882191.0,,,1620598325,18:12:05,20210509
34,2012-06-30,SSTK,USD,2012-06-30,2012-06-30,Q2,40625000,15436000,25189000,0.620036923076923,3441000.0,4444000.0,11093000.0,2000.0,18978000,34414000,0.0,632000.0,6843000.0,0.16844307692307692,6211000.0,0.15288615384615384,2000.0,6213000.0,0.1529353846153846,141000.0,6072000.0,0.1494646153846154,0.218425,0.218425,20849242.0,20849242.0,,,1620598325,18:12:05,20210509
35,2012-03-31,SSTK,USD,2012-03-31,2012-03-31,Q1,37574000,14567000,23007000,0.6123117049023261,3484000.0,3589000.0,12140000.0,0.0,19213000,33780000,0.0,528000.0,4322000.0,0.1150263480066003,3794000.0,0.10097407781976898,0.0,3797000.0,0.10105392026401235,86000.0,3711000.0,0.09876510352903603,0.177992,0.177992,20849242.0,20849242.0,,,1620598325,18:12:05,20210509
36,2011-12-31,SSTK,USD,2011-12-31,2011-12-31,Q4,34728000,12975000,21753000,0.6263821700069109,2711000.0,3335000.0,9600000.0,0.0,15646000,28621000,0.0,487000.0,6594000.0,0.18987560469937803,6107000.0,0.17585233817092835,0.0,6109000.0,0.17590992858788299,321000.0,5788000.0,0.16666666666666666,0.27761201102658795,0.27761201102658795,20849242.0,20849242.0,,,1620598325,18:12:05,20210509
37,2011-09-30,SSTK,USD,2011-09-30,2011-09-30,Q3,31156000,11373000,19783000,0.6349659776608036,2811000.0,2539000.0,8493000.0,0.0,13843000,25216000,0.0,409000.0,6349000.0,0.2037809731672872,5940000.0,0.1906534856849403,1000.0,5941000.0,0.1906855822313519,253000.0,5688000.0,0.18256515598921555,0.2,0.2,20849242.0,20849242.0,,,1620598325,18:12:05,20210509
38,2011-06-30,SSTK,USD,2011-06-30,2011-06-30,Q2,28912000,10977000,17935000,0.620330658550083,2368000.0,2285000.0,6875000.0,0.0,11528000,22505000,0.0,337000.0,6744000.0,0.23325954620918649,6407000.0,0.22160348644161593,0.0,6408000.0,0.22163807415605977,273000.0,6135000.0,0.2121956281128943,0.0,0.0,0.0,0.0,,,1620598325,18:12:05,20210509
39,2011-03-31,SSTK,USD,2011-03-31,2011-03-31,Q1,25475000,10179000,15296000,0.6004317958783121,1887000.0,2012000.0,6961000.0,0.0,10860000,21039000,0.0,287000.0,4723000.0,0.18539744847890088,4436000.0,0.1741315014720314,0.0,4442000.0,0.17436702649656527,189000.0,4253000.0,0.16694798822374876,0.203988,0.203988,20849242.0,20849242.0,,,1620598325,18:12:05,20210509
