,date,symbol,reportedCurrency,fillingDate,acceptedDate,period,revenue,costOfRevenue,grossProfit,grossProfitRatio,researchAndDevelopmentExpenses,generalAndAdministrativeExpenses,sellingAndMarketingExpenses,otherExpenses,operatingExpenses,costAndExpenses,interestExpense,depreciationAndAmortization,ebitda,ebitdaratio,operatingIncome,operatingIncomeRatio,totalOtherIncomeExpensesNet,incomeBeforeTax,incomeBeforeTaxRatio,incomeTaxExpense,netIncome,netIncomeRatio,eps,epsdiluted,weightedAverageShsOut,weightedAverageShsOutDil,link,finalLink,timestamp,est_time,est_date
0,2019-09-30,GHDX,USD,2019-10-30 00:00:00,2019-10-30 16:16:02,Q3,114355000.0,18710000.0,95645000.0,0.8363866905688426,16457000.0,-19677000.0,39910000.0,18710000.0,76600000,95310000,0.0,3359000.0,22404000.0,0.19591622578811596,19045000.0,0.166542783437541,-295000.0,18900000.0,0.16527480215119583,206000.0,18694000.0,0.16347339425473306,0.504044434857636,0.48247561038558817,37088000.0,38746000.0,https://www.sec.gov/Archives/edgar/data/1131324/000155837019009440/0001558370-19-009440-index.html,https://www.sec.gov/Archives/edgar/data/1131324/000155837019009440/ghdx-20190930x10qfe8a5d.htm,1620592528,16:35:28,20210509
1,2019-06-30,GHDX,USD,2019-08-06,2019-08-06 16:41:58,Q2,114140000.0,17673000.0,96467000.0,0.8451638338882075,15317000.0,-23629000.0,44640000.0,17673000.0,80968000,98641000,0.0,3103000.0,18602000.0,0.1629752934992115,15499000.0,0.13578938146136324,-205000.0,16327000.0,0.14304363062905204,340000.0,15987000.0,0.1400648326616436,0.4329704257393565,0.4137208219036282,36924000.0,38642000.0,https://www.sec.gov/Archives/edgar/data/1131324/000155837019007263/0001558370-19-007263-index.htm,https://www.sec.gov/Archives/edgar/data/1131324/000155837019007263/ghdx-20190630x10q.htm,1620592528,16:35:28,20210509
2,2019-03-31,GHDX,USD,2019-05-09 00:00:00,2019-05-09 15:42:57,Q1,108769000.0,17008000.0,91761000.0,0.8436319171822854,15054000.0,-25528000.0,45348000.0,17008000.0,80222000,97230000,0.0,3412000.0,14951000.0,0.13745644439132473,11539000.0,0.10608721234910683,127000.0,13266000.0,0.12196489808677105,267000.0,12999000.0,0.1195101545477112,0.3540129088482802,0.3353369105355484,36719000.0,38764000.0,https://www.sec.gov/Archives/edgar/data/1131324/000155837019004653/0001558370-19-004653-index.html,https://www.sec.gov/Archives/edgar/data/1131324/000155837019004653/ghdx-20190331x10q.htm,1620592528,16:35:28,20210509
3,2018-12-31,GHDX,USD,2019-02-28 00:00:00,2019-02-28 15:11:12,Q4,104609000.0,15691000.0,88918000.0,0.8500033457924271,16648000.0,-22428000.0,42636000.0,15691000.0,79492000,95183000,0.0,3321000.0,12747000.0,0.12185376019271764,9426000.0,0.09010696976359586,-333000.0,9323000.0,0.08912235084935331,413000.0,8910000.0,0.08517431578544866,0.24939121672684525,0.23725203035547862,35727000.0,37555000.0,https://www.sec.gov/Archives/edgar/data/1131324/000155837019001300/0001558370-19-001300-index.html,https://www.sec.gov/Archives/edgar/data/1131324/000155837019001300/ghdx-20181231x10k.htm,1620592528,16:35:28,20210509
4,2018-09-30,GHDX,USD,2018-11-08 00:00:00,2018-11-08 16:35:13,Q3,101258000.0,15519000.0,85739000.0,0.8467380355132434,15433000.0,-21554000.0,40051000.0,15519000.0,73981000,89500000,0.0,3124000.0,14882000.0,0.14697110351774675,11758000.0,0.1161192202097612,40000.0,12601000.0,0.12444448833672402,376000.0,12225000.0,0.12073120148531474,0.34380448844141964,0.33001295756397797,35558000.0,37044000.0,https://www.sec.gov/Archives/edgar/data/1131324/000155837018009041/0001558370-18-009041-index.html,https://www.sec.gov/Archives/edgar/data/1131324/000155837018009041/ghdx-20180930x10q.htm,1620592528,16:35:28,20210509
5,2018-06-30,GHDX,USD,2018-08-07 00:00:00,2018-08-07 16:09:45,Q2,95619000.0,14383000.0,81236000.0,0.8495801043725619,15312000.0,-21850000.0,40337000.0,14383000.0,74136000,88519000,0.0,3131000.0,10231000.0,0.10699756324579843,7100000.0,0.07425302502640689,-248000.0,8535000.0,0.08926050261977223,218000.0,8317000.0,0.08698062100628536,0.23512948094538053,0.22874037403740374,35372000.0,36360000.0,https://www.sec.gov/Archives/edgar/data/1131324/000155837018006583/0001558370-18-006583-index.html,https://www.sec.gov/Archives/edgar/data/1131324/000155837018006583/ghdx-20180630x10q.htm,1620592528,16:35:28,20210509
6,2018-03-31,GHDX,USD,2018-05-09 00:00:00,2018-05-09 16:30:57,Q1,92625000.0,18733000.0,73892000.0,0.7977543859649123,16807000.0,-22037000.0,41755000.0,18733000.0,78280000,97013000,0.0,3093000.0,-1295000.0,-0.01398110661268556,-4388000.0,-0.04737381916329285,309000.0,-3535000.0,-0.03816464237516869,240000.0,-3775000.0,-0.0407557354925776,-0.10672283161822911,-0.10725041195522472,35372000.0,35198000.0,https://www.sec.gov/Archives/edgar/data/1131324/000155837018004493/0001558370-18-004493-index.html,https://www.sec.gov/Archives/edgar/data/1131324/000155837018004493/ghdx-20180331x10q.htm,1620592528,16:35:28,20210509
7,2017-12-31,GHDX,USD,2018-03-14 00:00:00,2018-03-14 16:31:57,Q4,87463000.0,13814000.0,73649000.0,0.8420589277751735,14943000.0,-16518000.0,36537000.0,13814000.0,71499000,85313000,0.0,3535000.0,5685000.0,0.06499891382641802,2150000.0,0.024581823170940854,-436000.0,2021000.0,0.023106913780684402,142000.0,1879000.0,0.021483370110789705,0.05312111274454371,0.05447166255979127,35372000.0,34495000.0,https://www.sec.gov/Archives/edgar/data/1131324/000155837018002061/0001558370-18-002061-index.html,https://www.sec.gov/Archives/edgar/data/1131324/000155837018002061/ghdx-20171231x10k.htm,1620592528,16:35:28,20210509
8,2017-09-30,GHDX,USD,2017-11-09 00:00:00,2017-11-09 16:27:06,Q3,83820000.0,13433000.0,70387000.0,0.8397399188737772,17213000.0,-20796000.0,38301000.0,13433000.0,73019000,86452000,0.0,3139000.0,507000.0,0.006048675733715104,-2632000.0,-0.03140062037699833,340000.0,-2029000.0,-0.024206633261751372,162000.0,-2191000.0,-0.026139346218086376,-0.06194164876173244,-0.0637418904372618,35372000.0,34373000.0,https://www.sec.gov/Archives/edgar/data/1131324/000155837017008725/0001558370-17-008725-index.html,https://www.sec.gov/Archives/edgar/data/1131324/000155837017008725/ghdx-20170930x10q.htm,1620592528,16:35:28,20210509
9,2017-06-30,GHDX,USD,2017-08-04 00:00:00,2017-08-04 16:06:32,Q2,85488000.0,13799000.0,71689000.0,0.8385855324723938,15781000.0,-22261000.0,40656000.0,13799000.0,74832000,88631000,0.0,3027000.0,-116000.0,-0.0013569155904922328,-3143000.0,-0.03676539397342317,357000.0,-2580000.0,-0.030179674340258283,159000.0,-2739000.0,-0.03203958450308815,-0.07743412868935881,-0.08004325082556474,35372000.0,34219000.0,https://www.sec.gov/Archives/edgar/data/1131324/000155837017005983/0001558370-17-005983-index.html,https://www.sec.gov/Archives/edgar/data/1131324/000155837017005983/ghdx-20170630x10q.htm,1620592528,16:35:28,20210509
10,2017-03-31,GHDX,USD,2017-05-10 00:00:00,2017-05-10 16:03:05,Q1,83979000.0,13672000.0,70307000.0,0.8371973945867419,14874000.0,-24756000.0,41507000.0,13672000.0,73132000,86804000,0.0,2407000.0,-418000.0,-0.004977434834899201,-2825000.0,-0.033639362221507756,95000.0,235000.0,0.0027983186272758664,1041000.0,-806000.0,-0.009597637504614249,-0.022786384711070903,-0.023699608927048723,35372000.0,34009000.0,https://www.sec.gov/Archives/edgar/data/1131324/000155837017004117/0001558370-17-004117-index.html,https://www.sec.gov/Archives/edgar/data/1131324/000155837017004117/ghdx-20170331x10q.htm,1620592528,16:35:28,20210509
11,2016-12-31,GHDX,USD,2017-03-15 00:00:00,2017-03-15 16:26:39,Q4,82742000.0,13180000.0,69562000.0,0.8407096758599019,15326000.0,-16686000.0,34715000.0,13180000.0,68070000,81250000,0.0,2279000.0,3771000.0,0.045575403060114573,1492000.0,0.018031954750912474,-558000.0,2269000.0,0.02742259070363298,917000.0,1352000.0,0.016339948272944816,0.03822232274115119,0.04064454064454064,35372000.0,33264000.0,https://www.sec.gov/Archives/edgar/data/1131324/000155837017001836/0001558370-17-001836-index.html,https://www.sec.gov/Archives/edgar/data/1131324/000155837017001836/ghdx-20161231x10k.htm,1620592528,16:35:28,20210509
12,2016-09-30,GHDX,USD,2016-11-04 00:00:00,2016-11-04 16:17:06,Q3,82258000.0,13062000.0,69196000.0,0.8412069342799484,15109000.0,-20570000.0,38838000.0,13062000.0,72215000,85277000,0.0,2289000.0,-730000.0,-0.008874516764326873,-3019000.0,-0.03670159741301758,-111000.0,-3013000.0,-0.03662865617933818,-193000.0,-2820000.0,-0.03428237982931751,-0.07972407553997513,-0.08509097492531909,35372000.0,33141000.0,https://www.sec.gov/Archives/edgar/data/1131324/000155837016009371/0001558370-16-009371-index.html,https://www.sec.gov/Archives/edgar/data/1131324/000155837016009371/ghdx-20160930x10q.htm,1620592528,16:35:28,20210509
13,2016-06-30,GHDX,USD,2016-08-09,2016-08-09 17:16:26,Q2,81974000.0,15221000.0,66753000.0,0.814319174372362,15325000.0,-19452000.0,37989000.0,15221000.0,71851000,87072000,0.0,2186000.0,-2912000.0,-0.03552345865762315,-5098000.0,-0.06219045063068778,-150000.0,-4485000.0,-0.05471246980749994,1615000.0,-6100000.0,-0.07441383853416937,-0.17245278751554902,-0.18476450098440103,35372000.0,33015000.0,https://www.sec.gov/Archives/edgar/data/1131324/000155837016007828/0001558370-16-007828-index.htm,https://www.sec.gov/Archives/edgar/data/1131324/000155837016007828/ghdx-20160630x10q.htm,1620592528,16:35:28,20210509
14,2016-03-31,GHDX,USD,2016-05-09 00:00:00,2016-05-09 16:55:23,Q1,80894000.0,15800000.0,65094000.0,0.8046826711498999,15963000.0,-21062000.0,39500000.0,15800000.0,73901000,89701000,0.0,2179000.0,-6628000.0,-0.08193438326699137,-8807000.0,-0.10887086804954632,87000.0,-7309000.0,-0.09035280737755581,-958000.0,-6351000.0,-0.07851014908398646,-0.17954879565758228,-0.19303951367781155,35372000.0,32900000.0,https://www.sec.gov/Archives/edgar/data/1131324/000155837016005702/0001558370-16-005702-index.html,https://www.sec.gov/Archives/edgar/data/1131324/000155837016005702/ghdx-20160331x10q.htm,1620592528,16:35:28,20210509
15,2015-12-31,GHDX,USD,2016-03-09 00:00:00,2016-03-09 17:15:53,Q4,75133000.0,14269000.0,60864000.0,0.8100834520117658,12605000.0,-19839000.0,35593000.0,14269000.0,63952000,78221000,0.0,1993000.0,-1095000.0,-0.014574155164841016,-3088000.0,-0.041100448537926076,-291000.0,-3321000.0,-0.04420161580131234,-586000.0,-2735000.0,-0.036402113585242174,-0.07732104489426665,-0.0844605027484405,35372000.0,32382000.0,https://www.sec.gov/Archives/edgar/data/1131324/000155837016003944/0001558370-16-003944-index.html,https://www.sec.gov/Archives/edgar/data/1131324/000155837016003944/ghdx-20151231x10k.htm,1620592528,16:35:28,20210509
16,2015-09-30,GHDX,USD,2015-11-05 00:00:00,2015-11-05 16:16:17,Q3,73554000.0,13718000.0,59836000.0,0.8134975664137912,13480000.0,-18944000.0,35369000.0,13718000.0,65274000,78992000,0.0,1674000.0,-3764000.0,-0.051173287652608965,-5438000.0,-0.07393207711341328,-158000.0,-5542000.0,-0.07534600429616337,6301000.0,-11843000.0,-0.1610109579356663,-0.33481284631912245,-0.36672446894159905,35372000.0,32294000.0,https://www.sec.gov/Archives/edgar/data/1131324/000155837015002345/0001558370-15-002345-index.html,https://www.sec.gov/Archives/edgar/data/1131324/000155837015002345/ghdx-20150930x10q.htm,1620592528,16:35:28,20210509
17,2015-06-30,GHDX,USD,2015-08-06 00:00:00,2015-08-06 16:46:29,Q2,70619000.0,13033000.0,57586000.0,0.8154462680015293,14595000.0,-20663000.0,37243000.0,13033000.0,68418000,81451000,0.0,1674000.0,-9158000.0,-0.12968181367620613,-10832000.0,-0.1533864823914244,-49000.0,-10452000.0,-0.14800549427207976,-1215000.0,-9237000.0,-0.13080049278522776,-0.2611387538165781,-0.2869435556522009,35372000.0,32191000.0,https://www.sec.gov/Archives/edgar/data/1131324/000155837015001491/0001558370-15-001491-index.html,https://www.sec.gov/Archives/edgar/data/1131324/000155837015001491/ghdx-20150630x10q.htm,1620592528,16:35:28,20210509
18,2015-03-31,GHDX,USD,2015-05-07 00:00:00,2015-05-07 16:28:09,Q1,68152000.0,12762000.0,55390000.0,0.812742105880972,19118000.0,-19763000.0,35352000.0,12762000.0,70059000,82821000,0.0,1728000.0,-12941000.0,-0.18988437610048128,-14669000.0,-0.2152394647259068,0.0,-14989000.0,-0.219934851508393,-5496000.0,-9493000.0,-0.13929158351919238,-0.2683761167024765,-0.29614724691935734,35372000.0,32055000.0,https://www.sec.gov/Archives/edgar/data/1131324/000155837015000805/0001558370-15-000805-index.html,https://www.sec.gov/Archives/edgar/data/1131324/000155837015000805/ghdx-20150331x10q.htm,1620592528,16:35:28,20210509
19,2014-12-31,GHDX,USD,2015-03-12,2015-03-12 16:42:06,Q4,69126000.0,12501000.0,56625000.0,0.8191563232358302,13346000.0,-19428000.0,34347000.0,12501000.0,62612000,75113000,0.0,1673000.0,-4314000.0,-0.06240777710268206,-5987000.0,-0.08660995862627666,-227000.0,-6166000.0,-0.0891994329195961,101000.0,-6267000.0,-0.09066053293984896,-0.19925,-0.19925,31453000.0,31453000.0,https://www.sec.gov/Archives/edgar/data/1131324/000155837015000335/0001558370-15-000335-index.htm,https://www.sec.gov/Archives/edgar/data/1131324/000155837015000335/ghdx-20141231x10k.htm,1620592528,16:35:28,20210509
20,2014-09-30,GHDX,USD,2014-11-06 00:00:00,2014-11-06 17:11:55,Q3,69101000.0,11979000.0,57122000.0,0.8266450557879047,14742000.0,-18201000.0,33208000.0,11979000.0,62957000,74936000,0.0,1707000.0,-4128000.0,-0.059738643434972,-5835000.0,-0.08444161444841608,-345000.0,-6133000.0,-0.08875414248708412,129000.0,-6262000.0,-0.090620975094427,-0.19981,-0.19981,31339000.0,31339000.0,https://www.sec.gov/Archives/edgar/data/1131324/000110465914077782/0001104659-14-077782-index.html,https://www.sec.gov/Archives/edgar/data/1131324/000110465914077782/a14-19644_110q.htm,1620592528,16:35:28,20210509
21,2014-06-30,GHDX,USD,2014-08-08 00:00:00,2014-08-08 16:36:31,Q2,70477000.0,12207000.0,58270000.0,0.826794557089547,13295000.0,-19556000.0,34571000.0,12207000.0,62881000,75088000,0.0,1733000.0,-2878000.0,-0.04083601742412418,-4611000.0,-0.06542559984108291,34000.0,-4530000.0,-0.06427628871830526,88000.0,-4618000.0,-0.06552492302453283,-0.147356329174511,-0.14796065489731183,31339000.0,31211000.0,https://www.sec.gov/Archives/edgar/data/1131324/000110465914058915/0001104659-14-058915-index.html,https://www.sec.gov/Archives/edgar/data/1131324/000110465914058915/a14-13893_110q.htm,1620592528,16:35:28,20210509
22,2014-03-31,GHDX,USD,2014-05-07 00:00:00,2014-05-07 16:07:31,Q1,67002000.0,12055000.0,54947000.0,0.8200799976120116,14681000.0,-18004000.0,32732000.0,12055000.0,62141000,74196000,0.0,1757000.0,-5437000.0,-0.08114683143786752,-7194000.0,-0.10736992925584311,-226000.0,-7370000.0,-0.1099967165159249,75000.0,-7445000.0,-0.11111608608698248,-0.2375634193816012,-0.23948917553961463,31339000.0,31087000.0,https://www.sec.gov/Archives/edgar/data/1131324/000110465914035768/0001104659-14-035768-index.html,https://www.sec.gov/Archives/edgar/data/1131324/000110465914035768/a14-8507_110q.htm,1620592528,16:35:28,20210509
23,2013-12-31,GHDX,USD,2014-03-11,2014-03-11 16:42:00,Q4,68819000.0,10815000.0,58004000.0,0.8428486319185109,24144000.0,-15675000.0,29015000.0,10815000.0,66499000,77314000,0.0,1554000.0,-6941000.0,-0.10085877446635377,-8495000.0,-0.1234397477440823,-156000.0,-9246000.0,-0.13435243174123426,123000.0,-9369000.0,-0.1361397288539502,-0.30706,-0.30706,30512000.0,30512000.0,https://www.sec.gov/Archives/edgar/data/1131324/000104746914002149/0001047469-14-002149-index.htm,https://www.sec.gov/Archives/edgar/data/1131324/000104746914002149/a2218834z10-k.htm,1620592528,16:35:28,20210509
24,2013-09-30,GHDX,USD,2013-11-07 00:00:00,2013-11-07 16:10:29,Q3,65991000.0,10782000.0,55209000.0,0.8366140837386916,14726000.0,-12006000.0,26013000.0,10782000.0,54746000,65528000,0.0,1622000.0,2085000.0,0.031595217529663135,463000.0,0.007016108257186586,89000.0,604000.0,0.00915276325559546,115000.0,489000.0,0.0074101013774605625,0.0161,0.0161,30368000.0,30368000.0,https://www.sec.gov/Archives/edgar/data/1131324/000110465913082284/0001104659-13-082284-index.html,https://www.sec.gov/Archives/edgar/data/1131324/000110465913082284/a13-18745_110q.htm,1620592528,16:35:28,20210509
25,2013-06-30,GHDX,USD,2013-08-07 00:00:00,2013-08-07 16:39:04,Q2,63691000.0,10757000.0,52934000.0,0.8311064357601545,13800000.0,-14225000.0,28135000.0,10757000.0,55845000,66602000,0.0,1603000.0,-1308000.0,-0.020536653530326104,-2911000.0,-0.04570504466879151,-85000.0,-2939000.0,-0.04614466722142846,55000.0,-2994000.0,-0.04700821152125104,-0.09876,-0.09876,30317000.0,30317000.0,https://www.sec.gov/Archives/edgar/data/1131324/000110465913061073/0001104659-13-061073-index.html,https://www.sec.gov/Archives/edgar/data/1131324/000110465913061073/a13-13680_110q.htm,1620592528,16:35:28,20210509
26,2013-03-31,GHDX,USD,2013-05-07 00:00:00,2013-05-07 16:13:37,Q1,63094000.0,9746000.0,53348000.0,0.8455320632706755,13663000.0,-14304000.0,27439000.0,9746000.0,54237000,63983000,0.0,1545000.0,656000.0,0.010397185152312423,-889000.0,-0.014090087805496561,-6000.0,-830000.0,-0.013154975116492851,53000.0,-883000.0,-0.013994991599835166,-0.02934,-0.02934,30099000.0,30099000.0,https://www.sec.gov/Archives/edgar/data/1131324/000110465913038239/0001104659-13-038239-index.html,https://www.sec.gov/Archives/edgar/data/1131324/000110465913038239/a13-8328_110q.htm,1620592528,16:35:28,20210509
27,2012-12-31,GHDX,USD,2013-03-15 00:00:00,2013-03-15 17:18:33,Q4,60427000.0,9641000.0,50786000.0,0.8404521157760604,13329000.0,-12350000.0,23896000.0,9641000.0,48771000,58412000,0.0,1497000.0,3512000.0,0.0581197146970725,2015000.0,0.033346020818508286,54000.0,2138000.0,0.03538153474440234,179000.0,1959000.0,0.032419282770946765,0.06459803468970521,0.06092933565563573,30326000.0,32152000.0,https://www.sec.gov/Archives/edgar/data/1131324/000104746913002864/0001047469-13-002864-index.html,https://www.sec.gov/Archives/edgar/data/1131324/000104746913002864/a2213565z10-k.htm,1620592528,16:35:28,20210509
28,2012-09-30,GHDX,USD,2012-11-09 00:00:00,2012-11-09 16:06:17,Q3,58648000.0,9037000.0,49611000.0,0.8459111990178694,12267000.0,-9419000.0,21526000.0,9037000.0,45900000,54937000,0.0,1209000.0,4920000.0,0.08389032874096303,3711000.0,0.06327581503205565,33000.0,3821000.0,0.06515141181284954,108000.0,3713000.0,0.06330991679170646,0.12281282042800913,0.11568780183829257,30233000.0,32095000.0,https://www.sec.gov/Archives/edgar/data/1131324/000110465912076632/0001104659-12-076632-index.html,https://www.sec.gov/Archives/edgar/data/1131324/000110465912076632/a12-19053_110q.htm,1620592528,16:35:28,20210509
29,2012-06-30,GHDX,USD,2012-08-09 00:00:00,2012-08-09 16:55:40,Q2,57631000.0,9014000.0,48617000.0,0.8435911228331974,11579000.0,-12329000.0,23765000.0,9014000.0,46780000,55794000,0.0,1230000.0,3067000.0,0.05321788620707605,1837000.0,0.031875206052298245,-73000.0,1839000.0,0.03190990959726536,39000.0,1800000.0,0.03123319047040655,0.05988621618924044,0.05654154232762683,30057000.0,31835000.0,https://www.sec.gov/Archives/edgar/data/1131324/000110465912056596/0001104659-12-056596-index.html,https://www.sec.gov/Archives/edgar/data/1131324/000110465912056596/a12-13798_110q.htm,1620592528,16:35:28,20210509
30,2012-03-31,GHDX,USD,2012-05-09,2012-05-09 17:17:49,Q1,58467000.0,9326000.0,49141000.0,0.8404912172678605,11929000.0,-12391000.0,24366000.0,9326000.0,48270000,57596000,0.0,1535000.0,2406000.0,0.04115141874903792,871000.0,0.01489729248978056,-72000.0,873000.0,0.014931499820411514,96000.0,777000.0,0.013289547950125711,0.025977933801404212,0.024581606504476574,29910000.0,31609000.0,https://www.sec.gov/Archives/edgar/data/1131324/000110465912035279/0001104659-12-035279-index.htm,https://www.sec.gov/Archives/edgar/data/1131324/000110465912035279/a12-8595_110q.htm,1620592528,16:35:28,20210509
31,2011-12-31,GHDX,USD,2012-03-14 00:00:00,2012-03-14 17:04:43,Q4,53398000.0,7352000.0,46046000.0,0.8623169407093899,10282000.0,-11754000.0,22393000.0,7352000.0,43314000,50666000,0.0,1804000.0,4536000.0,0.08494700176036556,2732000.0,0.05116296490505262,-14000.0,2722000.0,0.05097569197348215,163000.0,2559000.0,0.04792314318888348,0.08705562170437149,0.08320868830070885,29395000.0,30754000.0,https://www.sec.gov/Archives/edgar/data/1131324/000104746912002637/0001047469-12-002637-index.html,https://www.sec.gov/Archives/edgar/data/1131324/000104746912002637/a2207998z10-k.htm,1620592528,16:35:28,20210509
32,2011-09-30,GHDX,USD,2011-11-08 00:00:00,2011-11-08 16:06:10,Q3,52057000.0,9195000.0,42862000.0,0.8233666942005878,9611000.0,-10460000.0,20156000.0,-11013000.0,39463000,48658000,0.0,1799000.0,5198000.0,0.09985208521428435,3399000.0,0.0652938125516261,-113000.0,3363000.0,0.06460226290412432,138000.0,3225000.0,0.06195132258870085,0.11002695233871243,0.10518247937118816,29311000.0,30661000.0,https://www.sec.gov/Archives/edgar/data/1131324/000110465911062116/0001104659-11-062116-index.html,https://www.sec.gov/Archives/edgar/data/1131324/000110465911062116/a11-24752_110q.htm,1620592528,16:35:28,20210509
33,2011-06-30,GHDX,USD,2011-08-08 00:00:00,2011-08-08 16:36:01,Q2,50846000.0,17285000.0,33561000.0,0.660051921488416,19971000.0,-20856000.0,41064000.0,28434000.0,48486000,56712000,-22587000.0,-141425000.0,-139065000.0,-2.7350234040042483,2360000.0,0.04641466388703143,-143000.0,2407000.0,0.047339023718679936,59000.0,2348000.0,0.04617865712150415,0.08035867072795098,0.07675460102644568,29219000.0,30591000.0,https://www.sec.gov/Archives/edgar/data/1131324/000110465911044881/0001104659-11-044881-index.html,https://www.sec.gov/Archives/edgar/data/1131324/000110465911044881/a11-13559_110q.htm,1620592528,16:35:28,20210509
34,2011-03-31,GHDX,USD,2011-05-10 00:00:00,2011-05-10 16:09:58,Q1,49810000.0,9059000.0,40751000.0,0.8181288897811685,10091000.0,-10180000.0,20536000.0,9059000.0,50042000,59101000,50000.0,1893000.0,1661000.0,0.03334671752660109,-232000.0,-0.004657699257177274,65000.0,-217000.0,-0.004356554908652881,69000.0,-286000.0,-0.005741818911865087,-0.00983,-0.00983,29104000.0,29104000.0,https://www.sec.gov/Archives/edgar/data/1131324/000110465911027811/0001104659-11-027811-index.html,https://www.sec.gov/Archives/edgar/data/1131324/000110465911027811/a11-8566_110q.htm,1620592528,16:35:28,20210509
35,2010-12-31,GHDX,USD,2011-03-11,2011-03-11 17:02:37,Q4,47116000.0,8707000.0,38409000.0,0.815200781051023,9272000.0,-9264000.0,18537000.0,8707000.0,45789000,54496000,-80000.0,1869000.0,3196000.0,0.06783258341115544,1327000.0,0.028164530095933442,58000.0,1367000.0,0.029013498599201968,-318000.0,1685000.0,0.035762798200186775,0.05848,0.05848,28815000.0,28815000.0,https://www.sec.gov/Archives/edgar/data/1131324/000095012311024832/0000950123-11-024832-index.htm,https://www.sec.gov/Archives/edgar/data/1131324/000095012311024832/f58029e10vk.htm,1620592528,16:35:28,20210509
36,2010-09-30,GHDX,USD,2010-11-09 00:00:00,2010-11-09 16:11:53,Q3,46318000.0,8854000.0,37464000.0,0.8088432143011356,8180000.0,-8775000.0,17336000.0,8854000.0,42931000,51785000,-14000.0,1850000.0,5237000.0,0.11306619456798653,3387000.0,0.07312491903795501,54000.0,3455000.0,0.07459303078716698,578000.0,3669000.0,0.0792132648214517,0.12747,0.12747,28784000.0,28784000.0,https://www.sec.gov/Archives/edgar/data/1131324/000095012310103251/0000950123-10-103251-index.html,https://www.sec.gov/Archives/edgar/data/1131324/000095012310103251/f57275e10vq.htm,1620592528,16:35:28,20210509
37,2010-06-30,GHDX,USD,2010-08-09 00:00:00,2010-08-09 16:32:44,Q2,43438000.0,8107000.0,35331000.0,0.813366177079976,7980000.0,-8764000.0,17516000.0,8107000.0,42355000,50462000,24000.0,1779000.0,2862000.0,0.06588701137253096,1083000.0,0.02493208711266633,57000.0,1116000.0,0.025691790598093834,-542000.0,866000.0,0.019936461163036972,0.03011,0.03011,28759000.0,28759000.0,https://www.sec.gov/Archives/edgar/data/1131324/000095012310075070/0000950123-10-075070-index.html,https://www.sec.gov/Archives/edgar/data/1131324/000095012310075070/f56556e10vq.htm,1620592528,16:35:28,20210509
38,2010-03-31,GHDX,USD,2010-05-10 00:00:00,2010-05-10 16:11:07,Q1,41229000.0,8966000.0,32263000.0,0.7825317131145553,7793000.0,-9689000.0,18016000.0,8966000.0,43102000,52068000,21000.0,1682000.0,-191000.0,-0.004632661476145432,-1873000.0,-0.04542918819277693,108000.0,-1786000.0,-0.04331902301777875,146000.0,-1932000.0,-0.04686021974823547,-0.06726,-0.06726,28723000.0,28723000.0,https://www.sec.gov/Archives/edgar/data/1131324/000095012310047157/0000950123-10-047157-index.html,https://www.sec.gov/Archives/edgar/data/1131324/000095012310047157/f55683e10vq.htm,1620592528,16:35:28,20210509
39,2009-12-31,GHDX,USD,2010-03-15 00:00:00,2010-03-15 17:28:55,Q4,39583000.0,8543000.0,31040000.0,0.7841750246317863,8684000.0,-8167000.0,15413000.0,8543000.0,39886000,48429000,11000.0,1723000.0,1420000.0,0.035873986307253115,-303000.0,-0.007654801303589925,79000.0,-235000.0,-0.005936892100144002,1014000.0,-341000.0,-0.00861480938786853,-0.01194,-0.01194,28563412.0,28563412.0,https://www.sec.gov/Archives/edgar/data/1131324/000095012310024793/0000950123-10-024793-index.html,https://www.sec.gov/Archives/edgar/data/1131324/000095012310024793/f54554e10vk.htm,1620592528,16:35:28,20210509
40,2009-09-30,GHDX,USD,2009-11-09 00:00:00,2009-11-09 17:17:23,Q3,39517000.0,8300000.0,31217000.0,0.7899638130424881,9119000.0,-7984000.0,15313000.0,8300000.0,40061000,48361000,23000.0,1693000.0,1149000.0,0.029076093833033886,-544000.0,-0.01376622719335982,129000.0,-438000.0,-0.01108383733583015,-64000.0,-502000.0,-0.012703393476225422,-0.01759,-0.01759,28538915.0,28538915.0,https://www.sec.gov/Archives/edgar/data/1131324/000095012309060306/0000950123-09-060306-index.html,https://www.sec.gov/Archives/edgar/data/1131324/000095012309060306/f53785e10vq.htm,1620592528,16:35:28,20210509
41,2009-06-30,GHDX,USD,2009-08-07 00:00:00,2009-08-07 16:30:10,Q2,36552000.0,7892000.0,28660000.0,0.7840884219741738,9243000.0,-8059000.0,15709000.0,7892000.0,40494000,48386000,35000.0,1585000.0,-2357000.0,-0.0644834755964106,-3942000.0,-0.10784635587655943,462000.0,-3764000.0,-0.10297658130882031,-600000.0,-3944000.0,-0.10790107244473626,-0.1383,-0.1383,28518518.0,28518518.0,https://www.sec.gov/Archives/edgar/data/1131324/000095012309032130/0000950123-09-032130-index.html,https://www.sec.gov/Archives/edgar/data/1131324/000095012309032130/f53241e10vq.htm,1620592528,16:35:28,20210509
42,2009-03-31,GHDX,USD,2009-05-11 00:00:00,2009-05-11 17:06:31,Q1,33896000.0,7827000.0,26069000.0,0.7690877979702619,8645000.0,-7358000.0,14697000.0,7827000.0,38508000,46335000,51000.0,1590000.0,-3022000.0,-0.08915506254425301,-4612000.0,-0.13606325230115648,0.0,-4414000.0,-0.13022185508614587,210000.0,-4624000.0,-0.13641727637479348,-0.16227,-0.16227,28495955.0,28495955.0,https://www.sec.gov/Archives/edgar/data/1131324/000095013409010303/0000950134-09-010303-index.html,https://www.sec.gov/Archives/edgar/data/1131324/000095013409010303/f52436e10vq.htm,1620592528,16:35:28,20210509
43,2008-12-31,GHDX,USD,2009-03-13 00:00:00,2009-03-13 17:01:19,Q4,31235000.0,7310000.0,23925000.0,0.7659676644789499,7957000.0,-4656000.0,11638000.0,7310000.0,33887000,41197000,56000.0,1422000.0,-1230000.0,-0.03937890187289899,-2652000.0,-0.08490475428205539,313000.0,-2395000.0,-0.07667680486633584,0.0,-2334000.0,-0.07472386745637906,-0.08248,-0.08248,28297705.0,28297705.0,https://www.sec.gov/Archives/edgar/data/1131324/000095013409005338/0000950134-09-005338-index.html,https://www.sec.gov/Archives/edgar/data/1131324/000095013409005338/f51197e10vk.htm,1620592528,16:35:28,20210509
44,2008-09-30,GHDX,USD,2008-11-10 00:00:00,2008-11-10 17:02:09,Q3,28121000.0,7141000.0,20980000.0,0.7460616621030547,6939000.0,-4331000.0,10836000.0,7141000.0,31421000,38562000,91000.0,1370000.0,-1930000.0,-0.06863198321539063,-3300000.0,-0.11735002311439849,369000.0,-3022000.0,-0.10746417268233704,0.0,-3022000.0,-0.10746417268233704,-0.10689,-0.10689,28270776.0,28270776.0,https://www.sec.gov/Archives/edgar/data/1131324/000095013408020080/0000950134-08-020080-index.html,https://www.sec.gov/Archives/edgar/data/1131324/000095013408020080/f50155e10vq.htm,1620592528,16:35:28,20210509
45,2008-06-30,GHDX,USD,2008-08-11 00:00:00,2008-08-11 16:04:14,Q2,27783000.0,6850000.0,20933000.0,0.7534463520858079,7323000.0,-5603000.0,11827000.0,6850000.0,32224000,39074000,106000.0,1184000.0,-3257000.0,-0.11722996076737573,-4441000.0,-0.1598459489615952,1069000.0,-4099000.0,-0.1475362631825217,0.0,-4099000.0,-0.1475362631825217,-0.14515,-0.14515,28239908.0,28239908.0,https://www.sec.gov/Archives/edgar/data/1131324/000095013408014913/0000950134-08-014913-index.html,https://www.sec.gov/Archives/edgar/data/1131324/000095013408014913/f42878e10vq.htm,1620592528,16:35:28,20210509
46,2008-03-31,GHDX,USD,2008-05-12 00:00:00,2008-05-12 17:00:42,Q1,23440000.0,5884000.0,17556000.0,0.7489761092150171,6405000.0,-6461000.0,12367000.0,5884000.0,30562000,36446000,133000.0,1036000.0,-6086000.0,-0.259641638225256,-7122000.0,-0.303839590443686,0.0,-6634000.0,-0.28302047781569967,0.0,-6634000.0,-0.28302047781569967,-0.23511,-0.23511,28217160.0,28217160.0,https://www.sec.gov/Archives/edgar/data/1131324/000089161808000262/0000891618-08-000262-index.html,https://www.sec.gov/Archives/edgar/data/1131324/000089161808000262/f40245e10vq.htm,1620592528,16:35:28,20210509
47,2007-12-31,GHDX,USD,2008-03-14,2008-03-14 17:12:34,Q4,19348000.0,4914000.0,14434000.0,0.7460202604920405,6016000.0,-4993000.0,10079000.0,4914000.0,26095000,31009000,143000.0,1212000.0,-5535000.0,-0.2860760802150093,-6747000.0,-0.348718213768865,899000.0,-5991000.0,-0.3096444076907174,0.0,-5991000.0,-0.3096444076907174,-0.22388,-0.22388,26759798.0,26759798.0,https://www.sec.gov/Archives/edgar/data/1131324/000089161808000165/0000891618-08-000165-index.htm,https://www.sec.gov/Archives/edgar/data/1131324/000089161808000165/f37863e10vk.htm,1620592528,16:35:28,20210509
48,2007-09-30,GHDX,USD,2007-11-09 00:00:00,2007-11-09 16:30:29,Q3,15901000.0,4398000.0,11503000.0,0.7234136217847934,5643000.0,-4996000.0,9484000.0,4398000.0,24013000,28411000,162000.0,1020000.0,-7092000.0,-0.4460096849254764,-8112000.0,-0.5101565939249104,2145000.0,-7253000.0,-0.45613483428715174,0.0,-7253000.0,-0.45613483428715174,-0.27591,-0.27591,26287177.0,26287177.0,https://www.sec.gov/Archives/edgar/data/1131324/000095013407023545/0000950134-07-023545-index.html,https://www.sec.gov/Archives/edgar/data/1131324/000095013407023545/f34439e10vq.htm,1620592528,16:35:28,20210509
49,2007-06-30,GHDX,USD,2007-08-09 00:00:00,2007-08-09 16:54:17,Q2,14690000.0,4172000.0,10518000.0,0.715997277059224,5224000.0,-4554000.0,8740000.0,4172000.0,22322000,26494000,178000.0,845000.0,-6787000.0,-0.46201497617426823,-7632000.0,-0.5195371000680735,4000.0,-7198000.0,-0.4899931926480599,0.0,-7198000.0,-0.4899931926480599,-0.28388,-0.28388,25355685.0,25355685.0,https://www.sec.gov/Archives/edgar/data/1131324/000095013407017560/0000950134-07-017560-index.html,https://www.sec.gov/Archives/edgar/data/1131324/000095013407017560/f32860e10vq.htm,1620592528,16:35:28,20210509
50,2007-03-31,GHDX,USD,2007-05-10 00:00:00,2007-05-10 17:18:06,Q1,14088000.0,3847000.0,10241000.0,0.7269307211811471,5170000.0,-4064000.0,8153000.0,3847000.0,21259000,25106000,195000.0,918000.0,-6253000.0,-0.4438529244747303,-7171000.0,-0.5090147643384441,0.0,-6850000.0,-0.48622941510505396,0.0,-6850000.0,-0.48622941510505396,-0.2789,-0.2789,24561164.0,24561164.0,https://www.sec.gov/Archives/edgar/data/1131324/000089161807000310/0000891618-07-000310-index.html,https://www.sec.gov/Archives/edgar/data/1131324/000089161807000310/f29615e10vq.htm,1620592528,16:35:28,20210509
51,2006-12-31,GHDX,USD,2007-03-16,2007-03-16 17:16:18,Q4,8616000.0,2707000.0,5909000.0,0.6858170844939647,4163000.0,-3433000.0,7294000.0,2707000.0,18025000,20732000,134000.0,827000.0,-8582000.0,-0.9960538532961931,-9409000.0,-1.0920380687093778,0.0,-8995000.0,-1.0439879294336118,0.0,-8995000.0,-1.0439879294336118,-0.36701,-0.36701,24508845.0,24508845.0,https://www.sec.gov/Archives/edgar/data/1131324/000095013407005979/0000950134-07-005979-index.htm,https://www.sec.gov/Archives/edgar/data/1131324/000095013407005979/f27728e10vk.htm,1620592528,16:35:28,20210509
52,2006-09-30,GHDX,USD,2006-11-14,2006-11-14 15:58:18,Q3,7119000.0,2674000.0,4445000.0,0.6243854473942969,3229000.0,-2966000.0,6430000.0,2674000.0,15797000,18471000,104000.0,728000.0,-7950000.0,-1.1167298777918246,-8678000.0,-1.218991431380812,8000.0,-8180000.0,-1.1490377862059278,0.0,-8180000.0,-1.1490377862059278,-0.33389,-0.33389,24499316.0,24499316.0,https://www.sec.gov/Archives/edgar/data/1131324/000095013406021570/0000950134-06-021570-index.htm,https://www.sec.gov/Archives/edgar/data/1131324/000095013406021570/f24366e10vq.htm,1620592528,16:35:28,20210509
53,2006-06-30,GHDX,USD,2006-08-14,2006-08-14 15:43:04,Q2,8379000.0,2468000.0,5911000.0,0.705454111469149,2738000.0,-2988000.0,5806000.0,2468000.0,13830000,16298000,113000.0,555000.0,-4896000.0,-0.5843179377013964,-5451000.0,-0.6505549588256355,3000.0,-4915000.0,-0.5865855113975414,0.0,-4915000.0,-0.5865855113975414,-0.20069,-0.20069,24490432.0,24490432.0,https://www.sec.gov/Archives/edgar/data/1131324/000095013406016039/0000950134-06-016039-index.htm,https://www.sec.gov/Archives/edgar/data/1131324/000095013406016039/f23069e10vq.htm,1620592528,16:35:28,20210509
54,2006-03-31,GHDX,USD,2006-05-15,2006-05-15 15:44:59,Q1,5060000.0,2059000.0,3001000.0,0.5930830039525692,2711000.0,-2473000.0,5095000.0,2059000.0,12487000,14546000,95000.0,469000.0,-6958000.0,-1.375098814229249,-7427000.0,-1.4677865612648222,0.0,-6830000.0,-1.349802371541502,0.0,-6830000.0,-1.349802371541502,-0.279,-0.279,24480267.0,24480267.0,https://www.sec.gov/Archives/edgar/data/1131324/000095013406009963/0000950134-06-009963-index.htm,https://www.sec.gov/Archives/edgar/data/1131324/000095013406009963/f20653e10vq.htm,1620592528,16:35:28,20210509
55,2005-12-31,GHDX,USD,2006-03-22,2006-03-21 21:43:50,Q4,1926000.0,1729000.0,197000.0,0.10228452751817238,2494000.0,-2569000.0,4543000.0,1729000.0,10740000,12469000,96000.0,416000.0,-8398000.0,-4.360332294911734,-8814000.0,-4.576323987538941,1000.0,-8217000.0,-4.266355140186916,0.0,-8217000.0,-4.266355140186916,-1.08732,-1.08732,7557106.0,7557106.0,https://www.sec.gov/Archives/edgar/data/1131324/000095013406005637/0000950134-06-005637-index.htm,https://www.sec.gov/Archives/edgar/data/1131324/000095013406005637/f18552e10vk.htm,1620592528,16:35:28,20210509
