,date,symbol,reportedCurrency,fillingDate,acceptedDate,period,revenue,costOfRevenue,grossProfit,grossProfitRatio,researchAndDevelopmentExpenses,generalAndAdministrativeExpenses,sellingAndMarketingExpenses,otherExpenses,operatingExpenses,costAndExpenses,interestExpense,depreciationAndAmortization,ebitda,ebitdaratio,operatingIncome,operatingIncomeRatio,totalOtherIncomeExpensesNet,incomeBeforeTax,incomeBeforeTaxRatio,incomeTaxExpense,netIncome,netIncomeRatio,eps,epsdiluted,weightedAverageShsOut,weightedAverageShsOutDil,link,finalLink,timestamp,est_time,est_date
0,2020-12-31,CTS,USD,2021-02-25,2021-02-25 16:18:04,Q4,123017000,80326000.0,42691000.0,0.3470333368558817,5664000.0,19477000.0,0.0,2684000.0,25141000.0,105467000.0,655000.0,6851000.0,24401000.0,0.1983546989440484,17550000.0,0.1426632091499549,2270000.0,19360000.0,0.1573766227431981,4412000.0,14948000.0,0.12151166098994448,0.46,0.46,32273000,32562000,https://www.sec.gov/Archives/edgar/data/26058/000156459021008853/0001564590-21-008853-index.htm,https://www.sec.gov/Archives/edgar/data/26058/000156459021008853/cts-10k_20201231.htm,1620590811,16:06:51,20210509
1,2020-09-30,CTS,USD,2020-10-29,2020-10-29 14:52:49,Q3,113777000,76871000.0,36906000.0,0.32437135800733014,5723000.0,16883000.0,0.0,1617000.0,22606000.0,99477000.0,857000.0,6676000.0,20976000.0,0.1843606352777802,14300000.0,0.1256844529210649,576000.0,14236000.0,0.12512194907582377,3163000.0,11073000.0,0.09732195434929732,0.3431573075492748,0.3406133686056169,32268000,32509000,https://www.sec.gov/Archives/edgar/data/26058/000156459020048770/0001564590-20-048770-index.htm,https://www.sec.gov/Archives/edgar/data/26058/000156459020048770/cts-10q_20200930.htm,1620590811,16:06:51,20210509
2,2020-06-30,CTS,USD,2020-07-31,2020-07-31 13:36:25,Q2,84197000,57630000.0,26567000.0,0.3155338076178486,5522000.0,14668000.0,0.0,256000.0,20190000.0,77820000.0,909000.0,6611000.0,12988000.0,0.15425727757521052,6377000.0,0.0757390405833937,121000.0,5893000.0,0.06999061724289464,1036000.0,4857000.0,0.057686140836371844,0.15054863306676586,0.14942776273689393,32262000,32504000,https://www.sec.gov/Archives/edgar/data/26058/000002605820000051/0000026058-20-000051-index.htm,https://www.sec.gov/Archives/edgar/data/26058/000002605820000051/cts10-q063020.htm,1620590811,16:06:51,20210509
3,2020-03-31,CTS,USD,2020-04-24 00:00:00,2020-04-24 13:45:51,Q1,103075000,70176000.0,32899000.0,0.31917535774921174,7408000.0,16759000.0,0.0,-1982000.0,24167000.0,94343000.0,851000.0,6532000.0,15264000.0,0.1480863448944943,8732000.0,0.08471501333980111,-2222000.0,5990000.0,0.05811302449672569,2182000.0,3808000.0,0.036943972835314094,0.11729193617938767,0.11612234318299637,32466000,32793000,https://www.sec.gov/Archives/edgar/data/26058/000002605820000032/0000026058-20-000032-index.html,https://www.sec.gov/Archives/edgar/data/26058/000002605820000032/cts10-q033120.htm,1620590811,16:06:51,20210509
4,2019-12-31,CTS,USD,2020-02-20 00:00:00,2020-02-20 11:55:45,Q4,115040000,76340000.0,38700000.0,0.3364047287899861,6113000.0,18037000.0,0.0,1008000.0,24150000.0,100490000.0,903000.0,6581000.0,21131000.0,0.18368393602225314,14550000.0,0.1264777468706537,-1151000.0,12837000.0,0.11158727399165508,2775000.0,10062000.0,0.08746522948539638,0.3090864409903545,0.30518653321201095,32554000,32970000,https://www.sec.gov/Archives/edgar/data/26058/000002605820000016/0000026058-20-000016-index.html,https://www.sec.gov/Archives/edgar/data/26058/000002605820000016/ctscorp-20191231x10xk.htm,1620590811,16:06:51,20210509
5,2019-09-30,CTS,USD,2019-10-24 00:00:00,2019-10-24 15:10:26,Q3,115651000,78594000.0,37057000.0,0.3204209215657452,6806000.0,17774000.0,0.0,-2636000.0,24580000.0,103174000.0,812000.0,6119000.0,18596000.0,0.16079411332370666,12477000.0,0.10788492965906045,-4989000.0,7200000.0,0.06225627102229985,4478000.0,2722000.0,0.023536329128152806,0.08338949819251272,0.08231771857138537,32642000,33067000,https://www.sec.gov/Archives/edgar/data/26058/000002605819000070/0000026058-19-000070-index.html,https://www.sec.gov/Archives/edgar/data/26058/000002605819000070/cts10-q093019.htm,1620590811,16:06:51,20210509
6,2019-06-30,CTS,USD,2019-07-25 00:00:00,2019-07-25 11:58:17,Q2,120684000,79480000.0,41204000.0,0.34142056942096716,6257000.0,17036000.0,0.0,-1107000.0,23293000.0,102773000.0,467000.0,5995000.0,23906000.0,0.1980875675317358,17911000.0,0.14841238275164895,-1935000.0,15949000.0,0.13215504955089324,4006000.0,11943000.0,0.09896092274037983,0.3641269550900942,0.359674747778949,32799000,33205000,https://www.sec.gov/Archives/edgar/data/26058/000002605819000058/0000026058-19-000058-index.html,https://www.sec.gov/Archives/edgar/data/26058/000002605819000058/cts10-q063019.htm,1620590811,16:06:51,20210509
7,2019-03-31,CTS,USD,2019-04-25 00:00:00,2019-04-25 13:52:44,Q1,117625000,77010000.0,40615000.0,0.3452922422954304,6791000.0,17522000.0,0.0,96000.0,24313000.0,101323000.0,466000.0,5924000.0,22226000.0,0.18895642933049947,16302000.0,0.13859298618490967,-1988000.0,14280000.0,0.12140276301806589,2861000.0,11419000.0,0.09707970244420829,0.35,0.34,32807000,33270000,https://www.sec.gov/Archives/edgar/data/26058/000002605819000037/0000026058-19-000037-index.html,https://www.sec.gov/Archives/edgar/data/26058/000002605819000037/cts10-q033119.htm,1620590811,16:06:51,20210509
8,2018-12-31,CTS,USD,2019-02-22 00:00:00,2019-02-22 14:45:41,Q4,120073000,77428000.0,42645000.0,0.3551589449751401,5804000.0,18128000.0,0.0,-119000.0,23932000.0,101360000.0,484000.0,6165000.0,24878000.0,0.20719062570269753,18713000.0,0.1558468598269386,-1815000.0,16873000.0,0.14052284860043474,-691000.0,17564000.0,0.14627768107734462,0.53,0.52,32983000,33545000,https://www.sec.gov/Archives/edgar/data/26058/000002605819000020/0000026058-19-000020-index.html,https://www.sec.gov/Archives/edgar/data/26058/000002605819000020/ctscorp-20181231x10xk.htm,1620590811,16:06:51,20210509
9,2018-09-30,CTS,USD,2018-10-25 00:00:00,2018-10-25 12:10:46,Q3,118859000,76777000.0,42082000.0,0.3540497564340942,6517000.0,18450000.0,0.0,-1687000.0,24967000.0,101744000.0,489000.0,5388000.0,22503000.0,0.18932516679426883,17115000.0,0.1439941443222642,-2684000.0,14355000.0,0.12077335330097005,4144000.0,10211000.0,0.08590851344870813,0.31,0.3,33087000,33649000,https://www.sec.gov/Archives/edgar/data/26058/000002605818000092/0000026058-18-000092-index.html,https://www.sec.gov/Archives/edgar/data/26058/000002605818000092/cts10-q093018.htm,1620590811,16:06:51,20210509
10,2018-06-30,CTS,USD,2018-07-26 00:00:00,2018-07-26 13:46:58,Q2,118021000,76208000.0,41813000.0,0.35428440701231134,6476000.0,19621000.0,0.0,-2874000.0,26097000.0,102305000.0,571000.0,5478000.0,21194000.0,0.17957821065742538,15716000.0,0.13316274222384153,-4046000.0,11571000.0,0.09804187390379678,4362000.0,7209000.0,0.06108234975131544,0.22,0.21,33051000,33564000,https://www.sec.gov/Archives/edgar/data/26058/000002605818000074/0000026058-18-000074-index.html,https://www.sec.gov/Archives/edgar/data/26058/000002605818000074/cts10-q063018.htm,1620590811,16:06:51,20210509
11,2018-03-31,CTS,USD,2018-04-26 00:00:00,2018-04-26 12:56:34,Q1,113530000,75097000.0,38433000.0,0.3385272615167797,6507000.0,17372000.0,0.0,2004000.0,23879000.0,98976000.0,541000.0,5483000.0,20037000.0,0.17649079538447987,14554000.0,0.12819519069849378,809000.0,15304000.0,0.13480137408614462,3756000.0,11548000.0,0.10171760768078922,0.35,0.34,32975000,33515000,https://www.sec.gov/Archives/edgar/data/26058/000002605818000039/0000026058-18-000039-index.html,https://www.sec.gov/Archives/edgar/data/26058/000002605818000039/cts10-q033118.htm,1620590811,16:06:51,20210509
12,2017-12-31,CTS,USD,2018-02-23 00:00:00,2018-02-23 13:08:32,Q4,110910000,78035000.0,32875000.0,0.29641150482373096,6714000.0,24973000.0,0.0,928000.0,31687000.0,109722000.0,1134000.0,5613000.0,6801000.0,0.061319989180416555,1188000.0,0.010711387611576955,-279000.0,145000.0,0.0013073663330628437,13766000.0,-13621000.0,-0.12281128843206203,-0.41,-0.41,32938000,32938000,https://www.sec.gov/Archives/edgar/data/26058/000002605818000020/0000026058-18-000020-index.html,https://www.sec.gov/Archives/edgar/data/26058/000002605818000020/ctscorp-20171231x10xk.htm,1620590811,16:06:51,20210509
13,2017-09-30,CTS,USD,2017-10-26 00:00:00,2017-10-26 12:24:16,Q3,106243000,68705000.0,37538000.0,0.35332210122078633,6380000.0,15915000.0,0.0,1258000.0,22295000.0,91000000.0,773000.0,5388000.0,20631000.0,0.19418691113767494,15243000.0,0.14347298174938583,-874000.0,13959000.0,0.13138747964571784,4340000.0,9619000.0,0.09053772954453469,0.29206011841505997,0.28807163606959957,32935000,33391000,https://www.sec.gov/Archives/edgar/data/26058/000002605817000078/0000026058-17-000078-index.html,https://www.sec.gov/Archives/edgar/data/26058/000002605817000078/cts10-q093017.htm,1620590811,16:06:51,20210509
14,2017-06-30,CTS,USD,2017-07-27 00:00:00,2017-07-27 12:45:31,Q2,105686000,69892000.0,35794000.0,0.3386825123478985,6049000.0,15809000.0,0.0,1170000.0,21858000.0,91750000.0,752000.0,4965000.0,18901000.0,0.17884109532009917,13936000.0,0.13186230910432792,442000.0,13924000.0,0.13174876521015083,3958000.0,9966000.0,0.09429820411407376,0.30301003344481603,0.29882162453899436,32890000,33351000,https://www.sec.gov/Archives/edgar/data/26058/000002605817000067/0000026058-17-000067-index.html,https://www.sec.gov/Archives/edgar/data/26058/000002605817000067/cts10-q063017.htm,1620590811,16:06:51,20210509
15,2017-03-31,CTS,USD,2017-04-27 00:00:00,2017-04-27 14:55:25,Q1,100154000,65930000.0,34224000.0,0.34171376080835514,6003000.0,15246000.0,0.0,460000.0,21249000.0,87179000.0,684000.0,4708000.0,17683000.0,0.1765581005251912,12975000.0,0.1295504922419474,-319000.0,12225000.0,0.12206202448229726,3741000.0,8484000.0,0.08470954729716237,0.26,0.25,32802000,33362000,https://www.sec.gov/Archives/edgar/data/26058/000002605817000042/0000026058-17-000042-index.html,https://www.sec.gov/Archives/edgar/data/26058/000002605817000042/cts10-q033117.htm,1620590811,16:06:51,20210509
16,2016-12-31,CTS,USD,2017-02-24 00:00:00,2017-02-24 12:26:54,Q4,101584000,65723000.0,35861000.0,0.35301819184123484,5626000.0,15165000.0,0.0,-2042000.0,20791000.0,86514000.0,956000.0,4982000.0,20052000.0,0.19739329028193417,15070000.0,0.1483501338793511,-2966000.0,11371000.0,0.111936919199874,3061000.0,8310000.0,0.08180422113718695,0.25366300366300365,0.24923519884829945,32760000,33342000,https://www.sec.gov/Archives/edgar/data/26058/000002605817000026/0000026058-17-000026-index.html,https://www.sec.gov/Archives/edgar/data/26058/000002605817000026/ctscorp-20161231x10xk.htm,1620590811,16:06:51,20210509
17,2016-09-30,CTS,USD,2016-10-28 00:00:00,2016-10-28 11:46:14,Q3,99697000,63056000.0,36641000.0,0.3675235964973871,6284000.0,16048000.0,0.0,-46000.0,22332000.0,85388000.0,917000.0,5085000.0,19394000.0,0.19452942415519023,14309000.0,0.14352488038757436,-1865000.0,11730000.0,0.11765649919255344,8010000.0,3720000.0,0.0373130585674594,0.11355657987118044,0.11186624165513923,32759000,33254000,https://www.sec.gov/Archives/edgar/data/26058/000002605816000117/0000026058-16-000117-index.html,https://www.sec.gov/Archives/edgar/data/26058/000002605816000117/cts10-q093016.htm,1620590811,16:06:51,20210509
18,2016-06-30,CTS,USD,2016-07-29 00:00:00,2016-07-29 12:14:44,Q2,98693000,64236000.0,34457000.0,0.349133170538944,5967000.0,15764000.0,0.0,-1240000.0,21731000.0,85967000.0,1009000.0,4904000.0,17630000.0,0.1786347562643754,12726000.0,0.12894531527058656,10131000.0,22179000.0,0.22472718429878513,7692000.0,14487000.0,0.1467885260352811,0.4422296162886535,0.4360270880361174,32759000,33225000,https://www.sec.gov/Archives/edgar/data/26058/000002605816000097/0000026058-16-000097-index.html,https://www.sec.gov/Archives/edgar/data/26058/000002605816000097/cts10-q063016.htm,1620590811,16:06:51,20210509
19,2016-03-31,CTS,USD,2016-05-03 00:00:00,2016-05-03 12:12:58,Q1,96705000,63237000.0,33468000.0,0.34608344966651156,6163000.0,14872000.0,0.0,-195000.0,21035000.0,84272000.0,820000.0,4021000.0,16454000.0,0.17014632128638643,12433000.0,0.128566258207952,-195000.0,11965000.0,0.12372679799389898,4102000.0,7863000.0,0.08130913603226307,0.24095979406717333,0.2382366308135131,32632000,33005000,https://www.sec.gov/Archives/edgar/data/26058/000002605816000070/0000026058-16-000070-index.html,https://www.sec.gov/Archives/edgar/data/26058/000002605816000070/cts10-q033116.htm,1620590811,16:06:51,20210509
20,2015-12-31,CTS,USD,2016-02-24 00:00:00,2016-02-24 16:14:52,Q4,93282000,63128000.0,30154000.0,0.3232563624279068,6083000.0,13805000.0,0.0,-1656000.0,19888000.0,83016000.0,673000.0,4267000.0,14533000.0,0.15579640230698313,10266000.0,0.11005338650543513,-10991000.0,-679000.0,-0.007279003451898544,12974000.0,-13653000.0,-0.14636264231041357,-0.42,-0.42,32605000,32605000,https://www.sec.gov/Archives/edgar/data/26058/000002605816000044/0000026058-16-000044-index.html,https://www.sec.gov/Archives/edgar/data/26058/000002605816000044/ctscorp-20151231x10xk.htm,1620590811,16:06:51,20210509
21,2015-09-27,CTS,USD,2015-10-27 00:00:00,2015-10-27 12:16:38,Q3,90600000,59000000.0,31600000.0,0.3487858719646799,5700000.0,12700000.0,0.0,-3073000.0,35500000.0,94500000.0,714000.0,3900000.0000000005,4.656612873077393e-10,5.139749308032442e-18,-3900000.0,-0.04304635761589404,-3100000.0,-6900000.0,-0.076158940397351,-2200000.0,-4800000.0,-0.052980132450331126,-0.14634,-0.14634,32800000,32800000,https://www.sec.gov/Archives/edgar/data/26058/000002605815000014/0000026058-15-000014-index.html,https://www.sec.gov/Archives/edgar/data/26058/000002605815000014/cts-20150927x10q.htm,1620590811,16:06:51,20210509
22,2015-06-28,CTS,USD,2015-07-28 00:00:00,2015-07-28 12:54:22,Q2,100100000,66500000.0,33600000.0,0.3356643356643357,5500000.0,15200000.0,0.0,315000.0,23000000.0,89500000.0,653000.0,4000000.0,14500000.0,0.14485514485514486,10500000.0,0.1048951048951049,100000.0,10900000.0,0.1088911088911089,-8200000.0,19100000.0,0.19080919080919082,0.56845,0.56845,33600000,33600000,https://www.sec.gov/Archives/edgar/data/26058/000002605815000006/0000026058-15-000006-index.html,https://www.sec.gov/Archives/edgar/data/26058/000002605815000006/cts-20150628x10q.htm,1620590811,16:06:51,20210509
23,2015-03-29,CTS,USD,2015-04-28 00:00:00,2015-04-28 11:47:41,Q1,98300000,66100000.0,32200000.0,0.3275686673448627,5200000.0,15700000.0,0.0,-1484000.0,21700000.000000004,87800000.0,588000.0,4100000.0,14600000.0,0.14852492370295015,10500000.0,0.10681586978636826,-1700000.0,9000000.0,0.09155645981688708,2700000.0,6300000.0,0.06408952187182096,0.18584,0.18584,33900000,33900000,https://www.sec.gov/Archives/edgar/data/26058/000002605815000002/0000026058-15-000002-index.html,https://www.sec.gov/Archives/edgar/data/26058/000002605815000002/cts-20150329x10q.htm,1620590811,16:06:51,20210509
24,2014-12-31,CTS,USD,2015-02-24,2015-02-24 15:34:42,Q4,100378000,67352000.0,33026000.0,0.32901631831676265,5798000.0,15783000.0,0.0,-1817000.0,21581000.0,88933000.0,563000.0,4249000.0,15694000.0,0.1563490007770627,11445000.0,0.11401900814919604,-2952000.0,8757000.0,0.08724023192332982,1793000.0,6964000.0,0.06937775209707306,0.2054277286135693,0.2054277286135693,33900000,33900000,https://www.sec.gov/Archives/edgar/data/26058/000104746915001116/a2223190z10-k.htm,https://www.sec.gov/Archives/edgar/data/26058/000104746915001116/a2223190z10-k.htm,1620590811,16:06:51,20210509
25,2014-09-28,CTS,USD,2014-10-28 00:00:00,2014-10-28 15:11:00,Q3,100000000,67500000.0,32500000.0,0.325,5800000.0,13900000.0,0.0,701000.0,21200000.000000004,88700000.0,568000.0,4299999.999999999,15500000.0,0.155,11200000.0,0.112,600000.0,11900000.0,0.119,3800000.0,8100000.0,0.081,0.23754,0.23754,34100000,34100000,https://www.sec.gov/Archives/edgar/data/26058/000119312514384900/0001193125-14-384900-index.html,https://www.sec.gov/Archives/edgar/data/26058/000119312514384900/d793948d10q.htm,1620590811,16:06:51,20210509
26,2014-06-29,CTS,USD,2014-07-29 00:00:00,2014-07-29 14:18:10,Q2,103000000,69200000.0,33800000.0,0.32815533980582523,5300000.0,15800000.0,0.0,-303000.0,23799999.999999996,93000000.0,582000.0,4200000.0,14100000.0,0.13689320388349516,9900000.0,0.09611650485436893,-400000.0,9600000.0,0.09320388349514563,3300000.0,6400000.0,0.062135922330097085,0.18713,0.18713,34200000,34200000,https://www.sec.gov/Archives/edgar/data/26058/000119312514284324/0001193125-14-284324-index.html,https://www.sec.gov/Archives/edgar/data/26058/000119312514284324/d751994d10q.htm,1620590811,16:06:51,20210509
27,2014-03-30,CTS,USD,2014-04-29 00:00:00,2014-04-29 14:39:23,Q1,100700000,70100000.0,30600000.0,0.3038728897715988,5600000.0,13600000.0,0.0,-1820000.0,19800000.00000001,89900000.00000001,613000.0,4200000.0,15000000.0,0.14895729890764647,10800000.0,0.10724925521350546,-1800000.0,9000000.0,0.08937437934458789,3900000.0,5100000.0,0.0506454816285998,0.14869,0.14869,34300000,34300000,https://www.sec.gov/Archives/edgar/data/26058/000119312514166655/0001193125-14-166655-index.html,https://www.sec.gov/Archives/edgar/data/26058/000119312514166655/d705151d10q.htm,1620590811,16:06:51,20210509
28,2013-12-31,CTS,USD,2014-03-03,2014-03-03 16:16:17,Q4,-51175000,-68330000.0,17155000.0,-0.3352222765021983,5481000.0,7068000.0,0.0,1045000.0,12549000.0,-55781000.0,421000.0,4492000.0,9098000.0,-0.17778212017586711,4606000.0,-0.0900048851978505,-655000.0,4130000.0,-0.08070346849047387,1185000.0,-2981000.0,0.05825109916951637,-0.08873608382449247,-0.08687416214955995,33594000,34314000,https://www.sec.gov/Archives/edgar/data/26058/000119312514080179/d645097d10k.htm,https://www.sec.gov/Archives/edgar/data/26058/000119312514080179/d645097d10k.htm,1620590811,16:06:51,20210509
29,2013-09-29,CTS,USD,2013-10-29 00:00:00,2013-10-29 13:57:58,Q3,103600000,71600000.0,32000000.0,0.3088803088803089,5700000.0,17800000.0,0.0,299000.0,24500000.0,96100000.0,849000.0,5299999.999999999,12900000.0,0.12451737451737452,7600000.0,0.07335907335907337,500000.0,7700000.0,0.07432432432432433,2600000.0,6800000.0,0.06563706563706563,0.19825,0.19825,34300000,34300000,https://www.sec.gov/Archives/edgar/data/26058/000119312513415588/0001193125-13-415588-index.html,https://www.sec.gov/Archives/edgar/data/26058/000119312513415588/d587756d10q.htm,1620590811,16:06:51,20210509
30,2013-06-30,CTS,USD,2013-07-25 00:00:00,2013-07-25 11:35:01,Q2,151561000,116072000.0,35489000.0,0.2341565442297161,5771000.0,20749000.0,0.0,-310000.0,26520000.0,142592000.0,1079000.0,5470000.0,14439000.0,0.09526857173019444,8969000.0,0.05917749289065129,-7553000.0,783000.0,0.005166236696775556,12118000.0,-11335000.0,-0.07478836903952864,-0.34,-0.34,33589000,33589000,https://www.sec.gov/Archives/edgar/data/26058/000119312513301903/0001193125-13-301903-index.html,https://www.sec.gov/Archives/edgar/data/26058/000119312513301903/d547187d10q.htm,1620590811,16:06:51,20210509
31,2013-03-31,CTS,USD,2013-04-25 00:00:00,2013-04-24 17:53:47,Q1,149512000,118332000.0,31180000.0,0.20854513350098988,6252000.0,21407000.0,0.0,298000.0,27659000.0,145991000.0,915000.0,5886000.0,9407000.0,0.06291802664669056,3521000.0,0.02354994916795976,-261000.0,2758000.0,0.018446679865161325,-810000.0,3568000.0,0.02386430520627107,0.11,0.1,33523000,34176000,https://www.sec.gov/Archives/edgar/data/26058/000119312513170887/0001193125-13-170887-index.html,https://www.sec.gov/Archives/edgar/data/26058/000119312513170887/d508007d10q.htm,1620590811,16:06:51,20210509
32,2012-12-31,CTS,USD,2013-02-25 00:00:00,2013-02-25 13:45:13,Q4,138298000,111497000.0,26801000.0,0.19379166726923022,5328000.0,22217000.0,0.0,796000.0,20125000.0,131622000.0,695000.0,5032000.0,11708000.0,0.08465776800821415,6676000.0,0.04827257082531924,6359000.0,12724000.0,0.09200422276533284,3892000.0,8832000.0,0.06386209489652779,0.26254458977407846,0.2572676958928051,33640000,34330000,https://www.sec.gov/Archives/edgar/data/26058/000119312513073546/0001193125-13-073546-index.html,https://www.sec.gov/Archives/edgar/data/26058/000119312513073546/d444052d10k.htm,1620590811,16:06:51,20210509
33,2012-09-30,CTS,USD,2012-10-24 00:00:00,2012-10-24 17:29:04,Q3,137357000,110763000.0,26594000.0,0.19361226584739039,4350000.0,19387000.0,0.0,0.0,19545000.0,130308000.0,584000.0,4937000.0,11986000.0,0.08726166121857641,7049000.0,0.051318826124624156,518000.0,7408000.0,0.05393245338788704,1491000.0,5917000.0,0.043077527901745086,0.17442443180143266,0.17165153317281193,33923000,34471000,https://www.sec.gov/Archives/edgar/data/26058/000119312512433562/0001193125-12-433562-index.html,https://www.sec.gov/Archives/edgar/data/26058/000119312512433562/d398769d10q.htm,1620590811,16:06:51,20210509
34,2012-07-01,CTS,USD,2012-07-24 00:00:00,2012-07-24 17:00:20,Q2,154300000,128400000.0,25900000.0,0.1678548282566429,5100000.0,19400000.0,0.0,-835000.0,20199999.99999999,148600000.0,1285000.0,4800000.0,10500000.0,0.06804925469863901,5700000.0,0.03694102397926118,-1000000.0,4500000.0,0.02916396629941672,1200000.0,3300000.0,0.02138690861957226,0.09538,0.09538,34600000,34600000,https://www.sec.gov/Archives/edgar/data/26058/000119312512312454/0001193125-12-312454-index.html,https://www.sec.gov/Archives/edgar/data/26058/000119312512312454/d352688d10q.htm,1620590811,16:06:51,20210509
35,2012-04-01,CTS,USD,2012-04-25,2012-04-25 15:43:58,Q1,147000000,124900000.0,22000000.0,0.14965986394557823,6100000.0,19400000.0,0.0,0.0,20099999.999999993,145000000.0,-200000.0,4800000.0,6700000.0,0.04557823129251701,1900000.0,0.01292517006802721,600000.0,2300000.0,0.015646258503401362,0.0,2300000.0,0.015646258503401362,0.06628,0.06628,34700000,34700000,https://www.sec.gov/Archives/edgar/data/26058/000119312512076105/d267561d10k.htm,https://www.sec.gov/Archives/edgar/data/26058/000119312512076105/d267561d10k.htm,1620590811,16:06:51,20210509
36,2011-12-31,CTS,USD,2012-02-24 00:00:00,2012-02-23 21:36:43,Q4,143999000,118161000.0,25838000.0,0.1794318016097334,5208000.0,16816000.0,0.0,0.0,16454000.0,134615000.0,567000.0,4372000.0,13756000.0,0.09552844116973035,9384000.0,0.06516711921610567,-2033000.0,7210000.0,0.050069792151334384,1354000.0,5856000.0,0.04066694907603525,0.16731428571428572,0.16731428571428572,35000000,35000000,https://www.sec.gov/Archives/edgar/data/26058/000119312512076105/0001193125-12-076105-index.html,https://www.sec.gov/Archives/edgar/data/26058/000119312512076105/d267561d10k.htm,1620590811,16:06:51,20210509
37,2011-10-02,CTS,USD,2011-10-26 00:00:00,2011-10-26 14:12:40,Q3,146100000,118600000.0,27500000.0,0.18822724161533197,5200000.0,18300000.0,0.0,-255000.0,19700000.00000002,138300000.00000003,-200000.0,4399999.999999999,12200000.0,0.08350444900752908,7800000.0,0.053388090349075976,-100000.0,7500000.0,0.0513347022587269,1600000.0,5900000.0,0.040383299110198494,0.16857,0.16857,35000000,35000000,https://www.sec.gov/Archives/edgar/data/26058/000119312511281763/0001193125-11-281763-index.html,https://www.sec.gov/Archives/edgar/data/26058/000119312511281763/d239650d10q.htm,1620590811,16:06:51,20210509
38,2011-07-03,CTS,USD,2011-07-26 00:00:00,2011-07-26 13:46:38,Q2,146900000,119500000.0,27400000.0,0.1865214431586113,4600000.0,18400000.0,0.0,508000.0,22900000.000000007,142400000.0,-200000.0,4400000.0,8900000.0,0.0605854322668482,4500000.0,0.03063308373042886,700000.0,5000000.0,0.03403675970047652,900000.0,4100000.0,0.027910142954390742,0.11582,0.11582,35400000,35400000,https://www.sec.gov/Archives/edgar/data/26058/000095012311068241/0000950123-11-068241-index.html,https://www.sec.gov/Archives/edgar/data/26058/000095012311068241/c65291e10vq.htm,1620590811,16:06:51,20210509
39,2011-04-03,CTS,USD,2011-04-27 00:00:00,2011-04-27 13:05:25,Q1,151500000,122400000.0,29200000.0,0.19273927392739273,5000000.0,18400000.0,0.0,834000.0,23400000.000000007,145800000.0,492000.0,4400000.0,10200000.0,0.06732673267326733,5800000.0,0.03828382838283828,1100000.0,6600000.0,0.04356435643564356,1500000.0,5100000.0,0.033663366336633666,0.1453,0.1453,35100000,35100000,https://www.sec.gov/Archives/edgar/data/26058/000002605811000016/0000026058-11-000016-index.html,https://www.sec.gov/Archives/edgar/data/26058/000002605811000016/form10-q.htm,1620590811,16:06:51,20210509
40,2010-12-31,CTS,USD,2011-02-24,2011-02-24 14:54:49,Q4,145025000,115903000.0,29122000.0,0.2008067574556111,4328000.0,17366000.0,0.0,0.0,21694000.0,137597000.0,357000.0,4321000.0,11749000.0,0.08101361834166523,7428000.0,0.05121875538700224,-1489000.0,5728000.0,0.03949663851060162,928000.0,4800000.0,0.03309774176866057,0.13793103448275862,0.13793103448275862,34800000,34800000,https://www.sec.gov/Archives/edgar/data/26058/000002605811000011/form10-k.htm,https://www.sec.gov/Archives/edgar/data/26058/000002605811000011/form10-k.htm,1620590811,16:06:51,20210509
41,2010-10-03,CTS,USD,2010-10-27 00:00:00,2010-10-27 12:10:03,Q3,139400000,109400000.0,30000000.0,0.2152080344332855,5100000.0,17100000.0,0.0,439000.0,22199999.99999999,131599999.99999999,717000.0,4399999.999999999,12200000.0,0.08751793400286945,7800000.0,0.05595408895265423,1700000.0,9400000.0,0.06743185078909612,2400000.0,6900000.0,0.04949784791965567,0.19828,0.19828,34800000,34800000,https://www.sec.gov/Archives/edgar/data/26058/000002605810000023/0000026058-10-000023-index.html,https://www.sec.gov/Archives/edgar/data/26058/000002605810000023/form10q.htm,1620590811,16:06:51,20210509
42,2010-07-04,CTS,USD,2010-07-27 00:00:00,2010-07-27 11:48:07,Q2,138900000,108500000.0,30300000.0,0.21814254859611232,4300000.0,18300000.0,0.0,666000.0,22599999.999999993,131100000.0,-235000.0,4400000.0,12100000.0,0.0871130309575234,7700000.0,0.05543556515478762,-300000.0,7300000.0,0.05255579553635709,1400000.0,5900000.0,0.042476601871850254,0.16905,0.16905,34900000,34900000,https://www.sec.gov/Archives/edgar/data/26058/000002605810000019/0000026058-10-000019-index.html,https://www.sec.gov/Archives/edgar/data/26058/000002605810000019/form10q.htm,1620590811,16:06:51,20210509
43,2010-04-04,CTS,USD,2010-04-28 00:00:00,2010-04-28 13:20:06,Q1,129400000,98900000.0,30500000.0,0.2357032457496136,4600000.0,19500000.0,0.0,-666000.0,24199999.99999999,123099999.99999999,235000.0,4400000.0,10700000.0,0.08268933539412673,6300000.0,0.04868624420401855,-500000.0,5700000.0,0.04404945904173107,1300000.0,4400000.0,0.03400309119010819,0.1268,0.1268,34700000,34700000,https://www.sec.gov/Archives/edgar/data/26058/000002605810000013/0000026058-10-000013-index.html,https://www.sec.gov/Archives/edgar/data/26058/000002605810000013/form10q.htm,1620590811,16:06:51,20210509
44,2009-12-31,CTS,USD,2010-02-23 00:00:00,2010-02-23 15:22:21,Q4,133888000,102940000.0,30948000.0,0.2311484225621415,3927000.0,18762000.0,0.0,0.0,22689000.0,125629000.0,263000.0,4612000.0,12871000.0,0.09613258843212237,8259000.0,0.06168588671128107,-127000.0,7907000.0,0.05905682361376673,3764000.0,4143000.0,0.030943773900573613,0.12008695652173913,0.12008695652173913,34500000,34500000,https://www.sec.gov/Archives/edgar/data/26058/000002605810000009/0000026058-10-000009-index.html,https://www.sec.gov/Archives/edgar/data/26058/000002605810000009/form10-k.htm,1620590811,16:06:51,20210509
45,2009-09-27,CTS,USD,2009-10-28 00:00:00,2009-10-28 14:00:41,Q3,126600000,100400000.0,26200000.0,0.20695102685624012,3400000.0,16500000.0,0.0,-629000.0,19899999.99999999,120299999.99999999,256000.0,4400000.0,10700000.0,0.08451816745655608,6300000.0,0.04976303317535545,-400000.0,5700000.0,0.045023696682464455,1200000.0,4500000.0,0.035545023696682464,0.13043,0.13043,34500000,34500000,https://www.sec.gov/Archives/edgar/data/26058/000002605809000035/0000026058-09-000035-index.html,https://www.sec.gov/Archives/edgar/data/26058/000002605809000035/form10q.htm,1620590811,16:06:51,20210509
46,2009-06-28,CTS,USD,2009-07-28 00:00:00,2009-07-28 11:50:33,Q2,120400000,98500000.0,21900000.0,0.1818936877076412,3500000.0,15200000.0,0.0,-465000.0,18700000.000000004,117200000.0,471000.0,5200000.0,8400000.0,0.06976744186046512,3200000.0,0.026578073089700997,0.0,2700000.0,0.022425249169435217,9700000.0,-7000000.0,-0.05813953488372093,-0.2071,-0.2071,33800000,33800000,https://www.sec.gov/Archives/edgar/data/26058/000002605809000022/0000026058-09-000022-index.html,https://www.sec.gov/Archives/edgar/data/26058/000002605809000022/form10q.htm,1620590811,16:06:51,20210509
47,2009-03-29,CTS,USD,2009-04-29 00:00:00,2009-04-29 16:45:22,Q1,118100000,98300000.0,19800000.0,0.1676545300592718,3400000.0,16600000.0,0.0,-1139000.0,55399999.99999999,153700000.0,888000.0,5300000.0,-30200000.0,-0.2557154953429297,-35500000.0,-0.3005927180355631,-300000.0,-36700000.0,-0.3107535986452159,-1000000.0,-35600000.0,-0.30143945808636746,-1.05638,-1.05638,33700000,33700000,https://www.sec.gov/Archives/edgar/data/26058/000002605809000014/0000026058-09-000014-index.html,https://www.sec.gov/Archives/edgar/data/26058/000002605809000014/form10q.htm,1620590811,16:06:51,20210509
48,2008-12-31,CTS,USD,2009-02-23 00:00:00,2009-02-23 16:40:08,Q4,162827000,133081000.0,29746000.0,0.1826846898855841,4730000.0,19353000.0,0.0,0.0,23864000.0,156945000.0,0.0,5721000.0,11603000.0,0.07125968051981552,5882000.0,0.03612423001099326,-1342000.0,4021000.0,0.0246949216039109,-1631000.0,5652000.0,0.03471168786503467,0.16771513353115727,0.16771513353115727,33700000,33700000,https://www.sec.gov/Archives/edgar/data/26058/000002605809000010/0000026058-09-000010-index.html,https://www.sec.gov/Archives/edgar/data/26058/000002605809000010/form10-k.htm,1620590811,16:06:51,20210509
49,2008-09-28,CTS,USD,2008-10-29 00:00:00,2008-10-29 15:42:16,Q3,170000000,136700000.0,33400000.0,0.19647058823529412,4500000.0,20800000.0,0.0,-922000.0,28400000.000000007,165100000.0,931000.0,5699999.999999999,10600000.0,0.06235294117647059,4900000.0,0.028823529411764706,-300000.0,3300000.0,0.019411764705882354,-3900000.0,7200000.0,0.042352941176470586,0.18848,0.18848,38200000,38200000,https://www.sec.gov/Archives/edgar/data/26058/000002605808000032/0000026058-08-000032-index.html,https://www.sec.gov/Archives/edgar/data/26058/000002605808000032/form10-q.htm,1620590811,16:06:51,20210509
50,2008-06-29,CTS,USD,2008-07-30 00:00:00,2008-07-30 12:39:54,Q2,186100000,145900000.0,40200000.0,0.21601289629231596,4800000.0,21500000.0,0.0,-854000.0,26400000.000000007,172300000.0,1058000.0,6800000.000000001,20600000.0,0.11069317571198281,13800000.0,0.07415368081676518,-300000.0,12100000.0,0.06501880709296078,2500000.0,9600000.0,0.05158516926383665,0.25197,0.25197,38100000,38100000,https://www.sec.gov/Archives/edgar/data/26058/000002605808000025/0000026058-08-000025-index.html,https://www.sec.gov/Archives/edgar/data/26058/000002605808000025/form10-q.htm,1620590811,16:06:51,20210509
51,2008-03-30,CTS,USD,2008-04-30 00:00:00,2008-04-30 13:29:52,Q1,172800000,138900000.0,33800000.0,0.19560185185185186,4300000.0,21000000.0,0.0,0.0,25500000.0,164400000.0,1059000.0,6000000.0,14400000.0,0.08333333333333333,8400000.0,0.04861111111111111,700000.0,7900000.0,0.045717592592592594,1600000.0,6300000.0,0.036458333333333336,0.16449,0.16449,38300000,38300000,https://www.sec.gov/Archives/edgar/data/26058/000002605808000016/0000026058-08-000016-index.html,https://www.sec.gov/Archives/edgar/data/26058/000002605808000016/form10-q.htm,1620590811,16:06:51,20210509
52,2007-12-31,CTS,USD,2008-02-28,2008-02-28 08:51:53,Q4,178273000,142656000.0,35617000.0,0.19978908752306856,3619000.0,20047000.0,0.0,0.0,23708000.0,166364000.0,0.0,6597000.0,18506000.0,0.10380708239610037,11909000.0,0.06680203956852693,-1669000.0,10013000.0,0.05616666573177093,2346000.0,7667000.0,0.04300707342110134,0.20018276762402087,0.20018276762402087,38300000,38300000,https://www.sec.gov/Archives/edgar/data/26058/000002605808000011/form10-k.htm,https://www.sec.gov/Archives/edgar/data/26058/000002605808000011/form10-k.htm,1620590811,16:06:51,20210509
53,2007-09-30,CTS,USD,2007-10-24 00:00:00,2007-10-24 12:14:21,Q3,174790000,140997000.0,33793000.0,0.19333485897362548,4055000.0,19821000.0,0.0,0.0,23876000.0,164873000.0,0.0,6485000.0,16402000.0,0.09383832027003833,9917000.0,0.05673665541506951,320000.0,9865000.0,0.05643915555809829,2071000.0,7794000.0,0.04459065163910979,0.22,0.2,35481000,39956000,https://www.sec.gov/Archives/edgar/data/26058/000002605807000075/0000026058-07-000075-index.html,https://www.sec.gov/Archives/edgar/data/26058/000002605807000075/form10-q.htm,1620590811,16:06:51,20210509
54,2007-07-01,CTS,USD,2007-07-31 00:00:00,2007-07-31 15:19:41,Q2,169600000,136700000.0,32900000.0,0.19398584905660377,4100000.0,20900000.0,0.0,-427000.0,25000000.0,161700000.0,681000.0,5800000.0,13700000.0,0.08077830188679246,7900000.0,0.04658018867924528,-200000.0,7500000.0,0.044221698113207544,1600000.0,5900000.0,0.0347877358490566,0.1464,0.1464,40300000,40300000,https://www.sec.gov/Archives/edgar/data/26058/000002605807000065/0000026058-07-000065-index.html,https://www.sec.gov/Archives/edgar/data/26058/000002605807000065/form10-q.htm,1620590811,16:06:51,20210509
55,2007-04-01,CTS,USD,2007-05-15 00:00:00,2007-05-15 17:17:23,Q1,163300000,132900000.0,30300000.0,0.1855480710349051,4100000.0,21200000.0,0.0,174000.0,25400000.000000007,158300000.0,691000.0,5800000.0,10700000.0,0.065523576240049,4900000.0,0.030006123698714023,400000.0,5100000.0,0.031230863441518677,1100000.0,4000000.0,0.02449479485609308,0.09901,0.09901,40400000,40400000,https://www.sec.gov/Archives/edgar/data/26058/000095013707007592/0000950137-07-007592-index.html,https://www.sec.gov/Archives/edgar/data/26058/000095013707007592/c13882e10vk.htm,1620590811,16:06:51,20210509
56,2006-12-31,CTS,USD,2007-05-15,2007-05-15 17:17:23,Q4,173520000,147590000.0,25930000.0,0.14943522360534808,3936000.0,15745000.0,0.0,0.0,19653000.0,167243000.0,0.0,5918000.0,12195000.0,0.07028008298755187,6277000.0,0.036174504379898574,303000.0,6258000.0,0.03606500691562932,514000.0,5744000.0,0.03310281235592439,0.14253101736972704,0.14253101736972704,40300000,40300000,https://www.sec.gov/Archives/edgar/data/26058/000095013707007592/c13882e10vk.htm,https://www.sec.gov/Archives/edgar/data/26058/000095013707007592/c13882e10vk.htm,1620590811,16:06:51,20210509
57,2006-10-01,CTS,USD,2006-11-03,2006-11-02 18:40:16,Q3,165700000,136600000.0,29100000.0,0.1756185878092939,3800000.0,16300000.0,0.0,-373000.0,20599999.999999993,157200000.0,803000.0,5800000.000000001,14300000.0,0.08630054315027158,8500000.0,0.051297525648762825,200000.0,8200000.0,0.049487024743512374,1900000.0,6200000.0,0.03741701870850935,0.15385,0.15385,40300000,40300000,https://www.sec.gov/Archives/edgar/data/26058/000002605806000056/form10-q.htm,https://www.sec.gov/Archives/edgar/data/26058/000002605806000056/form10-q.htm,1620590811,16:06:51,20210509
58,2006-07-02,CTS,USD,2006-07-27,2006-07-27 16:01:27,Q2,165900000,134200000.0,31800000.0,0.19168173598553345,4100000.0,19500000.0,0.0,-777000.0,24200000.00000002,158400000.00000003,1034000.0,6499999.999999999,14100000.0,0.08499095840867993,7600000.0,0.04581072935503315,100000.0,6800000.0,0.040988547317661245,1500000.0,5300000.0,0.031946955997588906,0.13217,0.13217,40100000,40100000,https://www.sec.gov/Archives/edgar/data/26058/000002605806000040/form10-q.htm,https://www.sec.gov/Archives/edgar/data/26058/000002605806000040/form10-q.htm,1620590811,16:06:51,20210509
59,2006-04-02,CTS,USD,2006-04-26,2006-04-26 14:00:22,Q1,150500000,120500000.0,30000000.0,0.19933554817275748,4100000.0,16900000.0,0.0,-983000.0,22400000.000000007,142900000.0,1111000.0,6700000.0,14300000.0,0.09501661129568106,7600000.0,0.0504983388704319,0.0,6600000.0,0.043853820598006646,1600000.0,5000000.0,0.03322259136212625,0.12438,0.12438,40200000,40200000,https://www.sec.gov/Archives/edgar/data/26058/000002605806000015/form10-k.htm,https://www.sec.gov/Archives/edgar/data/26058/000002605806000015/form10-k.htm,1620590811,16:06:51,20210509
60,2005-12-31,CTS,USD,2006-02-27,2006-02-27 16:20:47,Q4,154598000,121676000.0,32922000.0,0.21295230209963906,3762000.0,16276000.0,0.0,0.0,17779000.0,139455000.0,0.0,7233000.0,22376000.0,0.14473667188450046,15143000.0,0.09795081437017296,2192000.0,13973000.0,0.0903827992600163,5398000.0,8575000.0,0.055466435529567,0.20914634146341463,0.20914634146341463,41000000,41000000,https://www.sec.gov/Archives/edgar/data/26058/000002605806000015/form10-k.htm,https://www.sec.gov/Archives/edgar/data/26058/000002605806000015/form10-k.htm,1620590811,16:06:51,20210509
61,2005-10-02,CTS,USD,2005-10-26,2005-10-26 16:05:52,Q3,149200000,121000000.0,28300000.0,0.18967828418230562,4000000.0,16200000.0,0.0,-982000.0,19699999.99999999,140700000.0,1254000.0,6200000.000000001,14700000.0,0.0985254691689008,8500000.0,0.05697050938337802,0.0,7500000.0,0.05026809651474531,1600000.0,5900000.0,0.039544235924932974,0.1439,0.1439,41000000,41000000,https://www.sec.gov/Archives/edgar/data/26058/000095013705012909/c99368e10vq.htm,https://www.sec.gov/Archives/edgar/data/26058/000095013705012909/c99368e10vq.htm,1620590811,16:06:51,20210509
62,2005-07-03,CTS,USD,2005-07-29,2005-07-29 09:01:33,Q2,158300000,126100000.0,32300000.0,0.2040429564118762,4600000.0,17900000.0,0.0,-1512000.0,21900000.000000007,148000000.0,1582000.0,6800000.0,17100000.0,0.1080227416298168,10300000.0,0.06506632975363234,-300000.0,8800000.0,0.05559065066329753,4900000.0,3900000.0,0.024636765634870498,0.09353,0.09353,41700000,41700000,https://www.sec.gov/Archives/edgar/data/26058/000095013705009257/c97089e10vq.htm,https://www.sec.gov/Archives/edgar/data/26058/000095013705009257/c97089e10vq.htm,1620590811,16:06:51,20210509
63,2005-04-03,CTS,USD,2005-04-28,2005-04-28 09:00:32,Q1,155300000,127100000.0,28200000.0,0.18158403090792016,4800000.0,17800000.0,0.0,-1272000.0,22599999.999999993,149700000.0,1717000.0,6800000.0,12500000.0,0.08048937540244688,5700000.0,0.03670315518351577,0.0,4400000.0,0.028332260141661302,1000000.0,3400000.0,0.02189311010946555,0.08293,0.08293,41000000,41000000,https://www.sec.gov/Archives/edgar/data/26058/000002605805000006/form10k2004.htm,https://www.sec.gov/Archives/edgar/data/26058/000002605805000006/form10k2004.htm,1620590811,16:06:51,20210509
64,2004-12-31,CTS,USD,2005-03-04,2005-03-04 06:52:49,Q4,142496000,112578000.0,29918000.0,0.20995677071637098,4813000.0,15969000.0,0.0,0.0,20181000.0,132759000.0,0.0,6432000.0,16169000.0,0.11346985178531327,9737000.0,0.06833174264540759,346000.0,8595000.0,0.0603174825960027,1977000.0,6618000.0,0.04644340893779474,0.1818131868131868,0.1818131868131868,36400000,36400000,https://www.sec.gov/Archives/edgar/data/26058/000002605805000006/form10k2004.htm,https://www.sec.gov/Archives/edgar/data/26058/000002605805000006/form10k2004.htm,1620590811,16:06:51,20210509
65,2004-09-26,CTS,USD,2004-10-19,2004-10-19 17:01:47,Q3,129000000,102700000.0,26300000.0,0.20387596899224805,4700000.0,16000000.0,0.0,-762000.0,20500000.0,123200000.0,1118000.0,5699999.999999999,11600000.0,0.08992248062015504,5900000.0,0.04573643410852713,200000.0,5100000.0,0.03953488372093023,1200000.0,3900000.0,0.030232558139534883,0.10714,0.10714,36400000,36400000,https://www.sec.gov/Archives/edgar/data/26058/000002605804000062/form10q-3qtr2004.htm,https://www.sec.gov/Archives/edgar/data/26058/000002605804000062/form10q-3qtr2004.htm,1620590811,16:06:51,20210509
66,2004-06-27,CTS,USD,2004-07-21 00:00:00,2004-07-21 17:06:04,Q2,137600000,108700000.0,28900000.0,0.21002906976744187,4700000.0,16600000.0,0.0,-1758000.0,18299999.999999996,127000000.0,1590000.0,6700000.0,17300000.0,0.1257267441860465,10600000.0,0.07703488372093023,-400000.0,8900000.0,0.06468023255813954,2000000.0,6900000.0,0.0501453488372093,0.19008,0.19008,36300000,36300000,https://www.sec.gov/Archives/edgar/data/26058/000002605804000055/0000026058-04-000055-index.html,https://www.sec.gov/Archives/edgar/data/26058/000002605804000055/form10q-2qtr2004.htm,1620590811,16:06:51,20210509
67,2004-03-28,CTS,USD,2004-04-23,2004-04-22 18:04:22,Q1,122100000,97500000.0,24600000.0,0.20147420147420148,4900000.0,14900000.0,0.0,-1549000.0,19700000.000000004,117200000.0,1533000.0,7300000.0,12200000.0,0.09991809991809991,4900000.0,0.04013104013104013,-100000.0,3400000.0,0.027846027846027847,800000.0,2500000.0,0.020475020475020474,0.06906,0.06906,36200000,36200000,https://www.sec.gov/Archives/edgar/data/26058/000002605804000016/form10k2003.htm,https://www.sec.gov/Archives/edgar/data/26058/000002605804000016/form10k2003.htm,1620590811,16:06:51,20210509
68,2003-12-31,CTS,USD,2004-02-20,2004-02-19 18:17:25,Q4,132025000,104571000.0,27454000.0,0.2079454648740769,5393000.0,14692000.0,0.0,0.0,20085000.0,124656000.0,0.0,8118000.0,15487000.0,0.11730354099602348,7369000.0,0.05581518651770498,-560000.0,5263000.0,0.039863662185192196,1316000.0,3947000.0,0.02989585305813293,0.10903314917127072,0.10903314917127072,36200000,36200000,https://www.sec.gov/Archives/edgar/data/26058/000002605804000016/form10k2003.htm,https://www.sec.gov/Archives/edgar/data/26058/000002605804000016/form10k2003.htm,1620590811,16:06:51,20210509
69,2003-09-28,CTS,USD,2003-10-29,2003-10-29 09:16:41,Q3,108500000,84800000.0,23700000.0,0.2184331797235023,5100000.0,14700000.0,0.0,-1766000.0,24400000.000000007,109200000.0,2139000.0,8200000.0,7500000.0,0.06912442396313365,-700000.0,-0.0064516129032258064,300000.0,-2400000.0,-0.022119815668202765,-8500000.0,6100000.0,0.05622119815668203,0.17232,0.17232,35400000,35400000,https://www.sec.gov/Archives/edgar/data/26058/000002605803000034/form10q-3qtr2003.htm,https://www.sec.gov/Archives/edgar/data/26058/000002605803000034/form10q-3qtr2003.htm,1620590811,16:06:51,20210509
70,2003-06-29,CTS,USD,2003-07-25,2003-07-25 11:34:43,Q2,116700000,92200000.0,24500000.0,0.2099400171379606,5400000.0,14600000.0,0.0,-1863000.0,20000000.0,112200000.0,1899000.0,8500000.0,13000000.0,0.11139674378748929,4500000.0,0.038560411311053984,-100000.0,2600000.0,0.022279348757497857,700000.0,2000000.0,0.01713796058269066,0.0578,0.0578,34600000,34600000,https://www.sec.gov/Archives/edgar/data/26058/000002605803000026/form10q-2qtr2003.htm,https://www.sec.gov/Archives/edgar/data/26058/000002605803000026/form10q-2qtr2003.htm,1620590811,16:06:51,20210509
71,2003-03-30,CTS,USD,2003-04-23,2003-04-23 16:32:53,Q1,105800000,84700000.0,21100000.0,0.1994328922495274,5600000.0,12800000.0,0.0,-1833000.0,18500000.0,103200000.0,1972000.0,8800000.0,11400000.0,0.10775047258979206,2600000.0,0.024574669187145556,100000.0,800000.0,0.007561436672967864,200000.0,600000.0,0.005671077504725898,0.01749,0.01749,34300000,34300000,https://www.sec.gov/Archives/edgar/data/26058/000002605803000010/form10q-1qtr2003.htm,https://www.sec.gov/Archives/edgar/data/26058/000002605803000010/form10q-1qtr2003.htm,1620590811,16:06:51,20210509
72,2002-12-31,CTS,USD,2002-12-31,2002-12-31,Q4,116542000,93185000.0,23357000.0,0.20041701704106674,5574000.0,14806000.0,0.0,0.0,20380000.0,113565000.0,0.0,9953000.0,12930000.0,0.11094712635787957,2977000.0,0.02554443891472602,131000.0,727000.0,0.006238094420895471,182000.0,545000.0,0.0046764256662834,0.015889212827988337,0.015889212827988337,34300000,34300000,,,1620590811,16:06:51,20210509
73,2002-09-29,CTS,USD,2002-10-25 00:00:00,2002-10-24 17:44:45,Q3,110900000,87100000.0,23900000.0,0.21550946798917944,5400000.0,16700000.0,0.0,0.0,40300000.00000001,127400000.00000001,-2100000.0,10500000.0,-6000000.0,-0.05410279531109107,-16500000.0,-0.14878268710550044,200000.0,-18400000.0,-0.1659152389540126,-4600000.0,-13800000.0,-0.12443642921550947,-0.41071,-0.41071,33600000,33600000,https://www.sec.gov/Archives/edgar/data/26058/000095013702005556/0000950137-02-005556-index.html,https://www.sec.gov/Archives/edgar/data/26058/000095013702005556/c72559e10vq.txt,1620590811,16:06:51,20210509
74,2002-06-30,CTS,USD,2002-07-24 00:00:00,2002-07-24 16:21:33,Q2,117725000,96616000.0,21109000.0,0.179307708643024,6021000.0,16563000.0,0.0,0.0,22584000.0,119200000.0,0.0,11625000.0,10150000.0,0.08621788065406669,-1475000.0,-0.012529199405393926,706000.0,-3565000.0,-0.030282437884901252,-892000.0,-2673000.0,-0.022705457634317264,-0.08,-0.08,33300000,33300000,https://www.sec.gov/Archives/edgar/data/26058/000002605802000030/0000026058-02-000030-index.html,https://www.sec.gov/Archives/edgar/data/26058/000002605802000030/cts2ndq10q.txt,1620590811,16:06:51,20210509
75,2002-03-31,CTS,USD,2002-04-30 00:00:00,2002-04-30 15:55:17,Q1,112593000,89915000.0,22678000.0,0.20141571856154467,7133000.0,15317000.0,0.0,0.0,22450000.0,112365000.0,0.0,11228000.0,11456000.0,0.10174700025756486,228000.0,0.0020249926727238816,-174000.0,-2534000.0,-0.022505839617027703,-633000.0,-1901000.0,-0.01688382048617587,-0.06,-0.06,31802000,31802000,https://www.sec.gov/Archives/edgar/data/26058/000002605802000018/0000026058-02-000018-index.html,https://www.sec.gov/Archives/edgar/data/26058/000002605802000018/firstq10-qapril302002.txt,1620590811,16:06:51,20210509
76,2001-12-31,CTS,USD,2001-12-31,2001-12-31,Q4,125790000,106544000.0,19246000.0,0.1530010334684792,7376000.0,17831000.0,0.0,0.0,26901000.0,133445000.0,0.0,11816000.0,4161000.0,0.033078941092296685,-7655000.0,-0.06085539391048573,-25072000.0,-36003000.0,-0.28621512043882663,-8994000.0,-27009000.0,-0.21471500119246362,-0.8492862084145651,-0.8492862084145651,31802000,31802000,,,1620590811,16:06:51,20210509
77,2001-09-30,CTS,USD,2001-11-05 00:00:00,2001-11-05 00:00:00,Q3,131153000,102551000.0,28602000.0,0.21808117237120006,8118000.0,19669000.0,0.0,0.0,29488000.0,132039000.0,0.0,13858000.0,12972000.0,0.09890738298018345,-886000.0,-0.00675546880361105,-462000.0,-3853000.0,-0.02937790214482322,-963000.0,-2890000.0,-0.022035332779273064,-0.1,-0.1,28495000,28495000,https://www.sec.gov/Archives/edgar/data/26058/000002605801500031/0000026058-01-500031-index.html,https://www.sec.gov/Archives/edgar/data/26058/000002605801500031/edgr3rdq2001.txt,1620590811,16:06:51,20210509
78,2001-07-01,CTS,USD,2001-08-06 00:00:00,2001-08-06 00:00:00,Q2,143700000,120800000.0,22900000.0,0.1593597773138483,7500000.0,19300000.0,0.0,0.0,42600000.00000001,163400000.0,-3100000.0,12300000.0,-7400000.0,-0.05149617258176757,-19700000.0,-0.1370911621433542,-100000.0,-22900000.0,-0.1593597773138483,-5700000.0,-17200000.0,-0.11969380654140571,-0.62094,-0.62094,27700000,27700000,https://www.sec.gov/Archives/edgar/data/26058/000002605801500012/0000026058-01-500012-index.html,https://www.sec.gov/Archives/edgar/data/26058/000002605801500012/secondqtr10q.txt,1620590811,16:06:51,20210509
79,2001-04-01,CTS,USD,2001-04-27 00:00:00,2001-04-27 00:00:00,Q1,177000000,136400000.0,40600000.0,0.22937853107344633,9800000.0,23400000.0,0.0,0.0,34799999.99999998,171199999.99999997,-3200000.0,13700000.0,19500000.0,0.11016949152542373,5800000.0,0.0327683615819209,-300000.0,2300000.0,0.012994350282485875,600000.0,1700000.0,0.0096045197740113,0.05903,0.05903,28800000,28800000,https://www.sec.gov/Archives/edgar/data/26058/000002605801500003/0000026058-01-500003-index.html,https://www.sec.gov/Archives/edgar/data/26058/000002605801500003/f10q.txt,1620590811,16:06:51,20210509
80,2000-12-31,CTS,USD,2000-12-31,2000-12-31,Q4,233394000,152659000.0,80735000.0,0.34591720438400303,8524000.0,25493000.0,0.0,0.0,45334000.0,197993000.0,0.0,11317000.0,46718000.0,0.20016795633135384,35401000.0,0.1516791348535095,-341000.0,31637000.0,0.1355518993633084,8858000.0,22779000.0,0.09759890999768632,0.8106405693950178,0.8106405693950178,28100000,28100000,,,1620590811,16:06:51,20210509
81,2000-10-01,CTS,USD,2000-11-14 00:00:00,2000-11-14 00:00:00,Q3,222100000,159300000.0,62800000.0,0.28275551553354344,8200000.0,21700000.0,0.0,0.0,31500000.0,190800000.0,-3000000.0,11700000.0,43000000.0,0.19360648356596127,31300000.0,0.1409275101305718,1300000.0,29600000.0,0.13327330031517334,8300000.0,21300000.0,0.09590274651058082,0.75801,0.75801,28100000,28100000,https://www.sec.gov/Archives/edgar/data/26058/000002605800000022/0000026058-00-000022-index.html,https://www.sec.gov/Archives/edgar/data/26058/000002605800000022/0000026058-00-000022-0001.txt,1620590811,16:06:51,20210509
82,2000-07-02,CTS,USD,2000-08-14 00:00:00,2000-08-14 00:00:00,Q2,206600000,142100000.0,64500000.0,0.3121974830590513,8000000.0,24100000.0,0.0,0.0,33300000.00000001,175400000.0,-2800000.0,11100000.000000002,42400000.0,0.20522749273959343,31300000.0,0.15150048402710553,0.0,28400000.0,0.13746369796708616,8000000.0,20500000.0,0.09922555663117134,0.71429,0.71429,28700000,28700000,https://www.sec.gov/Archives/edgar/data/26058/000002605800000017/0000026058-00-000017-index.html,https://www.sec.gov/Archives/edgar/data/26058/000002605800000017/0000026058-00-000017-0001.txt,1620590811,16:06:51,20210509
83,2000-04-02,CTS,USD,2000-05-15 00:00:00,2000-05-15 00:00:00,Q1,204500000,141600000.0,62800000.0,0.30709046454767724,7900000.0,23200000.0,0.0,0.0,32200000.00000002,173800000.00000003,-3000000.0,10200000.0,40900000.0,0.2,30700000.0,0.15012224938875304,-200000.0,27500000.0,0.13447432762836187,7700000.0,19200000.0,0.0938875305623472,0.66207,0.66207,29000000,29000000,https://www.sec.gov/Archives/edgar/data/26058/000002605800000013/0000026058-00-000013-index.html,https://www.sec.gov/Archives/edgar/data/26058/0000026058-00-000013.txt,1620590811,16:06:51,20210509
84,1999-12-31,CTS,USD,1999-12-31,1999-12-31,Q4,198700000,130400000.0,68300000.0,0.34373427277302465,7500000.0,22100000.0,0.0,0.0,38300000.0,168700000.0,0.0,8700000.0,38700000.0,0.19476597886260694,30000000.0,0.1509813789632612,-200000.0,27200000.0,0.13688978359335682,8300000.0,18900000.0,0.09511826874685456,0.6608391608391608,0.6608391608391608,28600000,28600000,,,1620590811,16:06:51,20210509
85,1999-10-03,CTS,USD,1999-11-10 00:00:00,1999-11-10 00:00:00,Q3,180200000,125200000.0,55000000.0,0.3052164261931188,6600000.0,21300000.0,0.0,0.0,29100000.00000001,154300000.0,-2700000.0,7899999.999999999,33800000.0,0.18756936736958935,25900000.0,0.1437291897891232,-400000.0,22800000.0,0.12652608213096558,6800000.0,15900000.0,0.08823529411764706,0.55594,0.55594,28600000,28600000,https://www.sec.gov/Archives/edgar/data/26058/000100547799005101/0001005477-99-005101-index.html,https://www.sec.gov/Archives/edgar/data/26058/0001005477-99-005101.txt,1620590811,16:06:51,20210509
86,1999-07-04,CTS,USD,1999-08-18 00:00:00,1999-08-18 00:00:00,Q2,177800000,125100000.0,52700000.0,0.296400449943757,6600000.0,21600000.0,0.0,0.0,29099999.999999993,154200000.0,-2700000.0,11000000.0,34600000.0,0.19460067491563554,23600000.0,0.1327334083239595,0.0,20900000.0,0.11754780652418448,6400000.0,14500000.0,0.08155230596175478,0.50877,0.50877,28500000,28500000,https://www.sec.gov/Archives/edgar/data/26058/000002605899000019/0000026058-99-000019-index.html,https://www.sec.gov/Archives/edgar/data/26058/0000026058-99-000019.txt,1620590811,16:06:51,20210509
87,1999-04-04,CTS,USD,1999-05-19 00:00:00,1999-05-19 00:00:00,Q1,120300000,83200000.0,37200000.0,0.3092269326683292,4700000.0,15900000.0,0.0,0.0,33800000.0,117000000.0,-1000000.0,6300000.0,9600000.0,0.0798004987531172,3300000.0,0.02743142144638404,900000.0,3200000.0,0.02660016625103907,1100000.0,2200000.0,0.01828761429758936,0.07666,0.07666,28700000,28700000,https://www.sec.gov/Archives/edgar/data/26058/000002605899000017/0000026058-99-000017-index.html,https://www.sec.gov/Archives/edgar/data/26058/0000026058-99-000017.txt,1620590811,16:06:51,20210509
88,1998-12-31,CTS,USD,1998-12-31,1998-12-31,Q4,13200000,-9300000.0,22500000.0,1.7045454545454546,3200000.0,5400000.0,0.0,0.0,14200000.0,4900000.0,0.0,5600000.0,13900000.0,1.053030303030303,8300000.0,0.6287878787878788,100000.0,9800000.0,0.7424242424242424,2300000.0,10900000.0,0.8257575757575758,0.38380281690140844,0.38380281690140844,28400000,28400000,,,1620590811,16:06:51,20210509
89,1998-09-27,CTS,USD,1998-11-10 00:00:00,1998-11-10 00:00:00,Q3,83800000,57400000.0,26300000.0,0.3138424821002387,3000000.0,11700000.0,0.0,0.0,14800000.000000004,72200000.0,-300000.0,4000000.0,15500000.0,0.18496420047732698,11500000.0,0.13723150357995226,-100000.0,11200000.0,0.13365155131264916,3400000.0,8200000.0,0.09785202863961814,0.28873,0.28873,28400000,28400000,https://www.sec.gov/Archives/edgar/data/26058/000002605898000020/0000026058-98-000020-index.html,https://www.sec.gov/Archives/edgar/data/26058/0000026058-98-000020.txt,1620590811,16:06:51,20210509
90,1998-06-28,CTS,USD,1998-08-12 00:00:00,1998-08-12 00:00:00,Q2,99300000,68100000.0,31200000.0,0.31419939577039274,3600000.0,14200000.0,0.0,0.0,17800000.00000001,85900000.00000001,-400000.0,4000000.0,17400000.0,0.17522658610271905,13400000.0,0.13494461228600202,200000.0,13200000.0,0.13293051359516617,4300000.0,9700000.0,0.09768378650553877,0.33219,0.33219,29200000,29200000,https://www.sec.gov/Archives/edgar/data/26058/000002605898000010/0000026058-98-000010-index.html,https://www.sec.gov/Archives/edgar/data/26058/0000026058-98-000010.txt,1620590811,16:06:51,20210509
91,1998-03-29,CTS,USD,1998-05-12 00:00:00,1998-05-12 00:00:00,Q1,94000000,67700000.0,26400000.0,0.28085106382978725,3300000.0,12700000.0,0.0,0.0,16000000.0,83700000.0,-100000.0,4000000.0,14300000.0,0.15212765957446808,10300000.0,0.10957446808510639,900000.0,11200000.0,0.11914893617021277,3800000.0,8700000.0,0.0925531914893617,0.27974,0.27974,31100000,31100000,https://www.sec.gov/Archives/edgar/data/26058/000002605898000007/0000026058-98-000007-index.html,https://www.sec.gov/Archives/edgar/data/26058/0000026058-98-000007.txt,1620590811,16:06:51,20210509
92,1997-12-31,CTS,USD,1997-12-31,1997-12-31,Q4,126500000,84400000.0,42100000.0,0.33280632411067196,4100000.0,16700000.0,0.0,0.0,26600000.0,111000000.0,0.0,5800000.0,21300000.0,0.1683794466403162,15500000.0,0.1225296442687747,-15900000.0,-1600000.0,-0.012648221343873518,-1300000.0,-300000.0,-0.0023715415019762848,-0.00964630225080386,-0.00964630225080386,31100000,31100000,,,1620590811,16:06:51,20210509
93,1997-09-28,CTS,USD,1997-11-12 00:00:00,1997-11-12 00:00:00,Q3,90000000,64800000.0,25200000.0,0.28,3100000.0,10400000.0,0.0,0.0,13600000.00000001,78400000.00000001,-1000000.0,3599999.9999999995,15200000.0,0.1688888888888889,11600000.0,0.1288888888888889,1600000.0,12200000.0,0.13555555555555557,4500000.0,7700000.0,0.08555555555555555,0.24138,0.24138,31900000,31900000,https://www.sec.gov/Archives/edgar/data/26058/000002605897000011/0000026058-97-000011-index.html,https://www.sec.gov/Archives/edgar/data/26058/0000026058-97-000011.txt,1620590811,16:06:51,20210509
94,1997-06-29,CTS,USD,1997-08-12 00:00:00,1997-08-12 00:00:00,Q2,107500000,78600000.0,28800000.0,0.26790697674418606,3100000.0,12000000.0,0.0,0.0,15200000.000000004,93800000.0,-400000.0,3800000.0,17500000.0,0.16279069767441862,13700000.0,0.12744186046511627,100000.0,13400000.0,0.12465116279069767,5000000.0,8500000.0,0.07906976744186046,0.26814,0.26814,31700000,31700000,https://www.sec.gov/Archives/edgar/data/26058/000002605897000010/0000026058-97-000010-index.html,https://www.sec.gov/Archives/edgar/data/26058/0000026058-97-000010.txt,1620590811,16:06:51,20210509
95,1997-03-30,CTS,USD,1997-04-22 00:00:00,1997-04-22 00:00:00,Q1,91300000,66000000.0,25300000.0,0.27710843373493976,3000000.0,11800000.0,0.0,0.0,14799999.999999996,80800000.0,-300000.0,3800000.0,14300000.0,0.1566265060240964,10500000.0,0.11500547645125958,800000.0,11000000.0,0.12048192771084337,4100000.0,7000000.0,0.07667031763417305,0.22152,0.22152,31600000,31600000,https://www.sec.gov/Archives/edgar/data/26058/000002605897000003/0000026058-97-000003-index.html,https://www.sec.gov/Archives/edgar/data/26058/0000026058-97-000003.txt,1620590811,16:06:51,20210509
96,1996-12-31,CTS,USD,1996-12-31,1996-12-31,Q4,80800000,52800000.0,28000000.0,0.3465346534653465,0.0,14300000.0,0.0,0.0,17200000.0,70000000.0,0.0,2900000.0,13700000.0,0.16955445544554457,10800000.0,0.13366336633663367,-400000.0,10100000.0,0.125,3700000.0,6400000.0,0.07920792079207921,0.20253164556962025,0.20253164556962025,31600000,31600000,,,1620590811,16:06:51,20210509
97,1996-09-29,CTS,USD,1996-11-12 00:00:00,1996-11-12 00:00:00,Q3,76500000,55700000.0,20700000.0,0.27058823529411763,2900000.0,10000000.0,0.0,0.0,12899999.99999999,68599999.99999999,-300000.0,3099999.9999999995,10900000.0,0.14248366013071895,7800000.0,0.10196078431372549,500000.0,8000000.0,0.10457516339869281,3000000.0,5100000.0,0.06666666666666667,0.16139,0.16139,31600000,31600000,https://www.sec.gov/Archives/edgar/data/26058/000002605896000004/0000026058-96-000004-index.html,https://www.sec.gov/Archives/edgar/data/26058/0000026058-96-000004.txt,1620590811,16:06:51,20210509
98,1996-06-30,CTS,USD,1996-08-07 00:00:00,1996-08-07 00:00:00,Q2,83800000,58700000.0,25100000.0,0.29952267303102625,0.0,13700000.0,0.0,0.0,16900000.0,75600000.0,0.0,3200000.0,11400000.0,0.1360381861575179,8200000.0,0.09785202863961814,600000.0,8400000.0,0.10023866348448687,3100000.0,5300000.0,0.06324582338902147,0.17,0.17,31176471,31176471,https://www.sec.gov/Archives/edgar/data/26058/000002605896000003/0000026058-96-000003-index.html,https://www.sec.gov/Archives/edgar/data/26058/0000026058-96-000003.txt,1620590811,16:06:51,20210509
99,1996-03-31,CTS,USD,1996-05-13 00:00:00,1996-05-13 00:00:00,Q1,80200000,57100000.0,23100000.0,0.2880299251870324,0.0,13200000.0,0.0,0.0,16500000.0,73600000.0,0.0,3300000.0,9900000.0,0.12344139650872818,6600000.0,0.08229426433915212,900000.0,7000000.0,0.08728179551122195,2600000.0,4400000.0,0.05486284289276808,0.14,0.14,31428571,31428571,https://www.sec.gov/Archives/edgar/data/26058/000002605896000002/0000026058-96-000002-index.html,https://www.sec.gov/Archives/edgar/data/26058/0000026058-96-000002.txt,1620590811,16:06:51,20210509
100,1995-12-31,CTS,USD,1995-12-31,1995-12-31,Q4,73900000,51500000.0,22400000.0,0.30311231393775373,0.0,10900000.0,0.0,0.0,13300000.0,64800000.0,0.0,2400000.0,11500000.0,0.15561569688768606,9100000.0,0.12313937753721245,300000.0,9100000.0,0.12313937753721245,4000000.0,5100000.0,0.06901217861975643,0.16346153846153846,0.16346153846153846,31200000,31200000,,,1620590811,16:06:51,20210509
101,1995-10-01,CTS,USD,1995-11-13 00:00:00,1995-11-13 00:00:00,Q3,73900000,55500000.0,18300000.0,0.2476319350473613,2000000.0,10000000.0,0.0,0.0,12000000.0,67500000.0,-400000.0,3000000.000000001,9400000.0,0.12719891745602166,6400000.0,0.08660351826792964,700000.0,6700000.0,0.09066305818673884,2500000.0,4200000.0,0.056833558863328824,0.13462,0.13462,31200000,31200000,https://www.sec.gov/Archives/edgar/data/26058/000002605895000016/0000026058-95-000016-index.html,https://www.sec.gov/Archives/edgar/data/26058/0000026058-95-000016.txt,1620590811,16:06:51,20210509
102,1995-06-30,CTS,USD,1995-08-11 00:00:00,1995-08-11 00:00:00,Q2,76400000,54200000.0,22200000.0,0.2905759162303665,0.0,12100000.0,0.0,0.0,15200000.0,69400000.0,0.0,3100000.0,10100000.0,0.13219895287958114,7000000.0,0.09162303664921466,500000.0,7100000.0,0.09293193717277487,2500000.0,4600000.0,0.060209424083769635,0.15,0.15,30666667,30666667,https://www.sec.gov/Archives/edgar/data/26058/000002605895000015/0000026058-95-000015-index.html,https://www.sec.gov/Archives/edgar/data/26058/0000026058-95-000015.txt,1620590811,16:06:51,20210509
103,1995-04-02,CTS,USD,1995-05-12 00:00:00,1995-05-12 00:00:00,Q1,76000000,58700000.0,17300000.0,0.22763157894736843,2300000.0,10100000.0,0.0,0.0,12399999.99999999,71099999.99999999,-500000.0,3200000.0,8100000.0,0.10657894736842105,4900000.0,0.06447368421052632,500000.0,4900000.0,0.06447368421052632,1600000.0,3300000.0,0.04342105263157895,0.10611,0.10611,31100000,31100000,https://www.sec.gov/Archives/edgar/data/26058/000002605895000006/0000026058-95-000006-index.html,https://www.sec.gov/Archives/edgar/data/26058/0000026058-95-000006.txt,1620590811,16:06:51,20210509
104,1994-12-31,CTS,USD,1994-12-31,1994-12-31,Q4,67800000,51900000.0,15900000.0,0.2345132743362832,0.0,6200000.0,0.0,0.0,8600000.0,60500000.0,0.0,2400000.0,9700000.0,0.1430678466076696,7300000.0,0.10766961651917405,600000.0,7700000.0,0.11356932153392331,3100000.0,4600000.0,0.06784660766961652,0.14838709677419354,0.14838709677419354,31000000,31000000,,,1620590811,16:06:51,20210509
105,1994-10-02,CTS,USD,1994-11-14 00:00:00,1994-11-14 00:00:00,Q3,66000000,50900000.0,15100000.0,0.2287878787878788,1400000.0,9300000.0,0.0,0.0,10700000.000000004,61600000.0,-100000.0,2900000.0000000005,7300000.0,0.11060606060606061,4400000.0,0.06666666666666667,400000.0,4700000.0,0.07121212121212121,1700000.0,3000000.0,0.045454545454545456,0.09677,0.09677,31000000,31000000,https://www.sec.gov/Archives/edgar/data/26058/000002605894000015/0000026058-94-000015-index.html,https://www.sec.gov/Archives/edgar/data/26058/0000026058-94-000015.txt,1620590811,16:06:51,20210509
106,1994-07-03,CTS,USD,1994-08-09 00:00:00,1994-08-09 00:00:00,Q2,70600000,53500000.0,17200000.0,0.24362606232294617,1500000.0,10100000.0,0.0,0.0,11599999.999999994,65099999.99999999,-200000.0,3000000.0000000005,8500000.0,0.12039660056657224,5500000.0,0.07790368271954674,200000.0,5600000.0,0.07932011331444759,1700000.0,3900000.0,0.05524079320113314,0.12581,0.12581,31000000,31000000,https://www.sec.gov/Archives/edgar/data/26058/000002605894000012/0000026058-94-000012-index.html,https://www.sec.gov/Archives/edgar/data/26058/0000026058-94-000012.txt,1620590811,16:06:51,20210509
107,1994-04-03,CTS,USD,1994-05-11 00:00:00,1994-05-11 00:00:00,Q1,64400000,48800000.0,15600000.0,0.2422360248447205,1500000.0,10600000.0,0.0,0.0,12000000.0,60800000.0,-200000.0,2900000.0,6500000.0,0.10093167701863354,3600000.0,0.055900621118012424,200000.0,3600000.0,0.055900621118012424,1100000.0,2500000.0,0.03881987577639751,0.08065,0.08065,31000000,31000000,https://www.sec.gov/Archives/edgar/data/26058/000002605894000010/0000026058-94-000010-index.html,https://www.sec.gov/Archives/edgar/data/26058/0000026058-94-000010.txt,1620590811,16:06:51,20210509
108,1993-12-31,CTS,USD,1994-03-22,1994-03-22,Q4,55800000,41300000.0,14500000.0,0.25985663082437277,0.0,0.0,0.0,0.0,11300000.0,52600000.0,0.0,2800000.0,6000000.0,0.10752688172043011,3200000.0,0.05734767025089606,0.0,3100000.0,0.05555555555555555,1100000.0,0.0,0.0,0.0,0.0,27500000,27500000,https://www.sec.gov/Archives/edgar/data/26058/0000026058-94-000007-index.html,https://www.sec.gov/Archives/edgar/data/26058/,1620590811,16:06:51,20210509
109,1993-09-30,CTS,USD,1993-09-30,1993-09-30,Q3,58100000,41600000.0,16500000.0,0.28399311531841653,0.0,8100000.0,0.0,0.0,14300000.0,55900000.0,0.0,3000000.0,5200000.0,0.08950086058519793,2200000.0,0.0378657487091222,0.0,1900000.0,0.03270223752151463,800000.0,1100000.0,0.0189328743545611,0.04,0.04,27500000,27500000,,,1620590811,16:06:51,20210509
110,1993-06-30,CTS,USD,1993-06-30,1993-06-30,Q2,62600000,46800000.0,15800000.0,0.2523961661341853,0.0,9700000.0,0.0,0.0,12800000.0,59600000.0,0.0,3100000.0,6100000.0,0.09744408945686901,3000000.0,0.04792332268370607,0.0,2800000.0,0.04472843450479233,1000000.0,1800000.0,0.02875399361022364,0.06,0.06,30000000,30000000,,,1620590811,16:06:51,20210509
111,1993-03-31,CTS,USD,1993-03-31,1993-03-31,Q1,60400000,44600000.0,15800000.0,0.26158940397350994,0.0,10000000.0,0.0,0.0,13200000.0,57800000.0,0.0,3200000.0,5800000.0,0.09602649006622517,2600000.0,0.04304635761589404,200000.0,2600000.0,0.04304635761589404,800000.0,-2800000.0,-0.046357615894039736,-0.09,-0.09,31111111,31111111,,,1620590811,16:06:51,20210509
112,1992-12-31,CTS,USD,1992-12-31,1992-12-31,Q4,54200000,42500000.0,11700000.0,0.2158671586715867,0.0,0.0,0.0,0.0,11000000.0,53500000.0,0.0,2300000.0,3000000.0,0.055350553505535055,700000.0,0.012915129151291513,800000.0,1200000.0,0.02214022140221402,900000.0,300000.0,0.005535055350553505,0.010714285714285714,0.010714285714285714,28000000,28000000,,,1620590811,16:06:51,20210509
113,1992-09-30,CTS,USD,1992-09-30,1992-09-30,Q3,56200000,43300000.0,12900000.0,0.22953736654804271,0.0,9400000.0,0.0,0.0,12200000.0,55500000.0,0.0,2800000.0,3500000.0,0.06227758007117438,700000.0,0.012455516014234875,0.0,300000.0,0.005338078291814947,100000.0,200000.0,0.0035587188612099642,0.01,0.01,28000000,28000000,,,1620590811,16:06:51,20210509
114,1992-06-30,CTS,USD,1992-06-30,1992-06-30,Q2,57700000,44300000.0,13400000.0,0.2322357019064125,0.0,9800000.0,0.0,0.0,13100000.0,57400000.0,0.0,3200000.0,3500000.0,0.060658578856152515,300000.0,0.005199306759098787,900000.0,1000000.0,0.01733102253032929,500000.0,500000.0,0.008665511265164644,0.02,0.02,25000000,25000000,,,1620590811,16:06:51,20210509
115,1992-03-31,CTS,USD,1992-03-31,1992-03-31,Q1,59300000,44400000.0,14900000.0,0.25126475548060706,0.0,10000000.0,0.0,0.0,13400000.0,57800000.0,0.0,3400000.0,4900000.0,0.08263069139966273,1500000.0,0.025295109612141653,0.0,1300000.0,0.021922428330522766,400000.0,900000.0,0.01517706576728499,0.03,0.03,30000000,30000000,,,1620590811,16:06:51,20210509
116,1991-12-31,CTS,USD,1991-12-31,1991-12-31,Q4,56200000,43700000.0,12500000.0,0.22241992882562278,0.0,0.0,0.0,0.0,11900000.0,55600000.0,0.0,3000000.0,3600000.0,0.06405693950177936,600000.0,0.010676156583629894,600000.0,800000.0,0.014234875444839857,400000.0,400000.0,0.0071174377224199285,0.012307692307692308,0.012307692307692308,32500000,32500000,,,1620590811,16:06:51,20210509
117,1991-09-30,CTS,USD,1991-09-30,1991-09-30,Q3,58000000,44400000.0,13600000.0,0.23448275862068965,0.0,8500000.0,0.0,0.0,11900000.0,56300000.0,0.0,3300000.0,5000000.0,0.08620689655172414,1700000.0,0.029310344827586206,300000.0,1800000.0,0.03103448275862069,500000.0,1300000.0,0.022413793103448276,0.04,0.04,32500000,32500000,,,1620590811,16:06:51,20210509
118,1991-06-30,CTS,USD,1991-06-30,1991-06-30,Q2,59400000,44700000.0,14700000.0,0.2474747474747475,0.0,9300000.0,0.0,0.0,12700000.0,57400000.0,0.0,3500000.0,5500000.0,0.09259259259259259,2000000.0,0.03367003367003367,300000.0,2100000.0,0.03535353535353535,600000.0,1500000.0,0.025252525252525252,0.05,0.05,30000000,30000000,,,1620590811,16:06:51,20210509
119,1991-03-31,CTS,USD,1991-03-31,1991-03-31,Q1,55800000,43300000.0,12500000.0,0.22401433691756273,0.0,9300000.0,0.0,0.0,12600000.0,55900000.0,0.0,3300000.0,3200000.0,0.05734767025089606,-100000.0,-0.0017921146953405018,2000000.0,1400000.0,0.025089605734767026,400000.0,1000000.0,0.017921146953405017,0.04,0.04,25000000,25000000,,,1620590811,16:06:51,20210509
120,1990-12-31,CTS,USD,1990-12-31,1990-12-31,Q4,57300000,42900000.0,14400000.0,0.2513089005235602,0.0,0.0,0.0,0.0,12700000.0,55600000.0,0.0,3400000.0,5100000.0,0.08900523560209424,1700000.0,0.029668411867364748,-100000.0,1500000.0,0.02617801047120419,400000.0,1100000.0,0.019197207678883072,0.03666666666666667,0.03666666666666667,30000000,30000000,,,1620590811,16:06:51,20210509
121,1990-09-30,CTS,USD,1990-09-30,1990-09-30,Q3,62700000,47500000.0,15200000.0,0.24242424242424243,0.0,9700000.0,0.0,0.0,12900000.0,60400000.0,0.0,3100000.0,5400000.0,0.0861244019138756,2300000.0,0.03668261562998405,300000.0,1900000.0,0.030303030303030304,400000.0,1500000.0,0.023923444976076555,0.05,0.05,30000000,30000000,,,1620590811,16:06:51,20210509
122,1990-06-30,CTS,USD,1990-06-30,1990-06-30,Q2,68000000,50400000.0,17600000.0,0.25882352941176473,0.0,10100000.0,0.0,0.0,13400000.0,63800000.0,0.0,3300000.0,7500000.0,0.11029411764705882,4200000.0,0.061764705882352944,300000.0,4100000.0,0.060294117647058824,900000.0,3200000.0,0.047058823529411764,0.1,0.1,32000000,32000000,,,1620590811,16:06:51,20210509
123,1990-03-31,CTS,USD,1990-03-31,1990-03-31,Q1,63100000,48200000.0,14900000.0,0.23613312202852615,0.0,9700000.0,0.0,0.0,13000000.0,61200000.0,0.0,3300000.0,5200000.0,0.08240887480190175,1900000.0,0.030110935023771792,600000.0,2000000.0,0.03169572107765452,400000.0,1600000.0,0.025356576862123614,0.05,0.05,32000000,32000000,,,1620590811,16:06:51,20210509
124,1989-12-31,CTS,USD,1989-12-31,1989-12-31,Q4,60200000,0.0,0.0,0.0,0.0,0.0,0.0,0.0,0.0,0.0,0.0,0.0,-185700000.0,-3.0847176079734218,-185700000.0,-3.0847176079734218,0.0,0.0,0.0,0.0,0.0,0.0,0.0,0.0,32762000,32762000,,,1620590811,16:06:51,20210509
125,1989-09-30,CTS,USD,1989-09-30,1989-09-30,Q3,63100000,0.0,0.0,0.0,0.0,0.0,0.0,0.0,0.0,0.0,0.0,0.0,63100000.0,1.0,63100000.0,1.0,0.0,0.0,0.0,0.0,0.0,0.0,0.12,0.12,32762000,32762000,,,1620590811,16:06:51,20210509
126,1989-06-30,CTS,USD,1989-06-30,1989-06-30,Q2,70700000,0.0,0.0,0.0,0.0,0.0,0.0,0.0,0.0,0.0,0.0,0.0,70700000.0,1.0,70700000.0,1.0,0.0,0.0,0.0,0.0,0.0,0.0,0.12,0.12,32750000,32750000,,,1620590811,16:06:51,20210509
127,1989-03-31,CTS,USD,1989-03-31,1989-03-31,Q1,67900000,0.0,0.0,0.0,0.0,0.0,0.0,0.0,0.0,0.0,0.0,0.0,67900000.0,1.0,67900000.0,1.0,0.0,0.0,0.0,0.0,0.0,0.0,0.12,0.12,32774000,32774000,,,1620590811,16:06:51,20210509
128,1988-12-31,CTS,USD,1988-12-31,1988-12-31,Q4,65200000,0.0,0.0,0.0,0.0,0.0,0.0,0.0,0.0,0.0,0.0,0.0,-193600000.0,-2.9693251533742333,-193600000.0,-2.9693251533742333,0.0,0.0,0.0,0.0,0.0,0.0,0.0,0.0,33520000,33520000,,,1620590811,16:06:51,20210509
129,1988-09-30,CTS,USD,1988-09-30,1988-09-30,Q3,66800000,0.0,0.0,0.0,0.0,0.0,0.0,0.0,0.0,0.0,0.0,0.0,66800000.0,1.0,66800000.0,1.0,0.0,0.0,0.0,0.0,0.0,0.0,0.09,0.09,33520000,33520000,,,1620590811,16:06:51,20210509
130,1988-06-30,CTS,USD,1988-06-30,1988-06-30,Q2,71400000,0.0,0.0,0.0,0.0,0.0,0.0,0.0,0.0,0.0,0.0,0.0,71400000.0,1.0,71400000.0,1.0,0.0,0.0,0.0,0.0,0.0,0.0,0.1,0.1,33520000,33520000,,,1620590811,16:06:51,20210509
131,1988-03-31,CTS,USD,1988-03-31,1988-03-31,Q1,72200000,0.0,0.0,0.0,0.0,0.0,0.0,0.0,0.0,0.0,0.0,0.0,72200000.0,1.0,72200000.0,1.0,0.0,0.0,0.0,0.0,0.0,0.0,0.13,0.13,33532000,33532000,,,1620590811,16:06:51,20210509
132,1987-12-31,CTS,USD,1987-12-31,1987-12-31,Q4,70800000,0.0,0.0,0.0,0.0,0.0,0.0,0.0,0.0,0.0,0.0,0.0,-173200000.0,-2.446327683615819,-173200000.0,-2.446327683615819,0.0,0.0,0.0,0.0,0.0,0.0,0.0,0.0,34012000,34012000,,,1620590811,16:06:51,20210509
133,1987-09-30,CTS,USD,1987-09-30,1987-09-30,Q3,62800000,0.0,0.0,0.0,0.0,0.0,0.0,0.0,0.0,0.0,0.0,0.0,62800000.0,1.0,62800000.0,1.0,0.0,0.0,0.0,0.0,0.0,0.0,0.11,0.11,34012000,34012000,,,1620590811,16:06:51,20210509
134,1987-06-30,CTS,USD,1987-06-30,1987-06-30,Q2,65100000,0.0,0.0,0.0,0.0,0.0,0.0,0.0,0.0,0.0,0.0,0.0,65100000.0,1.0,65100000.0,1.0,0.0,0.0,0.0,0.0,0.0,0.0,0.06,0.06,33988000,33988000,,,1620590811,16:06:51,20210509
135,1987-03-31,CTS,USD,1987-03-31,1987-03-31,Q1,62400000,0.0,0.0,0.0,0.0,0.0,0.0,0.0,0.0,0.0,0.0,0.0,62400000.0,1.0,62400000.0,1.0,0.0,0.0,0.0,0.0,0.0,0.0,0.05,0.05,33976000,33976000,,,1620590811,16:06:51,20210509
136,1986-12-31,CTS,USD,1986-12-31,1986-12-31,Q4,65500000,0.0,0.0,0.0,0.0,0.0,0.0,0.0,0.0,0.0,0.0,0.0,-176700000.0,-2.697709923664122,-176700000.0,-2.697709923664122,0.0,0.0,0.0,0.0,0.0,0.0,0.0,0.0,33970000,33970000,,,1620590811,16:06:51,20210509
137,1986-09-30,CTS,USD,1986-09-30,1986-09-30,Q3,62000000,0.0,0.0,0.0,0.0,0.0,0.0,0.0,0.0,0.0,0.0,0.0,62000000.0,1.0,62000000.0,1.0,0.0,0.0,0.0,0.0,0.0,0.0,0.01,0.01,33970000,33970000,,,1620590811,16:06:51,20210509
138,1986-06-30,CTS,USD,1986-06-30,1986-06-30,Q2,58300000,0.0,0.0,0.0,0.0,0.0,0.0,0.0,0.0,0.0,0.0,0.0,58300000.0,1.0,58300000.0,1.0,0.0,0.0,0.0,0.0,0.0,0.0,-0.08,-0.08,33958000,33958000,,,1620590811,16:06:51,20210509
139,1986-03-31,CTS,USD,1986-03-31,1986-03-31,Q1,59700000,0.0,0.0,0.0,0.0,0.0,0.0,0.0,0.0,0.0,0.0,0.0,59700000.0,1.0,59700000.0,1.0,0.0,0.0,0.0,0.0,0.0,0.0,0.0,0.0,33910000,33910000,,,1620590811,16:06:51,20210509
140,1985-12-31,CTS,USD,1985-12-31,1985-12-31,Q4,54200000,0.0,0.0,0.0,0.0,0.0,0.0,0.0,0.0,0.0,0.0,0.0,-195300000.0,-3.603321033210332,-195300000.0,-3.603321033210332,0.0,0.0,0.0,0.0,0.0,0.0,0.0,0.0,34288000,34288000,,,1620590811,16:06:51,20210509
141,1985-09-30,CTS,USD,1985-09-30,1985-09-30,Q3,64000000,0.0,0.0,0.0,0.0,0.0,0.0,0.0,0.0,0.0,0.0,0.0,64000000.0,1.0,64000000.0,1.0,0.0,0.0,0.0,0.0,0.0,0.0,0.06,0.06,34288000,34288000,,,1620590811,16:06:51,20210509
