,date,symbol,reportedCurrency,fillingDate,acceptedDate,period,revenue,costOfRevenue,grossProfit,grossProfitRatio,researchAndDevelopmentExpenses,generalAndAdministrativeExpenses,sellingAndMarketingExpenses,otherExpenses,operatingExpenses,costAndExpenses,interestExpense,depreciationAndAmortization,ebitda,ebitdaratio,operatingIncome,operatingIncomeRatio,totalOtherIncomeExpensesNet,incomeBeforeTax,incomeBeforeTaxRatio,incomeTaxExpense,netIncome,netIncomeRatio,eps,epsdiluted,weightedAverageShsOut,weightedAverageShsOutDil,link,finalLink,timestamp,est_time,est_date
0,2020-12-31,JP,CNY,2020-12-31,2020-12-31,Q4,98006876.0,39934255.0,58072621.0,0.5925361910321476,0.0,39263834.0,18069045.0,1078708.0,51427879.0,91362134.0,0.0,0.0,16206471.0,0.1653605508250258,6644742.0,0.06779873281544042,-8483021.0,-258106.0,-0.002633549915416139,41138.0,1986529.0,0.02026928192262755,0.06,0.06,33181510,33181510,,,1620593976,16:59:36,20210509
1,2020-09-30,JP,CNY,2020-09-30,2020-09-30,Q3,85140277.0,41561614.0,43578663.0,0.5118454453701154,0.0,36353384.0,22794092.0,-484582.0,58594888.0,100156502.0,0.0,0.0,-15447335.0,-0.18143392932583483,-15016225.0,-0.1763704033990869,-53472.0,-14117049.0,-0.165809291412101,-10562496.0,-2969138.0,-0.03487348296975825,-0.09,-0.09,33314139,33314139,,,1620593976,16:59:36,20210509
2,2020-06-30,JP,CNY,2020-08-10 00:00:00,2020-08-10 06:06:27,Q2,108832140.0,62537030.0,46295110.0,0.42538086635069383,0.0,66802040.0,0.0,-6583960.0,60218088.0,122755120.0,2272080.0,0.0,-9572300.0,-0.087955,-13922980.0,-0.12793077486117613,1404060.0,-10246840.0,-0.09415270158245533,-1352340.0,-10492040.0,-0.09640571250367769,-0.05228,-0.05228,200679790,200679790,https://www.sec.gov/Archives/edgar/data/1616291/000110465920092287/0001104659-20-092287-index.htm,https://www.sec.gov/Archives/edgar/data/1616291/000110465920092287/a20-27074_16k.htm,1620593976,16:59:36,20210509
3,2020-03-31,JP,CNY,2020-04-24 00:00:00,2020-04-24 06:11:27,Q1,96739750.0,62149100.0,34590650.0,0.3575639796464225,0.0,55271800.0,0.0,-8549160.0,46722644.0,108871740.0,2154710.0,0.0,-5068070.0,-0.052389,-12131990.0,-0.12540853165322424,384110.0,-9593170.0,-0.0991647177091113,12670220.0,-19893000.0,-0.20563418863497165,-0.09844,-0.09844,202092180,202092180,https://www.sec.gov/Archives/edgar/data/1616291/000110465920050552/0001104659-20-050552-index.html,https://www.sec.gov/Archives/edgar/data/1616291/000110465920050552/a20-5556_120f.htm,1620593976,16:59:36,20210509
4,2019-12-31,JP,CNY,2020-02-14 00:00:00,2020-02-14 08:38:50,Q4,138293670.0,92792810.0,45500860.0,0.3290162159988957,0.0,96248180.0,0.0,-21250000.0,74998182.0,167791000.0,16217750.0,0.0,5910150.0,0.042736,-29497330.0,-0.21329486736450048,580150.0,-12699420.0,-0.09182936572584993,19844900.0,-30152500.0,-0.21803239439664882,-0.14946,-0.14946,201737730,201737730,https://www.sec.gov/Archives/edgar/data/1616291/000110465920020839/0001104659-20-020839-index.html,https://www.sec.gov/Archives/edgar/data/1616291/000110465920020839/a20-8132_16k.htm,1620593976,16:59:36,20210509
5,2019-09-30,JP,CNY,2019-11-25 00:00:00,2019-11-25 06:08:22,Q3,182549450.0,106363510.0,76185940.0,0.41734412237341717,0.0,120919970.0,0.0,-4557940.0,116362032.0,222725540.0,-3088420.0,0.0,-40696030.0,-0.222932,-40176090.0,-0.22008332536745523,490760.0,-42773760.0,-0.23431327785430195,10288780.0,-47896390.0,-0.2623748797928452,-0.23742,-0.23742,201737270,201737270,https://www.sec.gov/Archives/edgar/data/1616291/000110465919066788/0001104659-19-066788-index.html,https://www.sec.gov/Archives/edgar/data/1616291/000110465919066788/a19-23717_16k.htm,1620593976,16:59:36,20210509
6,2019-06-30,JP,CNY,2019-06-30,2019-06-30,Q2,187702840.0,110357200.0,77345640.0,0.4120643033424534,0.0,138137430.0,0.0,-5621860.0,132515570.0,242872770.0,2320500.0,0.0,-51107510.0,-0.272279,-55169930.0,-0.2939216582977647,267800.0,-52581630.0,-0.2801323091328826,7616810.0,-61044820.0,-0.32522054541103373,-0.30285,-0.30285,201569480,201569480,,,1620593976,16:59:36,20210509
7,2019-03-31,JP,CNY,2019-04-25 00:00:00,2019-04-25 06:03:11,Q1,282214200.0,177045480.0,105168720.0,0.37265566367673914,0.0,116999320.0,0.0,0.0,116999315.0,294044800.0,3313910.0,0.0,-7084300.0,-0.025103,-11830600.0,-0.04192064042135371,2070290.0,-6446400.0,-0.022842224097866088,15194150.0,-25592360.0,-0.09068416826651529,-0.12697,-0.12697,201569480,201569480,https://www.sec.gov/Archives/edgar/data/1616291/000110465919023535/0001104659-19-023535-index.html,https://www.sec.gov/Archives/edgar/data/1616291/000110465919023535/a19-8815_16k.htm,1620593976,16:59:36,20210509
8,2018-12-31,JP,CNY,2019-01-07 00:00:00,2019-01-07 06:07:22,Q4,135022760.0,225008800.0,-89986040.0,-0.6664509005740958,0.0,174965920.0,0.0,-32860530.0,142105392.0,635031770.0,-247290.0,0.0,-559947270.0,-4.147058,-500009010.0,-3.7031461214390817,-299970.0,-500556270.0,-3.7071992158951574,33462320.0,-593162300.0,-4.393054178421475,-2.94436,-2.94436,201457450,201457450,https://www.sec.gov/Archives/edgar/data/1616291/000110465919000961/0001104659-19-000961-index.html,https://www.sec.gov/Archives/edgar/data/1616291/000110465919000961/a19-1339_16k.htm,1620593976,16:59:36,20210509
9,2018-09-30,JP,CNY,2018-12-10 00:00:00,2018-12-10 06:04:48,Q3,311313090.0,156561590.0,154751500.0,0.49709281418266094,0.0,128298730.0,0.0,-841890.0,127456839.0,283456900.0,107110.0,0.0,9825210.0,0.031561,27856190.0,0.08947966177715175,3140310.0,31103610.0,0.09991102526398746,8019390.0,1698710.0,0.005456596765654795,0.00812,0.00812,209228090,209228090,https://www.sec.gov/Archives/edgar/data/1616291/000110465918071944/0001104659-18-071944-index.html,https://www.sec.gov/Archives/edgar/data/1616291/000110465918071944/a18-41322_16k.htm,1620593976,16:59:36,20210509
10,2018-06-30,JP,CNY,2018-09-07 00:00:00,2018-09-07 06:04:37,Q2,445300000.0,175700000.0,269700000.0,0.6056591062205254,0.0,124300000.0,0.0,-14900000.0,109405334.0,285100000.00000006,1600000.0,0.0,138700000.0,0.311475,160300000.0,0.3599820345834269,300000.0,162100000.0,0.3640242533123737,49300000.0,87800000.0,0.19717044688973726,0.41533,0.41533,211400000,211400000,https://www.sec.gov/Archives/edgar/data/1616291/000110465918055690/0001104659-18-055690-index.html,https://www.sec.gov/Archives/edgar/data/1616291/000110465918055690/a18-27056_16k.htm,1620593976,16:59:36,20210509
11,2018-03-31,JP,CNY,2018-04-12 00:00:00,2018-04-12 06:03:48,Q1,434400000.0,131700000.0,302800000.0,0.6970534069981584,0.0,150400000.0,0.0,-100000.0,150242777.0,281900000.0,2300000.0,0.0,157300000.0,0.362109,152500000.0,0.35105893186003684,1100000.0,155900000.0,0.35888581952117865,39100000.0,115900000.0,0.266804788213628,0.55033,0.55033,210600000,210600000,https://www.sec.gov/Archives/edgar/data/1616291/000110465918023548/0001104659-18-023548-index.html,https://www.sec.gov/Archives/edgar/data/1616291/000110465918023548/a18-5393_120f.htm,1620593976,16:59:36,20210509
12,2017-12-31,JP,CNY,2018-03-13 00:00:00,2018-03-13 06:01:49,Q4,461900000.0,269000000.0,192900000.0,0.4176228620913618,0.0,142800000.0,0.0,-13700000.0,129103894.0,398100000.0,2500000.0,0.0,94400000.0,0.204373,63800000.0,0.1381251353106733,-200000.0,66100000.0,0.1431045680883308,1200000.0,90700000.0,0.19636284910153712,0.42403,0.42403,213900000,213900000,https://www.sec.gov/Archives/edgar/data/1616291/000110465918016925/0001104659-18-016925-index.html,https://www.sec.gov/Archives/edgar/data/1616291/000110465918016925/a18-8061_16k.htm,1620593976,16:59:36,20210509
13,2017-09-30,JP,CNY,2017-11-14 00:00:00,2017-11-14 06:08:37,Q3,442100000.0,175000000.0,267100000.0,0.6041619543089799,0.0,120800000.0,0.0,-22100000.0,98695580.0,273700000.0,5500000.0,0.0,168600000.0,0.381362,168400000.0,0.3809092965392445,-100000.0,173800000.0,0.39312372766342457,47400000.0,115700000.0,0.2617054964940059,0.56577,0.56577,204500000,204500000,https://www.sec.gov/Archives/edgar/data/1616291/000110465917068146/0001104659-17-068146-index.html,https://www.sec.gov/Archives/edgar/data/1616291/000110465917068146/a17-26488_16k.htm,1620593976,16:59:36,20210509
14,2017-06-30,JP,CNY,2017-08-16 00:00:00,2017-08-16 07:41:31,Q2,437900000.0,163300000.0,274600000.0,0.6270838090888331,0.0,110500000.0,0.0,-1900000.0,108553652.0,271899999.99999994,3900000.0,0.0,161100000.0,0.367892,166100000.0,0.3793103448275862,-1800000.0,168200000.0,0.3841059602649007,44700000.0,112500000.0,0.2569079698561315,0.55556,0.55556,202500000,202500000,https://www.sec.gov/Archives/edgar/data/1616291/000110465917052162/0001104659-17-052162-index.html,https://www.sec.gov/Archives/edgar/data/1616291/000110465917052162/a17-20089_16k.htm,1620593976,16:59:36,20210509
15,2017-03-31,JP,CNY,2017-04-07 00:00:00,2017-04-07 07:28:23,Q1,370700000.0,136700000.0,234000000.0,0.6312381980037767,0.0,112100000.0,0.0,-3400000.0,108732758.0,245500000.0,9500000.0,0.0,129800000.0,0.350148,125300000.0,0.338009171837065,0.0,134800000.0,0.36363636363636365,29600000.0,90700000.0,0.24467224170488266,0.44812,0.44812,202400000,202400000,https://www.sec.gov/Archives/edgar/data/1616291/000110465917022091/0001104659-17-022091-index.html,https://www.sec.gov/Archives/edgar/data/1616291/000110465917022091/a16-23155_120f.htm,1620593976,16:59:36,20210509
16,2016-12-31,JP,CNY,2017-03-01 00:00:00,2017-03-01 06:00:59,Q4,340200000.0,147600000.0,192600000.0,0.5661375661375662,0.0,113900000.0,0.0,-15400000.0,98523094.0,246100000.0,1700000.0,0.0,90000000.0,0.26455,94100000.0,0.27660199882422104,-200000.0,95600000.0,0.2810111699000588,26000000.0,62300000.0,0.1831275720164609,0.30949,0.30949,201300000,201300000,https://www.sec.gov/Archives/edgar/data/1616291/000110465917012748/0001104659-17-012748-index.html,https://www.sec.gov/Archives/edgar/data/1616291/000110465917012748/a17-7312_16k.htm,1620593976,16:59:36,20210509
17,2016-09-30,JP,CNY,2016-11-16 00:00:00,2016-11-16 08:41:59,Q3,322700000.0,122500000.0,200200000.0,0.6203904555314533,0.0,103900000.0,0.0,-18800000.0,85145298.0,207600000.0,5300000.0,0.0,116500000.0,0.361016,115000000.0,0.3563681437867989,0.0,120400000.0,0.37310195227765725,32400000.0,78800000.0,0.24418964982956307,0.39302,0.39302,200500000,200500000,https://www.sec.gov/Archives/edgar/data/1616291/000110465916157462/0001104659-16-157462-index.html,https://www.sec.gov/Archives/edgar/data/1616291/000110465916157462/a16-21770_16k.htm,1620593976,16:59:36,20210509
18,2016-06-30,JP,CNY,2016-08-11 00:00:00,2016-08-11 06:01:37,Q2,244700000.0,99400000.0,145400000.0,0.5941969758888435,0.0,91200000.0,0.0,-100000.0,91025781.5781,190400000.0,5400000.0,0.0,60900000.0,0.248876,54300000.0,0.22190437270126687,-100000.0,59700000.0,0.24397221087045362,15500000.0,40000000.0,0.1634654679199019,0.1991,0.1991,200900000,200900000,https://www.sec.gov/Archives/edgar/data/1616291/000110465916138763/0001104659-16-138763-index.html,https://www.sec.gov/Archives/edgar/data/1616291/000110465916138763/a16-16525_16k.htm,1620593976,16:59:36,20210509
19,2016-03-31,JP,CNY,2016-04-22 00:00:00,2016-04-22 08:05:42,Q1,226600000.0,114100000.0,112500000.0,0.4964695498676081,0.0,84300000.0,0.0,-3200000.0,81011910.11818,195300000.00000003,3900000.0,0.0,39200000.0,0.172992,31400000.0,0.13857016769638128,300000.0,35500000.0,0.15666372462488967,8800000.0,26500000.0,0.11694616063548102,0.1329,0.1329,199400000,199400000,https://www.sec.gov/Archives/edgar/data/1616291/000110465916113377/0001104659-16-113377-index.html,https://www.sec.gov/Archives/edgar/data/1616291/000110465916113377/a16-1328_120f.htm,1620593976,16:59:36,20210509
20,2015-12-31,JP,CNY,2016-03-21 00:00:00,2016-03-21 06:02:24,Q4,216000000.0,100200000.0,115800000.0,0.5361111111111111,0.0,72300000.0,0.0,-8500000.0,66560919.47778,164000000.0,7800000.0,12100000.0,64100000.0,0.2967592592592593,52000000.0,0.24074074074074073,-500000.0,59300000.0,0.274537037037037,21700000.0,38500000.0,0.17824074074074073,0.32191,0.32191,119600000,119600000,https://www.sec.gov/Archives/edgar/data/1616291/000110465916106450/0001104659-16-106450-index.html,https://www.sec.gov/Archives/edgar/data/1616291/000110465916106450/a16-6818_16k.htm,1620593976,16:59:36,20210509
21,2015-09-30,JP,CNY,2015-11-20 00:00:00,2015-11-20 07:41:05,Q3,197200000.0,88200000.0,109000000.0,0.552738336713996,0.0,52400000.0,0.0,-11900000.0,40288441.27632,128699999.99999999,2600000.0,0.0,70600000.0,0.358012,68500000.0,0.3473630831643002,2600000.0,73600000.0,0.37322515212981744,19900000.0,48100000.0,0.24391480730223122,0.2733,0.2733,176000000,176000000,https://www.sec.gov/Archives/edgar/data/1616291/000110465915080353/0001104659-15-080353-index.html,https://www.sec.gov/Archives/edgar/data/1616291/000110465915080353/a15-23763_16k.htm,1620593976,16:59:36,20210509
22,2015-06-30,JP,CNY,2015-08-28 00:00:00,2015-08-28 06:01:40,Q2,104900000.0,33200000.0,71700000.0,0.6835081029551954,0.0,30100000.0,0.0,-3000000.0,27105632.99081,60299999.99999999,7400000.0,0.0,58400000.0,0.556721,44600000.0,0.4251668255481411,-3000000.0,52100000.0,0.4966634890371783,13600000.0,37400000.0,0.3565300285986654,0.2125,0.2125,176000000,176000000,https://www.sec.gov/Archives/edgar/data/1616291/000110465915062205/0001104659-15-062205-index.html,https://www.sec.gov/Archives/edgar/data/1616291/000110465915062205/a15-18638_16k.htm,1620593976,16:59:36,20210509
23,2015-03-31,JP,CNY,2015-03-31,2015-03-31,Q1,87500000.0,22700000.0,64800000.0,0.7405714285714285,0.0,24900000.0,0.0,-300000.0,24510861.7432,47300000.0,6600000.0,900000.0,41100000.0,0.4697142857142857,40200000.0,0.4594285714285714,0.0,46800000.0,0.5348571428571428,12400000.0,30500000.0,0.3485714285714286,0.1733,0.1733,176000000,176000000,,,1620593976,16:59:36,20210509
24,2014-12-31,JP,CNY,2014-12-31,2014-12-31,Q4,71300000.0,17800000.0,53500000.0,0.7503506311360448,0.0,29000000.0,0.0,-4600000.0,24952186.65195,42200000.0,4300000.0,1600000.0,30800000.0,0.4319775596072931,29200000.0,0.40953716690042075,-4600000.0,33400000.0,0.4684431977559607,10900000.0,21000000.0,0.29453015427769985,0.11932,0.11932,176000000,176000000,,,1620593976,16:59:36,20210509
25,2014-09-30,JP,CNY,2014-09-30,2014-09-30,Q3,62600000.0,21000000.0,41600000.0,0.6645367412140575,0.0,18800000.0,0.0,-1200000.0,17571216.63776,38000000.0,5700000.0,0.0,36800000.0,0.587859,24700000.0,0.39456869009584666,-1200000.0,30400000.0,0.48562300319488816,8300000.0,22800000.0,0.36421725239616615,0.12955,0.12955,176000000,176000000,,,1620593976,16:59:36,20210509
26,2014-06-30,JP,CNY,2014-06-30,2014-06-30,Q2,56212530.45776,15049960.01604,41162570.44172,0.7322668114478667,0.0,9699365.765320001,7201275.4882,0.0,9289424.851,24339384.86704,81685.85004,0.0,31949655.70188,0.5683724863780693,31873145.59072,0.5670113999701644,1636056.03664,33504025.88848,0.5960241536120858,8507981.59272,24896996.08128,0.4429082960424357,1.275295,1.235935,19522534,20144265,,,1620593976,16:59:36,20210509
27,2014-03-31,JP,CNY,2014-03-31,2014-03-31,Q1,50330070.90699,12033946.75392,38296124.15307,0.7608994675139891,0.0,7419181.5367600005,6760283.93488,0.0,13004373.08786,25038319.84178,11100.76289,450005.94023,25741757.00544,0.5114587867958855,25291751.06521,0.5025176918973385,2124961.51959,27429283.93506,0.5449879851301885,7050461.22753,20196531.92375,0.40128161077049146,1.034524,1.002595,19522534,20144265,,,1620593976,16:59:36,20210509
