,date,symbol,reportedCurrency,fillingDate,acceptedDate,period,revenue,costOfRevenue,grossProfit,grossProfitRatio,researchAndDevelopmentExpenses,generalAndAdministrativeExpenses,sellingAndMarketingExpenses,otherExpenses,operatingExpenses,costAndExpenses,interestExpense,depreciationAndAmortization,ebitda,ebitdaratio,operatingIncome,operatingIncomeRatio,totalOtherIncomeExpensesNet,incomeBeforeTax,incomeBeforeTaxRatio,incomeTaxExpense,netIncome,netIncomeRatio,eps,epsdiluted,weightedAverageShsOut,weightedAverageShsOutDil,link,finalLink,timestamp,est_time,est_date
0,2020-12-26,TCS,USD,2021-02-03,2021-02-03 06:56:14,Q3,275478000,115991000,159487000,0.5789464131436993,0.0,115870000.0,0.0,-13000.0,115870000.0,231861000.0,-4099000.0,0.0,32842000.0,0.11921823158292132,32842000.0,0.11921823158292132,-13.0,27850000.0,0.1010970023014542,8181000.0,19669000.0,0.07139953099703061,0.40595227706844544,0.40446022008607563,48451508,48630246,https://www.sec.gov/Archives/edgar/data/1411688/000155837021000678/0001558370-21-000678-index.htm,https://www.sec.gov/Archives/edgar/data/1411688/000155837021000678/tcs-20201226x10q.htm,1620598658,18:17:38,20210509
1,2020-09-26,TCS,USD,2020-10-21,2020-10-21 07:06:07,Q2,248241000,102183000,146058000,0.5883717838713186,0.0,101193000.0,0.0,293000.0,101193000.0,102183000.0,4491000.0,9289000.0,43053000.0,0.17343226944783496,33764000.0,0.13601298737920006,-809000.0,29273000.0,0.1179216970605178,9073000.0,20200000.0,0.08137253717153894,0.4169116882801666,0.415379350538346,48451508,48630246,https://www.sec.gov/Archives/edgar/data/1411688/000155837020011596/0001558370-20-011596-index.htm,https://www.sec.gov/Archives/edgar/data/1411688/000155837020011596/tcs-20200926x10q.htm,1620598658,18:17:38,20210509
2,2020-06-27,TCS,USD,2020-07-29,2020-07-29 08:03:48,Q1,151686000,73447000,78239000,0.5157957886686971,0.0,87106000.0,0.0,809000.0,96857000.0,170304000.0,4950000.0,8949000.0,-9669000.0,-0.06374352280368656,-18618000.0,-0.12274039792729718,809000.0,-23568000.0,-0.1553736007278193,-6898000.0,-16670000.0,-0.10989807892620282,-0.3445,-0.3445,48389210,48389210,https://www.sec.gov/Archives/edgar/data/1411688/000155837020008562/0001558370-20-008562-index.htm,https://www.sec.gov/Archives/edgar/data/1411688/000155837020007573/tcs-20200328x10k.htm,1620598658,18:17:38,20210509
3,2020-03-28,TCS,USD,2020-06-17,2020-06-17 16:29:07,Q4,241344000,98855000,142489000,0.5903979382126757,0.0,108865000.0,0.0,2000.0,119378000.0,218233000.0,5296000.0,10500999.999999998,33612000.0,0.13927008750994432,23111000.0,0.09575957968708565,-375000.0,17815000.0,0.07381579819676479,5287000.0,12528000.0,0.05190930787589499,0.25916,0.25916,48340360,48340360,https://www.sec.gov/Archives/edgar/data/1411688/000155837020007573/0001558370-20-007573-index.htm,https://www.sec.gov/Archives/edgar/data/1411688/000155837020007573/tcs-20200328x10k.htm,1620598658,18:17:38,20210509
4,2019-12-28,TCS,USD,2020-02-05,2020-02-05 07:20:54,Q3,228657000,94292000,134365000,0.5876268821859816,0.0,115253000.0,0.0,-1000.0,124932999.99999999,219225000.0,-5134000.0,9689000.0,19121000.0,0.08362306861368775,9432000.0,0.04124955719702436,375000.0,4298000.0,0.018796712980577897,1886000.0,2412000.0,0.010548550886261956,0.04987,0.04987,48370420,48370420,https://www.sec.gov/Archives/edgar/data/1411688/000155837020000510/0001558370-20-000510-index.htm,https://www.sec.gov/Archives/edgar/data/1411688/000155837020000510/tvs-20191228x10q.htm,1620598658,18:17:38,20210509
5,2019-09-28,TCS,USD,2019-10-30,2019-10-30 08:04:54,Q2,236432000,99628000,136804000,0.5786187994856872,0.0,117274000.0,0.0,403000.0,126419000.0,226047000.0,5402000.0,8742000.0,19127000.0,0.08089852473438451,10385000.0,0.04392383433714556,27.0,4983000.0,0.02107582729918116,1337000.0,3646000.0,0.01542092440955539,0.0753,0.0753,48417470,48417470,https://www.sec.gov/Archives/edgar/data/1411688/000155837019009388/0001558370-19-009388-index.htm,https://www.sec.gov/Archives/edgar/data/1411688/000155837019009388/tcs-20190928x10q.htm,1620598658,18:17:38,20210509
6,2019-06-29,TCS,USD,2019-07-31,2019-07-31 08:01:15,Q1,209520000,89713000,119807000,0.5718165330278733,0.0,110317000.0,0.0,-27000.0,119992000.00000001,209705000.00000003,5709000.0,9706000.0,9521000.0,0.04544196258113784,-185000.0,-0.0008829705994654448,-27.0,-5894000.0,-0.028130966017563954,-1795000.0,-4099000.0,-0.019563764795723557,-0.08499,-0.08499,48231150,48231150,https://www.sec.gov/Archives/edgar/data/1411688/000155837019006620/0001558370-19-006620-index.htm,https://www.sec.gov/Archives/edgar/data/1411688/000155837019005364/tcs-20190330x10k.htm,1620598658,18:17:38,20210509
7,2019-03-30,TCS,USD,2019-05-30,2019-05-30 08:31:21,Q4,253180000,104900000,148280000,0.5856702741132791,0.0,111092000.0,0.0,-120000.0,120145999.99999999,225046000.0,5982000.0,8953000.0,37087000.0,0.14648471443241962,28134000.0,0.1111225215261869,0.0,22152000.0,0.08749506280116913,11266000.0,15882000.0,0.06273007346551861,0.32828,0.32828,48379620,48379620,https://www.sec.gov/Archives/edgar/data/1411688/000155837019005364/0001558370-19-005364-index.htm,https://www.sec.gov/Archives/edgar/data/1411688/000155837019005364/tcs-20190330x10k.htm,1620598658,18:17:38,20210509
8,2018-12-29,TCS,USD,2019-02-06,2019-02-06 08:01:25,Q3,221637000,91580000,130057000,0.5868018426526257,0.0,110011000.0,0.0,80000.0,118654000.00000001,210234000.0,6008000.0,8882000.000000002,20285000.0,0.09152352720890465,11403000.0,0.05144899091758145,0.0,5395000.0,0.02434160361311514,-3926000.0,9321000.0,0.04205525250747844,0.19266,0.19266,48381460,48381460,https://www.sec.gov/Archives/edgar/data/1411688/000155837019000397/0001558370-19-000397-index.htm,https://www.sec.gov/Archives/edgar/data/1411688/000155837019000397/tcs-20181229x10q.htm,1620598658,18:17:38,20210509
9,2018-09-29,TCS,USD,2018-11-01,2018-11-01 08:01:29,Q2,224500000,93900000,130600000,0.5817371937639199,0.0,107300000.0,0.0,24.0,118500000.0,212400000.0,7377000.0,9129999.999999998,21130000.0,0.09412026726057907,12000000.0,0.053452115812917596,0.0,4700000.0,0.02093541202672606,1400000.0,3200000.0,0.014253897550111359,0.06598,0.06598,48500000,48500000,https://www.sec.gov/Archives/edgar/data/1411688/000155837018008216/0001558370-18-008216-index.htm,https://www.sec.gov/Archives/edgar/data/1411688/000155837018008216/tcs-20180929x10q.htm,1620598658,18:17:38,20210509
10,2018-06-30,TCS,USD,2018-08-02,2018-08-02 16:22:28,Q1,195823000,81052000,114771000,0.5860956067469092,0.0,107191000.0,0.0,-193000.0,117067000.0,198119000.0,7908000.0,9337000.0,7041000.0,0.035955939802781084,-2296000.0,-0.011724873993351138,-40000.0,-10244000.0,-0.05231254755570081,-3480000.0,-6764000.0,-0.034541397077973476,-0.14,-0.14,48138907,48138907,https://www.sec.gov/Archives/edgar/data/1411688/000155837018006234/0001558370-18-006234-index.htm,https://www.sec.gov/Archives/edgar/data/1411688/000104746918004174/a2235114z10-k.htm,1620598658,18:17:38,20210509
11,2018-03-31,TCS,USD,2018-05-31,2018-05-31 08:12:11,Q4,232764000,96248000,136516000,0.5864996305270574,0.0,105292000.0,0.0,-826000.0,116133000.0,212381000.0,7615000.0,9398000.0,29781000.0,0.127945043047894,20383000.0,0.08756938358165352,-42000.0,12726000.0,0.054673403103572715,13125000.0,-399000.0,-0.0017141826055575606,-0.008300017638057532,-0.008277496536521186,48072187,48202980,https://www.sec.gov/Archives/edgar/data/1411688/000104746918004174/0001047469-18-004174-index.htm,https://www.sec.gov/Archives/edgar/data/1411688/000104746918004174/a2235114z10-k.htm,1620598658,18:17:38,20210509
12,2017-12-30,TCS,USD,2018-02-07,2018-02-07 07:01:43,Q3,223000000,92400000,130600000,0.5856502242152466,0.0,106400000.0,0.0,800000.0,116699999.99999999,209100000.0,7300000.0,9469999.999999998,23370000.0,0.10479820627802691,13900000.0,0.06233183856502242,800000.0,6600000.0,0.029596412556053813,2500000.0,28400000.0,0.1273542600896861,0.58921,0.58921,48200000,48200000,https://www.sec.gov/Archives/edgar/data/1411688/000110465918007002/0001104659-18-007002-index.htm,https://www.sec.gov/Archives/edgar/data/1411688/000110465918007002/a17-27885_110q.htm,1620598658,18:17:38,20210509
13,2017-09-30,TCS,USD,2017-11-08,2017-11-08 07:02:52,Q2,218410000,92036000,126374000,0.5786090380477085,0.0,106842000.0,0.0,-623000.0,118388000.0,210424000.0,5873000.0,9505000.0,17491000.0,0.08008332951787922,7986000.0,0.03656425987821071,-2471000.0,-358000.0,-0.0016391190879538483,517000.0,-875000.0,-0.0040062268211162495,-0.02,-0.02,48058231,48058231,https://www.sec.gov/Archives/edgar/data/1411688/000110465917066790/0001104659-17-066790-index.htm,https://www.sec.gov/Archives/edgar/data/1411688/000110465917066790/a17-20665_110q.htm,1620598658,18:17:38,20210509
14,2017-07-01,TCS,USD,2017-08-03,2017-08-03 07:01:54,Q1,183100000,79500000,103600000,0.565811032222829,0.0,98500000.0,0.0,3500000.0,111600000.0,191100000.0,4225000.0,9540000.0,1540000.0,0.008410704533042053,-8000000.0,-0.04369197160021846,3500000.0,-12300000.0,-0.06717640633533588,-4600000.0,-7700000.0,-0.042053522665210265,-0.16042,-0.16042,48000000,48000000,https://www.sec.gov/Archives/edgar/data/1411688/000110465917049108/0001104659-17-049108-index.htm,https://www.sec.gov/Archives/edgar/data/1411688/000104746917003752/a2232005z10-k.htm,1620598658,18:17:38,20210509
15,2017-04-01,TCS,USD,2017-06-01,2017-06-01 08:00:25,Q4,221000000,93700000,127300000,0.5760180995475113,0.0,100800000.0,0.0,200000.0,110200000.0,203900000.0,4253000.0,9059999.999999998,26260000.0,0.1188235294117647,17200000.0,0.07782805429864253,200000.0,12900000.0,0.0583710407239819,4600000.0,8400000.0,0.03800904977375565,0.17464,0.17464,48100000,48100000,https://www.sec.gov/Archives/edgar/data/1411688/000104746917003752/0001047469-17-003752-index.htm,https://www.sec.gov/Archives/edgar/data/1411688/000104746917003752/a2232005z10-k.htm,1620598658,18:17:38,20210509
16,2016-12-31,TCS,USD,2017-02-08,2017-02-08 07:01:44,Q3,216380000,90678000,125702000,0.580931694241612,0.0,100805000.0,0.0,-182000.0,113141000.0,203819000.0,4119000.0,9236000.0,21797000.0,0.10073481837508087,12561000.0,0.05805065163138922,-182000.0,8442000.0,0.03901469636750162,3350000.0,5092000.0,0.02353267399944542,0.10608436102558076,0.10603363227723739,47999535,48022499,https://www.sec.gov/Archives/edgar/data/1411688/000110465917007169/0001104659-17-007169-index.htm,https://www.sec.gov/Archives/edgar/data/1411688/000110465917007169/a16-22431_110q.htm,1620598658,18:17:38,20210509
17,2016-10-01,TCS,USD,2016-11-10,2016-11-10 07:01:19,Q2,205100000,86700000,118400000,0.5772793759141882,0.0,98500000.0,0.0,100000.0,108100000.00000001,194800000.0,4205000.0,9479999.999999998,19780000.0,0.09644076060458313,10300000.0,0.05021940516821063,100000.0,6100000.0,0.029741589468551925,2500000.0,3500000.0,0.017064846416382253,0.07292,0.07292,48000000,48000000,https://www.sec.gov/Archives/edgar/data/1411688/000110465916155993/0001104659-16-155993-index.htm,https://www.sec.gov/Archives/edgar/data/1411688/000110465916155993/a16-17245_110q.htm,1620598658,18:17:38,20210509
18,2016-07-02,TCS,USD,2016-08-10,2016-08-10 07:01:30,Q1,177400000,72800000,104600000,0.5896279594137542,0.0,93800000.0,0.0,500000.0,103600000.00000001,176400000.0,4110000.0,9350000.0,10350000.0,0.05834272829763247,1000000.0,0.005636978579481398,500000.0,-3100000.0,-0.017474633596392335,-1000000.0,-2100000.0,-0.011837655016910935,-0.04375,-0.04375,48000000,48000000,https://www.sec.gov/Archives/edgar/data/1411688/000110465916138434/0001104659-16-138434-index.htm,https://www.sec.gov/Archives/edgar/data/1411688/000104746916013070/a2227318z10-k.htm,1620598658,18:17:38,20210509
19,2016-02-27,TCS,USD,2016-05-10,2016-05-10 16:29:00,Q4,232100000,97800000,134300000,0.5786299009047824,0.0,106900000.0,0.0,0.0,115899999.99999999,213700000.0,4199000.0,8979999.999999996,27379999.999999996,0.11796639379577767,18400000.0,0.07927617406290392,0.0,14200000.0,0.06118052563550194,4800000.0,9400000.0,0.040499784575613956,0.19583,0.19583,48000000,48000000,https://www.sec.gov/Archives/edgar/data/1411688/000104746916013070/0001047469-16-013070-index.htm,https://www.sec.gov/Archives/edgar/data/1411688/000104746916013070/a2227318z10-k.htm,1620598658,18:17:38,20210509
20,2015-11-28,TCS,USD,2016-01-07,2016-01-07 16:16:03,Q3,197200000,81100000,116100000,0.5887423935091278,0.0,105400000.0,0.0,0.0,114400000.0,195500000.0,4213000.0,8829999.999999998,10629999.999999998,0.05390466531440161,1800000.0,0.009127789046653144,0.0,-2400000.0,-0.012170385395537525,-700000.0,-1700000.0,-0.008620689655172414,-0.03542,-0.03542,48000000,48000000,https://www.sec.gov/Archives/edgar/data/1411688/000110465916088652/0001104659-16-088652-index.htm,https://www.sec.gov/Archives/edgar/data/1411688/000110465916088652/a15-22057_110q.htm,1620598658,18:17:38,20210509
21,2015-08-29,TCS,USD,2015-10-07,2015-10-07 07:02:25,Q2,195500000,81700000,113800000,0.5820971867007673,0.0,96700000.0,0.0,0.0,105100000.00000001,186800000.0,4230000.0,8380000.000000003,17080000.000000004,0.08736572890025578,8700000.0,0.044501278772378514,0.0,4500000.0,0.023017902813299233,1800000.0,2700000.0,0.01381074168797954,0.05625,0.05625,48000000,48000000,https://www.sec.gov/Archives/edgar/data/1411688/000110465915069550/0001104659-15-069550-index.htm,https://www.sec.gov/Archives/edgar/data/1411688/000110465915069550/a15-18527_110q.htm,1620598658,18:17:38,20210509
22,2015-05-30,TCS,USD,2015-07-08,2015-07-08 07:00:40,Q1,169800000,70500000,99300000,0.5848056537102474,0.0,95300000.0,0.0,0.0,103400000.0,173900000.0,4168000.0,8040000.0,4040000.0,0.023792697290930507,-4000000.0,-0.023557126030624265,0.0,-8200000.0,-0.048292108362779744,-3000000.0,-5200000.0,-0.030624263839811542,-0.10833,-0.10833,48000000,48000000,https://www.sec.gov/Archives/edgar/data/1411688/000110465915050219/0001104659-15-050219-index.htm,https://www.sec.gov/Archives/edgar/data/1411688/000104746915004547/a2224586z10-k.htm,1620598658,18:17:38,20210509
23,2015-02-28,TCS,USD,2015-05-08,2015-05-08 08:01:08,Q4,224259000,94570000,129689000,0.5783000905203358,0.0,98191000.0,0.0,38000.0,107905000.0,202475000.0,4155000.0,8412000.0,30196000.0,0.13464788481175782,21784000.0,0.09713768455223648,-178000.0,17451000.0,0.07781627493210974,4403000.0,13048000.0,0.05818272622280488,0.2719337448686261,0.2697421293771981,47982276,48372125,https://www.sec.gov/Archives/edgar/data/1411688/000104746915004547/0001047469-15-004547-index.htm,https://www.sec.gov/Archives/edgar/data/1411688/000104746915004547/a2224586z10-k.htm,1620598658,18:17:38,20210509
24,2014-11-29,TCS,USD,2015-01-09,2015-01-09 07:00:45,Q3,190900000,77100000,113800000,0.5961236249345206,0.0,95800000.0,0.0,400000.0,100100000.0,177200000.0,4265000.0,7780000.000000001,21580000.0,0.11304347826086956,13800000.0,0.07228915662650602,400000.0,9500000.0,0.04976427448926139,3200000.0,6200000.0,0.03247773703509691,0.1281,0.1281,48400000,48400000,https://www.sec.gov/Archives/edgar/data/1411688/000110465915001370/0001104659-15-001370-index.htm,https://www.sec.gov/Archives/edgar/data/1411688/000110465915001370/a14-25262_110q.htm,1620598658,18:17:38,20210509
25,2014-08-30,TCS,USD,2014-10-10,2014-10-10 07:01:28,Q2,193200000,79600000,113600000,0.587991718426501,0.0,92900000.0,0.0,300000.0,100800000.00000001,180400000.0,4383000.0,7560000.000000001,20360000.0,0.10538302277432712,12800000.0,0.06625258799171843,300000.0,8400000.0,0.043478260869565216,1500000.0,7000000.0,0.036231884057971016,0.14433,0.14433,48500000,48500000,https://www.sec.gov/Archives/edgar/data/1411688/000110465914071173/0001104659-14-071173-index.htm,https://www.sec.gov/Archives/edgar/data/1411688/000110465914071173/a14-19289_110q.htm,1620598658,18:17:38,20210509
26,2014-05-31,TCS,USD,2014-07-11,2014-07-11 07:01:10,Q1,173438000,72586000,100852000,0.5814873326491311,0.0,91189000.0,0.0,-525000.0,101957000.0,174543000.0,4302000.0,7256000.0,6151000.0,0.035465122983429236,-1105000.0,-0.006371152803883808,-100000.0,-5507000.0,-0.031751980534830894,-1928000.0,-3579000.0,-0.020635616185610998,-0.07,-0.07,47946616,47946616,https://www.sec.gov/Archives/edgar/data/1411688/000110465914051111/0001104659-14-051111-index.htm,https://www.sec.gov/Archives/edgar/data/1411688/000104746914005201/a2220250z10-k.htm,1620598658,18:17:38,20210509
27,2014-03-01,TCS,USD,2014-05-28,2014-05-28 07:00:45,Q4,216800000,90600000,126200000,0.5821033210332104,0.0,97600000.0,0.0,100000.0,105600000.0,196200000.0,21185000.0,7730000.0,28330000.0,0.13067343173431734,20600000.0,0.09501845018450185,100000.0,16300000.0,0.07518450184501844,-2000000.0,18300000.0,0.08440959409594095,0.38205,0.38205,47900000,47900000,https://www.sec.gov/Archives/edgar/data/1411688/000104746914005201/0001047469-14-005201-index.htm,https://www.sec.gov/Archives/edgar/data/1411688/000104746914005201/a2220250z10-k.htm,1620598658,18:17:38,20210509
28,2013-11-30,TCS,USD,2013-11-30,2013-11-30,Q3,188298000,75359000,112939000,0.5997886329116613,0.0,103438000.0,0.0,-869000.0,113703000.0,189062000.0,5782000.0,7570000.0,6806000.0,0.03614483425208977,-764000.0,-0.004057398379164941,-235000.0,-6781000.0,-0.03601206598052024,2705000.0,-9486000.0,-0.050377592964343756,-1.39,-1.39,18036633,18036633,,,1620598658,18:17:38,20210509
29,2013-08-31,TCS,USD,2013-08-31,2013-08-31,Q2,183774000,76377000,107397000,0.5843971399653922,0.0,85838000.0,0.0,-407000.0,95797000.0,172174000.0,5519000.0,7580000.0,19180000.0,0.10436732073089773,11600000.0,0.06312100732421344,-171000.0,5910000.0,0.032159064938457015,1803000.0,4107000.0,0.02234810147246074,-0.385338,-0.385338,46047915,46047915,,,1620598658,18:17:38,20210509
30,2013-05-31,TCS,USD,2013-05-31,2013-05-31,Q1,159645000,66441000,93204000,0.5838203514046791,0.0,83449000.0,0.0,-219000.0,93100000.0,159541000.0,5555000.0,7470000.0,7574000.0,0.04744276363180808,104000.0,0.000651445394468978,-1364000.0,-6815000.0,-0.04268846503178928,-2020000.0,-4795000.0,-0.03003539102383413,-0.58838,-0.58838,46048481,46048481,,,1620598658,18:17:38,20210509
31,2013-02-28,TCS,USD,2013-02-28,2013-02-28,Q4,217025000,88683000,128342000,0.5913696578735169,0.0,0.0,0.0,-170000.0,103085000.0,191768000.0,5367000.0,7725000.0,32982000.0,0.1519732749683216,25257000.0,0.11637829743117152,-17538000.0,2352000.0,0.010837461121990554,259000.0,2093000.0,0.0096440502246285,0.045452096454604005,0.045452096454604005,46048481,46048481,,,1620598658,18:17:38,20210509
32,2012-11-30,TCS,USD,2012-11-30,2012-11-30,Q3,175416000,71302000,104114000,0.5935262461805081,0.0,81872000.0,0.0,-335000.0,91680000.0,162982000.0,5131000.0,7336000.0,19770000.0,0.11270351621288822,12434000.0,0.0708829297213481,-2152000.0,5151000.0,0.029364482145300314,-1711000.0,6862000.0,0.039118438454872985,-0.338643,-0.338643,46048481,46048481,,,1620598658,18:17:38,20210509
