,date,symbol,reportedCurrency,fillingDate,acceptedDate,period,revenue,costOfRevenue,grossProfit,grossProfitRatio,researchAndDevelopmentExpenses,generalAndAdministrativeExpenses,sellingAndMarketingExpenses,otherExpenses,operatingExpenses,costAndExpenses,interestExpense,depreciationAndAmortization,ebitda,ebitdaratio,operatingIncome,operatingIncomeRatio,totalOtherIncomeExpensesNet,incomeBeforeTax,incomeBeforeTaxRatio,incomeTaxExpense,netIncome,netIncomeRatio,eps,epsdiluted,weightedAverageShsOut,weightedAverageShsOutDil,link,finalLink,timestamp,est_time,est_date
0,2016-09-30,CPPL,USD,2016-11-01 00:00:00,2016-11-01 16:27:37,Q3,326500000,0.0,326500000,1.0,0.0,0.0,0.0,327200000,327200000,327200000,300000.0,38800000,54100000,0.16569678407350688,15300000,0.046860643185298624,5600000.0,20900000,0.06401225114854518,0.0,20900000,0.06401225114854518,0.20775,0.20775,100600000,100600000,https://www.sec.gov/Archives/edgar/data/1420783/000142078316000058/0001420783-16-000058-index.html,https://www.sec.gov/Archives/edgar/data/1420783/000142078316000058/cppl-2016930x10q.htm,1620590622,16:03:42,20210509
1,2016-06-30,CPPL,USD,2016-08-02 00:00:00,2016-08-02 06:33:30,Q2,313200000,0.0,313200000,1.0,0.0,0.0,0.0,200100000,200100000,200100000,1900000.0,39200000,168600000,0.5383141762452107,129400000,0.41315453384418904,1000000.0,130400000,0.4163473818646232,100000.0,130400000,0.4163473818646232,1.29622,1.29622,100600000,100600000,https://www.sec.gov/Archives/edgar/data/1420783/000142078316000048/0001420783-16-000048-index.html,https://www.sec.gov/Archives/edgar/data/1420783/000142078316000048/cppl-2016630x10q.htm,1620590622,16:03:42,20210509
2,2016-03-31,CPPL,USD,2016-05-03 00:00:00,2016-05-03 06:40:23,Q1,363500000,0.0,363500000,1.0,0.0,0.0,0.0,197400000,197400000,197400000,600000.0,37700000,219600000,0.6041265474552957,181900000,0.5004126547455295,-1700000.0,180200000,0.4957359009628611,0.0,180200000,0.4957359009628611,1.79125,1.79125,100600000,100600000,https://www.sec.gov/Archives/edgar/data/1420783/000142078316000042/0001420783-16-000042-index.html,https://www.sec.gov/Archives/edgar/data/1420783/000142078316000042/cppl-2016331x10q.htm,1620590622,16:03:42,20210509
3,2015-12-31,CPPL,USD,2016-02-18 00:00:00,2016-02-18 10:19:57,Q4,357000000,0.0,357000000,1.0,0.0,0.0,0.0,236700000,236700000,236700000,200000.0,36400000,172700000,0.4837535014005602,136300000,0.3817927170868347,10500000.0,146800000,0.41120448179271707,200000.0,122900000,0.3442577030812325,1.22167,1.22167,100600000,100600000,https://www.sec.gov/Archives/edgar/data/1420783/000142078316000035/0001420783-16-000035-index.html,https://www.sec.gov/Archives/edgar/data/1420783/000142078316000035/cppl-20151231x10k.htm,1620590622,16:03:42,20210509
4,2015-09-30,CPPL,USD,2015-11-03 00:00:00,2015-11-03 10:48:39,Q3,320000000,0.0,320000000,1.0,0.0,0.0,0.0,192500000,192500000,192500000,-16500000.0,33500000,176300000,0.5509375,142800000,0.44625,1800000.0,144600000,0.451875,0.0,144600000,0.451875,1.43738,1.43738,100600000,100600000,https://www.sec.gov/Archives/edgar/data/1420783/000142078315000022/0001420783-15-000022-index.html,https://www.sec.gov/Archives/edgar/data/1420783/000142078315000022/cppl-2015930x10q.htm,1620590622,16:03:42,20210509
5,2015-06-30,CPPL,USD,2015-08-03 00:00:00,2015-08-03 12:31:23,Q2,315600000,0.0,315600000,1.0,0.0,0.0,0.0,220400000,220400000,220400000,6300000.0,33100000,142300000,0.4508871989860583,109200000,0.34600760456273766,-1400000.0,107800000,0.34157160963244615,0.0,107800000,0.34157160963244615,1.07157,1.07157,100600000,100600000,https://www.sec.gov/Archives/edgar/data/1420783/000142078315000016/0001420783-15-000016-index.html,https://www.sec.gov/Archives/edgar/data/1420783/000142078315000016/cppl-2015630x10q.htm,1620590622,16:03:42,20210509
6,2015-03-31,CPPL,USD,2015-04-30 00:00:00,2015-04-30 17:12:27,Q1,339200000,0.0,339200000,1.0,0.0,0.0,0.0,192100000,192100000,192100000,11400000.0,32400000,194400000,0.5731132075471698,162000000,0.47759433962264153,-7100000.0,154900000,0.4566627358490566,23700000.0,154900000,0.4566627358490566,1.53976,1.53976,100600000,100600000,https://www.sec.gov/Archives/edgar/data/1420783/000142078315000008/0001420783-15-000008-index.html,https://www.sec.gov/Archives/edgar/data/1420783/000142078315000008/cppl-2015331x10q.htm,1620590622,16:03:42,20210509
