,date,symbol,reportedCurrency,fillingDate,acceptedDate,period,revenue,costOfRevenue,grossProfit,grossProfitRatio,researchAndDevelopmentExpenses,generalAndAdministrativeExpenses,sellingAndMarketingExpenses,otherExpenses,operatingExpenses,costAndExpenses,interestExpense,depreciationAndAmortization,ebitda,ebitdaratio,operatingIncome,operatingIncomeRatio,totalOtherIncomeExpensesNet,incomeBeforeTax,incomeBeforeTaxRatio,incomeTaxExpense,netIncome,netIncomeRatio,eps,epsdiluted,weightedAverageShsOut,weightedAverageShsOutDil,link,finalLink,timestamp,est_time,est_date
0,2019-06-30,SOFR.PA,EUR,2019-06-30,2019-06-30,Q2,2043140.7775,20758.9525,2022381.825,0.9898396856797108,0.0,429058.095,0.0,0.0,429058.095,460362.04,10118.275,0.0,1345173.3925,1.518867968167903,1582778.7375,0.7746792364629411,0.0,4880091.5925,2.388524396479087,0.0,4880091.5925,2.388524396479087,48.8,48.8,100002.0,100002.0,https://www.infogreffe.com/recherche-entreprise-dirigeants/resultats-entreprise-dirigeants.html?ga_cat=globale&ga_q=S.O.F.R#phrase=S.O.F.R,https://www.infogreffe.com/recherche-entreprise-dirigeants/resultats-entreprise-dirigeants.html?ga_cat=globale&ga_q=S.O.F.R#phrase=S.O.F.R,1620598134,18:08:54,20210509
1,2019-03-31,SOFR.PA,EUR,2019-03-31,2019-03-31,Q1,2043140.7775,20758.9525,2022381.825,0.9898396856797108,0.0,429058.095,0.0,0.0,429058.095,460362.04,10118.275,0.0,1345173.3925,1.518867968167903,1582778.7375,0.7746792364629411,0.0,4880091.5925,2.388524396479087,0.0,4880091.5925,2.388524396479087,48.8,48.8,100002.0,100002.0,https://www.infogreffe.com/recherche-entreprise-dirigeants/resultats-entreprise-dirigeants.html?ga_cat=globale&ga_q=S.O.F.R#phrase=S.O.F.R,https://www.infogreffe.com/recherche-entreprise-dirigeants/resultats-entreprise-dirigeants.html?ga_cat=globale&ga_q=S.O.F.R#phrase=S.O.F.R,1620598134,18:08:54,20210509
2,2019-01-31,SOFR.PA,EUR,2019-01-31,2019-01-31,Q1,2043140.7775,20758.9525,2022381.825,0.9898396856797108,0.0,429058.095,0.0,0.0,429058.095,460362.04,10118.275,0.0,1345173.3925,1.518867968167903,1582778.7375,0.7746792364629411,0.0,4880091.5925,2.388524396479087,0.0,4880091.5925,2.388524396479087,48.8,48.8,100002.0,100002.0,https://www.infogreffe.com/recherche-entreprise-dirigeants/resultats-entreprise-dirigeants.html?ga_cat=globale&ga_q=S.O.F.R#phrase=S.O.F.R,https://www.infogreffe.com/recherche-entreprise-dirigeants/resultats-entreprise-dirigeants.html?ga_cat=globale&ga_q=S.O.F.R#phrase=S.O.F.R,1620598134,18:08:54,20210509
3,2018-06-30,SOFR.PA,EUR,2018-06-30,2018-06-30,Q2,2628762.9925,22073.425,2606689.5675,0.9916031133034903,0.0,393821.075,0.0,0.0,393821.075,3997503.5375,11857.7975,3567536.475,2198795.93,0.8364374940887715,-1368740.545,-0.5206785658901503,0.0,-1253390.1275,-0.4767984527612372,0.0,-1253390.1275,-0.4767984527612372,-12.5325,-12.5325,100011.0,100011.0,https://www.infogreffe.com/recherche-entreprise-dirigeants/resultats-entreprise-dirigeants.html?ga_cat=globale&ga_q=S.O.F.R#phrase=S.O.F.R,https://www.infogreffe.com/recherche-entreprise-dirigeants/resultats-entreprise-dirigeants.html?ga_cat=globale&ga_q=S.O.F.R#phrase=S.O.F.R,1620598134,18:08:54,20210509
4,2018-03-31,SOFR.PA,EUR,2018-03-31,2018-03-31,Q1,2628762.9925,22073.425,2606689.5675,0.9916031133034903,0.0,393821.075,0.0,0.0,393821.075,3997503.5375,11857.7975,3567536.475,2198795.93,0.8364374940887715,-1368740.545,-0.5206785658901503,0.0,-1253390.1275,-0.4767984527612372,0.0,-1253390.1275,-0.4767984527612372,-12.5325,-12.5325,100011.0,100011.0,https://www.infogreffe.com/recherche-entreprise-dirigeants/resultats-entreprise-dirigeants.html?ga_cat=globale&ga_q=S.O.F.R#phrase=S.O.F.R,https://www.infogreffe.com/recherche-entreprise-dirigeants/resultats-entreprise-dirigeants.html?ga_cat=globale&ga_q=S.O.F.R#phrase=S.O.F.R,1620598134,18:08:54,20210509
5,2018-01-31,SOFR.PA,EUR,2018-01-31,2018-01-31,Q1,2628762.9925,22073.425,2606689.5675,0.9916031133034903,0.0,393821.075,0.0,0.0,393821.075,3997503.5375,11857.7975,3567536.475,2198795.93,0.8364374940887715,-1368740.545,-0.5206785658901503,0.0,-1253390.1275,-0.4767984527612372,0.0,-1253390.1275,-0.4767984527612372,-12.5325,-12.5325,100011.0,100011.0,https://www.infogreffe.com/recherche-entreprise-dirigeants/resultats-entreprise-dirigeants.html?ga_cat=globale&ga_q=S.O.F.R#phrase=S.O.F.R,https://www.infogreffe.com/recherche-entreprise-dirigeants/resultats-entreprise-dirigeants.html?ga_cat=globale&ga_q=S.O.F.R#phrase=S.O.F.R,1620598134,18:08:54,20210509
6,2017-06-30,SOFR.PA,EUR,2017-06-30,2017-06-30,Q2,4193521.5175,23445.56,4170075.9575,0.9944090998693678,0.0,462073.8475,0.0,0.0,462073.8475,499877.435,10871.78,0.0,3542314.7675,1.18383650035132,3693644.0825,0.8807976940349633,0.0,3533963.5975,0.8427197959405726,0.0,3533963.5975,0.8427197959405726,35.34,35.34,99999.0,99999.0,https://www.infogreffe.com/recherche-entreprise-dirigeants/resultats-entreprise-dirigeants.html?ga_cat=globale&ga_q=S.O.F.R#phrase=S.O.F.R,https://www.infogreffe.com/recherche-entreprise-dirigeants/resultats-entreprise-dirigeants.html?ga_cat=globale&ga_q=S.O.F.R#phrase=S.O.F.R,1620598134,18:08:54,20210509
7,2017-03-31,SOFR.PA,EUR,2017-03-31,2017-03-31,Q1,4193521.5175,23445.56,4170075.9575,0.9944090998693678,0.0,462073.8475,0.0,0.0,462073.8475,499877.435,10871.78,0.0,3542314.7675,1.18383650035132,3693644.0825,0.8807976940349633,0.0,3533963.5975,0.8427197959405726,0.0,3533963.5975,0.8427197959405726,35.34,35.34,99999.0,99999.0,https://www.infogreffe.com/recherche-entreprise-dirigeants/resultats-entreprise-dirigeants.html?ga_cat=globale&ga_q=S.O.F.R#phrase=S.O.F.R,https://www.infogreffe.com/recherche-entreprise-dirigeants/resultats-entreprise-dirigeants.html?ga_cat=globale&ga_q=S.O.F.R#phrase=S.O.F.R,1620598134,18:08:54,20210509
8,2017-01-31,SOFR.PA,EUR,2017-01-31,2017-01-31,Q1,4193521.5175,23445.56,4170075.9575,0.9944090998693678,0.0,462073.8475,0.0,0.0,462073.8475,499877.435,10871.78,0.0,3542314.7675,1.18383650035132,3693644.0825,0.8807976940349633,0.0,3533963.5975,0.8427197959405726,0.0,3533963.5975,0.8427197959405726,35.34,35.34,99999.0,99999.0,https://www.infogreffe.com/recherche-entreprise-dirigeants/resultats-entreprise-dirigeants.html?ga_cat=globale&ga_q=S.O.F.R#phrase=S.O.F.R,https://www.infogreffe.com/recherche-entreprise-dirigeants/resultats-entreprise-dirigeants.html?ga_cat=globale&ga_q=S.O.F.R#phrase=S.O.F.R,1620598134,18:08:54,20210509
9,2016-06-30,SOFR.PA,EUR,2016-06-30,2016-06-30,Q2,2983159.28,16381.2575,2966778.0225,0.9945087553286797,0.0,388928.2325,0.0,0.0,388928.2325,420560.74,4101.6275,0.0,2702432.6075,1.1038792500212236,2562598.54,0.8590216946109562,0.0,2698330.98,0.9045212564043849,0.0,2698330.98,0.9045212564043849,26.9825,26.9825,100003.0,100003.0,https://www.infogreffe.com/recherche-entreprise-dirigeants/resultats-entreprise-dirigeants.html?ga_cat=globale&ga_q=S.O.F.R#phrase=S.O.F.R,https://www.infogreffe.com/recherche-entreprise-dirigeants/resultats-entreprise-dirigeants.html?ga_cat=globale&ga_q=S.O.F.R#phrase=S.O.F.R,1620598134,18:08:54,20210509
10,2016-03-31,SOFR.PA,EUR,2016-03-31,2016-03-31,Q1,2983159.28,16381.2575,2966778.0225,0.9945087553286797,0.0,388928.2325,0.0,0.0,388928.2325,420560.74,4101.6275,0.0,2702432.6075,1.1038792500212236,2562598.54,0.8590216946109562,0.0,2698330.98,0.9045212564043849,0.0,2698330.98,0.9045212564043849,26.9825,26.9825,100003.0,100003.0,https://www.infogreffe.com/recherche-entreprise-dirigeants/resultats-entreprise-dirigeants.html?ga_cat=globale&ga_q=S.O.F.R#phrase=S.O.F.R,https://www.infogreffe.com/recherche-entreprise-dirigeants/resultats-entreprise-dirigeants.html?ga_cat=globale&ga_q=S.O.F.R#phrase=S.O.F.R,1620598134,18:08:54,20210509
11,2016-01-31,SOFR.PA,EUR,2016-01-31,2016-01-31,Q1,2983159.28,16381.2575,2966778.0225,0.9945087553286797,0.0,388928.2325,0.0,0.0,388928.2325,420560.74,4101.6275,0.0,2702432.6075,1.1038792500212236,2562598.54,0.8590216946109562,0.0,2698330.98,0.9045212564043849,0.0,2698330.98,0.9045212564043849,26.9825,26.9825,100003.0,100003.0,https://www.infogreffe.com/recherche-entreprise-dirigeants/resultats-entreprise-dirigeants.html?ga_cat=globale&ga_q=S.O.F.R#phrase=S.O.F.R,https://www.infogreffe.com/recherche-entreprise-dirigeants/resultats-entreprise-dirigeants.html?ga_cat=globale&ga_q=S.O.F.R#phrase=S.O.F.R,1620598134,18:08:54,20210509
12,2015-09-30,SOFR.PA,EUR,2015-09-30,2015-09-30,Q3,4058819.7,2750.0,4056069.7,0.9993224631288746,0.0,412304.68,0.0,0.0,412304.68,415054.68,926.08,0.0,4562143.995,0.8896737377093684,3643765.02,0.8977400548243125,0.0,4561217.915,1.1237793871454798,0.0,4561217.915,1.1237793871454798,45.6125,45.6125,99999.0,99999.0,https://www.infogreffe.com/recherche-entreprise-dirigeants/resultats-entreprise-dirigeants.html?ga_cat=globale&ga_q=S.O.F.R#phrase=S.O.F.R,https://www.infogreffe.com/recherche-entreprise-dirigeants/resultats-entreprise-dirigeants.html?ga_cat=globale&ga_q=S.O.F.R#phrase=S.O.F.R,1620598134,18:08:54,20210509
13,2015-06-30,SOFR.PA,EUR,2015-06-30,2015-06-30,Q2,4058819.7,2750.0,4056069.7,0.9993224631288746,0.0,412304.68,0.0,0.0,412304.68,415054.68,926.08,0.0,4562143.995,0.8896737377093684,3643765.02,0.8977400548243125,0.0,4561217.915,1.1237793871454798,0.0,4561217.915,1.1237793871454798,45.6125,45.6125,99999.0,99999.0,https://www.infogreffe.com/recherche-entreprise-dirigeants/resultats-entreprise-dirigeants.html?ga_cat=globale&ga_q=S.O.F.R#phrase=S.O.F.R,https://www.infogreffe.com/recherche-entreprise-dirigeants/resultats-entreprise-dirigeants.html?ga_cat=globale&ga_q=S.O.F.R#phrase=S.O.F.R,1620598134,18:08:54,20210509
14,2015-03-31,SOFR.PA,EUR,2015-03-31,2015-03-31,Q1,4058819.7,2750.0,4056069.7,0.9993224631288746,0.0,412304.68,0.0,0.0,412304.68,415054.68,926.08,0.0,4562143.995,0.8896737377093684,3643765.02,0.8977400548243125,0.0,4561217.915,1.1237793871454798,0.0,4561217.915,1.1237793871454798,45.6125,45.6125,99999.0,99999.0,https://www.infogreffe.com/recherche-entreprise-dirigeants/resultats-entreprise-dirigeants.html?ga_cat=globale&ga_q=S.O.F.R#phrase=S.O.F.R,https://www.infogreffe.com/recherche-entreprise-dirigeants/resultats-entreprise-dirigeants.html?ga_cat=globale&ga_q=S.O.F.R#phrase=S.O.F.R,1620598134,18:08:54,20210509
15,2015-01-31,SOFR.PA,EUR,2015-01-31,2015-01-31,Q1,4058819.7,2750.0,4056069.7,0.9993224631288746,0.0,412304.68,0.0,0.0,412304.68,415054.68,926.08,0.0,4562143.995,0.8896737377093684,3643765.02,0.8977400548243125,0.0,4561217.915,1.1237793871454798,0.0,4561217.915,1.1237793871454798,45.6125,45.6125,99999.0,99999.0,https://www.infogreffe.com/recherche-entreprise-dirigeants/resultats-entreprise-dirigeants.html?ga_cat=globale&ga_q=S.O.F.R#phrase=S.O.F.R,https://www.infogreffe.com/recherche-entreprise-dirigeants/resultats-entreprise-dirigeants.html?ga_cat=globale&ga_q=S.O.F.R#phrase=S.O.F.R,1620598134,18:08:54,20210509
16,2014-09-30,SOFR.PA,EUR,2014-09-30,2014-09-30,Q3,2494296.5375,0.0,0.0,0.0,0.0,325517.7225,0.0,0.0,325517.7225,325517.7225,0.0,0.0,2168778.815,1.1500926328902747,2168778.815,0.869495179259535,0.0,2515489.505,1.0084965709495155,0.0,2515489.505,1.0084965709495155,25.34625925,25.34625925,99245.0,99245.0,https://www.infogreffe.com/recherche-entreprise-dirigeants/resultats-entreprise-dirigeants.html?ga_cat=globale&ga_q=S.O.F.R#phrase=S.O.F.R,https://www.infogreffe.com/recherche-entreprise-dirigeants/resultats-entreprise-dirigeants.html?ga_cat=globale&ga_q=S.O.F.R#phrase=S.O.F.R,1620598134,18:08:54,20210509
17,2014-06-30,SOFR.PA,EUR,2014-06-30,2014-06-30,Q2,2494296.5375,0.0,0.0,0.0,0.0,325517.7225,0.0,0.0,325517.7225,325517.7225,0.0,0.0,2168778.815,1.1500926328902747,2168778.815,0.869495179259535,0.0,2515489.505,1.0084965709495155,0.0,2515489.505,1.0084965709495155,25.34625925,25.34625925,99245.0,99245.0,https://www.infogreffe.com/recherche-entreprise-dirigeants/resultats-entreprise-dirigeants.html?ga_cat=globale&ga_q=S.O.F.R#phrase=S.O.F.R,https://www.infogreffe.com/recherche-entreprise-dirigeants/resultats-entreprise-dirigeants.html?ga_cat=globale&ga_q=S.O.F.R#phrase=S.O.F.R,1620598134,18:08:54,20210509
18,2014-03-31,SOFR.PA,EUR,2014-03-31,2014-03-31,Q1,2494296.5375,0.0,0.0,0.0,0.0,325517.7225,0.0,0.0,325517.7225,325517.7225,0.0,0.0,2168778.815,1.1500926328902747,2168778.815,0.869495179259535,0.0,2515489.505,1.0084965709495155,0.0,2515489.505,1.0084965709495155,25.34625925,25.34625925,99245.0,99245.0,https://www.infogreffe.com/recherche-entreprise-dirigeants/resultats-entreprise-dirigeants.html?ga_cat=globale&ga_q=S.O.F.R#phrase=S.O.F.R,https://www.infogreffe.com/recherche-entreprise-dirigeants/resultats-entreprise-dirigeants.html?ga_cat=globale&ga_q=S.O.F.R#phrase=S.O.F.R,1620598134,18:08:54,20210509
19,2014-01-31,SOFR.PA,EUR,2014-01-31,2014-01-31,Q1,2494296.5375,0.0,0.0,0.0,0.0,325517.7225,0.0,0.0,325517.7225,325517.7225,0.0,0.0,2168778.815,1.1500926328902747,2168778.815,0.869495179259535,0.0,2515489.505,1.0084965709495155,0.0,2515489.505,1.0084965709495155,25.34625925,25.34625925,99245.0,99245.0,https://www.infogreffe.com/recherche-entreprise-dirigeants/resultats-entreprise-dirigeants.html?ga_cat=globale&ga_q=S.O.F.R#phrase=S.O.F.R,https://www.infogreffe.com/recherche-entreprise-dirigeants/resultats-entreprise-dirigeants.html?ga_cat=globale&ga_q=S.O.F.R#phrase=S.O.F.R,1620598134,18:08:54,20210509
20,2013-09-30,SOFR.PA,EUR,2013-09-30,2013-09-30,Q3,2273126.9125,0.0,0.0,0.0,0.0,338193.36,0.0,0.0,-3237943.2975,-3237943.2975,0.0,0.0,5511070.21,0.41246560575028496,5511070.21,2.4244445744293652,0.0,5413451.7175,2.3814999891696544,0.0,5413451.7175,2.3814999891696544,54.135,54.135,99999.0,99999.0,https://www.infogreffe.com/recherche-entreprise-dirigeants/resultats-entreprise-dirigeants.html?ga_cat=globale&ga_q=S.O.F.R#phrase=S.O.F.R,https://www.infogreffe.com/recherche-entreprise-dirigeants/resultats-entreprise-dirigeants.html?ga_cat=globale&ga_q=S.O.F.R#phrase=S.O.F.R,1620598134,18:08:54,20210509
21,2013-06-30,SOFR.PA,EUR,2013-06-30,2013-06-30,Q2,2273126.9125,0.0,0.0,0.0,0.0,338193.36,0.0,0.0,-3237943.2975,-3237943.2975,0.0,0.0,5511070.21,0.41246560575028496,5511070.21,2.4244445744293652,0.0,5413451.7175,2.3814999891696544,0.0,5413451.7175,2.3814999891696544,54.135,54.135,99999.0,99999.0,https://www.infogreffe.com/recherche-entreprise-dirigeants/resultats-entreprise-dirigeants.html?ga_cat=globale&ga_q=S.O.F.R#phrase=S.O.F.R,https://www.infogreffe.com/recherche-entreprise-dirigeants/resultats-entreprise-dirigeants.html?ga_cat=globale&ga_q=S.O.F.R#phrase=S.O.F.R,1620598134,18:08:54,20210509
22,2013-03-31,SOFR.PA,EUR,2013-03-31,2013-03-31,Q1,2273126.9125,0.0,0.0,0.0,0.0,338193.36,0.0,0.0,-3237943.2975,-3237943.2975,0.0,0.0,5511070.21,0.41246560575028496,5511070.21,2.4244445744293652,0.0,5413451.7175,2.3814999891696544,0.0,5413451.7175,2.3814999891696544,54.135,54.135,99999.0,99999.0,https://www.infogreffe.com/recherche-entreprise-dirigeants/resultats-entreprise-dirigeants.html?ga_cat=globale&ga_q=S.O.F.R#phrase=S.O.F.R,https://www.infogreffe.com/recherche-entreprise-dirigeants/resultats-entreprise-dirigeants.html?ga_cat=globale&ga_q=S.O.F.R#phrase=S.O.F.R,1620598134,18:08:54,20210509
23,2013-01-31,SOFR.PA,EUR,2013-01-31,2013-01-31,Q1,2273126.9125,0.0,0.0,0.0,0.0,338193.36,0.0,0.0,-3237943.2975,-3237943.2975,0.0,0.0,5511070.21,0.41246560575028496,5511070.21,2.4244445744293652,0.0,5413451.7175,2.3814999891696544,0.0,5413451.7175,2.3814999891696544,54.135,54.135,99999.0,99999.0,https://www.infogreffe.com/recherche-entreprise-dirigeants/resultats-entreprise-dirigeants.html?ga_cat=globale&ga_q=S.O.F.R#phrase=S.O.F.R,https://www.infogreffe.com/recherche-entreprise-dirigeants/resultats-entreprise-dirigeants.html?ga_cat=globale&ga_q=S.O.F.R#phrase=S.O.F.R,1620598134,18:08:54,20210509
24,2012-09-30,SOFR.PA,EUR,2012-09-30,2012-09-30,Q3,1420155.715,0.0,0.0,0.0,0.0,285316.5725,0.0,0.0,-2665247.4225,-2665247.4225,0.0,0.0,4085403.1375,0.3476170324451855,4085403.1375,2.8767290053823427,0.0,4096301.6675,2.884403184970459,0.0,4096301.6675,2.884403184970459,40.9625,40.9625,100001.0,100001.0,https://www.infogreffe.com/recherche-entreprise-dirigeants/resultats-entreprise-dirigeants.html?ga_cat=globale&ga_q=S.O.F.R#phrase=S.O.F.R,https://www.infogreffe.com/recherche-entreprise-dirigeants/resultats-entreprise-dirigeants.html?ga_cat=globale&ga_q=S.O.F.R#phrase=S.O.F.R,1620598134,18:08:54,20210509
25,2012-06-30,SOFR.PA,EUR,2012-06-30,2012-06-30,Q2,1420155.715,0.0,0.0,0.0,0.0,285316.5725,0.0,0.0,-2665247.4225,-2665247.4225,0.0,0.0,4085403.1375,0.3476170324451855,4085403.1375,2.8767290053823427,0.0,4096301.6675,2.884403184970459,0.0,4096301.6675,2.884403184970459,40.9625,40.9625,100001.0,100001.0,https://www.infogreffe.com/recherche-entreprise-dirigeants/resultats-entreprise-dirigeants.html?ga_cat=globale&ga_q=S.O.F.R#phrase=S.O.F.R,https://www.infogreffe.com/recherche-entreprise-dirigeants/resultats-entreprise-dirigeants.html?ga_cat=globale&ga_q=S.O.F.R#phrase=S.O.F.R,1620598134,18:08:54,20210509
26,2012-03-31,SOFR.PA,EUR,2012-03-31,2012-03-31,Q1,1420155.715,0.0,0.0,0.0,0.0,285316.5725,0.0,0.0,-2665247.4225,-2665247.4225,0.0,0.0,4085403.1375,0.3476170324451855,4085403.1375,2.8767290053823427,0.0,4096301.6675,2.884403184970459,0.0,4096301.6675,2.884403184970459,40.9625,40.9625,100001.0,100001.0,https://www.infogreffe.com/recherche-entreprise-dirigeants/resultats-entreprise-dirigeants.html?ga_cat=globale&ga_q=S.O.F.R#phrase=S.O.F.R,https://www.infogreffe.com/recherche-entreprise-dirigeants/resultats-entreprise-dirigeants.html?ga_cat=globale&ga_q=S.O.F.R#phrase=S.O.F.R,1620598134,18:08:54,20210509
27,2012-01-31,SOFR.PA,EUR,2012-01-31,2012-01-31,Q1,1420155.715,0.0,0.0,0.0,0.0,285316.5725,0.0,0.0,-2665247.4225,-2665247.4225,0.0,0.0,4085403.1375,0.3476170324451855,4085403.1375,2.8767290053823427,0.0,4096301.6675,2.884403184970459,0.0,4096301.6675,2.884403184970459,40.9625,40.9625,100001.0,100001.0,https://www.infogreffe.com/recherche-entreprise-dirigeants/resultats-entreprise-dirigeants.html?ga_cat=globale&ga_q=S.O.F.R#phrase=S.O.F.R,https://www.infogreffe.com/recherche-entreprise-dirigeants/resultats-entreprise-dirigeants.html?ga_cat=globale&ga_q=S.O.F.R#phrase=S.O.F.R,1620598134,18:08:54,20210509
28,2011-09-30,SOFR.PA,EUR,2011-09-30,2011-09-30,Q3,1161287.97,307033.2925,854254.6775,0.7356096847365086,0.0,0.0,0.0,0.0,0.0,5191357.2025,0.0,4884323.91,854254.6775000002,0.7356096847365088,-4030069.2325,-3.470344424992192,0.0,-3431973.1825,-2.9553162274642353,0.0,-3431973.2075,-2.9553162489920566,-34.319732,-34.319732,100000.0,100000.0,https://www.infogreffe.com/recherche-entreprise-dirigeants/resultats-entreprise-dirigeants.html?ga_cat=globale&ga_q=S.O.F.R#phrase=S.O.F.R,https://www.infogreffe.com/recherche-entreprise-dirigeants/resultats-entreprise-dirigeants.html?ga_cat=globale&ga_q=S.O.F.R#phrase=S.O.F.R,1620598134,18:08:54,20210509
29,2011-06-30,SOFR.PA,EUR,2011-06-30,2011-06-30,Q2,1161287.97,307033.2925,854254.6775,0.7356096847365086,0.0,0.0,0.0,0.0,0.0,5191357.2025,0.0,4884323.91,854254.6775000002,0.7356096847365088,-4030069.2325,-3.470344424992192,0.0,-3431973.1825,-2.9553162274642353,0.0,-3431973.2075,-2.9553162489920566,-34.319732,-34.319732,100000.0,100000.0,https://www.infogreffe.com/recherche-entreprise-dirigeants/resultats-entreprise-dirigeants.html?ga_cat=globale&ga_q=S.O.F.R#phrase=S.O.F.R,https://www.infogreffe.com/recherche-entreprise-dirigeants/resultats-entreprise-dirigeants.html?ga_cat=globale&ga_q=S.O.F.R#phrase=S.O.F.R,1620598134,18:08:54,20210509
30,2011-03-31,SOFR.PA,EUR,2011-03-31,2011-03-31,Q1,1161287.97,307033.2925,854254.6775,0.7356096847365086,0.0,0.0,0.0,0.0,0.0,5191357.2025,0.0,4884323.91,854254.6775000002,0.7356096847365088,-4030069.2325,-3.470344424992192,0.0,-3431973.1825,-2.9553162274642353,0.0,-3431973.2075,-2.9553162489920566,-34.319732,-34.319732,100000.0,100000.0,https://www.infogreffe.com/recherche-entreprise-dirigeants/resultats-entreprise-dirigeants.html?ga_cat=globale&ga_q=S.O.F.R#phrase=S.O.F.R,https://www.infogreffe.com/recherche-entreprise-dirigeants/resultats-entreprise-dirigeants.html?ga_cat=globale&ga_q=S.O.F.R#phrase=S.O.F.R,1620598134,18:08:54,20210509
31,2011-01-31,SOFR.PA,EUR,2011-01-31,2011-01-31,Q1,1161287.97,307033.2925,854254.6775,0.7356096847365086,0.0,0.0,0.0,0.0,0.0,5191357.2025,0.0,4884323.91,854254.6775000002,0.7356096847365088,-4030069.2325,-3.470344424992192,0.0,-3431973.1825,-2.9553162274642353,0.0,-3431973.2075,-2.9553162489920566,-34.319732,-34.319732,100000.0,100000.0,https://www.infogreffe.com/recherche-entreprise-dirigeants/resultats-entreprise-dirigeants.html?ga_cat=globale&ga_q=S.O.F.R#phrase=S.O.F.R,https://www.infogreffe.com/recherche-entreprise-dirigeants/resultats-entreprise-dirigeants.html?ga_cat=globale&ga_q=S.O.F.R#phrase=S.O.F.R,1620598134,18:08:54,20210509
32,2010-09-30,SOFR.PA,EUR,2010-09-30,2010-09-30,Q3,1004516.41,257366.84,747149.57,0.743790308014978,0.0,0.0,0.0,0.0,0.0,257366.84,0.0,0.0,-383164.6575,-2.621631171711081,747149.57,0.743790308014978,0.0,2994568.25,2.9811043604553955,0.0,2994568.25,2.9811043604553955,29.9456825,29.9456825,100000.0,100000.0,https://www.infogreffe.com/recherche-entreprise-dirigeants/resultats-entreprise-dirigeants.html?ga_cat=globale&ga_q=S.O.F.R#phrase=S.O.F.R,https://www.infogreffe.com/recherche-entreprise-dirigeants/resultats-entreprise-dirigeants.html?ga_cat=globale&ga_q=S.O.F.R#phrase=S.O.F.R,1620598134,18:08:54,20210509
33,2010-06-30,SOFR.PA,EUR,2010-06-30,2010-06-30,Q2,1004516.41,257366.84,747149.57,0.743790308014978,0.0,0.0,0.0,0.0,0.0,257366.84,0.0,0.0,-383164.6575,-2.621631171711081,747149.57,0.743790308014978,0.0,2994568.25,2.9811043604553955,0.0,2994568.25,2.9811043604553955,29.9456825,29.9456825,100000.0,100000.0,https://www.infogreffe.com/recherche-entreprise-dirigeants/resultats-entreprise-dirigeants.html?ga_cat=globale&ga_q=S.O.F.R#phrase=S.O.F.R,https://www.infogreffe.com/recherche-entreprise-dirigeants/resultats-entreprise-dirigeants.html?ga_cat=globale&ga_q=S.O.F.R#phrase=S.O.F.R,1620598134,18:08:54,20210509
34,2010-03-31,SOFR.PA,EUR,2010-03-31,2010-03-31,Q1,1004516.41,257366.84,747149.57,0.743790308014978,0.0,0.0,0.0,0.0,0.0,257366.84,0.0,0.0,-383164.6575,-2.621631171711081,747149.57,0.743790308014978,0.0,2994568.25,2.9811043604553955,0.0,2994568.25,2.9811043604553955,29.9456825,29.9456825,100000.0,100000.0,https://www.infogreffe.com/recherche-entreprise-dirigeants/resultats-entreprise-dirigeants.html?ga_cat=globale&ga_q=S.O.F.R#phrase=S.O.F.R,https://www.infogreffe.com/recherche-entreprise-dirigeants/resultats-entreprise-dirigeants.html?ga_cat=globale&ga_q=S.O.F.R#phrase=S.O.F.R,1620598134,18:08:54,20210509
35,2010-01-31,SOFR.PA,EUR,2010-01-31,2010-01-31,Q1,1004516.41,257366.84,747149.57,0.743790308014978,0.0,0.0,0.0,0.0,0.0,257366.84,0.0,0.0,-383164.6575,-2.621631171711081,747149.57,0.743790308014978,0.0,2994568.25,2.9811043604553955,0.0,2994568.25,2.9811043604553955,29.9456825,29.9456825,100000.0,100000.0,https://www.infogreffe.com/recherche-entreprise-dirigeants/resultats-entreprise-dirigeants.html?ga_cat=globale&ga_q=S.O.F.R#phrase=S.O.F.R,https://www.infogreffe.com/recherche-entreprise-dirigeants/resultats-entreprise-dirigeants.html?ga_cat=globale&ga_q=S.O.F.R#phrase=S.O.F.R,1620598134,18:08:54,20210509
36,2009-09-30,SOFR.PA,EUR,2009-09-30,2009-09-30,Q3,1458897.095,242840.2975,-1216056.7975,-0.8335452868250451,0.0,0.0,0.0,0.0,9457482.605,9700322.9025,0.0,0.0,-12969695.3675,-0.11248507028590392,-8241425.8075,-5.649079592896166,0.0,-7056806.7725,-4.8370832985310726,0.0,-7056806.7725,-4.8370832985310726,-70.56806775,-70.56806775,100000.0,100000.0,https://www.infogreffe.com/recherche-entreprise-dirigeants/resultats-entreprise-dirigeants.html?ga_cat=globale&ga_q=S.O.F.R#phrase=S.O.F.R,https://www.infogreffe.com/recherche-entreprise-dirigeants/resultats-entreprise-dirigeants.html?ga_cat=globale&ga_q=S.O.F.R#phrase=S.O.F.R,1620598134,18:08:54,20210509
37,2009-06-30,SOFR.PA,EUR,2009-06-30,2009-06-30,Q2,1458897.095,242840.2975,-1216056.7975,-0.8335452868250451,0.0,0.0,0.0,0.0,9457482.605,9700322.9025,0.0,0.0,-12969695.3675,-0.11248507028590392,-8241425.8075,-5.649079592896166,0.0,-7056806.7725,-4.8370832985310726,0.0,-7056806.7725,-4.8370832985310726,-70.56806775,-70.56806775,100000.0,100000.0,https://www.infogreffe.com/recherche-entreprise-dirigeants/resultats-entreprise-dirigeants.html?ga_cat=globale&ga_q=S.O.F.R#phrase=S.O.F.R,https://www.infogreffe.com/recherche-entreprise-dirigeants/resultats-entreprise-dirigeants.html?ga_cat=globale&ga_q=S.O.F.R#phrase=S.O.F.R,1620598134,18:08:54,20210509
38,2009-03-31,SOFR.PA,EUR,2009-03-31,2009-03-31,Q1,1458897.095,242840.2975,-1216056.7975,-0.8335452868250451,0.0,0.0,0.0,0.0,9457482.605,9700322.9025,0.0,0.0,-12969695.3675,-0.11248507028590392,-8241425.8075,-5.649079592896166,0.0,-7056806.7725,-4.8370832985310726,0.0,-7056806.7725,-4.8370832985310726,-70.56806775,-70.56806775,100000.0,100000.0,https://www.infogreffe.com/recherche-entreprise-dirigeants/resultats-entreprise-dirigeants.html?ga_cat=globale&ga_q=S.O.F.R#phrase=S.O.F.R,https://www.infogreffe.com/recherche-entreprise-dirigeants/resultats-entreprise-dirigeants.html?ga_cat=globale&ga_q=S.O.F.R#phrase=S.O.F.R,1620598134,18:08:54,20210509
39,2009-01-31,SOFR.PA,EUR,2009-01-31,2009-01-31,Q1,1458897.095,242840.2975,-1216056.7975,-0.8335452868250451,0.0,0.0,0.0,0.0,9457482.605,9700322.9025,0.0,0.0,-12969695.3675,-0.11248507028590392,-8241425.8075,-5.649079592896166,0.0,-7056806.7725,-4.8370832985310726,0.0,-7056806.7725,-4.8370832985310726,-70.56806775,-70.56806775,100000.0,100000.0,https://www.infogreffe.com/recherche-entreprise-dirigeants/resultats-entreprise-dirigeants.html?ga_cat=globale&ga_q=S.O.F.R#phrase=S.O.F.R,https://www.infogreffe.com/recherche-entreprise-dirigeants/resultats-entreprise-dirigeants.html?ga_cat=globale&ga_q=S.O.F.R#phrase=S.O.F.R,1620598134,18:08:54,20210509
40,2008-09-30,SOFR.PA,EUR,2008-09-30,2008-09-30,Q3,1679151.7575,306940.7175,1372211.04,0.8172048975746017,0.0,0.0,0.0,0.0,9546507.095,9853447.8125,0.0,0.0,-7185190.6,-0.23369620250574843,-8174296.055,-4.868110353033412,0.0,-6129365.985,-3.6502751806815175,0.0,-6129365.985,-3.6502751806815175,-61.29365975,-61.29365975,100000.0,100000.0,https://www.infogreffe.com/recherche-entreprise-dirigeants/resultats-entreprise-dirigeants.html?ga_cat=globale&ga_q=S.O.F.R#phrase=S.O.F.R,https://www.infogreffe.com/recherche-entreprise-dirigeants/resultats-entreprise-dirigeants.html?ga_cat=globale&ga_q=S.O.F.R#phrase=S.O.F.R,1620598134,18:08:54,20210509
41,2008-06-30,SOFR.PA,EUR,2008-06-30,2008-06-30,Q2,1679151.7575,306940.7175,1372211.04,0.8172048975746017,0.0,0.0,0.0,0.0,9546507.095,9853447.8125,0.0,0.0,-7185190.6,-0.23369620250574843,-8174296.055,-4.868110353033412,0.0,-6129365.985,-3.6502751806815175,0.0,-6129365.985,-3.6502751806815175,-61.29365975,-61.29365975,100000.0,100000.0,https://www.infogreffe.com/recherche-entreprise-dirigeants/resultats-entreprise-dirigeants.html?ga_cat=globale&ga_q=S.O.F.R#phrase=S.O.F.R,https://www.infogreffe.com/recherche-entreprise-dirigeants/resultats-entreprise-dirigeants.html?ga_cat=globale&ga_q=S.O.F.R#phrase=S.O.F.R,1620598134,18:08:54,20210509
42,2008-03-31,SOFR.PA,EUR,2008-03-31,2008-03-31,Q1,1679151.7575,306940.7175,1372211.04,0.8172048975746017,0.0,0.0,0.0,0.0,9546507.095,9853447.8125,0.0,0.0,-7185190.6,-0.23369620250574843,-8174296.055,-4.868110353033412,0.0,-6129365.985,-3.6502751806815175,0.0,-6129365.985,-3.6502751806815175,-61.29365975,-61.29365975,100000.0,100000.0,https://www.infogreffe.com/recherche-entreprise-dirigeants/resultats-entreprise-dirigeants.html?ga_cat=globale&ga_q=S.O.F.R#phrase=S.O.F.R,https://www.infogreffe.com/recherche-entreprise-dirigeants/resultats-entreprise-dirigeants.html?ga_cat=globale&ga_q=S.O.F.R#phrase=S.O.F.R,1620598134,18:08:54,20210509
43,2008-01-31,SOFR.PA,EUR,2008-01-31,2008-01-31,Q1,1679151.7575,306940.7175,1372211.04,0.8172048975746017,0.0,0.0,0.0,0.0,9546507.095,9853447.8125,0.0,0.0,-7185190.6,-0.23369620250574843,-8174296.055,-4.868110353033412,0.0,-6129365.985,-3.6502751806815175,0.0,-6129365.985,-3.6502751806815175,-61.29365975,-61.29365975,100000.0,100000.0,https://www.infogreffe.com/recherche-entreprise-dirigeants/resultats-entreprise-dirigeants.html?ga_cat=globale&ga_q=S.O.F.R#phrase=S.O.F.R,https://www.infogreffe.com/recherche-entreprise-dirigeants/resultats-entreprise-dirigeants.html?ga_cat=globale&ga_q=S.O.F.R#phrase=S.O.F.R,1620598134,18:08:54,20210509
44,2007-09-30,SOFR.PA,EUR,2007-09-30,2007-09-30,Q3,1273111.9975,272212.595,1000899.4025,0.7861833086684111,0.0,0.0,0.0,0.0,0.0,272212.595,0.0,0.0,1713224.795,0.7431085524885834,1000899.4025,0.7861833086684111,0.0,5203798.015,4.087462866753794,0.0,5203798.015,4.087462866753794,52.03693941121177,52.03693941121177,100002.0,100002.0,https://www.infogreffe.com/recherche-entreprise-dirigeants/resultats-entreprise-dirigeants.html?ga_cat=globale&ga_q=S.O.F.R#phrase=S.O.F.R,https://www.infogreffe.com/recherche-entreprise-dirigeants/resultats-entreprise-dirigeants.html?ga_cat=globale&ga_q=S.O.F.R#phrase=S.O.F.R,1620598134,18:08:54,20210509
45,2007-06-30,SOFR.PA,EUR,2007-06-30,2007-06-30,Q2,1273111.9975,272212.595,1000899.4025,0.7861833086684111,0.0,0.0,0.0,0.0,0.0,272212.595,0.0,0.0,1713224.795,0.7431085524885834,1000899.4025,0.7861833086684111,0.0,5203798.015,4.087462866753794,0.0,5203798.015,4.087462866753794,52.03693941121177,52.03693941121177,100002.0,100002.0,https://www.infogreffe.com/recherche-entreprise-dirigeants/resultats-entreprise-dirigeants.html?ga_cat=globale&ga_q=S.O.F.R#phrase=S.O.F.R,https://www.infogreffe.com/recherche-entreprise-dirigeants/resultats-entreprise-dirigeants.html?ga_cat=globale&ga_q=S.O.F.R#phrase=S.O.F.R,1620598134,18:08:54,20210509
46,2007-03-31,SOFR.PA,EUR,2007-03-31,2007-03-31,Q1,1273111.9975,272212.595,1000899.4025,0.7861833086684111,0.0,0.0,0.0,0.0,0.0,272212.595,0.0,0.0,1713224.795,0.7431085524885834,1000899.4025,0.7861833086684111,0.0,5203798.015,4.087462866753794,0.0,5203798.015,4.087462866753794,52.03693941121177,52.03693941121177,100002.0,100002.0,https://www.infogreffe.com/recherche-entreprise-dirigeants/resultats-entreprise-dirigeants.html?ga_cat=globale&ga_q=S.O.F.R#phrase=S.O.F.R,https://www.infogreffe.com/recherche-entreprise-dirigeants/resultats-entreprise-dirigeants.html?ga_cat=globale&ga_q=S.O.F.R#phrase=S.O.F.R,1620598134,18:08:54,20210509
47,2007-01-31,SOFR.PA,EUR,2007-01-31,2007-01-31,Q1,1273111.9975,272212.595,1000899.4025,0.7861833086684111,0.0,0.0,0.0,0.0,0.0,272212.595,0.0,0.0,1713224.795,0.7431085524885834,1000899.4025,0.7861833086684111,0.0,5203798.015,4.087462866753794,0.0,5203798.015,4.087462866753794,52.03693941121177,52.03693941121177,100002.0,100002.0,https://www.infogreffe.com/recherche-entreprise-dirigeants/resultats-entreprise-dirigeants.html?ga_cat=globale&ga_q=S.O.F.R#phrase=S.O.F.R,https://www.infogreffe.com/recherche-entreprise-dirigeants/resultats-entreprise-dirigeants.html?ga_cat=globale&ga_q=S.O.F.R#phrase=S.O.F.R,1620598134,18:08:54,20210509
