,date,symbol,reportedCurrency,fillingDate,acceptedDate,period,revenue,costOfRevenue,grossProfit,grossProfitRatio,researchAndDevelopmentExpenses,generalAndAdministrativeExpenses,sellingAndMarketingExpenses,otherExpenses,operatingExpenses,costAndExpenses,interestExpense,depreciationAndAmortization,ebitda,ebitdaratio,operatingIncome,operatingIncomeRatio,totalOtherIncomeExpensesNet,incomeBeforeTax,incomeBeforeTaxRatio,incomeTaxExpense,netIncome,netIncomeRatio,eps,epsdiluted,weightedAverageShsOut,weightedAverageShsOutDil,link,finalLink,timestamp,est_time,est_date
0,2020-09-30,CSL.AX,AUD,2020-09-30,2020-09-30,Q3,3315059012.09385,1429549759.58035,1885509252.5135,0.5687709466512871,335786099.37345,252003497.01297498,326460731.45855,18322890.86405,36427.218425,0.0,54932245.37375,0.0,992095293.603375,3.3414723701120206,971222497.4501,0.2929729135761775,18322890.86405,937163048.229625,0.2826987528157745,171280780.99955,765882267.230075,0.23103126201856966,1.6909898798880008,1.6909898798880008,452919486,452919486,,,1620590747,16:05:47,20210509
1,2020-06-30,CSL.AX,AUD,2020-06-30,2020-06-30,Q2,3315059012.09385,1429549759.58035,1885509252.5135,0.5687709466512871,335786099.37345,252003497.01297498,326460731.45855,18322890.86405,36427.218425,0.0,54932245.37375,0.0,992095293.603375,3.3414723701120206,971222497.4501,0.2929729135761775,18322890.86405,937163048.229625,0.2826987528157745,171280780.99955,765882267.230075,0.23103126201856966,1.6909898798880008,1.6909898798880008,452919486,452919486,,,1620590747,16:05:47,20210509
2,2020-03-31,CSL.AX,AUD,2020-03-31,2020-03-31,Q1,3315059012.09385,1429549759.58035,1885509252.5135,0.5687709466512871,335786099.37345,252003497.01297498,326460731.45855,18322890.86405,36427.218425,0.0,54932245.37375,0.0,992095293.603375,3.3414723701120206,971222497.4501,0.2929729135761775,18322890.86405,937163048.229625,0.2826987528157745,171280780.99955,765882267.230075,0.23103126201856966,1.6909898798880008,1.6909898798880008,452919486,452919486,,,1620590747,16:05:47,20210509
3,2020-01-31,CSL.AX,AUD,2020-01-31,2020-01-31,Q1,3315059012.09385,1429549759.58035,1885509252.5135,0.5687709466512871,335786099.37345,252003497.01297498,326460731.45855,18322890.86405,36427.218425,0.0,54932245.37375,0.0,992095293.603375,3.3414723701120206,971222497.4501,0.2929729135761775,18322890.86405,937163048.229625,0.2826987528157745,171280780.99955,765882267.230075,0.23103126201856966,1.6909898798880008,1.6909898798880008,452919486,452919486,,,1620590747,16:05:47,20210509
4,2019-06-30,CSL.AX,AUD,2019-06-30,2019-06-30,Q2,3033616141.4516,1340795665.193225,1692820476.258375,0.5580206582921042,296520747.1838,204905176.101525,308997575.930425,10230999.572225,0.0,0.0,62990161.129325,0.0,897547411.949225,3.3798951465565747,882396977.042625,0.290872983231291,10230999.572225,834557250.8199,0.27510311519524033,150577498.93055,683979751.88935,0.22546680924570187,1.51005,1.5065,452919486,454019085,,,1620590747,16:05:47,20210509
5,2019-03-31,CSL.AX,AUD,2019-03-31,2019-03-31,Q1,3033616141.4516,1340795665.193225,1692820476.258375,0.5580206582921042,296520747.1838,204905176.101525,308997575.930425,10230999.572225,0.0,0.0,62990161.129325,0.0,897547411.949225,3.3798951465565747,882396977.042625,0.290872983231291,10230999.572225,834557250.8199,0.27510311519524033,150577498.93055,683979751.88935,0.22546680924570187,1.51005,1.5065,452919486,454019085,,,1620590747,16:05:47,20210509
6,2019-01-31,CSL.AX,AUD,2019-01-31,2019-01-31,Q1,3033616141.4516,1340795665.193225,1692820476.258375,0.5580206582921042,296520747.1838,204905176.101525,308997575.930425,10230999.572225,0.0,0.0,62990161.129325,0.0,897547411.949225,3.3798951465565747,882396977.042625,0.290872983231291,10230999.572225,834557250.8199,0.27510311519524033,150577498.93055,683979751.88935,0.22546680924570187,1.51005,1.5065,452919486,454019085,,,1620590747,16:05:47,20210509
7,2018-06-30,CSL.AX,AUD,2018-06-30,2018-06-30,Q2,2566601271.817075,1194560952.5098,1372040319.307275,0.5345747835369506,237586253.551625,174130699.49940002,265931538.35745,110742795.291575,0.0,0.0,36666215.6677,0.0,808280340.9552,3.1753850016739826,694391827.8988,0.27054916380026256,110742795.291575,771614125.2875,0.30063653975407756,186815045.325375,584799079.962125,0.22784960265686505,1.2928,1.2884,452353221,453895591,,,1620590747,16:05:47,20210509
8,2018-03-31,CSL.AX,AUD,2018-03-31,2018-03-31,Q1,2566601271.817075,1194560952.5098,1372040319.307275,0.5345747835369506,237586253.551625,174130699.49940002,265931538.35745,110742795.291575,0.0,0.0,36666215.6677,0.0,808280340.9552,3.1753850016739826,694391827.8988,0.27054916380026256,110742795.291575,771614125.2875,0.30063653975407756,186815045.325375,584799079.962125,0.22784960265686505,1.2928,1.2884,452353221,453895591,,,1620590747,16:05:47,20210509
9,2018-01-31,CSL.AX,AUD,2018-01-31,2018-01-31,Q1,2566601271.817075,1194560952.5098,1372040319.307275,0.5345747835369506,237586253.551625,174130699.49940002,265931538.35745,110742795.291575,0.0,0.0,36666215.6677,0.0,808280340.9552,3.1753850016739826,694391827.8988,0.27054916380026256,110742795.291575,771614125.2875,0.30063653975407756,186815045.325375,584799079.962125,0.22784960265686505,1.2928,1.2884,452353221,453895591,,,1620590747,16:05:47,20210509
10,2017-06-30,CSL.AX,AUD,2017-06-30,2017-06-30,Q2,2150221008.84035,1081253250.13,1068967758.71035,0.4971432026361151,209730889.235575,157566302.65209997,226534061.36245,99778991.15965,0.0,0.0,29251170.0468,0.0,578458138.325525,3.717159231374357,475136505.460225,0.22097100879712545,99778991.15965,549206968.278725,0.25541884579340124,114534581.38325,434672386.895475,0.20215242298739375,0.954575,0.952625,455331196,456289082,,,1620590747,16:05:47,20210509
11,2017-03-31,CSL.AX,AUD,2017-03-31,2017-03-31,Q1,2150221008.84035,1081253250.13,1068967758.71035,0.4971432026361151,209730889.235575,157566302.65209997,226534061.36245,99778991.15965,0.0,0.0,29251170.0468,0.0,578458138.325525,3.717159231374357,475136505.460225,0.22097100879712545,99778991.15965,549206968.278725,0.25541884579340124,114534581.38325,434672386.895475,0.20215242298739375,0.954575,0.952625,455331196,456289082,,,1620590747,16:05:47,20210509
12,2017-01-31,CSL.AX,AUD,2017-01-31,2017-01-31,Q1,2150221008.84035,1081253250.13,1068967758.71035,0.4971432026361151,209730889.235575,157566302.65209997,226534061.36245,99778991.15965,0.0,0.0,29251170.0468,0.0,578458138.325525,3.717159231374357,475136505.460225,0.22097100879712545,99778991.15965,549206968.278725,0.25541884579340124,114534581.38325,434672386.895475,0.20215242298739375,0.954575,0.952625,455331196,456289082,,,1620590747,16:05:47,20210509
13,2016-06-30,CSL.AX,AUD,2016-06-30,2016-06-30,Q2,1989462698.62645,1021680581.739825,967782116.886625,0.48645401472206234,206638836.520325,137456234.85052502,209029086.99165,128568542.957175,0.0,0.0,24104497.71075,0.0,547906005.925125,3.6310291858679196,414657958.524125,0.20842710889247132,128568542.957175,523801508.214375,0.26328792622048863,105541341.2335,418260166.980875,0.21023775277096024,0.905275,0.90325,461999573,463061353,,,1620590747,16:05:47,20210509
14,2016-03-31,CSL.AX,AUD,2016-03-31,2016-03-31,Q1,1989462698.62645,1021680581.739825,967782116.886625,0.48645401472206234,206638836.520325,137456234.85052502,209029086.99165,128568542.957175,0.0,0.0,24104497.71075,0.0,547906005.925125,3.6310291858679196,414657958.524125,0.20842710889247132,128568542.957175,523801508.214375,0.26328792622048863,105541341.2335,418260166.980875,0.21023775277096024,0.905275,0.90325,461999573,463061353,,,1620590747,16:05:47,20210509
15,2016-01-31,CSL.AX,AUD,2016-01-31,2016-01-31,Q1,1989462698.62645,1021680581.739825,967782116.886625,0.48645401472206234,206638836.520325,137456234.85052502,209029086.99165,128568542.957175,0.0,0.0,24104497.71075,0.0,547906005.925125,3.6310291858679196,414657958.524125,0.20842710889247132,128568542.957175,523801508.214375,0.26328792622048863,105541341.2335,418260166.980875,0.21023775277096024,0.905275,0.90325,461999573,463061353,,,1620590747,16:05:47,20210509
16,2015-09-30,CSL.AX,AUD,2015-09-30,2015-09-30,Q3,1776888020.833325,848274739.583325,928613281.25,0.5226065291466702,150618489.583325,93587239.583325,162207031.25,50065104.166675,0.0,0.0,19401041.666675,0.0,577343750.0,3.0776950834460837,522200520.83335,0.29388487890669013,50065104.166675,557942708.333325,0.3139999267211341,109049479.16665,448893229.166675,0.2526288791998007,0.9515,0.9515,471817239,471817239,,,1620590747,16:05:47,20210509
17,2015-06-30,CSL.AX,AUD,2015-06-30,2015-06-30,Q2,1776888020.833325,848274739.583325,928613281.25,0.5226065291466702,150618489.583325,93587239.583325,162207031.25,50065104.166675,0.0,0.0,19401041.666675,0.0,577343750.0,3.0776950834460837,522200520.83335,0.29388487890669013,50065104.166675,557942708.333325,0.3139999267211341,109049479.16665,448893229.166675,0.2526288791998007,0.9515,0.9515,471817239,471817239,,,1620590747,16:05:47,20210509
18,2015-03-31,CSL.AX,AUD,2015-03-31,2015-03-31,Q1,1776888020.833325,848274739.583325,928613281.25,0.5226065291466702,150618489.583325,93587239.583325,162207031.25,50065104.166675,0.0,0.0,19401041.666675,0.0,577343750.0,3.0776950834460837,522200520.83335,0.29388487890669013,50065104.166675,557942708.333325,0.3139999267211341,109049479.16665,448893229.166675,0.2526288791998007,0.9515,0.9515,471817239,471817239,,,1620590747,16:05:47,20210509
19,2015-01-31,CSL.AX,AUD,2015-01-31,2015-01-31,Q1,1776888020.833325,848274739.583325,928613281.25,0.5226065291466702,150618489.583325,93587239.583325,162207031.25,50065104.166675,0.0,0.0,19401041.666675,0.0,577343750.0,3.0776950834460837,522200520.83335,0.29388487890669013,50065104.166675,557942708.333325,0.3139999267211341,109049479.16665,448893229.166675,0.2526288791998007,0.9515,0.9515,471817239,471817239,,,1620590747,16:05:47,20210509
20,2014-09-30,CSL.AX,AUD,2014-09-30,2014-09-30,Q3,1415817409.76645,691082802.547775,724734607.218675,0.5118842318362405,123779193.20595,77388535.03185,134023354.56475,44957537.154975,0.0,0.0,14065817.409775,0.0,439835456.4756,3.2189706148553596,389543524.416125,0.2751368373697165,44957537.154975,425769639.065825,0.3007235510234748,78901273.88535,346868365.180475,0.24499512634026277,0.716825,0.714175,483822940,485690993,,,1620590747,16:05:47,20210509
21,2014-06-30,CSL.AX,AUD,2014-06-30,2014-06-30,Q2,1415817409.76645,691082802.547775,724734607.218675,0.5118842318362405,123779193.20595,77388535.03185,134023354.56475,44957537.154975,0.0,0.0,14065817.409775,0.0,439835456.4756,3.2189706148553596,389543524.416125,0.2751368373697165,44957537.154975,425769639.065825,0.3007235510234748,78901273.88535,346868365.180475,0.24499512634026277,0.716825,0.714175,483822940,485690993,,,1620590747,16:05:47,20210509
22,2014-03-31,CSL.AX,AUD,2014-03-31,2014-03-31,Q1,1415817409.76645,691082802.547775,724734607.218675,0.5118842318362405,123779193.20595,77388535.03185,134023354.56475,44957537.154975,0.0,0.0,14065817.409775,0.0,439835456.4756,3.2189706148553596,389543524.416125,0.2751368373697165,44957537.154975,425769639.065825,0.3007235510234748,78901273.88535,346868365.180475,0.24499512634026277,0.716825,0.714175,483822940,485690993,,,1620590747,16:05:47,20210509
23,2014-01-31,CSL.AX,AUD,2014-01-31,2014-01-31,Q1,1415817409.76645,691082802.547775,724734607.218675,0.5118842318362405,123779193.20595,77388535.03185,134023354.56475,44957537.154975,0.0,0.0,14065817.409775,0.0,439835456.4756,3.2189706148553596,389543524.416125,0.2751368373697165,44957537.154975,425769639.065825,0.3007235510234748,78901273.88535,346868365.180475,0.24499512634026277,0.716825,0.714175,483822940,485690993,,,1620590747,16:05:47,20210509
24,2013-09-30,CSL.AX,AUD,2013-09-30,2013-09-30,Q3,1334339622.6415,644582210.2426,689757412.3989,0.5169279250161476,115040431.26685,75471698.11320001,139137466.307275,40350404.312675,0.0,0.0,12857142.85715,0.0,408382749.32615,3.267375090753027,360107816.711575,0.26987718164187796,40350404.312675,395525606.469,0.2964204912734325,67681940.7008,327843665.7682,0.24569731738850004,0.657525,0.65525,498606572,500333713,,,1620590747,16:05:47,20210509
25,2013-06-30,CSL.AX,AUD,2013-06-30,2013-06-30,Q2,1334339622.6415,644582210.2426,689757412.3989,0.5169279250161476,115040431.26685,75471698.11320001,139137466.307275,40350404.312675,0.0,0.0,12857142.85715,0.0,408382749.32615,3.267375090753027,360107816.711575,0.26987718164187796,40350404.312675,395525606.469,0.2964204912734325,67681940.7008,327843665.7682,0.24569731738850004,0.657525,0.65525,498606572,500333713,,,1620590747,16:05:47,20210509
26,2013-03-31,CSL.AX,AUD,2013-03-31,2013-03-31,Q1,1334339622.6415,644582210.2426,689757412.3989,0.5169279250161476,115040431.26685,75471698.11320001,139137466.307275,40350404.312675,0.0,0.0,12857142.85715,0.0,408382749.32615,3.267375090753027,360107816.711575,0.26987718164187796,40350404.312675,395525606.469,0.2964204912734325,67681940.7008,327843665.7682,0.24569731738850004,0.657525,0.65525,498606572,500333713,,,1620590747,16:05:47,20210509
27,2013-01-31,CSL.AX,AUD,2013-01-31,2013-01-31,Q1,1334339622.6415,644582210.2426,689757412.3989,0.5169279250161476,115040431.26685,75471698.11320001,139137466.307275,40350404.312675,0.0,0.0,12857142.85715,0.0,408382749.32615,3.267375090753027,360107816.711575,0.26987718164187796,40350404.312675,395525606.469,0.2964204912734325,67681940.7008,327843665.7682,0.24569731738850004,0.657525,0.65525,498606572,500333713,,,1620590747,16:05:47,20210509
28,2012-09-30,CSL.AX,AUD,2012-09-30,2012-09-30,Q3,1108300000.0,573425000.0,534875000.0,0.48260849950374446,88750000.0,57625000.0,122150000.0,37350000.0,0.0,0.0,9775000.0,0.0,313975000.0,3.529898877299148,266350000.0,0.240323017233601,37350000.0,304200000.0,0.2744744202833168,58550000.0,245650000.0,0.2216457637823694,0.4731,0.472125,519233274,520307122,,,1620590747,16:05:47,20210509
29,2012-06-30,CSL.AX,AUD,2012-06-30,2012-06-30,Q2,1108300000.0,573425000.0,534875000.0,0.48260849950374446,88750000.0,57625000.0,122150000.0,37350000.0,0.0,0.0,9775000.0,0.0,313975000.0,3.529898877299148,266350000.0,0.240323017233601,37350000.0,304200000.0,0.2744744202833168,58550000.0,245650000.0,0.2216457637823694,0.4731,0.472125,519233274,520307122,,,1620590747,16:05:47,20210509
30,2012-03-31,CSL.AX,AUD,2012-03-31,2012-03-31,Q1,1108300000.0,573425000.0,534875000.0,0.48260849950374446,88750000.0,57625000.0,122150000.0,37350000.0,0.0,0.0,9775000.0,0.0,313975000.0,3.529898877299148,266350000.0,0.240323017233601,37350000.0,304200000.0,0.2744744202833168,58550000.0,245650000.0,0.2216457637823694,0.4731,0.472125,519233274,520307122,,,1620590747,16:05:47,20210509
31,2012-01-31,CSL.AX,AUD,2012-01-31,2012-01-31,Q1,1108300000.0,573425000.0,534875000.0,0.48260849950374446,88750000.0,57625000.0,122150000.0,37350000.0,0.0,0.0,9775000.0,0.0,313975000.0,3.529898877299148,266350000.0,0.240323017233601,37350000.0,304200000.0,0.2744744202833168,58550000.0,245650000.0,0.2216457637823694,0.4731,0.472125,519233274,520307122,,,1620590747,16:05:47,20210509
32,2011-09-30,CSL.AX,AUD,2011-09-30,2011-09-30,Q3,1046888500.0,532218250.0,514670250.0,0.4916189737493534,81286500.0,53714500.0,110022750.0,26415000.0,0.0,0.0,3620250.0,0.0,303150000.0,3.4533679696519877,269646500.0,0.25756945462673436,26415000.0,299529750.0,0.2861142805561433,64379500.0,235150250.0,0.22461823775884443,0.435025,0.434,540530188,541820853,,,1620590747,16:05:47,20210509
33,2011-06-30,CSL.AX,AUD,2011-06-30,2011-06-30,Q2,1046888500.0,532218250.0,514670250.0,0.4916189737493534,81286500.0,53714500.0,110022750.0,26415000.0,0.0,0.0,3620250.0,0.0,303150000.0,3.4533679696519877,269646500.0,0.25756945462673436,26415000.0,299529750.0,0.2861142805561433,64379500.0,235150250.0,0.22461823775884443,0.435025,0.434,540530188,541820853,,,1620590747,16:05:47,20210509
34,2011-03-31,CSL.AX,AUD,2011-03-31,2011-03-31,Q1,1046888500.0,532218250.0,514670250.0,0.4916189737493534,81286500.0,53714500.0,110022750.0,26415000.0,0.0,0.0,3620250.0,0.0,303150000.0,3.4533679696519877,269646500.0,0.25756945462673436,26415000.0,299529750.0,0.2861142805561433,64379500.0,235150250.0,0.22461823775884443,0.435025,0.434,540530188,541820853,,,1620590747,16:05:47,20210509
35,2011-01-31,CSL.AX,AUD,2011-01-31,2011-01-31,Q1,1046888500.0,532218250.0,514670250.0,0.4916189737493534,81286500.0,53714500.0,110022750.0,26415000.0,0.0,0.0,3620250.0,0.0,303150000.0,3.4533679696519877,269646500.0,0.25756945462673436,26415000.0,299529750.0,0.2861142805561433,64379500.0,235150250.0,0.22461823775884443,0.435025,0.434,540530188,541820853,,,1620590747,16:05:47,20210509
36,2010-09-30,CSL.AX,AUD,2010-09-30,2010-09-30,Q3,1113955250.0,546212500.0,567742750.0,0.5096638756359378,79180500.0,59590250.0,122349750.0,32659500.0,0.0,0.0,4539250.0,0.0,349403000.0,3.1881673883738832,306622250.0,0.2752554467515638,32659500.0,344863750.0,0.3095849227336556,81638500.0,263225250.0,0.2362978674412639,0.464425,0.462975,566781567,568551758,,,1620590747,16:05:47,20210509
37,2010-06-30,CSL.AX,AUD,2010-06-30,2010-06-30,Q2,1113955250.0,546212500.0,567742750.0,0.5096638756359378,79180500.0,59590250.0,122349750.0,32659500.0,0.0,0.0,4539250.0,0.0,349403000.0,3.1881673883738832,306622250.0,0.2752554467515638,32659500.0,344863750.0,0.3095849227336556,81638500.0,263225250.0,0.2362978674412639,0.464425,0.462975,566781567,568551758,,,1620590747,16:05:47,20210509
38,2010-03-31,CSL.AX,AUD,2010-03-31,2010-03-31,Q1,1113955250.0,546212500.0,567742750.0,0.5096638756359378,79180500.0,59590250.0,122349750.0,32659500.0,0.0,0.0,4539250.0,0.0,349403000.0,3.1881673883738832,306622250.0,0.2752554467515638,32659500.0,344863750.0,0.3095849227336556,81638500.0,263225250.0,0.2362978674412639,0.464425,0.462975,566781567,568551758,,,1620590747,16:05:47,20210509
39,2010-01-31,CSL.AX,AUD,2010-01-31,2010-01-31,Q1,1113955250.0,546212500.0,567742750.0,0.5096638756359378,79180500.0,59590250.0,122349750.0,32659500.0,0.0,0.0,4539250.0,0.0,349403000.0,3.1881673883738832,306622250.0,0.2752554467515638,32659500.0,344863750.0,0.3095849227336556,81638500.0,263225250.0,0.2362978674412639,0.464425,0.462975,566781567,568551758,,,1620590747,16:05:47,20210509
40,2009-09-30,CSL.AX,AUD,2009-09-30,2009-09-30,Q3,1155596750.0,599930000.0,555666750.0,0.4808483149506954,77903750.0,101816000.0,122287500.0,88393500.0,0.0,0.0,15477250.0,0.0,357914000.0,3.228699492056751,253659500.0,0.21950520369670476,88393500.0,342436750.0,0.2963289313508367,55953750.0,286483000.0,0.24790914304665534,0.481275,0.47935,595243751,597648900,,,1620590747,16:05:47,20210509
41,2009-06-30,CSL.AX,AUD,2009-06-30,2009-06-30,Q2,1155596750.0,599930000.0,555666750.0,0.4808483149506954,77903750.0,101816000.0,122287500.0,88393500.0,0.0,0.0,15477250.0,0.0,357914000.0,3.228699492056751,253659500.0,0.21950520369670476,88393500.0,342436750.0,0.2963289313508367,55953750.0,286483000.0,0.24790914304665534,0.481275,0.47935,595243751,597648900,,,1620590747,16:05:47,20210509
42,2009-03-31,CSL.AX,AUD,2009-03-31,2009-03-31,Q1,1155596750.0,599930000.0,555666750.0,0.4808483149506954,77903750.0,101816000.0,122287500.0,88393500.0,0.0,0.0,15477250.0,0.0,357914000.0,3.228699492056751,253659500.0,0.21950520369670476,88393500.0,342436750.0,0.2963289313508367,55953750.0,286483000.0,0.24790914304665534,0.481275,0.47935,595243751,597648900,,,1620590747,16:05:47,20210509
43,2009-01-31,CSL.AX,AUD,2009-01-31,2009-01-31,Q1,1155596750.0,599930000.0,555666750.0,0.4808483149506954,77903750.0,101816000.0,122287500.0,88393500.0,0.0,0.0,15477250.0,0.0,357914000.0,3.228699492056751,253659500.0,0.21950520369670476,88393500.0,342436750.0,0.2963289313508367,55953750.0,286483000.0,0.24790914304665534,0.481275,0.47935,595243751,597648900,,,1620590747,16:05:47,20210509
44,2008-09-30,CSL.AX,AUD,2008-09-30,2008-09-30,Q3,889165500.0,482170750.0,406994750.0,0.45772665493656695,56280250.0,62912000.0,99025000.0,52883750.0,0.0,0.0,12449000.0,0.0,250455000.0,3.550200634844583,188777500.0,0.21230861971140355,52883750.0,238006000.0,0.2676734533672303,62555500.0,175450500.0,0.19732040885526936,0.31895,0.317125,550105914,553253449,,,1620590747,16:05:47,20210509
45,2008-06-30,CSL.AX,AUD,2008-06-30,2008-06-30,Q2,889165500.0,482170750.0,406994750.0,0.45772665493656695,56280250.0,62912000.0,99025000.0,52883750.0,0.0,0.0,12449000.0,0.0,250455000.0,3.550200634844583,188777500.0,0.21230861971140355,52883750.0,238006000.0,0.2676734533672303,62555500.0,175450500.0,0.19732040885526936,0.31895,0.317125,550105914,553253449,,,1620590747,16:05:47,20210509
46,2008-03-31,CSL.AX,AUD,2008-03-31,2008-03-31,Q1,889165500.0,482170750.0,406994750.0,0.45772665493656695,56280250.0,62912000.0,99025000.0,52883750.0,0.0,0.0,12449000.0,0.0,250455000.0,3.550200634844583,188777500.0,0.21230861971140355,52883750.0,238006000.0,0.2676734533672303,62555500.0,175450500.0,0.19732040885526936,0.31895,0.317125,550105914,553253449,,,1620590747,16:05:47,20210509
47,2008-01-31,CSL.AX,AUD,2008-01-31,2008-01-31,Q1,889165500.0,482170750.0,406994750.0,0.45772665493656695,56280250.0,62912000.0,99025000.0,52883750.0,0.0,0.0,12449000.0,0.0,250455000.0,3.550200634844583,188777500.0,0.21230861971140355,52883750.0,238006000.0,0.2676734533672303,62555500.0,175450500.0,0.19732040885526936,0.31895,0.317125,550105914,553253449,,,1620590747,16:05:47,20210509
48,2007-09-30,CSL.AX,AUD,2007-09-30,2007-09-30,Q3,793099250.0,434385750.0,358713500.0,0.45229332898751323,47711500.0,48030750.0,93423000.0,26968000.0,0.0,0.0,11297000.0,0.0,204811750.0,3.8723327641114342,169548250.0,0.2137793598972638,26968000.0,193514750.0,0.24399815029455646,58690000.0,134824750.0,0.16999732379018137,0.24615825,0.2445,547707939,551430470,,,1620590747,16:05:47,20210509
49,2007-06-30,CSL.AX,AUD,2007-06-30,2007-06-30,Q2,793099250.0,434385750.0,358713500.0,0.45229332898751323,47711500.0,48030750.0,93423000.0,26968000.0,0.0,0.0,11297000.0,0.0,204811750.0,3.8723327641114342,169548250.0,0.2137793598972638,26968000.0,193514750.0,0.24399815029455646,58690000.0,134824750.0,0.16999732379018137,0.24615825,0.2445,547707939,551430470,,,1620590747,16:05:47,20210509
50,2007-03-31,CSL.AX,AUD,2007-03-31,2007-03-31,Q1,793099250.0,434385750.0,358713500.0,0.45229332898751323,47711500.0,48030750.0,93423000.0,26968000.0,0.0,0.0,11297000.0,0.0,204811750.0,3.8723327641114342,169548250.0,0.2137793598972638,26968000.0,193514750.0,0.24399815029455646,58690000.0,134824750.0,0.16999732379018137,0.24615825,0.2445,547707939,551430470,,,1620590747,16:05:47,20210509
51,2007-01-31,CSL.AX,AUD,2007-01-31,2007-01-31,Q1,793099250.0,434385750.0,358713500.0,0.45229332898751323,47711500.0,48030750.0,93423000.0,26968000.0,0.0,0.0,11297000.0,0.0,204811750.0,3.8723327641114342,169548250.0,0.2137793598972638,26968000.0,193514750.0,0.24399815029455646,58690000.0,134824750.0,0.16999732379018137,0.24615825,0.2445,547707939,551430470,,,1620590747,16:05:47,20210509
52,2006-09-30,CSL.AX,AUD,2006-09-30,2006-09-30,Q3,712227000.0,425758250.0,286468750.0,0.40221551555894397,40255750.0,122428000.0,84965750.0,7704500.0,0.0,0.0,10379250.0,0.0,52890250.0,13.466130335931481,38819250.0,0.054504041548551235,7809750.0,42616250.0,0.05983520703371257,13277000.0,29339250.0,0.041193678419941954,0.053725,0.05135,546077022,571358325,,,1620590747,16:05:47,20210509
53,2006-06-30,CSL.AX,AUD,2006-06-30,2006-06-30,Q2,712227000.0,425758250.0,286468750.0,0.40221551555894397,40255750.0,122428000.0,84965750.0,7704500.0,0.0,0.0,10379250.0,0.0,52890250.0,13.466130335931481,38819250.0,0.054504041548551235,7809750.0,42616250.0,0.05983520703371257,13277000.0,29339250.0,0.041193678419941954,0.053725,0.05135,546077022,571358325,,,1620590747,16:05:47,20210509
54,2006-03-31,CSL.AX,AUD,2006-03-31,2006-03-31,Q1,712227000.0,425758250.0,286468750.0,0.40221551555894397,40255750.0,122428000.0,84965750.0,7704500.0,0.0,0.0,10379250.0,0.0,52890250.0,13.466130335931481,38819250.0,0.054504041548551235,7809750.0,42616250.0,0.05983520703371257,13277000.0,29339250.0,0.041193678419941954,0.053725,0.05135,546077022,571358325,,,1620590747,16:05:47,20210509
55,2006-01-31,CSL.AX,AUD,2006-01-31,2006-01-31,Q1,712227000.0,425758250.0,286468750.0,0.40221551555894397,40255750.0,122428000.0,84965750.0,7704500.0,0.0,0.0,10379250.0,0.0,52890250.0,13.466130335931481,38819250.0,0.054504041548551235,7809750.0,42616250.0,0.05983520703371257,13277000.0,29339250.0,0.041193678419941954,0.053725,0.05135,546077022,571358325,,,1620590747,16:05:47,20210509
56,2005-09-30,CSL.AX,AUD,2005-09-30,2005-09-30,Q3,687483500.0,421694000.0,265789500.0,0.3866121877834159,36430250.0,43645750.0,83084000.0,76628000.0,0.0,0.0,10410000.0,12841500.0,102629500.0,0.1492828555158051,89788000.0,0.13060386176540964,76806000.0,160485000.0,0.23343832979264229,160485000.0,136629500.0,0.19873858790792798,0.232375,0.23125,587964582,590830270,,,1620590747,16:05:47,20210509
57,2005-06-30,CSL.AX,AUD,2005-06-30,2005-06-30,Q2,687483500.0,421694000.0,265789500.0,0.3866121877834159,36430250.0,43645750.0,83084000.0,76628000.0,0.0,0.0,10410000.0,12841500.0,102629500.0,0.1492828555158051,89788000.0,0.13060386176540964,76806000.0,160485000.0,0.23343832979264229,160485000.0,136629500.0,0.19873858790792798,0.232375,0.23125,587964582,590830270,,,1620590747,16:05:47,20210509
58,2005-03-31,CSL.AX,AUD,2005-03-31,2005-03-31,Q1,687483500.0,421694000.0,265789500.0,0.3866121877834159,36430250.0,43645750.0,83084000.0,76628000.0,0.0,0.0,10410000.0,12841500.0,102629500.0,0.1492828555158051,89788000.0,0.13060386176540964,76806000.0,160485000.0,0.23343832979264229,160485000.0,136629500.0,0.19873858790792798,0.232375,0.23125,587964582,590830270,,,1620590747,16:05:47,20210509
59,2005-01-31,CSL.AX,AUD,2005-01-31,2005-01-31,Q1,687483500.0,421694000.0,265789500.0,0.3866121877834159,36430250.0,43645750.0,83084000.0,76628000.0,0.0,0.0,10410000.0,12841500.0,102629500.0,0.1492828555158051,89788000.0,0.13060386176540964,76806000.0,160485000.0,0.23343832979264229,160485000.0,136629500.0,0.19873858790792798,0.232375,0.23125,587964582,590830270,,,1620590747,16:05:47,20210509
60,2004-09-30,CSL.AX,AUD,2004-09-30,2004-09-30,Q3,413587250.0,267507000.0,146080250.0,0.3532029819584622,25297000.0,32757250.0,36608250.0,28135250.0,12345250.0,0.0,5935500.0,0.0,69592750.0,5.942964604790011,39072500.0,0.09447220628779054,28135250.0,63657250.0,0.15391492363461398,63657250.0,54906250.0,0.1327561475843368,0.10275,0.10233325,534522966,536543160,,,1620590747,16:05:47,20210509
61,2004-06-30,CSL.AX,AUD,2004-06-30,2004-06-30,Q2,413587250.0,267507000.0,146080250.0,0.3532029819584622,25297000.0,32757250.0,36608250.0,28135250.0,12345250.0,0.0,5935500.0,0.0,69592750.0,5.942964604790011,39072500.0,0.09447220628779054,28135250.0,63657250.0,0.15391492363461398,63657250.0,54906250.0,0.1327561475843368,0.10275,0.10233325,534522966,536543160,,,1620590747,16:05:47,20210509
62,2004-03-31,CSL.AX,AUD,2004-03-31,2004-03-31,Q1,413587250.0,267507000.0,146080250.0,0.3532029819584622,25297000.0,32757250.0,36608250.0,28135250.0,12345250.0,0.0,5935500.0,0.0,69592750.0,5.942964604790011,39072500.0,0.09447220628779054,28135250.0,63657250.0,0.15391492363461398,63657250.0,54906250.0,0.1327561475843368,0.10275,0.10233325,534522966,536543160,,,1620590747,16:05:47,20210509
63,2004-01-31,CSL.AX,AUD,2004-01-31,2004-01-31,Q1,413587250.0,267507000.0,146080250.0,0.3532029819584622,25297000.0,32757250.0,36608250.0,28135250.0,12345250.0,0.0,5935500.0,0.0,69592750.0,5.942964604790011,39072500.0,0.09447220628779054,28135250.0,63657250.0,0.15391492363461398,63657250.0,54906250.0,0.1327561475843368,0.10275,0.10233325,534522966,536543160,,,1620590747,16:05:47,20210509
64,2003-09-30,CSL.AX,AUD,2003-09-30,2003-09-30,Q3,325758500.0,205009250.0,120749250.0,0.3706710646076772,22882250.0,23031250.0,28044500.0,2121000.0,2472750.0,0.0,8557000.0,12871750.0,44318500.0,0.13604710237798862,31446750.0,0.09653393541534604,2370500.0,25433000.0,0.07807317383890214,25433000.0,17605750.0,0.05404540480140963,0.03683325,0.03675,477506055,479068027,,,1620590747,16:05:47,20210509
65,2003-06-30,CSL.AX,AUD,2003-06-30,2003-06-30,Q2,325758500.0,205009250.0,120749250.0,0.3706710646076772,22882250.0,23031250.0,28044500.0,2121000.0,2472750.0,0.0,8557000.0,12871750.0,44318500.0,0.13604710237798862,31446750.0,0.09653393541534604,2370500.0,25433000.0,0.07807317383890214,25433000.0,17605750.0,0.05404540480140963,0.03683325,0.03675,477506055,479068027,,,1620590747,16:05:47,20210509
66,2003-03-31,CSL.AX,AUD,2003-03-31,2003-03-31,Q1,325758500.0,205009250.0,120749250.0,0.3706710646076772,22882250.0,23031250.0,28044500.0,2121000.0,2472750.0,0.0,8557000.0,12871750.0,44318500.0,0.13604710237798862,31446750.0,0.09653393541534604,2370500.0,25433000.0,0.07807317383890214,25433000.0,17605750.0,0.05404540480140963,0.03683325,0.03675,477506055,479068027,,,1620590747,16:05:47,20210509
67,2003-01-31,CSL.AX,AUD,2003-01-31,2003-01-31,Q1,325758500.0,205009250.0,120749250.0,0.3706710646076772,22882250.0,23031250.0,28044500.0,2121000.0,2472750.0,0.0,8557000.0,12871750.0,44318500.0,0.13604710237798862,31446750.0,0.09653393541534604,2370500.0,25433000.0,0.07807317383890214,25433000.0,17605750.0,0.05404540480140963,0.03683325,0.03675,477506055,479068027,,,1620590747,16:05:47,20210509
68,2002-09-30,CSL.AX,AUD,2002-09-30,2002-09-30,Q3,334103000.0,203659250.0,130443750.0,0.39042974771253175,23319250.0,25572500.0,24046000.0,-10985750.0,0.0,0.0,8364250.0,0.0,47477500.0,7.037080722447475,57506000.0,0.17212057359556784,-10985750.0,39113250.0,0.11706943667072729,39113250.0,30952000.0,0.09264208941553952,0.06516675,0.06458325,474992043,479256774,,,1620590747,16:05:47,20210509
69,2002-06-30,CSL.AX,AUD,2002-06-30,2002-06-30,Q2,334103000.0,203659250.0,130443750.0,0.39042974771253175,23319250.0,25572500.0,24046000.0,-10985750.0,0.0,0.0,8364250.0,0.0,47477500.0,7.037080722447475,57506000.0,0.17212057359556784,-10985750.0,39113250.0,0.11706943667072729,39113250.0,30952000.0,0.09264208941553952,0.06516675,0.06458325,474992043,479256774,,,1620590747,16:05:47,20210509
70,2002-03-31,CSL.AX,AUD,2002-03-31,2002-03-31,Q1,334103000.0,203659250.0,130443750.0,0.39042974771253175,23319250.0,25572500.0,24046000.0,-10985750.0,0.0,0.0,8364250.0,0.0,47477500.0,7.037080722447475,57506000.0,0.17212057359556784,-10985750.0,39113250.0,0.11706943667072729,39113250.0,30952000.0,0.09264208941553952,0.06516675,0.06458325,474992043,479256774,,,1620590747,16:05:47,20210509
71,2002-01-31,CSL.AX,AUD,2002-01-31,2002-01-31,Q1,334103000.0,203659250.0,130443750.0,0.39042974771253175,23319250.0,25572500.0,24046000.0,-10985750.0,0.0,0.0,8364250.0,0.0,47477500.0,7.037080722447475,57506000.0,0.17212057359556784,-10985750.0,39113250.0,0.11706943667072729,39113250.0,30952000.0,0.09264208941553952,0.06516675,0.06458325,474992043,479256774,,,1620590747,16:05:47,20210509
72,2001-09-30,CSL.AX,AUD,2001-09-30,2001-09-30,Q3,210827000.0,118499750.0,210827000.0,1.0,20302000.0,22547500.0,16722500.0,-158448250.0,0.0,0.0,7271000.0,0.0,33807000.0,6.236193687697814,192255250.0,0.9119100020395869,-158448250.0,26536000.0,0.12586623155478188,26536000.0,19560250.0,0.09277867635549526,0.04358325,0.0425,448570950,460241176,,,1620590747,16:05:47,20210509
73,2001-06-30,CSL.AX,AUD,2001-06-30,2001-06-30,Q2,210827000.0,118499750.0,210827000.0,1.0,20302000.0,22547500.0,16722500.0,-158448250.0,0.0,0.0,7271000.0,0.0,33807000.0,6.236193687697814,192255250.0,0.9119100020395869,-158448250.0,26536000.0,0.12586623155478188,26536000.0,19560250.0,0.09277867635549526,0.04358325,0.0425,448570950,460241176,,,1620590747,16:05:47,20210509
74,2001-03-31,CSL.AX,AUD,2001-03-31,2001-03-31,Q1,210827000.0,118499750.0,210827000.0,1.0,20302000.0,22547500.0,16722500.0,-158448250.0,0.0,0.0,7271000.0,0.0,33807000.0,6.236193687697814,192255250.0,0.9119100020395869,-158448250.0,26536000.0,0.12586623155478188,26536000.0,19560250.0,0.09277867635549526,0.04358325,0.0425,448570950,460241176,,,1620590747,16:05:47,20210509
75,2001-01-31,CSL.AX,AUD,2001-01-31,2001-01-31,Q1,210827000.0,118499750.0,210827000.0,1.0,20302000.0,22547500.0,16722500.0,-158448250.0,0.0,0.0,7271000.0,0.0,33807000.0,6.236193687697814,192255250.0,0.9119100020395869,-158448250.0,26536000.0,0.12586623155478188,26536000.0,19560250.0,0.09277867635549526,0.04358325,0.0425,448570950,460241176,,,1620590747,16:05:47,20210509
76,2000-09-30,CSL.AX,AUD,2000-09-30,2000-09-30,Q3,0.0,0.0,0.0,0.0,0.0,0.0,0.0,0.0,0.0,0.0,81500.0,0.0,20225250.0,0.0,0.0,0.0,0.0,20143750.0,0.0,20143750.0,13600500.0,0.0,0.034,0.03333325,400108659,408015000,,,1620590747,16:05:47,20210509
77,2000-06-30,CSL.AX,AUD,2000-06-30,2000-06-30,Q2,0.0,0.0,0.0,0.0,0.0,0.0,0.0,0.0,0.0,0.0,81500.0,0.0,20225250.0,0.0,0.0,0.0,0.0,20143750.0,0.0,20143750.0,13600500.0,0.0,0.034,0.03333325,400108659,408015000,,,1620590747,16:05:47,20210509
78,2000-03-31,CSL.AX,AUD,2000-03-31,2000-03-31,Q1,0.0,0.0,0.0,0.0,0.0,0.0,0.0,0.0,0.0,0.0,81500.0,0.0,20225250.0,0.0,0.0,0.0,0.0,20143750.0,0.0,20143750.0,13600500.0,0.0,0.034,0.03333325,400108659,408015000,,,1620590747,16:05:47,20210509
79,2000-01-31,CSL.AX,AUD,2000-01-31,2000-01-31,Q1,0.0,0.0,0.0,0.0,0.0,0.0,0.0,0.0,0.0,0.0,81500.0,0.0,20225250.0,0.0,0.0,0.0,0.0,20143750.0,0.0,20143750.0,13600500.0,0.0,0.034,0.03333325,400108659,408015000,,,1620590747,16:05:47,20210509
80,1999-09-30,CSL.AX,AUD,1999-09-30,1999-09-30,Q3,0.0,0.0,0.0,0.0,0.0,0.0,0.0,0.0,0.0,0.0,177000.0,0.0,17750000.0,0.0,0.0,0.0,0.0,17573000.0,0.0,17573000.0,11845500.0,0.0,0.03008325,0.0295,394212843,401542373,,,1620590747,16:05:47,20210509
81,1999-06-30,CSL.AX,AUD,1999-06-30,1999-06-30,Q2,0.0,0.0,0.0,0.0,0.0,0.0,0.0,0.0,0.0,0.0,177000.0,0.0,17750000.0,0.0,0.0,0.0,0.0,17573000.0,0.0,17573000.0,11845500.0,0.0,0.03008325,0.0295,394212843,401542373,,,1620590747,16:05:47,20210509
82,1999-03-31,CSL.AX,AUD,1999-03-31,1999-03-31,Q1,0.0,0.0,0.0,0.0,0.0,0.0,0.0,0.0,0.0,0.0,177000.0,0.0,17750000.0,0.0,0.0,0.0,0.0,17573000.0,0.0,17573000.0,11845500.0,0.0,0.03008325,0.0295,394212843,401542373,,,1620590747,16:05:47,20210509
83,1999-01-31,CSL.AX,AUD,1999-01-31,1999-01-31,Q1,0.0,0.0,0.0,0.0,0.0,0.0,0.0,0.0,0.0,0.0,177000.0,0.0,17750000.0,0.0,0.0,0.0,0.0,17573000.0,0.0,17573000.0,11845500.0,0.0,0.03008325,0.0295,394212843,401542373,,,1620590747,16:05:47,20210509
84,1998-09-30,CSL.AX,AUD,1998-09-30,1998-09-30,Q3,0.0,0.0,0.0,0.0,0.0,0.0,0.0,0.0,0.0,0.0,174750.0,0.0,16394500.0,0.0,0.0,0.0,0.0,16219750.0,0.0,16219750.0,11213500.0,0.0,0.0284765,0.02808325,393781608,399293769,,,1620590747,16:05:47,20210509
85,1998-06-30,CSL.AX,AUD,1998-06-30,1998-06-30,Q2,0.0,0.0,0.0,0.0,0.0,0.0,0.0,0.0,0.0,0.0,174750.0,0.0,16394500.0,0.0,0.0,0.0,0.0,16219750.0,0.0,16219750.0,11213500.0,0.0,0.0284765,0.02808325,393781608,399293769,,,1620590747,16:05:47,20210509
86,1998-03-31,CSL.AX,AUD,1998-03-31,1998-03-31,Q1,0.0,0.0,0.0,0.0,0.0,0.0,0.0,0.0,0.0,0.0,174750.0,0.0,16394500.0,0.0,0.0,0.0,0.0,16219750.0,0.0,16219750.0,11213500.0,0.0,0.0284765,0.02808325,393781608,399293769,,,1620590747,16:05:47,20210509
87,1998-01-31,CSL.AX,AUD,1998-01-31,1998-01-31,Q1,0.0,0.0,0.0,0.0,0.0,0.0,0.0,0.0,0.0,0.0,174750.0,0.0,16394500.0,0.0,0.0,0.0,0.0,16219750.0,0.0,16219750.0,11213500.0,0.0,0.0284765,0.02808325,393781608,399293769,,,1620590747,16:05:47,20210509
88,1997-09-30,CSL.AX,AUD,1997-09-30,1997-09-30,Q3,79524502.0,0.0,79524502.0,1.0,9141500.0,589750.0,0.0,-79524502.0,0.0,0.0,657500.0,0.0,13158500.0,6.043584147129232,79524502.0,1.0,-79524502.0,12501000.0,0.15719683475666404,12501000.0,0.0,0.0,0.0225,0.0225,390577778,390577778,,,1620590747,16:05:47,20210509
89,1997-06-30,CSL.AX,AUD,1997-06-30,1997-06-30,Q2,79524502.0,0.0,79524502.0,1.0,9141500.0,589750.0,0.0,-79524502.0,0.0,0.0,657500.0,0.0,13158500.0,6.043584147129232,79524502.0,1.0,-79524502.0,12501000.0,0.15719683475666404,12501000.0,0.0,0.0,0.0225,0.0225,390577778,390577778,,,1620590747,16:05:47,20210509
90,1997-03-31,CSL.AX,AUD,1997-03-31,1997-03-31,Q1,79524502.0,0.0,79524502.0,1.0,9141500.0,589750.0,0.0,-79524502.0,0.0,0.0,657500.0,0.0,13158500.0,6.043584147129232,79524502.0,1.0,-79524502.0,12501000.0,0.15719683475666404,12501000.0,0.0,0.0,0.0225,0.0225,390577778,390577778,,,1620590747,16:05:47,20210509
91,1997-01-31,CSL.AX,AUD,1997-01-31,1997-01-31,Q1,79524502.0,0.0,79524502.0,1.0,9141500.0,589750.0,0.0,-79524502.0,0.0,0.0,657500.0,0.0,13158500.0,6.043584147129232,79524502.0,1.0,-79524502.0,12501000.0,0.15719683475666404,12501000.0,0.0,0.0,0.0225,0.0225,390577778,390577778,,,1620590747,16:05:47,20210509
92,1996-09-30,CSL.AX,AUD,1996-09-30,1996-09-30,Q3,70275504.0,0.0,70275504.0,1.0,7549250.0,0.0,0.0,-55004004.0,0.0,0.0,940750.0,0.0,11189000.0,6.280767182053803,55004004.0,0.7826909928671589,-55004004.0,10248250.0,0.1458296193791794,10248250.0,0.0,0.0,0.01858325,0.01833325,395386363,395386363,,,1620590747,16:05:47,20210509
93,1996-06-30,CSL.AX,AUD,1996-06-30,1996-06-30,Q2,70275504.0,0.0,70275504.0,1.0,7549250.0,0.0,0.0,-55004004.0,0.0,0.0,940750.0,0.0,11189000.0,6.280767182053803,55004004.0,0.7826909928671589,-55004004.0,10248250.0,0.1458296193791794,10248250.0,0.0,0.0,0.01858325,0.01833325,395386363,395386363,,,1620590747,16:05:47,20210509
94,1996-03-31,CSL.AX,AUD,1996-03-31,1996-03-31,Q1,70275504.0,0.0,70275504.0,1.0,7549250.0,0.0,0.0,-55004004.0,0.0,0.0,940750.0,0.0,11189000.0,6.280767182053803,55004004.0,0.7826909928671589,-55004004.0,10248250.0,0.1458296193791794,10248250.0,0.0,0.0,0.01858325,0.01833325,395386363,395386363,,,1620590747,16:05:47,20210509
95,1996-01-31,CSL.AX,AUD,1996-01-31,1996-01-31,Q1,70275504.0,0.0,70275504.0,1.0,7549250.0,0.0,0.0,-55004004.0,0.0,0.0,940750.0,0.0,11189000.0,6.280767182053803,55004004.0,0.7826909928671589,-55004004.0,10248250.0,0.1458296193791794,10248250.0,0.0,0.0,0.01858325,0.01833325,395386363,395386363,,,1620590747,16:05:47,20210509
96,1995-09-30,CSL.AX,AUD,1995-09-30,1995-09-30,Q3,62607500.0,0.0,62607500.0,1.0,6774250.0,0.0,0.0,-48684000.0,0.0,0.0,1041250.0,0.0,8986500.0,6.966839147610305,48684000.0,0.7776065167911193,-48684000.0,7945250.0,0.12690572215788842,7945250.0,-1750.0,-2.7951922692968096e-05,0.01575,0.01558325,393609625,393609625,,,1620590747,16:05:47,20210509
97,1995-06-30,CSL.AX,AUD,1995-06-30,1995-06-30,Q2,62607500.0,0.0,62607500.0,1.0,6774250.0,0.0,0.0,-48684000.0,0.0,0.0,1041250.0,0.0,8986500.0,6.966839147610305,48684000.0,0.7776065167911193,-48684000.0,7945250.0,0.12690572215788842,7945250.0,-1750.0,-2.7951922692968096e-05,0.01575,0.01558325,393609625,393609625,,,1620590747,16:05:47,20210509
98,1995-03-31,CSL.AX,AUD,1995-03-31,1995-03-31,Q1,62607500.0,0.0,62607500.0,1.0,6774250.0,0.0,0.0,-48684000.0,0.0,0.0,1041250.0,0.0,8986500.0,6.966839147610305,48684000.0,0.7776065167911193,-48684000.0,7945250.0,0.12690572215788842,7945250.0,-1750.0,-2.7951922692968096e-05,0.01575,0.01558325,393609625,393609625,,,1620590747,16:05:47,20210509
99,1995-01-31,CSL.AX,AUD,1995-01-31,1995-01-31,Q1,62607500.0,0.0,62607500.0,1.0,6774250.0,0.0,0.0,-48684000.0,0.0,0.0,1041250.0,0.0,8986500.0,6.966839147610305,48684000.0,0.7776065167911193,-48684000.0,7945250.0,0.12690572215788842,7945250.0,-1750.0,-2.7951922692968096e-05,0.01575,0.01558325,393609625,393609625,,,1620590747,16:05:47,20210509
100,1994-09-30,CSL.AX,AUD,1994-09-30,1994-09-30,Q3,48249000.0,0.0,48249000.0,1.0,6001000.0,0.0,0.0,-39442750.0,0.0,0.0,273250.0,0.0,5754750.0,8.384204352925844,39442750.0,0.8174832639018426,-39442750.0,5481500.0,0.11360857219838753,5481500.0,2750.0,5.6995999917096726e-05,0.01425,0.01425,316789473,316789473,,,1620590747,16:05:47,20210509
101,1994-06-30,CSL.AX,AUD,1994-06-30,1994-06-30,Q2,48249000.0,0.0,48249000.0,1.0,6001000.0,0.0,0.0,-39442750.0,0.0,0.0,273250.0,0.0,5754750.0,8.384204352925844,39442750.0,0.8174832639018426,-39442750.0,5481500.0,0.11360857219838753,5481500.0,2750.0,5.6995999917096726e-05,0.01425,0.01425,316789473,316789473,,,1620590747,16:05:47,20210509
102,1994-03-31,CSL.AX,AUD,1994-03-31,1994-03-31,Q1,48249000.0,0.0,48249000.0,1.0,6001000.0,0.0,0.0,-39442750.0,0.0,0.0,273250.0,0.0,5754750.0,8.384204352925844,39442750.0,0.8174832639018426,-39442750.0,5481500.0,0.11360857219838753,5481500.0,2750.0,5.6995999917096726e-05,0.01425,0.01425,316789473,316789473,,,1620590747,16:05:47,20210509
103,1994-01-31,CSL.AX,AUD,1994-01-31,1994-01-31,Q1,48249000.0,0.0,48249000.0,1.0,6001000.0,0.0,0.0,-39442750.0,0.0,0.0,273250.0,0.0,5754750.0,8.384204352925844,39442750.0,0.8174832639018426,-39442750.0,5481500.0,0.11360857219838753,5481500.0,2750.0,5.6995999917096726e-05,0.01425,0.01425,316789473,316789473,,,1620590747,16:05:47,20210509
104,1993-09-30,CSL.AX,AUD,1993-09-30,1993-09-30,Q3,41924000.0,0.0,41924000.0,1.0,4745250.0,2967750.0,0.0,-27282750.0,0.0,0.0,5000.0,0.0,5183000.0,8.088751688211461,31532250.0,0.7521288522087587,-27282750.0,5178000.0,0.1235092071367236,5178000.0,3460250.0,0.08253625608243488,0.01458325,0.01458325,237633000,237633000,,,1620590747,16:05:47,20210509
105,1993-06-30,CSL.AX,AUD,1993-06-30,1993-06-30,Q2,41924000.0,0.0,41924000.0,1.0,4745250.0,2967750.0,0.0,-27282750.0,0.0,0.0,5000.0,0.0,5183000.0,8.088751688211461,31532250.0,0.7521288522087587,-27282750.0,5178000.0,0.1235092071367236,5178000.0,3460250.0,0.08253625608243488,0.01458325,0.01458325,237633000,237633000,,,1620590747,16:05:47,20210509
106,1993-03-31,CSL.AX,AUD,1993-03-31,1993-03-31,Q1,41924000.0,0.0,41924000.0,1.0,4745250.0,2967750.0,0.0,-27282750.0,0.0,0.0,5000.0,0.0,5183000.0,8.088751688211461,31532250.0,0.7521288522087587,-27282750.0,5178000.0,0.1235092071367236,5178000.0,3460250.0,0.08253625608243488,0.01458325,0.01458325,237633000,237633000,,,1620590747,16:05:47,20210509
107,1993-01-31,CSL.AX,AUD,1993-01-31,1993-01-31,Q1,41924000.0,0.0,41924000.0,1.0,4745250.0,2967750.0,0.0,-27282750.0,0.0,0.0,5000.0,0.0,5183000.0,8.088751688211461,31532250.0,0.7521288522087587,-27282750.0,5178000.0,0.1235092071367236,5178000.0,3460250.0,0.08253625608243488,0.01458325,0.01458325,237633000,237633000,,,1620590747,16:05:47,20210509
