,date,symbol,reportedCurrency,fillingDate,acceptedDate,period,revenue,costOfRevenue,grossProfit,grossProfitRatio,researchAndDevelopmentExpenses,generalAndAdministrativeExpenses,sellingAndMarketingExpenses,otherExpenses,operatingExpenses,costAndExpenses,interestExpense,depreciationAndAmortization,ebitda,ebitdaratio,operatingIncome,operatingIncomeRatio,totalOtherIncomeExpensesNet,incomeBeforeTax,incomeBeforeTaxRatio,incomeTaxExpense,netIncome,netIncomeRatio,eps,epsdiluted,weightedAverageShsOut,weightedAverageShsOutDil,link,finalLink,timestamp,est_time,est_date
0,2018-05-05,SIGM,USD,2018-06-14 00:00:00,2018-06-14 15:28:15,Q1,39564000.0,20940000.0,18624000.0,0.47073096754625415,18169000.0,82000.0,5372000.0,-465000.0,28995000.0,49935000.0,0.0,4277000.0,-9100000.0,-0.2300070771408351,-13377000.0,-0.3381104033970276,0.0,-13842000.0,-0.34986351228389445,1017000.0,-14859000.0,-0.37556869881710647,-0.3856775767643471,-0.3856775767643471,38527000.0,38527000.0,https://www.sec.gov/Archives/edgar/data/790715/000143774918011812/0001437749-18-011812-index.html,https://www.sec.gov/Archives/edgar/data/790715/000143774918011812/sigm20180502_10q.htm,1620597920,18:05:20,20210509
1,2018-02-03,SIGM,USD,2018-04-24 00:00:00,2018-04-23 17:59:06,Q4,65905000.0,41446000.0,24459000.0,0.37112510431681967,52656000.0,20387000.0,9086000.0,48680000.0,141807000.0,27104000.0,0.0,2845000.0000000005,-114503000.0,-1.7373947348456111,-117348000.0,-1.7805629314922995,-2470000.0,-119818000.0,-1.8180411197936424,4421000.0,-120041000.0,-1.8214247780896746,-3.11576,-3.11576,38527000.0,38527000.0,https://www.sec.gov/Archives/edgar/data/790715/000143774918007502/0001437749-18-007502-index.html,https://www.sec.gov/Archives/edgar/data/790715/000143774918007502/sigm20180203_10k.htm,1620597920,18:05:20,20210509
2,2017-10-28,SIGM,USD,2017-12-07 00:00:00,2017-12-07 16:16:08,Q3,33862000.0,16746000.0,17116000.0,0.5054633512491878,17218000.0,5744000.0,7012000.0,6026000.0,36000000.0,52746000.0,0.0,2506999.9999999995,-16377000.0,-0.48363947788081035,-18884000.0,-0.5576752702143997,0.0,-18737000.0,-0.5533341208434233,347000.0,-19084000.0,-0.5635815958891973,-0.49399,-0.49399,38632000.0,38632000.0,https://www.sec.gov/Archives/edgar/data/790715/000143774917020324/0001437749-17-020324-index.html,https://www.sec.gov/Archives/edgar/data/790715/000143774917020324/sigm20171028_10q.htm,1620597920,18:05:20,20210509
3,2017-07-29,SIGM,USD,2017-08-17 00:00:00,2017-08-17 13:00:01,Q2,39508000.0,20688000.0,18820000.0,0.47635921838614964,17993000.0,4944000.0,5114000.0,1966000.0,29774000.000000004,50462000.0,0.0,4069999.999999999,-6884000.000000001,-0.1742431912524046,-10954000.0,-0.2772603017110459,-758000.0,-11712000.0,-0.29644628935911715,965000.0,-12677000.0,-0.32087172218284904,-0.33109,-0.33109,38289000.0,38289000.0,https://www.sec.gov/Archives/edgar/data/1571384/000165495417007704/0001654954-17-007704-index.html,https://www.sec.gov/Archives/edgar/data/1571384/000165495417007704/sigma10q.htm,1620597920,18:05:20,20210509
4,2017-04-29,SIGM,USD,2017-05-08 00:00:00,2017-05-05 17:35:20,Q1,39564000.0,20940000.0,18624000.0,0.47073096754625415,18169000.0,5054000.0,5372000.0,3006000.0,32001000.000000004,52941000.0,0.0,4277000.0,-9100000.0,-0.2300070771408351,-13377000.0,-0.3381104033970276,-465000.0,-13842000.0,-0.34986351228389445,1017000.0,-14859000.0,-0.37556869881710647,-0.38943,-0.38943,38156000.0,38156000.0,https://www.sec.gov/Archives/edgar/data/1571384/000165495417004148/0001654954-17-004148-index.html,https://www.sec.gov/Archives/edgar/data/1571384/000165495417004148/sigma_10k.htm,1620597920,18:05:20,20210509
5,2017-01-28,SIGM,USD,2017-03-30 00:00:00,2017-03-30 16:11:03,Q4,-43410000.0,-14310000.0,-29110000.0,0.6705828150195807,1020000.0,-13694000.0,5654000.0,848000.0,-5279999.999999999,49887000.0,0.0,3939999.9999999977,-19880000.000000004,0.4579589956231284,-23820000.0,0.5487214927436075,0.0,-23380000.0,0.5385855793595946,470000.0,-8720000.0,0.20087537433771022,-0.23155,-0.23155,37660000.0,37660000.0,https://www.sec.gov/Archives/edgar/data/790715/000143774917005627/0001437749-17-005627-index.html,https://www.sec.gov/Archives/edgar/data/790715/000143774917005627/sigm20170128_10k.htm,1620597920,18:05:20,20210509
6,2016-10-29,SIGM,USD,2016-11-18 00:00:00,2016-11-18 08:45:41,Q3,62730000.0,31730000.0,31000000.0,0.4941814124023593,18260000.0,4576000.0,5984000.0,0.0,28830000.000000004,60560000.0,0.0,5220000.000000001,7390000.000000001,0.1178064721823689,2170000.0,0.03459269886816515,0.0,2350000.0,0.03746213932727563,2130000.0,220000.0,0.0035070938944683563,0.00579,0.00579,38000000.0,38000000.0,https://www.sec.gov/Archives/edgar/data/1571384/000165495416004162/0001654954-16-004162-index.html,https://www.sec.gov/Archives/edgar/data/1571384/000165495416004162/sigmabroadband_10q.htm,1620597920,18:05:20,20210509
7,2016-07-30,SIGM,USD,2016-09-07,2016-09-07 16:39:34,Q2,61320000.0,31730000.0,29580000.0,0.48238747553816047,18840000.0,4821000.0,5939000.0,300000.0,29900000.000000004,61629000.0,0.0,5400000.0,5090000.0,0.08300717547292889,-310000.0,-0.005055446836268754,0.0,100000.0,0.0016307893020221786,1820000.0,-1720000.0,-0.028049575994781473,-0.04626,-0.04626,37180000.0,37180000.0,https://www.sec.gov/Archives/edgar/data/790715/000143774916038434/sigm20160622_10q.htm,https://www.sec.gov/Archives/edgar/data/790715/000143774916038434/sigm20160622_10q.htm,1620597920,18:05:20,20210509
8,2016-04-30,SIGM,USD,2016-06-07 00:00:00,2016-06-07 17:05:56,Q1,53775000.0,29774000.0,24001000.0,0.44632264063226407,19155000.0,5138000.0,5723000.0,0.0,30016000.0,59790000.0,0.0,6178000.0,163000.0,0.00303114830311483,-6015000.0,-0.11185495118549511,0.0,-6766000.0,-0.12582054858205485,1332000.0,-8098000.0,-0.1505904230590423,-0.22,-0.22,36872000.0,36872000.0,https://www.sec.gov/Archives/edgar/data/790715/000143774916033446/0001437749-16-033446-index.html,https://www.sec.gov/Archives/edgar/data/790715/000143774916033446/sigm20160430_10q.htm,1620597920,18:05:20,20210509
9,2016-01-30,SIGM,USD,2016-04-04 00:00:00,2016-04-04 15:39:46,Q4,-50050000.0,-15910000.0,-34140000.0,0.6821178821178822,4190000.0,-12887000.0,5937000.0,0.0,-4289999.999999999,56687000.0,0.0,6279999.999999999,-23570000.0,0.47092907092907094,-29850000.0,0.5964035964035964,0.0,-29150000.0,0.5824175824175825,-1720000.0,-6190000.0,0.12367632367632368,-0.17798,-0.17798,34780000.0,34780000.0,https://www.sec.gov/Archives/edgar/data/790715/000143774916028944/0001437749-16-028944-index.html,https://www.sec.gov/Archives/edgar/data/790715/000143774916028944/sigm20160130_10k.htm,1620597920,18:05:20,20210509
10,2015-10-31,SIGM,USD,2015-11-23 00:00:00,2015-11-23 14:49:44,Q3,61581000.0,30794000.0,30787000.0,0.49994316428768615,17339000.0,5314000.0,5875000.0,0.0,28528000.0,59322000.0,0.0,5195000.0,7454000.0,0.12104382845358146,2259000.0,0.03668339260486189,6756000.0,9052000.0,0.14699339081859664,2617000.0,6435000.0,0.10449651678277391,0.18,0.17,36046000.0,36785000.0,https://www.sec.gov/Archives/edgar/data/1571384/000072174815000857/0000721748-15-000857-index.html,https://www.sec.gov/Archives/edgar/data/1571384/000072174815000857/sigma10q111615.htm,1620597920,18:05:20,20210509
11,2015-08-01,SIGM,USD,2015-08-19 00:00:00,2015-08-19 16:39:20,Q2,58310000.0,29780000.0,28520000.0,0.4891099296861602,16100000.0,5006000.0,5254000.0,955000.0,27320000.0,57099000.0,0.0,5210000.0,6420000.0,0.11010118333047504,1210000.0,0.020751157605899503,0.0,1320000.0,0.022637626479163092,1030000.0,300000.0,0.0051449151089007035,0.0082,0.0082,36600000.0,36600000.0,https://www.sec.gov/Archives/edgar/data/1571384/000072174815000681/0000721748-15-000681-index.html,https://www.sec.gov/Archives/edgar/data/1571384/000072174815000681/sigma10q081515.htm,1620597920,18:05:20,20210509
12,2015-05-02,SIGM,USD,2015-05-18 00:00:00,2015-05-18 13:24:41,Q1,55910000.0,26560000.0,29350000.0,0.5249508138079055,16310000.0,5769000.0,5811000.0,42000.0,27940000.0,54502000.0,0.0,5290000.0,6700000.0,0.11983544983008407,1410000.0,0.025219102128420677,0.0,2080000.0,0.03720264711142908,2460000.0,-380000.0,-0.0067966374530495435,-0.01073,-0.01073,35400000.0,35400000.0,https://www.sec.gov/Archives/edgar/data/1571384/000072174815000375/0000721748-15-000375-index.html,https://www.sec.gov/Archives/edgar/data/1571384/000072174815000375/sigma10q051515.htm,1620597920,18:05:20,20210509
13,2015-01-31,SIGM,USD,2015-04-15 00:00:00,2015-04-15 16:48:55,Q4,54846000.0,28126000.0,26720000.0,0.4871822922364439,17324000.0,5247000.0,5806000.0,0.0,28377000.0,56503000.0,0.0,5555000.0,3898000.0,0.0710717281114393,-1657000.0,-0.030211865951938154,-1288000.0,-1682000.0,-0.0306676877073989,1928000.0,-3610000.0,-0.06582066148853152,-0.1,-0.1,35036000.0,35036000.0,https://www.sec.gov/Archives/edgar/data/790715/000143774915007429/0001437749-15-007429-index.html,https://www.sec.gov/Archives/edgar/data/790715/000143774915007429/sigm20150131_10k.htm,1620597920,18:05:20,20210509
14,2014-11-01,SIGM,USD,2014-11-07 00:00:00,2014-11-07 14:40:00,Q3,53780000.0,27270000.0,26510000.0,0.4929341762737077,16600000.0,4811000.0,5559000.0,838000.0,27810000.0,55080000.0,0.0,5439999.999999998,4139999.999999998,0.07698029007065821,-1300000.0,-0.024172554853105245,0.0,-1110000.0,-0.020639642989959094,-550000.0,-560000.0,-0.010412792859799182,-0.0161,-0.0161,34790000.0,34790000.0,https://www.sec.gov/Archives/edgar/data/1571384/000072174814001090/0000721748-14-001090-index.html,https://www.sec.gov/Archives/edgar/data/1571384/000072174814001090/sigma10q093014.htm,1620597920,18:05:20,20210509
15,2014-08-02,SIGM,USD,2014-08-20 00:00:00,2014-08-20 17:00:44,Q2,42810000.0,20920000.0,21890000.0,0.5113291287082458,16450000.0,4555000.0,5475000.0,1202000.0,27689999.999999996,48605000.0,0.0,5300000.000000001,-499999.99999999907,-0.011679514132212078,-5800000.0,-0.13548236393366037,0.0,-5420000.0,-0.12660593319317917,2200000.0,-7620000.0,-0.1779957953749124,-0.2201,-0.2201,34620000.0,34620000.0,https://www.sec.gov/Archives/edgar/data/1571384/000072174814000892/0000721748-14-000892-index.html,https://www.sec.gov/Archives/edgar/data/1571384/000072174814000892/sigma10q082014.htm,1620597920,18:05:20,20210509
16,2014-05-03,SIGM,USD,2014-05-08 00:00:00,2014-05-08 16:55:16,Q1,36870000.0,16650000.0,20230000.0,0.5486845673989693,17100000.0,5030000.0,5450000.0,1084000.0,28670000.0,45316000.0,0.0,5410000.0,-3030000.0,-0.0821806346623271,-8440000.0,-0.2289123949010035,-50000.0,-8500000.0,-0.23053973420124763,1420000.0,-9910000.0,-0.26878220775698397,-0.28833,-0.28833,34370000.0,34370000.0,https://www.sec.gov/Archives/edgar/data/1571384/000072174814000420/0000721748-14-000420-index.html,https://www.sec.gov/Archives/edgar/data/1571384/000072174814000420/sigma05051410k.htm,1620597920,18:05:20,20210509
17,2014-02-01,SIGM,USD,2014-04-17 00:00:00,2014-04-17 16:50:29,Q4,38500000.0,16450000.0,22050000.0,0.5727272727272728,16630000.0,4730000.0,4820000.0,942000.0,27400000.000000004,43576000.0,0.0,5389999.999999999,39999.99999999907,0.0010389610389610147,-5350000.0,-0.13896103896103895,0.0,-5240000.0,-0.13610389610389612,-6500000.0,1250000.0,0.032467532467532464,0.0363,0.0363,34440000.0,34440000.0,https://www.sec.gov/Archives/edgar/data/790715/000143774914006812/0001437749-14-006812-index.html,https://www.sec.gov/Archives/edgar/data/790715/000143774914006812/sigm20131231_10k.htm,1620597920,18:05:20,20210509
18,2013-11-02,SIGM,USD,2013-12-12 00:00:00,2013-12-12 17:26:49,Q3,54390000.0,23310000.0,31080000.0,0.5714285714285714,17560000.0,5212000.0,5608000.0,2332000.0,29790000.000000004,54018000.0,0.0,4490000.0,5780000.0,0.10626953484096341,1290000.0,0.023717595146166576,0.0,1200000.0,0.02206287920573635,4180000.0,-2980000.0,-0.05478948336091193,-0.08633,-0.08633,34520000.0,34520000.0,https://www.sec.gov/Archives/edgar/data/790715/000143774913015942/0001437749-13-015942-index.html,https://www.sec.gov/Archives/edgar/data/790715/000143774913015942/sigm20131102_10q.htm,1620597920,18:05:20,20210509
19,2013-08-03,SIGM,USD,2013-09-12 00:00:00,2013-09-12 16:01:55,Q2,53760000.0,25700000.0,28070000.0,0.5221354166666666,18770000.0,4933000.0,5527000.0,-19524000.0,29910000.0,54531000.0,0.0,4699999.999999999,2849999.999999999,0.05301339285714284,-1850000.0,-0.034412202380952384,0.0,-1730000.0,-0.03218005952380952,3070000.0,-4790000.0,-0.08909970238095238,-0.13981,-0.13981,34260000.0,34260000.0,https://www.sec.gov/Archives/edgar/data/790715/000143774913011925/0001437749-13-011925-index.html,https://www.sec.gov/Archives/edgar/data/790715/000143774913011925/sigm20130728_10q.htm,1620597920,18:05:20,20210509
20,2013-05-04,SIGM,USD,2013-06-13 00:00:00,2013-06-13 17:23:14,Q1,52540000.0,25590000.0,26950000.0,0.5129425199847735,20200000.0,4758000.0,5682000.0,398000.0,31050000.0,56640000.0,0.0,5570000.0,1470000.0,0.027978682908260374,-4100000.0,-0.07803578226113438,0.0,-2330000.0,-0.044347164065473926,2200000.0,-4530000.0,-0.08622002283974115,-0.13359,-0.13359,33910000.0,33910000.0,https://www.sec.gov/Archives/edgar/data/790715/000143774913007568/0001437749-13-007568-index.html,https://www.sec.gov/Archives/edgar/data/790715/000143774913007568/sigm20130605_10q.htm,1620597920,18:05:20,20210509
21,2013-02-02,SIGM,USD,2013-04-12 00:00:00,2013-04-12 17:24:52,Q4,44200000.0,33610000.0,10590000.0,0.23959276018099548,28490000.0,1957000.0,7093000.0,8444000.0,45849999.99999999,78866000.0,0.0,6790000.000000003,-28469999.999999996,-0.6441176470588235,-35260000.0,-0.797737556561086,0.0,-33970000.0,-0.7685520361990951,1230000.0,-35200000.0,-0.7963800904977375,-1.04389,-1.04389,33720000.0,33720000.0,https://www.sec.gov/Archives/edgar/data/790715/000143774913004375/0001437749-13-004375-index.html,https://www.sec.gov/Archives/edgar/data/790715/000143774913004375/sigma_10k-020213.htm,1620597920,18:05:20,20210509
22,2012-10-27,SIGM,USD,2012-12-06 00:00:00,2012-12-06 17:23:54,Q3,63910000.0,36730000.0,27170000.0,0.42512908777969016,26710000.0,-54000.0,12774000.0,0.0,48040000.0,83944000.0,0.0,6389999.999999999,-14470000.0,-0.22641214207479268,-20860000.0,-0.3263964950711939,0.0,-20560000.0,-0.3217023939915506,18890000.0,-39450000.0,-0.6172742919730871,-1.18185,-1.18185,33380000.0,33380000.0,https://www.sec.gov/Archives/edgar/data/790715/000143774912012637/0001437749-12-012637-index.html,https://www.sec.gov/Archives/edgar/data/790715/000143774912012637/sigma_10q-102712.htm,1620597920,18:05:20,20210509
23,2012-07-28,SIGM,USD,2012-09-10 00:00:00,2012-09-10 17:23:52,Q2,68250000.0,36080000.0,32170000.0,0.47135531135531133,26530000.0,7095000.0,7795000.0,0.0,45430000.00000001,82930000.0,0.0,5569999.999999999,-7690000.000000001,-0.11267399267399268,-13260000.0,-0.19428571428571428,0.0,-13020000.0,-0.19076923076923077,400000.0,-13420000.0,-0.19663003663003664,-0.40605,-0.40605,33050000.0,33050000.0,https://www.sec.gov/Archives/edgar/data/790715/000143774912009304/0001437749-12-009304-index.html,https://www.sec.gov/Archives/edgar/data/790715/000143774912009304/sigma_10q-072812.htm,1620597920,18:05:20,20210509
24,2012-04-28,SIGM,USD,2012-06-07 00:00:00,2012-06-06 20:05:07,Q1,40260000.0,19160000.0,21100000.0,0.524093392945852,21760000.0,5552000.0,6888000.0,0.0,35060000.0,54219000.0,0.0,5120000.0,-8840000.0,-0.21957277694982613,-13960000.0,-0.34674615002483855,0.0,-13470000.0,-0.334575260804769,230000.0,-13700000.0,-0.3402881271733731,-0.41947,-0.41947,32660000.0,32660000.0,https://www.sec.gov/Archives/edgar/data/790715/000143774912005927/0001437749-12-005927-index.html,https://www.sec.gov/Archives/edgar/data/790715/000143774912005927/sigma_10q-042812.htm,1620597920,18:05:20,20210509
25,2012-01-28,SIGM,USD,2012-03-29 00:00:00,2012-03-29 16:41:12,Q4,35570000.0,18980000.0,16590000.0,0.4664042732639865,21440000.0,4998000.0,8992000.0,0.0,35840000.0,54822000.0,0.0,5239999.999999998,-14020000.000000002,-0.3941523755974136,-19260000.0,-0.5414675288164184,0.0,-18650000.0,-0.5243182457126793,190000.0,-18840000.0,-0.529659825695811,-0.5822,-0.5822,32360000.0,32360000.0,https://www.sec.gov/Archives/edgar/data/790715/000143774912003009/0001437749-12-003009-index.html,https://www.sec.gov/Archives/edgar/data/790715/000143774912003009/sigma_10k-012812.htm,1620597920,18:05:20,20210509
26,2011-10-29,SIGM,USD,2011-12-08 00:00:00,2011-12-08 16:42:47,Q3,39730000.0,19020000.0,20700000.0,0.5210168638308583,21600000.0,2795000.0,8545000.0,111278000.0,148989999.99999997,168007000.0,0.0,8290000.000000001,-119990000.0,-3.0201359174427385,-128280000.0,-3.228794361943116,0.0,-127740000.0,-3.2152026176692674,-6170000.0,-121580000.0,-3.0601560533601813,-3.78283,-3.78283,32140000.0,32140000.0,https://www.sec.gov/Archives/edgar/data/790715/000143774911009372/0001437749-11-009372-index.html,https://www.sec.gov/Archives/edgar/data/790715/000143774911009372/sigma_10q-102911.htm,1620597920,18:05:20,20210509
27,2011-07-30,SIGM,USD,2011-09-08 00:00:00,2011-09-08 14:08:15,Q2,46690000.0,33700000.0,12990000.0,0.27821803384022276,21770000.0,-5340000.0,16930000.0,0.0,35429999.99999999,69131000.0,0.0,7979999.999999999,-14460000.0,-0.3097022917112872,-22440000.0,-0.48061683443992287,0.0,-21700000.0,-0.46476761619190404,260000.0,-21960000.0,-0.47033626044120797,-0.68819,-0.68819,31910000.0,31910000.0,https://www.sec.gov/Archives/edgar/data/790715/000143774911006686/0001437749-11-006686-index.html,https://www.sec.gov/Archives/edgar/data/790715/000143774911006686/sigma_10q-073011.htm,1620597920,18:05:20,20210509
28,2011-04-30,SIGM,USD,2011-06-09 00:00:00,2011-06-09 15:17:19,Q1,60632000.0,30840000.0,29792000.0,0.4913576989048687,21596000.0,5435000.0,8501000.0,0.0,35532000.0,66372000.0,0.0,7437000.0,1697000.0,0.027988520913049215,-5740000.0,-0.0946694814619343,0.0,-4921000.0,-0.08116176276553635,749000.0,-5670000.0,-0.09351497559044729,-0.18,-0.18,31731000.0,31731000.0,https://www.sec.gov/Archives/edgar/data/790715/000143774911003935/0001437749-11-003935-index.html,https://www.sec.gov/Archives/edgar/data/790715/000143774911003935/sigma_10q-043011.htm,1620597920,18:05:20,20210509
29,2011-01-29,SIGM,USD,2011-01-29,2011-01-29,Q4,70610000.0,35710000.0,34900000.0,0.4942642685172072,20210000.0,13400000.0,0.0,0.0,33600000.0,0.0,0.0,7140000.000000001,8430000.0,0.11938818864183544,1290000.0,0.0182693669451919,0.0,1870000.0,0.026483500920549498,-600000.0,2470000.0,0.03498088089505736,0.07695,0.07695,32100000.0,32100000.0,,,1620597920,18:05:20,20210509
30,2010-12-31,SIGM,USD,2011-03-28,2011-03-28 17:23:34,Q4,206083000.0,114381000.0,91702000.0,0.4449760533377329,52644000.0,623000.0,17617000.0,0.0,88501000.0,202882000.0,0.0,-7367000.0,-4166000.0,-0.02021515602936681,3201000.0,0.0155325766802696,1906000.0,5107000.0,0.024781277446465744,2652000.0,2455000.0,0.011912675960656628,0.07876921102448102,0.07766529579247074,31167000.0,31610000.0,https://www.sec.gov/Archives/edgar/data/790715/000143774911001798/0001437749-11-001798-index.htm,https://www.sec.gov/Archives/edgar/data/790715/000143774911001798/sigma_10k-123110.htm,1620597920,18:05:20,20210509
31,2010-10-30,SIGM,USD,2010-12-07 00:00:00,2010-12-07 16:32:34,Q3,77810000.0,39190000.0,38610000.0,0.4962087135329649,20480000.0,4783000.0,8357000.0,0.0,33620000.00000001,72814000.0,0.0,7059999.999999999,12050000.0,0.154864413314484,4990000.0,0.0641305744762884,0.0,5420000.0,0.06965685644518699,350000.0,5070000.0,0.06515871995887418,0.16019,0.16019,31650000.0,31650000.0,https://www.sec.gov/Archives/edgar/data/790715/000143774910004326/0001437749-10-004326-index.html,https://www.sec.gov/Archives/edgar/data/790715/000143774910004326/sigma_10q-103010.htm,1620597920,18:05:20,20210509
32,2010-07-31,SIGM,USD,2010-09-08 00:00:00,2010-09-08 17:04:10,Q2,73326000.0,38343000.0,34983000.0,0.47708861795270435,17823000.0,4317000.0,7344000.0,0.0,29484000.0,67827000.0,0.0,6771000.0,12270000.0,0.16733491530971278,5499000.0,0.0749938630226659,-5203000.0,750000.0,0.01022829555682841,254000.0,496000.0,0.006764312794915855,0.015907633098139834,0.015697196025064877,31180000.0,31598000.0,https://www.sec.gov/Archives/edgar/data/790715/000143774910002922/0001437749-10-002922-index.html,https://www.sec.gov/Archives/edgar/data/790715/000143774910002922/sigma_10q-073110.htm,1620597920,18:05:20,20210509
33,2010-05-01,SIGM,USD,2010-06-09 00:00:00,2010-06-09 14:20:03,Q1,65180000.0,33030000.0,32150000.0,0.49324946302546796,18760000.0,4938000.0,7322000.0,0.0,31010000.000000004,64043000.0,0.0,6700000.0,7840000.0,0.12028229518257134,1140000.0,0.017490027615833077,0.0,1860000.0,0.028536360846885548,750000.0,1110000.0,0.01702976373120589,0.03514,0.03514,31590000.0,31590000.0,https://www.sec.gov/Archives/edgar/data/790715/000143774910001804/0001437749-10-001804-index.html,https://www.sec.gov/Archives/edgar/data/790715/000143774910001804/sigma_10q-050110.htm,1620597920,18:05:20,20210509
34,2010-01-30,SIGM,USD,2010-04-01 00:00:00,2010-04-01 14:40:15,Q4,68090000.0,40100000.0,28000000.0,0.41122044353062126,17680000.0,6024000.0,7436000.0,0.0,31139999.999999993,71235000.0,0.0,6350000.0,3210000.0,0.04714348656190336,-3140000.0,-0.04611543545307681,0.0,-2850000.0,-0.04185636657365252,-60000.0,-2790000.0,-0.040975179908944045,-0.09196,-0.09196,30340000.0,30340000.0,https://www.sec.gov/Archives/edgar/data/790715/000143774910000929/0001437749-10-000929-index.html,https://www.sec.gov/Archives/edgar/data/790715/000143774910000929/sigma_10k-013010.htm,1620597920,18:05:20,20210509
35,2009-10-31,SIGM,USD,2009-12-10 00:00:00,2009-12-10 16:38:15,Q3,35464000.0,19396000.0,16068000.0,0.4530791788856305,11727000.0,5467000.0,3488000.0,0.0,20682000.0,40078000.0,0.0,2305000.0,-2309000.0,-0.06510827881795624,-4614000.0,-0.1301037672005414,0.0,-4050000.0,-0.11420031581321904,-1752000.0,-2298000.0,-0.06479810512068576,-0.09,-0.09,26782000.0,26782000.0,https://www.sec.gov/Archives/edgar/data/790715/000143774909002019/0001437749-09-002019-index.html,https://www.sec.gov/Archives/edgar/data/790715/000143774909002019/sigma_10q-103109.htm,1620597920,18:05:20,20210509
36,2009-08-01,SIGM,USD,2009-09-10 00:00:00,2009-09-10 16:57:48,Q2,51280000.0,28030000.0,23250000.0,0.453393135725429,11720000.0,3618000.0,3482000.0,0.0,18820000.0,46854000.0,0.0,2250000.0,6680000.0,0.13026521060842433,4430000.0,0.08638845553822153,0.0,4700000.0,0.09165366614664587,-100000.0,4800000.0,0.093603744149766,0.17518,0.17518,27400000.0,27400000.0,https://www.sec.gov/Archives/edgar/data/790715/000143774909001223/0001437749-09-001223-index.html,https://www.sec.gov/Archives/edgar/data/790715/000143774909001223/sigma_10q-091009.htm,1620597920,18:05:20,20210509
37,2009-05-02,SIGM,USD,2009-06-11 00:00:00,2009-06-11 16:49:14,Q1,51240000.0,26860000.0,24390000.0,0.47599531615925056,11520000.0,3129000.0,3211000.0,0.0,17860000.0,44715000.0,0.0,2260000.0,8790000.0,0.1715456674473068,6530000.0,0.12743950039032007,0.0,7310000.0,0.14266198282591724,4560000.0,2740000.0,0.053473848555815766,0.10074,0.10074,27200000.0,27200000.0,https://www.sec.gov/Archives/edgar/data/790715/000143774909000632/0001437749-09-000632-index.html,https://www.sec.gov/Archives/edgar/data/790715/000143774909000632/sigma_10q-050209.htm,1620597920,18:05:20,20210509
38,2009-01-31,SIGM,USD,2009-04-02 00:00:00,2009-04-02 16:18:30,Q4,47306000.0,25952000.0,21354000.0,0.45140151355007824,11194000.0,7341000.0,0.0,0.0,18535000.0,44487000.0,0.0,1583000.0,4402000.0,0.09305373525557012,2819000.0,0.059590749587790134,0.0,4135000.0,0.08740963091362618,-2444000.0,6579000.0,0.1390732676616074,0.24294682422451994,0.24294682422451994,27080000.0,27080000.0,https://www.sec.gov/Archives/edgar/data/790715/000143774909000324/0001437749-09-000324-index.html,https://www.sec.gov/Archives/edgar/data/790715/000143774909000324/sigma_10k-013109.htm,1620597920,18:05:20,20210509
39,2008-11-01,SIGM,USD,2008-12-11 00:00:00,2008-12-11 15:15:07,Q3,46760000.0,25100000.0,21660000.0,0.4632164242942686,11130000.0,3838000.0,3102000.0,0.0,18070000.0,43171000.0,0.0,2060000.0,5650000.0,0.12082976903336184,3590000.0,0.07677502138579984,0.0,4740000.0,0.10136869118905047,1070000.0,3670000.0,0.07848588537211292,0.13552,0.13552,27080000.0,27080000.0,https://www.sec.gov/Archives/edgar/data/790715/000126645408000620/0001266454-08-000620-index.html,https://www.sec.gov/Archives/edgar/data/790715/000126645408000620/sigma_10q-110108.htm,1620597920,18:05:20,20210509
40,2008-08-02,SIGM,USD,2008-09-11 00:00:00,2008-09-11 16:09:35,Q2,58210000.0,28690000.0,29520000.0,0.5071293592166295,10380000.0,3637000.0,2783000.0,0.0,16800000.0,43098000.0,0.0,1890000.0,14620000.0,0.2511595945713795,12730000.0,0.2186909465727538,0.0,13790000.0,0.2369008761381206,4200000.0,9590000.0,0.16474832503006356,0.35064,0.35064,27350000.0,27350000.0,https://www.sec.gov/Archives/edgar/data/790715/000126645408000465/0001266454-08-000465-index.html,https://www.sec.gov/Archives/edgar/data/790715/000126645408000465/sigma_10q-080208.htm,1620597920,18:05:20,20210509
41,2008-05-03,SIGM,USD,2008-06-12 00:00:00,2008-06-12 15:49:13,Q1,56880000.0,28860000.0,28020000.0,0.49261603375527424,10860000.0,6469000.0,2641000.0,1571000.0,21540000.0,52785000.0,0.0,1680000.0,8160000.0,0.14345991561181434,6480000.0,0.11392405063291139,0.0,8650000.0,0.15207454289732772,2070000.0,6580000.0,0.11568213783403657,0.2232,0.2232,29480000.0,29480000.0,https://www.sec.gov/Archives/edgar/data/790715/000126645408000347/0001266454-08-000347-index.html,https://www.sec.gov/Archives/edgar/data/790715/000126645408000347/sigma_10q-050308.htm,1620597920,18:05:20,20210509
42,2008-02-02,SIGM,USD,2008-04-02 00:00:00,2008-04-02 16:21:13,Q4,76400000.0,38950000.0,37450000.0,0.49018324607329844,9440000.0,4643000.0,2517000.0,0.0,16599999.999999994,55546000.0,0.0,960000.0,21810000.0,0.28547120418848165,20850000.0,0.27290575916230364,0.0,24470000.0,0.32028795811518324,-10830000.0,35300000.0,0.4620418848167539,1.11674,1.11674,31610000.0,31610000.0,https://www.sec.gov/Archives/edgar/data/790715/000126645408000232/0001266454-08-000232-index.html,https://www.sec.gov/Archives/edgar/data/790715/000126645408000232/sigma_10k-020208.htm,1620597920,18:05:20,20210509
43,2007-11-03,SIGM,USD,2007-12-13 00:00:00,2007-12-13 17:08:02,Q3,66240000.0,31020000.0,35230000.0,0.5318538647342995,7490000.0,2545000.0,2785000.0,0.0,12809999.999999998,43831000.0,0.0,859999.9999999999,23270000.0,0.35129830917874394,22410000.0,0.3383152173913043,0.0,23860000.0,0.3602053140096618,2910000.0,20950000.0,0.31627415458937197,0.72341,0.72341,28960000.0,28960000.0,https://www.sec.gov/Archives/edgar/data/790715/000126645407000655/0001266454-07-000655-index.html,https://www.sec.gov/Archives/edgar/data/790715/000126645407000655/sigma_10q-110307.htm,1620597920,18:05:20,20210509
44,2007-08-04,SIGM,USD,2007-09-13 00:00:00,2007-09-13 17:26:03,Q2,42550000.0,20240000.0,22310000.0,0.5243243243243243,8360000.0,2458000.0,2692000.0,0.0,13510000.000000002,33752000.0,0.0,800000.0,9600000.0,0.2256169212690952,8800000.0,0.20681551116333724,0.0,9200000.0,0.21621621621621623,610000.0,8590000.0,0.2018801410105758,0.3204,0.3204,26810000.0,26810000.0,https://www.sec.gov/Archives/edgar/data/790715/000126645407000433/0001266454-07-000433-index.html,https://www.sec.gov/Archives/edgar/data/790715/000126645407000433/sigma_10q-080407.htm,1620597920,18:05:20,20210509
45,2007-05-05,SIGM,USD,2007-06-14 00:00:00,2007-06-14 16:37:37,Q1,36020000.0,18210000.0,17810000.0,0.49444752915047196,6090000.0,4248000.0,2232000.0,0.0,12570000.0,30776000.0,0.0,760000.0,6000000.0,0.1665741254858412,5240000.0,0.14547473625763466,0.0,5560000.0,0.1543586896168795,190000.0,5370000.0,0.14908384230982788,0.20015,0.20015,26830000.0,26830000.0,https://www.sec.gov/Archives/edgar/data/790715/000126645407000280/0001266454-07-000280-index.html,https://www.sec.gov/Archives/edgar/data/790715/000126645407000280/sigma_10q-050507.htm,1620597920,18:05:20,20210509
46,2007-02-03,SIGM,USD,2007-04-20 00:00:00,2007-04-20 17:21:02,Q4,31230000.0,15220000.0,16010000.0,0.5126480947806596,6670000.0,-1862000.0,6582000.0,0.0,11389999.999999998,76943000.0,0.0,660000.0000000001,5280000.0,0.1690682036503362,4620000.0,0.14793467819404418,0.0,4930000.0,0.1578610310598783,290000.0,4640000.0,0.14857508805635608,0.18076,0.18076,25670000.0,25670000.0,https://www.sec.gov/Archives/edgar/data/790715/000119312507086571/0001193125-07-086571-index.html,https://www.sec.gov/Archives/edgar/data/790715/000119312507086571/d10k.htm,1620597920,18:05:20,20210509
47,2006-10-28,SIGM,USD,2007-04-20,2007-04-20 17:18:23,Q3,25060000.0,13020000.0,12040000.0,0.48044692737430167,5580000.0,2501000.0,1259000.0,0.0,9340000.0,8418000.0,0.0,690000.0,3390000.0,0.13527533918595372,2700000.0,0.1077414205905826,0.0,2850000.0,0.11372705506783719,100000.0,2740000.0,0.10933758978451716,0.10716,0.10716,25570000.0,25570000.0,https://www.sec.gov/Archives/edgar/data/790715/000119312507086563/d10q.htm,https://www.sec.gov/Archives/edgar/data/790715/000119312507086563/d10q.htm,1620597920,18:05:20,20210509
48,2006-07-29,SIGM,USD,2007-04-20,2007-04-20 17:12:04,Q2,20140000.0,11170000.0,8960000.0,0.4448857994041708,5040000.0,1835000.0,2025000.0,0.0,8900000.0,20828000.0,0.0,520000.0,590000.0,0.02929493545183714,70000.0,0.003475670307845084,0.0,250000.0,0.012413108242303872,30000.0,220000.0,0.010923535253227408,0.00873,0.00873,25210000.0,25210000.0,https://www.sec.gov/Archives/edgar/data/790715/000119312507086550/d10q.htm,https://www.sec.gov/Archives/edgar/data/790715/000119312507086550/d10q.htm,1620597920,18:05:20,20210509
49,2006-04-29,SIGM,USD,2006-06-08,2006-06-08 17:18:31,Q1,14800000.0,7370000.0,7430000.0,0.5020270270270271,5230000.0,2270000.0,1460000.0,0.0,8959999.999999996,15569000.0,0.0,480000.0,-1050000.0,-0.07094594594594594,-1530000.0,-0.10337837837837838,0.0,-1350000.0,-0.09121621621621621,0.0,-1360000.0,-0.0918918918918919,-0.06066,-0.06066,22420000.0,22420000.0,https://www.sec.gov/Archives/edgar/data/790715/000126645406000268/sigma_10q-042906.htm,https://www.sec.gov/Archives/edgar/data/790715/000126645406000268/sigma_10q-042906.htm,1620597920,18:05:20,20210509
50,2006-01-28,SIGM,USD,2006-05-08,2006-05-08 16:04:08,Q4,10490000.0,4390000.0,6100000.0,0.5815061963775023,3720000.0,1877000.0,1363000.0,-598000.0,6960000.0,10185000.0,598000.0,350000.0,-520000.0,-0.04957102001906578,-870000.0,-0.08293612964728313,250000.0,-650000.0,-0.06196377502383222,70000.0,-720000.0,-0.06863679694947569,-0.03313,-0.03313,21730000.0,21730000.0,https://www.sec.gov/Archives/edgar/data/790715/000126645406000202/sigma_10k-012806.htm,https://www.sec.gov/Archives/edgar/data/790715/000126645406000202/sigma_10k-012806.htm,1620597920,18:05:20,20210509
51,2005-10-31,SIGM,USD,2005-10-31,2005-10-31,Q3,8497000.0,2666000.0,5831000.0,0.6862422031305166,3613000.0,2139000.0,0.0,0.0,5752000.0,8418000.0,0.0,207000.0,286000.0,0.033658938448864306,79000.0,0.009297399082028951,1497000.0,1946000.0,0.22902200776744733,-2000.0,1948000.0,0.22925738495939743,0.09,0.08,21447000.0,24401000.0,,,1620597920,18:05:20,20210509
52,2005-10-29,SIGM,USD,2005-12-08,2005-12-08 16:52:41,Q3,8497000.0,2666000.0,5831000.0,0.6862422031305166,3613000.0,-379000.0,1259000.0,598000.0,5752000.0,8418000.0,-598000.0,207000.0,286000.0,0.033658938448864306,79000.0,0.009297399082028951,370000.0,1946000.0,0.22902200776744733,-2000.0,1948000.0,0.22925738495939743,0.09143,0.09143,21307000.0,21307000.0,https://www.sec.gov/Archives/edgar/data/790715/000126645405000234/0001266454-05-000234-index.htm,https://www.sec.gov/Archives/edgar/data/790715/000126645405000234/sigma_10q102905.htm,1620597920,18:05:20,20210509
53,2005-07-31,SIGM,USD,2005-07-31,2005-07-31,Q2,7961000.0,2421000.0,5540000.0,0.6958924758196207,3472000.0,2030000.0,0.0,0.0,5502000.0,7923000.0,0.0,193000.0,231000.0,0.02901645521919357,38000.0,0.00477326968973747,0.0,164000.0,0.02060042708202487,1000.0,163000.0,0.02047481472176862,0.007657615334022362,0.006806413896776348,21286000.0,23948000.0,,,1620597920,18:05:20,20210509
54,2005-07-30,SIGM,USD,2005-09-08,2005-09-08 16:59:45,Q2,7961000.0,2421000.0,5540000.0,0.6958924758196207,3472000.0,-454000.0,1242000.0,0.0,5502000.0,7923000.0,0.0,193000.0,231000.0,0.02901645521919357,38000.0,0.00477326968973747,126000.0,164000.0,0.02060042708202487,1000.0,163000.0,0.02047481472176862,0.00768,0.00768,21237000.0,21237000.0,https://www.sec.gov/Archives/edgar/data/790715/000126645405000176/0001266454-05-000176-index.htm,https://www.sec.gov/Archives/edgar/data/790715/000126645405000176/sigma_10q073105.htm,1620597920,18:05:20,20210509
55,2005-04-30,SIGM,USD,2005-06-14,2005-06-14 16:45:46,Q1,6375000.0,2262000.0,4113000.0,0.6451764705882352,3565000.0,2447000.0,0.0,0.0,6012000.0,8274000.0,0.0,193000.0,-1706000.0,-0.2676078431372549,-1899000.0,-0.2978823529411765,1083000.0,-714000.0,-0.112,3000.0,-717000.0,-0.11247058823529411,-0.03,-0.03,21188000.0,21188000.0,https://www.sec.gov/Archives/edgar/data/790715/000079071505000037/form10q.htm,https://www.sec.gov/Archives/edgar/data/790715/000079071505000037/form10q.htm,1620597920,18:05:20,20210509
56,2005-01-31,SIGM,USD,2005-01-31,2005-01-31,Q4,7888000.0,2437000.0,5451000.0,0.6910496957403651,2834000.0,2636000.0,0.0,0.0,5570000.0,8007000.0,0.0,150000.0,31000.0,0.003930020283975659,-119000.0,-0.015086206896551725,0.0,-40000.0,-0.005070993914807302,-23000.0,-17000.0,-0.0021551724137931034,-0.0008023409477062488,-0.0008023409477062488,21188000.0,21188000.0,,,1620597920,18:05:20,20210509
57,2004-10-31,SIGM,USD,2004-10-31,2004-10-31,Q3,7677000.0,2155000.0,5522000.0,0.719291389865833,2762000.0,2302000.0,0.0,0.0,5064000.0,7219000.0,0.0,118000.0,576000.0,0.07502930832356389,458000.0,0.059658720854500455,0.0,521000.0,0.06786505145239026,-4000.0,525000.0,0.06838608831574834,0.03,0.02,20838000.0,23629000.0,,,1620597920,18:05:20,20210509
58,2004-10-30,SIGM,USD,2004-12-09,2004-12-09 16:05:39,Q3,7677000.0,2155000.0,5522000.0,0.719291389865833,2762000.0,28000.0,1137000.0,63000.0,5064000.0,7219000.0,-63000.0,118000.0,576000.0,0.07502930832356389,458000.0,0.059658720854500455,63000.0,521000.0,0.06786505145239026,-4000.0,525000.0,0.06838608831574834,0.0253,0.0253,20754000.0,20754000.0,https://www.sec.gov/Archives/edgar/data/790715/000079071504000056/0000790715-04-000056-index.htm,https://www.sec.gov/Archives/edgar/data/790715/000079071504000056/form10q.htm,1620597920,18:05:20,20210509
59,2004-07-31,SIGM,USD,2004-09-09,2004-09-09 15:53:10,Q2,8088000.0,2300000.0,5788000.0,0.7156280909990109,2848000.0,2157000.0,0.0,0.0,5005000.0,7305000.0,0.0,132000.0,915000.0,0.11313056379821959,783000.0,0.09681008902077151,0.0,1199000.0,0.14824431256181997,30000.0,1169000.0,0.1445351137487636,0.06,0.05,20750000.0,23135000.0,https://www.sec.gov/Archives/edgar/data/790715/000079071504000044/body10q.htm,https://www.sec.gov/Archives/edgar/data/790715/000079071504000044/body10q.htm,1620597920,18:05:20,20210509
60,2004-04-30,SIGM,USD,2004-04-30,2004-04-30,Q1,7784000.0,2635000.0,5149000.0,0.6614850976361768,3104000.0,1918000.0,0.0,0.0,5022000.0,7657000.0,0.0,92000.0,219000.0,0.02813463514902364,127000.0,0.01631551901336074,0.0,164000.0,0.0210688591983556,1000.0,163000.0,0.02094039054470709,0.007884299119667215,0.006987910486152791,20674000.0,23326000.0,,,1620597920,18:05:20,20210509
61,2004-01-31,SIGM,USD,2004-01-31,2004-01-31,Q4,7341000.0,2857000.0,4484000.0,0.6108159651273668,2414000.0,1831000.0,0.0,0.0,4245000.0,7102000.0,0.0,124000.0,363000.0,0.04944830404577033,239000.0,0.0325568723607138,0.0,296000.0,0.04032148208690914,-1000.0,297000.0,0.04045770331017572,0.014365870175099158,0.014365870175099158,20674000.0,20674000.0,,,1620597920,18:05:20,20210509
62,2003-10-31,SIGM,USD,2003-10-31,2003-10-31,Q3,7470000.0,2868000.0,4602000.0,0.6160642570281124,2512000.0,1956000.0,0.0,0.0,4468000.0,7336000.0,0.0,142000.0,276000.0,0.036947791164658635,134000.0,0.0179384203480589,0.0,149000.0,0.019946452476572958,0.0,149000.0,0.019946452476572958,0.00730320556808156,0.006331534440997748,20402000.0,23533000.0,,,1620597920,18:05:20,20210509
63,2003-07-31,SIGM,USD,2003-07-31,2003-07-31,Q2,7874000.0,2762000.0,5112000.0,0.649225298450597,2634000.0,1810000.0,0.0,0.0,4444000.0,7206000.0,0.0,147000.0,815000.0,0.10350520701041402,668000.0,0.08483616967233934,0.0,672000.0,0.08534417068834138,1000.0,671000.0,0.08521717043434086,0.04,0.03,19152000.0,22653000.0,,,1620597920,18:05:20,20210509
64,2003-04-30,SIGM,USD,2003-04-30,2003-04-30,Q1,7835000.0,3218000.0,4617000.0,0.589278876834716,2440000.0,1704000.0,0.0,0.0,4144000.0,7362000.0,0.0,159000.0,632000.0,0.08066368857689853,473000.0,0.06037013401403957,0.0,435000.0,0.05552010210593491,9000.0,426000.0,0.05437141033822591,0.024166099387338325,0.021205634924585593,17628000.0,20089000.0,,,1620597920,18:05:20,20210509
65,2003-01-31,SIGM,USD,2003-01-31,2003-01-31,Q4,6709000.0,2766000.0,3943000.0,0.5877179907586824,2348000.0,1890000.0,0.0,0.0,4238000.0,7004000.0,0.0,165000.0,-130000.0,-0.019376956327321507,-295000.0,-0.04397078551199881,0.0,-326000.0,-0.048591444328513936,1000.0,-327000.0,-0.048740497838724105,-0.0185500340367597,-0.0185500340367597,17628000.0,17628000.0,,,1620597920,18:05:20,20210509
66,2002-10-31,SIGM,USD,2002-10-31,2002-10-31,Q3,4720000.0,2038000.0,2682000.0,0.5682203389830508,1821000.0,1745000.0,0.0,0.0,3566000.0,5604000.0,0.0,143000.0,-741000.0,-0.15699152542372882,-884000.0,-0.18728813559322033,0.0,-908000.0,-0.1923728813559322,-37000.0,-871000.0,-0.18453389830508474,-0.05,-0.05,16508000.0,16508000.0,,,1620597920,18:05:20,20210509
67,2002-07-31,SIGM,USD,2002-09-17 00:00:00,2002-09-17 15:38:40,Q2,3256000.0,1869000.0,1387000.0,0.425982800982801,1903000.0,1891000.0,0.0,0.0,3794000.0,5663000.0,0.0,147000.0,-2260000.0,-0.6941031941031941,-2407000.0,-0.7392506142506142,0.0,-2552000.0,-0.7837837837837838,0.0,-2552000.0,-0.7837837837837838,-0.16,-0.16,16458000.0,16458000.0,https://www.sec.gov/Archives/edgar/data/790715/000113626102000011/0001136261-02-000011-index.html,https://www.sec.gov/Archives/edgar/data/790715/000113626102000011/body10q.htm,1620597920,18:05:20,20210509
68,2002-04-30,SIGM,USD,2002-04-30,2002-04-30,Q1,3454000.0,1453000.0,2001000.0,0.5793283149971048,2294000.0,1968000.0,0.0,0.0,4262000.0,5715000.0,0.0,141000.0,-2120000.0,-0.6137811233352635,-2261000.0,-0.6546033584250145,0.0,-2305000.0,-0.6673422119281992,2000.0,-2307000.0,-0.6679212507237985,-0.14,-0.14,16397000.0,16397000.0,,,1620597920,18:05:20,20210509
69,2002-01-31,SIGM,USD,2002-01-31,2002-01-31,Q4,3817000.0,2170000.0,1647000.0,0.4314906995022269,2263000.0,1965000.0,0.0,0.0,4228000.0,6398000.0,0.0,147000.0,-2434000.0,-0.6376735656274561,-2581000.0,-0.6761854859837568,0.0,-3502000.0,-0.9174744563793555,0.0,-3502000.0,-0.9174744563793555,-0.21357565408306398,-0.21357565408306398,16397000.0,16397000.0,,,1620597920,18:05:20,20210509
70,2001-10-31,SIGM,USD,2001-12-18 00:00:00,2001-12-18 00:00:00,Q3,3416000.0,1906000.0,1510000.0,0.4420374707259953,1929000.0,1284000.0,0.0,0.0,3213000.0,5119000.0,0.0,148000.0,-1555000.0,-0.45521077283372363,-1703000.0,-0.498536299765808,0.0,-1666000.0,-0.48770491803278687,0.0,-1666000.0,-0.48770491803278687,-0.1,-0.1,16310000.0,16310000.0,https://www.sec.gov/Archives/edgar/data/790715/000079071501500021/0000790715-01-500021-index.html,https://www.sec.gov/Archives/edgar/data/790715/000079071501500021/body10q.htm,1620597920,18:05:20,20210509
71,2001-07-31,SIGM,USD,2001-09-18 00:00:00,2001-09-18 00:00:00,Q2,2982000.0,1972000.0,1010000.0,0.33869885982562037,1826000.0,1897000.0,0.0,0.0,3723000.0,5695000.0,0.0,176000.0,-2537000.0,-0.8507712944332663,-2713000.0,-0.9097920858484239,0.0,-2606000.0,-0.8739101274312542,4000.0,-2610000.0,-0.8752515090543259,-0.16,-0.16,16310000.0,16310000.0,https://www.sec.gov/Archives/edgar/data/790715/000079071501500015/0000790715-01-500015-index.html,https://www.sec.gov/Archives/edgar/data/790715/000079071501500015/body10q.htm,1620597920,18:05:20,20210509
72,2001-04-30,SIGM,USD,2001-05-04 00:00:00,2001-05-04 00:00:00,Q1,3222000.0,1861000.0,1361000.0,0.4224084419615146,2105000.0,1930000.0,0.0,0.0,4035000.0,5896000.0,0.0,194000.0,-2480000.0,-0.7697082557417753,-2674000.0,-0.8299193047796399,0.0,-2614000.0,-0.8112973308504035,0.0,-2614000.0,-0.8112973308504035,-0.16,-0.16,16312000.0,16312000.0,https://www.sec.gov/Archives/edgar/data/790715/000079071501500003/0000790715-01-500003-index.html,https://www.sec.gov/Archives/edgar/data/790715/000079071501500003/body10k.htm,1620597920,18:05:20,20210509
73,2001-01-31,SIGM,USD,2001-01-31,2001-01-31,Q4,2932000.0,3820000.0,-888000.0,-0.30286493860845837,2020000.0,3825000.0,0.0,0.0,6069000.0,9889000.0,0.0,224000.0,-6733000.0,-2.2963847203274215,-6957000.0,-2.3727830832196455,0.0,-6873000.0,-2.3441336971350615,1000.0,-6874000.0,-2.344474761255116,-0.4214075527219225,-0.4214075527219225,16312000.0,16312000.0,,,1620597920,18:05:20,20210509
74,2000-10-31,SIGM,USD,2000-12-12 00:00:00,2000-12-12 00:00:00,Q3,5479000.0,2814000.0,2665000.0,0.4864026282168279,1799000.0,1285000.0,0.0,0.0,3460000.0,6274000.0,0.0,184000.0,-611000.0,-0.11151670012776053,-795000.0,-0.14509947070633328,0.0,-688000.0,-0.12557035955466325,-23000.0,-665000.0,-0.12137251323234167,-0.04,-0.04,16279000.0,16279000.0,https://www.sec.gov/Archives/edgar/data/790715/000079071500500006/0000790715-00-500006-index.html,https://www.sec.gov/Archives/edgar/data/790715/000079071500500006/body10q.htm,1620597920,18:05:20,20210509
75,2000-07-31,SIGM,USD,2000-09-12 00:00:00,2000-09-12 00:00:00,Q2,10663000.0,6256000.0,4407000.0,0.4132983212979462,1932000.0,1867000.0,0.0,0.0,3988000.0,10244000.0,0.0,189000.0,608000.0,0.05701960048766764,419000.0,0.03929475757291569,0.0,503000.0,0.047172465535027665,21000.0,482000.0,0.04520303854449967,0.029645119626053262,0.027277872099603848,16259000.0,17670000.0,https://www.sec.gov/Archives/edgar/data/790715/000079071500500003/0000790715-00-500003-index.html,https://www.sec.gov/Archives/edgar/data/790715/000079071500500003/body10q.htm,1620597920,18:05:20,20210509
76,2000-04-30,SIGM,USD,2000-06-13 00:00:00,2000-06-13 00:00:00,Q1,10401000.0,6789000.0,3612000.0,0.3472743005480242,1633000.0,1686000.0,0.0,0.0,3511000.0,10300000.0,0.0,192000.0,293000.0,0.02817036823382367,101000.0,0.009710604749543314,0.0,193000.0,0.018555908085760985,4000.0,189000.0,0.018171329679838477,0.01,0.01,18900000.0,18900000.0,https://www.sec.gov/Archives/edgar/data/790715/000079071500000003/0000790715-00-000003-index.html,https://www.sec.gov/Archives/edgar/data/790715/000079071500000003/0000790715-00-000003-0001.htm,1620597920,18:05:20,20210509
77,2000-01-31,SIGM,USD,2000-01-31,2000-01-31,Q4,11124000.0,7261000.0,3863000.0,0.3472671700827041,1697000.0,1659000.0,0.0,0.0,3476000.0,10737000.0,0.0,120000.0,507000.0,0.04557713052858684,387000.0,0.03478964401294499,0.0,608000.0,0.05465659834591873,-40000.0,648000.0,0.05825242718446602,0.03428571428571429,0.03428571428571429,18900000.0,18900000.0,,,1620597920,18:05:20,20210509
78,1999-10-31,SIGM,USD,1999-10-31,1999-10-31,Q3,11300000.0,7200000.0,4100000.0,0.36283185840707965,1700000.0,1700000.0,0.0,0.0,3600000.0,10800000.0,0.0,200000.0,700000.0,0.061946902654867256,500000.0,0.04424778761061947,0.0,0.0,0.0,0.0,500000.0,0.04424778761061947,0.03,0.03,16666667.0,16666667.0,,,1620597920,18:05:20,20210509
79,1999-07-31,SIGM,USD,1999-07-31,1999-07-31,Q2,14100000.0,9700000.0,4400000.0,0.3120567375886525,1700000.0,1800000.0,0.0,0.0,3700000.0,13400000.0,0.0,200000.0,900000.0,0.06382978723404255,700000.0,0.04964539007092199,0.0,0.0,0.0,0.0,700000.0,0.04964539007092199,0.04,0.04,17500000.0,17500000.0,,,1620597920,18:05:20,20210509
80,1999-04-30,SIGM,USD,1999-05-03 00:00:00,1999-05-03 00:00:00,Q1,13800000.0,9500000.0,4300000.0,0.3115942028985507,1300000.0,2200000.0,0.0,0.0,3700000.0,13200000.0,0.0,200000.0,800000.0,0.057971014492753624,600000.0,0.043478260869565216,0.0,0.0,0.0,0.0,500000.0,0.036231884057971016,0.03,0.03,16666667.0,16666667.0,https://www.sec.gov/Archives/edgar/data/790715/000079071599000002/0000790715-99-000002-index.html,https://www.sec.gov/Archives/edgar/data/790715/0000790715-99-000002.txt,1620597920,18:05:20,20210509
81,1999-01-31,SIGM,USD,1999-05-03 00:00:00,1999-05-03 00:00:00,Q4,13000000.0,9600000.0,3400000.0,0.26153846153846155,1400000.0,1700000.0,0.0,0.0,3300000.0,12900000.0,0.0,200000.0,300000.0,0.023076923076923078,100000.0,0.007692307692307693,0.0,100000.0,0.007692307692307693,0.0,100000.0,0.007692307692307693,0.005999999880000002,0.005999999880000002,16666667.0,16666667.0,https://www.sec.gov/Archives/edgar/data/790715/000079071599000002/0000790715-99-000002-index.html,https://www.sec.gov/Archives/edgar/data/790715/0000790715-99-000002.txt,1620597920,18:05:20,20210509
82,1998-10-31,SIGM,USD,1998-12-15 00:00:00,1998-12-15 00:00:00,Q3,11000000.0,7600000.0,3400000.0,0.3090909090909091,1500000.0,1600000.0,0.0,0.0,3300000.0,10900000.0,0.0,200000.0,300000.0,0.02727272727272727,100000.0,0.00909090909090909,0.0,0.0,0.0,0.0,0.0,0.0,-0.06,-0.06,13333333.0,13333333.0,https://www.sec.gov/Archives/edgar/data/790715/000079071598000002/0000790715-98-000002-index.html,https://www.sec.gov/Archives/edgar/data/790715/0000790715-98-000002.txt,1620597920,18:05:20,20210509
83,1998-07-31,SIGM,USD,1998-07-31,1998-07-31,Q2,9100000.0,6200000.0,2900000.0,0.31868131868131866,1600000.0,1900000.0,0.0,0.0,3600000.0,9800000.0,0.0,100000.0,-600000.0,-0.06593406593406594,-700000.0,-0.07692307692307693,0.0,-700000.0,-0.07692307692307693,-300000.0,-400000.0,-0.04395604395604396,-0.03,-0.03,13333333.0,13333333.0,,,1620597920,18:05:20,20210509
84,1998-04-30,SIGM,USD,1998-04-30,1998-04-30,Q1,10400000.0,7300000.0,3100000.0,0.2980769230769231,1200000.0,1800000.0,0.0,0.0,3100000.0,10400000.0,0.0,100000.0,100000.0,0.009615384615384616,0.0,0.0,0.0,0.0,0.0,0.0,0.0,0.0,0.0,0.0,11974000.0,11974000.0,,,1620597920,18:05:20,20210509
85,1998-01-31,SIGM,USD,1998-01-31,1998-01-31,Q4,9900000.0,6800000.0,3100000.0,0.31313131313131315,1200000.0,1900000.0,0.0,0.0,3400000.0,10200000.0,0.0,300000.0,0.0,0.0,-300000.0,-0.030303030303030304,0.0,-500000.0,-0.050505050505050504,0.0,-500000.0,-0.050505050505050504,-0.04175714047102055,-0.04175714047102055,11974000.0,11974000.0,,,1620597920,18:05:20,20210509
86,1997-10-31,SIGM,USD,1997-12-15 00:00:00,1997-12-15 00:00:00,Q3,10000000.0,6500000.0,3500000.0,0.35,1300000.0,1800000.0,0.0,0.0,3300000.0,9800000.0,0.0,200000.0,400000.0,0.04,200000.0,0.02,100000.0,0.0,0.0,0.0,300000.0,0.03,-0.01,-0.01,10000000.0,10000000.0,https://www.sec.gov/Archives/edgar/data/790715/000095000597001003/0000950005-97-001003-index.html,https://www.sec.gov/Archives/edgar/data/790715/0000950005-97-001003.txt,1620597920,18:05:20,20210509
87,1997-07-31,SIGM,USD,1997-09-12 00:00:00,1997-09-12 00:00:00,Q2,8600000.0,8600000.0,0.0,0.0,1200000.0,3900000.0,0.0,0.0,5100000.0,13700000.0,0.0,0.0,-5100000.0,-0.5930232558139535,-5100000.0,-0.5930232558139535,0.0,-5100000.0,-0.5930232558139535,-800000.0,-4300000.0,-0.5,-0.4,-0.4,11000000.0,11000000.0,https://www.sec.gov/Archives/edgar/data/790715/000095000597000755/0000950005-97-000755-index.html,https://www.sec.gov/Archives/edgar/data/790715/0000950005-97-000755.txt,1620597920,18:05:20,20210509
88,1997-04-30,SIGM,USD,1997-05-01 00:00:00,1997-05-01 00:00:00,Q1,8500000.0,5700000.0,2800000.0,0.32941176470588235,1200000.0,2000000.0,0.0,0.0,3400000.0,9100000.0,0.0,200000.0,-400000.0,-0.047058823529411764,-600000.0,-0.07058823529411765,0.0,0.0,0.0,0.0,-600000.0,-0.07058823529411765,-0.05,-0.05,12000000.0,12000000.0,https://www.sec.gov/Archives/edgar/data/790715/000095000597000478/0000950005-97-000478-index.html,https://www.sec.gov/Archives/edgar/data/790715/0000950005-97-000478.txt,1620597920,18:05:20,20210509
89,1997-01-31,SIGM,USD,1997-05-01 00:00:00,1997-05-01 00:00:00,Q4,9700000.0,5300000.0,4400000.0,0.4536082474226804,1200000.0,2100000.0,0.0,0.0,4000000.0,9300000.0,0.0,700000.0,1100000.0,0.1134020618556701,400000.0,0.041237113402061855,500000.0,0.0,0.0,0.0,200000.0,0.020618556701030927,0.016666666666666666,0.016666666666666666,12000000.0,12000000.0,https://www.sec.gov/Archives/edgar/data/790715/000095000597000478/0000950005-97-000478-index.html,https://www.sec.gov/Archives/edgar/data/790715/0000950005-97-000478.txt,1620597920,18:05:20,20210509
90,1996-10-31,SIGM,USD,1996-12-06 00:00:00,1996-12-06 00:00:00,Q3,12700000.0,8100000.0,4600000.0,0.36220472440944884,1200000.0,2200000.0,0.0,0.0,3500000.0,11600000.0,0.0,100000.0,1200000.0,0.09448818897637795,1100000.0,0.08661417322834646,0.0,0.0,0.0,0.0,1100000.0,0.08661417322834646,0.09,0.09,12222222.0,12222222.0,https://www.sec.gov/Archives/edgar/data/790715/000079071596000008/0000790715-96-000008-index.html,https://www.sec.gov/Archives/edgar/data/790715/0000790715-96-000008.txt,1620597920,18:05:20,20210509
91,1996-07-31,SIGM,USD,1996-08-27 00:00:00,1996-08-27 00:00:00,Q2,10100000.0,6300000.0,3800000.0,0.37623762376237624,1100000.0,2300000.0,0.0,0.0,3600000.0,9900000.0,0.0,200000.0,400000.0,0.039603960396039604,200000.0,0.019801980198019802,0.0,0.0,0.0,0.0,300000.0,0.0297029702970297,0.03,0.03,10000000.0,10000000.0,https://www.sec.gov/Archives/edgar/data/790715/000079071596000004/0000790715-96-000004-index.html,https://www.sec.gov/Archives/edgar/data/790715/0000790715-96-000004.txt,1620597920,18:05:20,20210509
92,1996-04-30,SIGM,USD,1996-06-14 00:00:00,1996-06-14 00:00:00,Q1,8700000.0,5700000.0,3000000.0,0.3448275862068966,900000.0,1800000.0,0.0,0.0,2800000.0,8500000.0,0.0,100000.0,300000.0,0.034482758620689655,200000.0,0.022988505747126436,0.0,0.0,0.0,0.0,400000.0,0.04597701149425287,0.04,0.04,10000000.0,10000000.0,https://www.sec.gov/Archives/edgar/data/790715/000079071596000002/0000790715-96-000002-index.html,https://www.sec.gov/Archives/edgar/data/790715/0000790715-96-000002.txt,1620597920,18:05:20,20210509
93,1996-01-31,SIGM,USD,1996-01-31,1996-01-31,Q4,7300000.0,4200000.0,3100000.0,0.4246575342465753,800000.0,1800000.0,0.0,0.0,3400000.0,7600000.0,0.0,800000.0,500000.0,0.0684931506849315,-300000.0,-0.0410958904109589,800000.0,0.0,0.0,0.0,0.0,0.0,0.0,0.0,10000000.0,10000000.0,,,1620597920,18:05:20,20210509
94,1995-10-31,SIGM,USD,1995-12-13 00:00:00,1995-12-13 00:00:00,Q3,6200000.0,4100000.0,2100000.0,0.3387096774193548,1000000.0,2300000.0,0.0,0.0,3400000.0,7500000.0,0.0,100000.0,-1200000.0,-0.1935483870967742,-1300000.0,-0.20967741935483872,0.0,0.0,0.0,0.0,-1200000.0,-0.1935483870967742,-0.17,-0.17,7058824.0,7058824.0,https://www.sec.gov/Archives/edgar/data/790715/000079071595000005/0000790715-95-000005-index.html,https://www.sec.gov/Archives/edgar/data/790715/0000790715-95-000005.txt,1620597920,18:05:20,20210509
95,1995-07-31,SIGM,USD,1995-09-14 00:00:00,1995-09-14 00:00:00,Q2,4900000.0,7300000.0,-2400000.0,-0.4897959183673469,1000000.0,3200000.0,0.0,0.0,4400000.0,11700000.0,0.0,200000.0,-6600000.0,-1.346938775510204,-6800000.0,-1.3877551020408163,900000.0,0.0,0.0,0.0,-6000000.0,-1.2244897959183674,-0.79,-0.79,7594937.0,7594937.0,https://www.sec.gov/Archives/edgar/data/790715/000079071595000004/0000790715-95-000004-index.html,https://www.sec.gov/Archives/edgar/data/790715/0000790715-95-000004.txt,1620597920,18:05:20,20210509
