,date,symbol,reportedCurrency,fillingDate,acceptedDate,period,revenue,costOfRevenue,grossProfit,grossProfitRatio,researchAndDevelopmentExpenses,generalAndAdministrativeExpenses,sellingAndMarketingExpenses,otherExpenses,operatingExpenses,costAndExpenses,interestExpense,depreciationAndAmortization,ebitda,ebitdaratio,operatingIncome,operatingIncomeRatio,totalOtherIncomeExpensesNet,incomeBeforeTax,incomeBeforeTaxRatio,incomeTaxExpense,netIncome,netIncomeRatio,eps,epsdiluted,weightedAverageShsOut,weightedAverageShsOutDil,link,finalLink,timestamp,est_time,est_date
0,2020-12-31,REPCOHOME.NS,INR,2020-12-31,2020-12-31,Q4,1573800000,0.0,0.0,0.0,0.0,0.0,0.0,0.0,291500000,0.0,2023700000,26900000.0,0.0,0.0,0.0,0.6739102808489007,0.0,1060600000,0.6739102808489007,264600000,821400000,0.5219214639725506,13.13,13.13,62559025,62559025,https://www.nseindia.com/companies-listing/corporate-filings-annual-reports,https://www.nseindia.com/companies-listing/corporate-filings-annual-reports,1620597194,17:53:14,20210509
1,2020-09-30,REPCOHOME.NS,INR,2020-09-30,2020-09-30,Q3,1412200000,0.0,0.0,0.0,0.0,0.0,0.0,0.0,257000000,0.0,2090000000,34400000.0,0.0,0.0,0.0,0.766959354199122,0.0,1083100000,0.766959354199122,275100000,835700000,0.5917717037246849,13.36,13.36,62552395,62552395,https://www.nseindia.com/companies-listing/corporate-filings-annual-reports,https://www.nseindia.com/companies-listing/corporate-filings-annual-reports,1620597194,17:53:14,20210509
2,2020-06-30,REPCOHOME.NS,INR,2020-06-30,2020-06-30,Q2,1315200000,0.0,0.0,0.0,0.0,0.0,0.0,0.0,235200000,0.0,2104000000,35200000.0,0.0,0.0,0.0,0.6528284671532847,0.0,858600000,0.6528284671532847,218600000,695000000,0.5284367396593674,11.11,11.11,62556256,62556256,https://www.nseindia.com/companies-listing/corporate-filings-annual-reports,https://www.nseindia.com/companies-listing/corporate-filings-annual-reports,1620597194,17:53:14,20210509
3,2020-03-31,REPCOHOME.NS,INR,2020-03-31,2020-03-31,Q1,1399100000,0.0,0.0,0.0,0.0,0.0,0.0,0.0,306700000,0.0,2061800000,32500000.0,0.0,0.0,0.0,0.49281681080694734,0.0,689500000,0.49281681080694734,212500000,559000000,0.3995425630762633,8.93650834632311,8.93650834632311,62552395,62552395,https://www.nseindia.com/companies-listing/corporate-filings-annual-reports,https://www.nseindia.com/companies-listing/corporate-filings-annual-reports,1620597194,17:53:14,20210509
4,2019-12-31,REPCOHOME.NS,INR,2019-12-31,2019-12-31,Q4,1322400000,0.0,0.0,0.0,0.0,0.0,0.0,0.0,274200000,0.0,2087800000,35000000.0,0.0,0.0,0.0,0.7054597701149425,0.0,932900000,0.7054597701149425,235900000,698700000,0.5283575317604355,11.17,11.17,62551477,62551477,https://www.nseindia.com/companies-listing/corporate-filings-annual-reports,https://www.nseindia.com/companies-listing/corporate-filings-annual-reports,1620597194,17:53:14,20210509
5,2019-09-30,REPCOHOME.NS,INR,2019-09-30,2019-09-30,Q3,1270100000,0.0,0.0,0.0,0.0,0.0,0.0,0.0,249100000,0.0,2085200000,31800000.0,0.0,0.0,0.0,0.8027714353200536,0.0,1019600000,0.8027714353200536,13600000,1049300000,0.8261554208330053,16.77,16.77,62570066,62570066,https://www.nseindia.com/companies-listing/corporate-filings-annual-reports,https://www.nseindia.com/companies-listing/corporate-filings-annual-reports,1620597194,17:53:14,20210509
6,2019-06-30,REPCOHOME.NS,INR,2019-06-30,2019-06-30,Q2,1269500000,0.0,0.0,0.0,0.0,0.0,0.0,0.0,235000000,0.0,2014900000,30000000.0,0.0,0.0,0.0,0.756124458448208,0.0,959900000,0.756124458448208,336400000,674400000,0.5312327688066167,10.78,10.78,62560297,62560297,https://www.nseindia.com/companies-listing/corporate-filings-annual-reports,https://www.nseindia.com/companies-listing/corporate-filings-annual-reports,1620597194,17:53:14,20210509
7,2019-03-31,REPCOHOME.NS,INR,2019-03-31,2019-03-31,Q1,1166200000,0.0,0.0,0.0,0.0,0.0,0.0,0.0,276800000,0.0,1913500000,13100000.0,0.0,0.0,0.0,0.7841708111816155,0.0,914500000,0.7841708111816155,399300000,544500000,0.4669010461327388,8.704702673654621,8.704702673654621,62552395,62552395,https://www.nseindia.com/companies-listing/corporate-filings-annual-reports,https://www.nseindia.com/companies-listing/corporate-filings-annual-reports,1620597194,17:53:14,20210509
8,2018-12-31,REPCOHOME.NS,INR,2018-12-31,2018-12-31,Q4,1191700000,0.0,0.0,0.0,0.0,0.0,0.0,0.0,252800000,0.0,1847500000,12100000.0,0.0,0.0,0.0,0.6352269866577158,0.0,757000000,0.6352269866577158,200600000,594100000,0.49853150960812287,9.5,9.5,62536842,62536842,https://www.nseindia.com/companies-listing/corporate-filings-annual-reports,https://www.nseindia.com/companies-listing/corporate-filings-annual-reports,1620597194,17:53:14,20210509
9,2018-09-30,REPCOHOME.NS,INR,2018-09-30,2018-09-30,Q3,1205100000,0.0,0.0,0.0,0.0,0.0,0.0,0.0,235600000,0.0,1754900000,14700000.0,0.0,0.0,0.0,0.833125881669571,0.0,1004000000,0.833125881669571,338200000,703500000,0.5837689818272342,11.3,11.3,62256637,62256637,https://www.nseindia.com/companies-listing/corporate-filings-annual-reports,https://www.nseindia.com/companies-listing/corporate-filings-annual-reports,1620597194,17:53:14,20210509
10,2018-06-30,REPCOHOME.NS,INR,2018-06-30,2018-06-30,Q2,1188300000,0.0,0.0,0.0,0.0,0.0,0.0,0.0,219000000,0.0,1683600000,10400000.0,0.0,0.0,0.0,0.7764874190019355,0.0,922700000,0.7764874190019355,313700000,648500000,0.5457376083480603,10.37,10.37,62536162,62536162,https://www.nseindia.com/companies-listing/corporate-filings-annual-reports,https://www.nseindia.com/companies-listing/corporate-filings-annual-reports,1620597194,17:53:14,20210509
11,2016-03-31,REPCOHOME.NS,INR,2016-03-31,2016-03-31,Q1,947766999,0.0,0.0,0.0,0.0,0.0,0.0,0.0,158502656,0.0,1450713855,3999994.0,0.0,0.0,0.0,0.6858096564723288,0.0,649987760,0.6858096564723288,227761870,461985645,0.48744643513378966,7.385578841545556,7.385578841545556,62552395,62552395,https://www.nseindia.com/companies-listing/corporate-filings-annual-reports,https://www.nseindia.com/companies-listing/corporate-filings-annual-reports,1620597194,17:53:14,20210509
12,2015-12-31,REPCOHOME.NS,INR,2015-12-31,2015-12-31,Q4,843200000,0.0,0.0,0.0,0.0,0.0,0.0,0.0,160400000,0.0,1411400000,9000000.0,0.0,0.0,0.0,0.7003083491461101,0.0,590500000,0.7003083491461101,204700000,385800000,0.4575426944971537,6.18,6.17,62427184,62528363,https://www.nseindia.com/companies-listing/corporate-filings-annual-reports,https://www.nseindia.com/companies-listing/corporate-filings-annual-reports,1620597194,17:53:14,20210509
13,2015-09-30,REPCOHOME.NS,INR,2015-09-30,2015-09-30,Q3,819700000,0.0,0.0,0.0,0.0,0.0,0.0,0.0,175300000,0.0,1344200000,9800000.0,0.0,0.0,0.0,0.7286812248383555,0.0,597300000,0.7286812248383555,206800000,390500000,0.47639380261071124,6.26,6.24,62380192,62580128,https://www.nseindia.com/companies-listing/corporate-filings-annual-reports,https://www.nseindia.com/companies-listing/corporate-filings-annual-reports,1620597194,17:53:14,20210509
14,2015-06-30,REPCOHOME.NS,INR,2015-06-30,2015-06-30,Q2,729900000,0.0,0.0,0.0,0.0,0.0,0.0,0.0,154100000,0.0,1271100000,10400000.0,0.0,0.0,0.0,0.6343334703384025,0.0,463000000,0.6343334703384025,160700000,302300000,0.4141663241539937,4.85,4.83,62329897,62587992,https://www.nseindia.com/companies-listing/corporate-filings-annual-reports,https://www.nseindia.com/companies-listing/corporate-filings-annual-reports,1620597194,17:53:14,20210509
15,2015-03-31,REPCOHOME.NS,INR,2015-03-31,2015-03-31,Q1,753692305,0.0,0.0,0.0,0.0,0.0,0.0,0.0,171719889,0.0,1160814006,7240656.0,0.0,0.0,0.0,0.6899816099356355,0.0,520033830,0.6899816099356355,171932059,348101771,0.46186191459126014,5.564963116120494,5.564963116120494,62552395,62552395,https://www.nseindia.com/companies-listing/corporate-filings-annual-reports,https://www.nseindia.com/companies-listing/corporate-filings-annual-reports,1620597194,17:53:14,20210509
16,2014-12-31,REPCOHOME.NS,INR,2014-12-31,2014-12-31,Q4,636900000,0.0,0.0,0.0,0.0,0.0,0.0,0.0,141900000,0.0,1120200000,7300000.0,0.0,0.0,0.0,0.7359083058564924,0.0,468700000,0.7359083058564924,161300000,307400000,0.4826503375726174,4.94,4.92,62226721,62479675,https://www.nseindia.com/companies-listing/corporate-filings-annual-reports,https://www.nseindia.com/companies-listing/corporate-filings-annual-reports,1620597194,17:53:14,20210509
17,2014-09-30,REPCOHOME.NS,INR,2014-09-30,2014-09-30,Q3,643400000,0.0,0.0,0.0,0.0,0.0,0.0,0.0,128100000,0.0,1053800000,7100000.0,0.0,0.0,0.0,0.7746347528753497,0.0,498400000,0.7746347528753497,171200000,327200000,0.5085483369599005,5.26,5.24,62205323,62442748,https://www.nseindia.com/companies-listing/corporate-filings-annual-reports,https://www.nseindia.com/companies-listing/corporate-filings-annual-reports,1620597194,17:53:14,20210509
18,2014-06-30,REPCOHOME.NS,INR,2014-06-30,2014-06-30,Q2,585100000,0.0,0.0,0.0,0.0,0.0,0.0,0.0,112500000,0.0,976000000,5400000.0,0.0,0.0,0.0,0.6402324388993335,0.0,374600000,0.6402324388993335,126500000,248100000,0.42403008032814904,3.99,3.98,62180451,62336683,https://www.nseindia.com/companies-listing/corporate-filings-annual-reports,https://www.nseindia.com/companies-listing/corporate-filings-annual-reports,1620597194,17:53:14,20210509
19,2014-03-31,REPCOHOME.NS,INR,2014-03-31,2014-03-31,Q1,593911815,0.0,0.0,0.0,0.0,0.0,0.0,0.0,124751276,0.0,904481420,5982427.0,0.0,0.0,0.0,0.7219990445887998,0.0,428803763,0.7219990445887998,113889340,314914423,0.5302376801512191,5.034410321139582,5.034410321139582,62552395,62552395,https://www.nseindia.com/companies-listing/corporate-filings-annual-reports,https://www.nseindia.com/companies-listing/corporate-filings-annual-reports,1620597194,17:53:14,20210509
20,2013-12-31,REPCOHOME.NS,INR,2013-12-31,2013-12-31,Q4,513600000,0.0,0.0,0.0,0.0,0.0,0.0,0.0,110400000,0.0,849100000,7300000.0,0.0,0.0,0.0,0.7169003115264797,0.0,368200000,0.7169003115264797,96800000,271400000,0.5284267912772586,4.37,4.35,62105263,62390805,https://www.nseindia.com/companies-listing/corporate-filings-annual-reports,https://www.nseindia.com/companies-listing/corporate-filings-annual-reports,1620597194,17:53:14,20210509
21,2013-09-30,REPCOHOME.NS,INR,2013-09-30,2013-09-30,Q3,528800000,0.0,0.0,0.0,0.0,0.0,0.0,0.0,79300000,0.0,770800000,5800000.0,0.0,0.0,0.0,0.75,0.0,396600000,0.75,105000000,291600000,0.5514372163388804,4.69,4.69,62174840,62174840,https://www.nseindia.com/companies-listing/corporate-filings-annual-reports,https://www.nseindia.com/companies-listing/corporate-filings-annual-reports,1620597194,17:53:14,20210509
22,2013-06-30,REPCOHOME.NS,INR,2013-06-30,2013-06-30,Q2,473100000,0.0,0.0,0.0,0.0,0.0,0.0,0.0,77600000,0.0,719000000,4500000.0,0.0,0.0,0.0,0.6292538575354047,0.0,297700000,0.6292538575354047,74600000,223100000,0.471570492496301,3.59,3.59,62144847,62144847,https://www.nseindia.com/companies-listing/corporate-filings-annual-reports,https://www.nseindia.com/companies-listing/corporate-filings-annual-reports,1620597194,17:53:14,20210509
23,2013-03-31,REPCOHOME.NS,INR,2013-03-31,2013-03-31,Q1,442047636,0.0,0.0,0.0,0.0,0.0,0.0,0.0,89486391,0.0,697906512,5383877.0,0.0,0.0,0.0,0.8353394904254166,0.0,369259847,0.8353394904254166,92292982,276966865,0.6265543404014494,4.427757961945342,4.427757961945342,62552395,62552395,https://www.nseindia.com/companies-listing/corporate-filings-annual-reports,https://www.nseindia.com/companies-listing/corporate-filings-annual-reports,1620597194,17:53:14,20210509
24,2012-12-31,REPCOHOME.NS,INR,2012-12-31,2012-12-31,Q4,328800000,0.0,0.0,0.0,0.0,0.0,0.0,0.0,58100000,0.0,702300000,2800000.0,0.0,0.0,0.0,0.6724452554744526,0.0,221100000,0.6724452554744526,54100000,167000000,0.5079075425790754,3.6,3.6,46388889,46388889,https://www.nseindia.com/companies-listing/corporate-filings-annual-reports,https://www.nseindia.com/companies-listing/corporate-filings-annual-reports,1620597194,17:53:14,20210509
25,2012-09-30,REPCOHOME.NS,INR,2012-09-30,2012-09-30,Q3,344400000,0.0,0.0,0.0,0.0,0.0,0.0,0.0,50500000,0.0,647800000,3400000.0,0.0,0.0,0.0,0.860917537746806,0.0,296500000,0.860917537746806,82300000,214200000,0.6219512195121951,4.61,4.61,46464208,46464208,https://www.nseindia.com/companies-listing/corporate-filings-annual-reports,https://www.nseindia.com/companies-listing/corporate-filings-annual-reports,1620597194,17:53:14,20210509
26,2012-06-30,REPCOHOME.NS,INR,2012-06-30,2012-06-30,Q2,290000000,0.0,0.0,0.0,0.0,0.0,0.0,0.0,47200000,0.0,606200000,2800000.0,0.0,0.0,0.0,0.6244827586206897,0.0,181100000,0.6244827586206897,39200000,141900000,0.48931034482758623,3.06,3.06,46372549,46372549,https://www.nseindia.com/companies-listing/corporate-filings-annual-reports,https://www.nseindia.com/companies-listing/corporate-filings-annual-reports,1620597194,17:53:14,20210509
