,date,symbol,reportedCurrency,fillingDate,acceptedDate,period,revenue,costOfRevenue,grossProfit,grossProfitRatio,researchAndDevelopmentExpenses,generalAndAdministrativeExpenses,sellingAndMarketingExpenses,otherExpenses,operatingExpenses,costAndExpenses,interestExpense,depreciationAndAmortization,ebitda,ebitdaratio,operatingIncome,operatingIncomeRatio,totalOtherIncomeExpensesNet,incomeBeforeTax,incomeBeforeTaxRatio,incomeTaxExpense,netIncome,netIncomeRatio,eps,epsdiluted,weightedAverageShsOut,weightedAverageShsOutDil,link,finalLink,timestamp,est_time,est_date
0,2020-09-30,CDFF.L,GBP,2020-09-30,2020-09-30,Q3,162500.0,28750.0,133750.0,0.823076923076923,0.0,124250.0,0.0,0.0,0.0,18250.0,0.0,0.0,124500.0,1.3052208835341366,144250.0,0.8876923076923077,0.0,489750.0,3.013846153846154,37000.0,452750.0,2.786153846153846,0.362990739025894,0.362990739025894,1247277.0,1247277.0,https://find-and-update.company-information.service.gov.uk/search/companies?q=Cardiff+Property+PLC,https://find-and-update.company-information.service.gov.uk/search/companies?q=Cardiff+Property+PLC,1620590067,15:54:27,20210509
1,2020-06-30,CDFF.L,GBP,2020-06-30,2020-06-30,Q2,162500.0,28750.0,133750.0,0.823076923076923,0.0,124250.0,0.0,0.0,0.0,18250.0,0.0,0.0,124500.0,1.3052208835341366,144250.0,0.8876923076923077,0.0,489750.0,3.013846153846154,37000.0,452750.0,2.786153846153846,0.362990739025894,0.362990739025894,1247277.0,1247277.0,https://find-and-update.company-information.service.gov.uk/search/companies?q=Cardiff+Property+PLC,https://find-and-update.company-information.service.gov.uk/search/companies?q=Cardiff+Property+PLC,1620590067,15:54:27,20210509
2,2020-03-31,CDFF.L,GBP,2020-03-31,2020-03-31,Q1,162500.0,28750.0,133750.0,0.823076923076923,0.0,124250.0,0.0,0.0,0.0,18250.0,0.0,0.0,124500.0,1.3052208835341366,144250.0,0.8876923076923077,0.0,489750.0,3.013846153846154,37000.0,452750.0,2.786153846153846,0.362990739025894,0.362990739025894,1247277.0,1247277.0,https://find-and-update.company-information.service.gov.uk/search/companies?q=Cardiff+Property+PLC,https://find-and-update.company-information.service.gov.uk/search/companies?q=Cardiff+Property+PLC,1620590067,15:54:27,20210509
3,2020-01-31,CDFF.L,GBP,2020-01-31,2020-01-31,Q1,162500.0,28750.0,133750.0,0.823076923076923,0.0,124250.0,0.0,0.0,0.0,18250.0,0.0,0.0,124500.0,1.3052208835341366,144250.0,0.8876923076923077,0.0,489750.0,3.013846153846154,37000.0,452750.0,2.786153846153846,0.362990739025894,0.362990739025894,1247277.0,1247277.0,https://find-and-update.company-information.service.gov.uk/search/companies?q=Cardiff+Property+PLC,https://find-and-update.company-information.service.gov.uk/search/companies?q=Cardiff+Property+PLC,1620590067,15:54:27,20210509
4,2019-06-30,CDFF.L,GBP,2019-06-30,2019-06-30,Q2,161750.0,17500.0,144250.0,0.8918083462132921,0.0,122000.0,0.0,0.0,0.0,6750.0,0.0,0.0,156250.0,1.0352,155000.0,0.9582689335394127,0.0,413250.0,2.554868624420402,29250.0,384000.0,2.37403400309119,0.30775,0.30775,1247277.0,1247277.0,https://find-and-update.company-information.service.gov.uk/search/companies?q=Cardiff+Property+PLC,https://find-and-update.company-information.service.gov.uk/search/companies?q=Cardiff+Property+PLC,1620590067,15:54:27,20210509
5,2019-03-31,CDFF.L,GBP,2019-03-31,2019-03-31,Q1,161750.0,17500.0,144250.0,0.8918083462132921,0.0,122000.0,0.0,0.0,0.0,6750.0,0.0,0.0,156250.0,1.0352,155000.0,0.9582689335394127,0.0,413250.0,2.554868624420402,29250.0,384000.0,2.37403400309119,0.30775,0.30775,1247277.0,1247277.0,https://find-and-update.company-information.service.gov.uk/search/companies?q=Cardiff+Property+PLC,https://find-and-update.company-information.service.gov.uk/search/companies?q=Cardiff+Property+PLC,1620590067,15:54:27,20210509
6,2019-01-31,CDFF.L,GBP,2019-01-31,2019-01-31,Q1,161750.0,17500.0,144250.0,0.8918083462132921,0.0,122000.0,0.0,0.0,0.0,6750.0,0.0,0.0,156250.0,1.0352,155000.0,0.9582689335394127,0.0,413250.0,2.554868624420402,29250.0,384000.0,2.37403400309119,0.30775,0.30775,1247277.0,1247277.0,https://find-and-update.company-information.service.gov.uk/search/companies?q=Cardiff+Property+PLC,https://find-and-update.company-information.service.gov.uk/search/companies?q=Cardiff+Property+PLC,1620590067,15:54:27,20210509
7,2018-06-30,CDFF.L,GBP,2018-06-30,2018-06-30,Q2,162500.0,7500.0,155000.0,0.9538461538461539,0.0,134000.0,0.0,0.0,0.0,-26250.0,0.0,0.0,190000.0,0.8552631578947368,188750.0,1.1615384615384616,0.0,278500.0,1.7138461538461538,25250.0,253250.0,1.5584615384615386,0.2015,0.2015,1258139.0,1258139.0,https://find-and-update.company-information.service.gov.uk/search/companies?q=Cardiff+Property+PLC,https://find-and-update.company-information.service.gov.uk/search/companies?q=Cardiff+Property+PLC,1620590067,15:54:27,20210509
8,2018-03-31,CDFF.L,GBP,2018-03-31,2018-03-31,Q1,162500.0,7500.0,155000.0,0.9538461538461539,0.0,134000.0,0.0,0.0,0.0,-26250.0,0.0,0.0,190000.0,0.8552631578947368,188750.0,1.1615384615384616,0.0,278500.0,1.7138461538461538,25250.0,253250.0,1.5584615384615386,0.2015,0.2015,1258139.0,1258139.0,https://find-and-update.company-information.service.gov.uk/search/companies?q=Cardiff+Property+PLC,https://find-and-update.company-information.service.gov.uk/search/companies?q=Cardiff+Property+PLC,1620590067,15:54:27,20210509
9,2018-01-31,CDFF.L,GBP,2018-01-31,2018-01-31,Q1,162500.0,7500.0,155000.0,0.9538461538461539,0.0,134000.0,0.0,0.0,0.0,-26250.0,0.0,0.0,190000.0,0.8552631578947368,188750.0,1.1615384615384616,0.0,278500.0,1.7138461538461538,25250.0,253250.0,1.5584615384615386,0.2015,0.2015,1258139.0,1258139.0,https://find-and-update.company-information.service.gov.uk/search/companies?q=Cardiff+Property+PLC,https://find-and-update.company-information.service.gov.uk/search/companies?q=Cardiff+Property+PLC,1620590067,15:54:27,20210509
10,2017-06-30,CDFF.L,GBP,2017-06-30,2017-06-30,Q2,138000.0,14250.0,123750.0,0.8967391304347826,0.0,127750.0,0.0,0.0,0.0,-2250.0,0.0,0.0,141500.0,0.9752650176678446,140250.0,1.016304347826087,0.0,839750.0,6.0851449275362315,35250.0,804500.0,5.829710144927536,0.63425,0.63425,1268420.0,1268420.0,https://find-and-update.company-information.service.gov.uk/search/companies?q=Cardiff+Property+PLC,https://find-and-update.company-information.service.gov.uk/search/companies?q=Cardiff+Property+PLC,1620590067,15:54:27,20210509
11,2017-03-31,CDFF.L,GBP,2017-03-31,2017-03-31,Q1,138000.0,14250.0,123750.0,0.8967391304347826,0.0,127750.0,0.0,0.0,0.0,-2250.0,0.0,0.0,141500.0,0.9752650176678446,140250.0,1.016304347826087,0.0,839750.0,6.0851449275362315,35250.0,804500.0,5.829710144927536,0.63425,0.63425,1268420.0,1268420.0,https://find-and-update.company-information.service.gov.uk/search/companies?q=Cardiff+Property+PLC,https://find-and-update.company-information.service.gov.uk/search/companies?q=Cardiff+Property+PLC,1620590067,15:54:27,20210509
12,2017-01-31,CDFF.L,GBP,2017-01-31,2017-01-31,Q1,138000.0,14250.0,123750.0,0.8967391304347826,0.0,127750.0,0.0,0.0,0.0,-2250.0,0.0,0.0,141500.0,0.9752650176678446,140250.0,1.016304347826087,0.0,839750.0,6.0851449275362315,35250.0,804500.0,5.829710144927536,0.63425,0.63425,1268420.0,1268420.0,https://find-and-update.company-information.service.gov.uk/search/companies?q=Cardiff+Property+PLC,https://find-and-update.company-information.service.gov.uk/search/companies?q=Cardiff+Property+PLC,1620590067,15:54:27,20210509
13,2016-06-30,CDFF.L,GBP,2016-06-30,2016-06-30,Q2,145000.0,11750.0,133250.0,0.9189655172413793,0.0,131500.0,0.0,0.0,0.0,25000.0,0.0,500.0,120500.0,0.8310344827586207,120000.0,0.8275862068965517,0.0,668250.0,4.608620689655172,44750.0,623500.0,4.3,0.48825,0.48825,1276736.0,1276736.0,https://find-and-update.company-information.service.gov.uk/search/companies?q=Cardiff+Property+PLC,https://find-and-update.company-information.service.gov.uk/search/companies?q=Cardiff+Property+PLC,1620590067,15:54:27,20210509
14,2016-03-31,CDFF.L,GBP,2016-03-31,2016-03-31,Q1,145000.0,11750.0,133250.0,0.9189655172413793,0.0,131500.0,0.0,0.0,0.0,25000.0,0.0,500.0,120500.0,0.8310344827586207,120000.0,0.8275862068965517,0.0,668250.0,4.608620689655172,44750.0,623500.0,4.3,0.48825,0.48825,1276736.0,1276736.0,https://find-and-update.company-information.service.gov.uk/search/companies?q=Cardiff+Property+PLC,https://find-and-update.company-information.service.gov.uk/search/companies?q=Cardiff+Property+PLC,1620590067,15:54:27,20210509
15,2016-01-31,CDFF.L,GBP,2016-01-31,2016-01-31,Q1,145000.0,11750.0,133250.0,0.9189655172413793,0.0,131500.0,0.0,0.0,0.0,25000.0,0.0,500.0,120500.0,0.8310344827586207,120000.0,0.8275862068965517,0.0,668250.0,4.608620689655172,44750.0,623500.0,4.3,0.48825,0.48825,1276736.0,1276736.0,https://find-and-update.company-information.service.gov.uk/search/companies?q=Cardiff+Property+PLC,https://find-and-update.company-information.service.gov.uk/search/companies?q=Cardiff+Property+PLC,1620590067,15:54:27,20210509
16,2015-09-30,CDFF.L,GBP,2015-09-30,2015-09-30,Q3,144250.0,7750.0,136500.0,0.9462738301559792,0.0,135000.0,0.0,0.0,0.0,41250.0,0.0,250.0,103250.0,0.7157712305025996,103000.0,0.7140381282495667,0.0,660000.0,4.575389948006932,24000.0,636000.0,4.409012131715771,0.48875,0.48875,1301461.0,1301461.0,https://find-and-update.company-information.service.gov.uk/search/companies?q=Cardiff+Property+PLC,https://find-and-update.company-information.service.gov.uk/search/companies?q=Cardiff+Property+PLC,1620590067,15:54:27,20210509
17,2015-06-30,CDFF.L,GBP,2015-06-30,2015-06-30,Q2,144250.0,7750.0,136500.0,0.9462738301559792,0.0,135000.0,0.0,0.0,0.0,41250.0,0.0,250.0,103250.0,0.7157712305025996,103000.0,0.7140381282495667,0.0,660000.0,4.575389948006932,24000.0,636000.0,4.409012131715771,0.48875,0.48875,1301461.0,1301461.0,https://find-and-update.company-information.service.gov.uk/search/companies?q=Cardiff+Property+PLC,https://find-and-update.company-information.service.gov.uk/search/companies?q=Cardiff+Property+PLC,1620590067,15:54:27,20210509
18,2015-03-31,CDFF.L,GBP,2015-03-31,2015-03-31,Q1,144250.0,7750.0,136500.0,0.9462738301559792,0.0,135000.0,0.0,0.0,0.0,41250.0,0.0,250.0,103250.0,0.7157712305025996,103000.0,0.7140381282495667,0.0,660000.0,4.575389948006932,24000.0,636000.0,4.409012131715771,0.48875,0.48875,1301461.0,1301461.0,https://find-and-update.company-information.service.gov.uk/search/companies?q=Cardiff+Property+PLC,https://find-and-update.company-information.service.gov.uk/search/companies?q=Cardiff+Property+PLC,1620590067,15:54:27,20210509
19,2015-01-31,CDFF.L,GBP,2015-01-31,2015-01-31,Q1,144250.0,7750.0,136500.0,0.9462738301559792,0.0,135000.0,0.0,0.0,0.0,41250.0,0.0,250.0,103250.0,0.7157712305025996,103000.0,0.7140381282495667,0.0,660000.0,4.575389948006932,24000.0,636000.0,4.409012131715771,0.48875,0.48875,1301461.0,1301461.0,https://find-and-update.company-information.service.gov.uk/search/companies?q=Cardiff+Property+PLC,https://find-and-update.company-information.service.gov.uk/search/companies?q=Cardiff+Property+PLC,1620590067,15:54:27,20210509
20,2014-09-30,CDFF.L,GBP,2014-09-30,2014-09-30,Q3,133500.0,16250.0,117250.0,0.8782771535580525,0.0,113000.0,0.0,0.0,0.0,39750.0,0.0,0.0,94000.0,1.4202127659574468,93750.0,0.702247191011236,0.0,804500.0,6.02621722846442,25500.0,779000.0,5.835205992509363,0.59125,0.59125,1317592.0,1317592.0,https://find-and-update.company-information.service.gov.uk/search/companies?q=Cardiff+Property+PLC,https://find-and-update.company-information.service.gov.uk/search/companies?q=Cardiff+Property+PLC,1620590067,15:54:27,20210509
21,2014-06-30,CDFF.L,GBP,2014-06-30,2014-06-30,Q2,133500.0,16250.0,117250.0,0.8782771535580525,0.0,113000.0,0.0,0.0,0.0,39750.0,0.0,0.0,94000.0,1.4202127659574468,93750.0,0.702247191011236,0.0,804500.0,6.02621722846442,25500.0,779000.0,5.835205992509363,0.59125,0.59125,1317592.0,1317592.0,https://find-and-update.company-information.service.gov.uk/search/companies?q=Cardiff+Property+PLC,https://find-and-update.company-information.service.gov.uk/search/companies?q=Cardiff+Property+PLC,1620590067,15:54:27,20210509
22,2014-03-31,CDFF.L,GBP,2014-03-31,2014-03-31,Q1,133500.0,16250.0,117250.0,0.8782771535580525,0.0,113000.0,0.0,0.0,0.0,39750.0,0.0,0.0,94000.0,1.4202127659574468,93750.0,0.702247191011236,0.0,804500.0,6.02621722846442,25500.0,779000.0,5.835205992509363,0.59125,0.59125,1317592.0,1317592.0,https://find-and-update.company-information.service.gov.uk/search/companies?q=Cardiff+Property+PLC,https://find-and-update.company-information.service.gov.uk/search/companies?q=Cardiff+Property+PLC,1620590067,15:54:27,20210509
23,2014-01-31,CDFF.L,GBP,2014-01-31,2014-01-31,Q1,133500.0,16250.0,117250.0,0.8782771535580525,0.0,113000.0,0.0,0.0,0.0,39750.0,0.0,0.0,94000.0,1.4202127659574468,93750.0,0.702247191011236,0.0,804500.0,6.02621722846442,25500.0,779000.0,5.835205992509363,0.59125,0.59125,1317592.0,1317592.0,https://find-and-update.company-information.service.gov.uk/search/companies?q=Cardiff+Property+PLC,https://find-and-update.company-information.service.gov.uk/search/companies?q=Cardiff+Property+PLC,1620590067,15:54:27,20210509
24,2013-09-30,CDFF.L,GBP,2013-09-30,2013-09-30,Q3,123250.0,31750.0,91500.0,0.742393509127789,0.0,108750.0,0.0,0.0,0.0,52750.0,0.0,250.0,70750.0,0.5740365111561866,70500.0,0.5720081135902637,0.0,329750.0,2.6754563894523327,18500.0,311250.0,2.5253549695740367,0.2355,0.2355,1322287.0,1322287.0,https://find-and-update.company-information.service.gov.uk/search/companies?q=Cardiff+Property+PLC,https://find-and-update.company-information.service.gov.uk/search/companies?q=Cardiff+Property+PLC,1620590067,15:54:27,20210509
25,2013-06-30,CDFF.L,GBP,2013-06-30,2013-06-30,Q2,123250.0,31750.0,91500.0,0.742393509127789,0.0,108750.0,0.0,0.0,0.0,52750.0,0.0,250.0,70750.0,0.5740365111561866,70500.0,0.5720081135902637,0.0,329750.0,2.6754563894523327,18500.0,311250.0,2.5253549695740367,0.2355,0.2355,1322287.0,1322287.0,https://find-and-update.company-information.service.gov.uk/search/companies?q=Cardiff+Property+PLC,https://find-and-update.company-information.service.gov.uk/search/companies?q=Cardiff+Property+PLC,1620590067,15:54:27,20210509
26,2013-03-31,CDFF.L,GBP,2013-03-31,2013-03-31,Q1,123250.0,31750.0,91500.0,0.742393509127789,0.0,108750.0,0.0,0.0,0.0,52750.0,0.0,250.0,70750.0,0.5740365111561866,70500.0,0.5720081135902637,0.0,329750.0,2.6754563894523327,18500.0,311250.0,2.5253549695740367,0.2355,0.2355,1322287.0,1322287.0,https://find-and-update.company-information.service.gov.uk/search/companies?q=Cardiff+Property+PLC,https://find-and-update.company-information.service.gov.uk/search/companies?q=Cardiff+Property+PLC,1620590067,15:54:27,20210509
27,2013-01-31,CDFF.L,GBP,2013-01-31,2013-01-31,Q1,123250.0,31750.0,91500.0,0.742393509127789,0.0,108750.0,0.0,0.0,0.0,52750.0,0.0,250.0,70750.0,0.5740365111561866,70500.0,0.5720081135902637,0.0,329750.0,2.6754563894523327,18500.0,311250.0,2.5253549695740367,0.2355,0.2355,1322287.0,1322287.0,https://find-and-update.company-information.service.gov.uk/search/companies?q=Cardiff+Property+PLC,https://find-and-update.company-information.service.gov.uk/search/companies?q=Cardiff+Property+PLC,1620590067,15:54:27,20210509
28,2012-09-30,CDFF.L,GBP,2012-09-30,2012-09-30,Q3,130750.0,20500.0,110250.0,0.8432122370936902,0.0,104750.0,0.0,0.0,5500.0,64750.0,0.0,500.0,66500.0,0.5086042065009561,66000.0,0.5047801147227533,0.0,108750.0,0.8317399617590823,21250.0,87500.0,0.6692160611854685,0.06625,0.06625,1322862.0,1322862.0,https://find-and-update.company-information.service.gov.uk/search/companies?q=Cardiff+Property+PLC,https://find-and-update.company-information.service.gov.uk/search/companies?q=Cardiff+Property+PLC,1620590067,15:54:27,20210509
29,2012-06-30,CDFF.L,GBP,2012-06-30,2012-06-30,Q2,130750.0,20500.0,110250.0,0.8432122370936902,0.0,104750.0,0.0,0.0,5500.0,64750.0,0.0,500.0,66500.0,0.5086042065009561,66000.0,0.5047801147227533,0.0,108750.0,0.8317399617590823,21250.0,87500.0,0.6692160611854685,0.06625,0.06625,1322862.0,1322862.0,https://find-and-update.company-information.service.gov.uk/search/companies?q=Cardiff+Property+PLC,https://find-and-update.company-information.service.gov.uk/search/companies?q=Cardiff+Property+PLC,1620590067,15:54:27,20210509
30,2012-03-31,CDFF.L,GBP,2012-03-31,2012-03-31,Q1,130750.0,20500.0,110250.0,0.8432122370936902,0.0,104750.0,0.0,0.0,5500.0,64750.0,0.0,500.0,66500.0,0.5086042065009561,66000.0,0.5047801147227533,0.0,108750.0,0.8317399617590823,21250.0,87500.0,0.6692160611854685,0.06625,0.06625,1322862.0,1322862.0,https://find-and-update.company-information.service.gov.uk/search/companies?q=Cardiff+Property+PLC,https://find-and-update.company-information.service.gov.uk/search/companies?q=Cardiff+Property+PLC,1620590067,15:54:27,20210509
31,2012-01-31,CDFF.L,GBP,2012-01-31,2012-01-31,Q1,130750.0,20500.0,110250.0,0.8432122370936902,0.0,104750.0,0.0,0.0,5500.0,64750.0,0.0,500.0,66500.0,0.5086042065009561,66000.0,0.5047801147227533,0.0,108750.0,0.8317399617590823,21250.0,87500.0,0.6692160611854685,0.06625,0.06625,1322862.0,1322862.0,https://find-and-update.company-information.service.gov.uk/search/companies?q=Cardiff+Property+PLC,https://find-and-update.company-information.service.gov.uk/search/companies?q=Cardiff+Property+PLC,1620590067,15:54:27,20210509
32,2011-09-30,CDFF.L,GBP,2011-09-30,2011-09-30,Q3,136500.0,23500.0,113000.0,0.8278388278388278,0.0,104000.0,0.0,-191500.0,34250.0,58250.0,0.0,500.0,78750.0,0.5769230769230769,78250.0,0.5732600732600732,0.0,197000.0,1.4432234432234432,28750.0,168250.0,1.2326007326007327,0.12575,0.12575,1339007.0,1339007.0,https://find-and-update.company-information.service.gov.uk/search/companies?q=Cardiff+Property+PLC,https://find-and-update.company-information.service.gov.uk/search/companies?q=Cardiff+Property+PLC,1620590067,15:54:27,20210509
33,2011-06-30,CDFF.L,GBP,2011-06-30,2011-06-30,Q2,136500.0,23500.0,113000.0,0.8278388278388278,0.0,104000.0,0.0,-191500.0,34250.0,58250.0,0.0,500.0,78750.0,0.5769230769230769,78250.0,0.5732600732600732,0.0,197000.0,1.4432234432234432,28750.0,168250.0,1.2326007326007327,0.12575,0.12575,1339007.0,1339007.0,https://find-and-update.company-information.service.gov.uk/search/companies?q=Cardiff+Property+PLC,https://find-and-update.company-information.service.gov.uk/search/companies?q=Cardiff+Property+PLC,1620590067,15:54:27,20210509
34,2011-03-31,CDFF.L,GBP,2011-03-31,2011-03-31,Q1,136500.0,23500.0,113000.0,0.8278388278388278,0.0,104000.0,0.0,-191500.0,34250.0,58250.0,0.0,500.0,78750.0,0.5769230769230769,78250.0,0.5732600732600732,0.0,197000.0,1.4432234432234432,28750.0,168250.0,1.2326007326007327,0.12575,0.12575,1339007.0,1339007.0,https://find-and-update.company-information.service.gov.uk/search/companies?q=Cardiff+Property+PLC,https://find-and-update.company-information.service.gov.uk/search/companies?q=Cardiff+Property+PLC,1620590067,15:54:27,20210509
35,2011-01-31,CDFF.L,GBP,2011-01-31,2011-01-31,Q1,136500.0,23500.0,113000.0,0.8278388278388278,0.0,104000.0,0.0,-191500.0,34250.0,58250.0,0.0,500.0,78750.0,0.5769230769230769,78250.0,0.5732600732600732,0.0,197000.0,1.4432234432234432,28750.0,168250.0,1.2326007326007327,0.12575,0.12575,1339007.0,1339007.0,https://find-and-update.company-information.service.gov.uk/search/companies?q=Cardiff+Property+PLC,https://find-and-update.company-information.service.gov.uk/search/companies?q=Cardiff+Property+PLC,1620590067,15:54:27,20210509
36,2010-09-30,CDFF.L,GBP,2010-09-30,2010-09-30,Q3,198250.0,30000.0,168250.0,0.8486759142496847,0.0,105000.0,0.0,321500.0,38000.0,68750.0,0.0,750.0,130250.0,0.6569987389659521,129500.0,0.6532156368221942,0.0,125000.0,0.6305170239596469,47500.0,77500.0,0.39092055485498106,0.05225,0.05225,1480826.0,1480826.0,https://find-and-update.company-information.service.gov.uk/search/companies?q=Cardiff+Property+PLC,https://find-and-update.company-information.service.gov.uk/search/companies?q=Cardiff+Property+PLC,1620590067,15:54:27,20210509
37,2010-06-30,CDFF.L,GBP,2010-06-30,2010-06-30,Q2,198250.0,30000.0,168250.0,0.8486759142496847,0.0,105000.0,0.0,321500.0,38000.0,68750.0,0.0,750.0,130250.0,0.6569987389659521,129500.0,0.6532156368221942,0.0,125000.0,0.6305170239596469,47500.0,77500.0,0.39092055485498106,0.05225,0.05225,1480826.0,1480826.0,https://find-and-update.company-information.service.gov.uk/search/companies?q=Cardiff+Property+PLC,https://find-and-update.company-information.service.gov.uk/search/companies?q=Cardiff+Property+PLC,1620590067,15:54:27,20210509
38,2010-03-31,CDFF.L,GBP,2010-03-31,2010-03-31,Q1,198250.0,30000.0,168250.0,0.8486759142496847,0.0,105000.0,0.0,321500.0,38000.0,68750.0,0.0,750.0,130250.0,0.6569987389659521,129500.0,0.6532156368221942,0.0,125000.0,0.6305170239596469,47500.0,77500.0,0.39092055485498106,0.05225,0.05225,1480826.0,1480826.0,https://find-and-update.company-information.service.gov.uk/search/companies?q=Cardiff+Property+PLC,https://find-and-update.company-information.service.gov.uk/search/companies?q=Cardiff+Property+PLC,1620590067,15:54:27,20210509
39,2010-01-31,CDFF.L,GBP,2010-01-31,2010-01-31,Q1,198250.0,30000.0,168250.0,0.8486759142496847,0.0,105000.0,0.0,321500.0,38000.0,68750.0,0.0,750.0,130250.0,0.6569987389659521,129500.0,0.6532156368221942,0.0,125000.0,0.6305170239596469,47500.0,77500.0,0.39092055485498106,0.05225,0.05225,1480826.0,1480826.0,https://find-and-update.company-information.service.gov.uk/search/companies?q=Cardiff+Property+PLC,https://find-and-update.company-information.service.gov.uk/search/companies?q=Cardiff+Property+PLC,1620590067,15:54:27,20210509
40,2009-09-30,CDFF.L,GBP,2009-09-30,2009-09-30,Q3,288250.0,74000.0,214250.0,0.7432784041630529,0.0,101500.0,0.0,511000.0,36500.0,111250.0,0.0,750.0,177750.0,0.616652211621856,177000.0,0.614050303555941,0.0,-164000.0,-0.5689505637467476,66750.0,-230750.0,-0.800520381613183,-0.14422334711918944,-0.14382691155782465,1599949.0,1604359.0,https://find-and-update.company-information.service.gov.uk/search/companies?q=Cardiff+Property+PLC,https://find-and-update.company-information.service.gov.uk/search/companies?q=Cardiff+Property+PLC,1620590067,15:54:27,20210509
41,2009-06-30,CDFF.L,GBP,2009-06-30,2009-06-30,Q2,288250.0,74000.0,214250.0,0.7432784041630529,0.0,101500.0,0.0,511000.0,36500.0,111250.0,0.0,750.0,177750.0,0.616652211621856,177000.0,0.614050303555941,0.0,-164000.0,-0.5689505637467476,66750.0,-230750.0,-0.800520381613183,-0.14422334711918944,-0.14382691155782465,1599949.0,1604359.0,https://find-and-update.company-information.service.gov.uk/search/companies?q=Cardiff+Property+PLC,https://find-and-update.company-information.service.gov.uk/search/companies?q=Cardiff+Property+PLC,1620590067,15:54:27,20210509
42,2009-03-31,CDFF.L,GBP,2009-03-31,2009-03-31,Q1,288250.0,74000.0,214250.0,0.7432784041630529,0.0,101500.0,0.0,511000.0,36500.0,111250.0,0.0,750.0,177750.0,0.616652211621856,177000.0,0.614050303555941,0.0,-164000.0,-0.5689505637467476,66750.0,-230750.0,-0.800520381613183,-0.14422334711918944,-0.14382691155782465,1599949.0,1604359.0,https://find-and-update.company-information.service.gov.uk/search/companies?q=Cardiff+Property+PLC,https://find-and-update.company-information.service.gov.uk/search/companies?q=Cardiff+Property+PLC,1620590067,15:54:27,20210509
43,2009-01-31,CDFF.L,GBP,2009-01-31,2009-01-31,Q1,288250.0,74000.0,214250.0,0.7432784041630529,0.0,101500.0,0.0,511000.0,36500.0,111250.0,0.0,750.0,177750.0,0.616652211621856,177000.0,0.614050303555941,0.0,-164000.0,-0.5689505637467476,66750.0,-230750.0,-0.800520381613183,-0.14422334711918944,-0.14382691155782465,1599949.0,1604359.0,https://find-and-update.company-information.service.gov.uk/search/companies?q=Cardiff+Property+PLC,https://find-and-update.company-information.service.gov.uk/search/companies?q=Cardiff+Property+PLC,1620590067,15:54:27,20210509
44,2008-09-30,CDFF.L,GBP,2008-09-30,2008-09-30,Q3,152250.0,23500.0,128750.0,0.8456486042692939,0.0,94750.0,0.0,573000.0,31000.0,55000.0,0.0,500.0,97750.0,0.6420361247947455,97250.0,0.638752052545156,0.0,-385250.0,-2.5303776683087027,-4000.0,-381250.0,-2.504105090311987,-0.22556515534561314,-0.22411349518883436,1690199.0,1701147.0,https://find-and-update.company-information.service.gov.uk/search/companies?q=Cardiff+Property+PLC,https://find-and-update.company-information.service.gov.uk/search/companies?q=Cardiff+Property+PLC,1620590067,15:54:27,20210509
45,2008-06-30,CDFF.L,GBP,2008-06-30,2008-06-30,Q2,152250.0,23500.0,128750.0,0.8456486042692939,0.0,94750.0,0.0,573000.0,31000.0,55000.0,0.0,500.0,97750.0,0.6420361247947455,97250.0,0.638752052545156,0.0,-385250.0,-2.5303776683087027,-4000.0,-381250.0,-2.504105090311987,-0.22556515534561314,-0.22411349518883436,1690199.0,1701147.0,https://find-and-update.company-information.service.gov.uk/search/companies?q=Cardiff+Property+PLC,https://find-and-update.company-information.service.gov.uk/search/companies?q=Cardiff+Property+PLC,1620590067,15:54:27,20210509
46,2008-03-31,CDFF.L,GBP,2008-03-31,2008-03-31,Q1,152250.0,23500.0,128750.0,0.8456486042692939,0.0,94750.0,0.0,573000.0,31000.0,55000.0,0.0,500.0,97750.0,0.6420361247947455,97250.0,0.638752052545156,0.0,-385250.0,-2.5303776683087027,-4000.0,-381250.0,-2.504105090311987,-0.22556515534561314,-0.22411349518883436,1690199.0,1701147.0,https://find-and-update.company-information.service.gov.uk/search/companies?q=Cardiff+Property+PLC,https://find-and-update.company-information.service.gov.uk/search/companies?q=Cardiff+Property+PLC,1620590067,15:54:27,20210509
47,2008-01-31,CDFF.L,GBP,2008-01-31,2008-01-31,Q1,152250.0,23500.0,128750.0,0.8456486042692939,0.0,94750.0,0.0,573000.0,31000.0,55000.0,0.0,500.0,97750.0,0.6420361247947455,97250.0,0.638752052545156,0.0,-385250.0,-2.5303776683087027,-4000.0,-381250.0,-2.504105090311987,-0.22556515534561314,-0.22411349518883436,1690199.0,1701147.0,https://find-and-update.company-information.service.gov.uk/search/companies?q=Cardiff+Property+PLC,https://find-and-update.company-information.service.gov.uk/search/companies?q=Cardiff+Property+PLC,1620590067,15:54:27,20210509
48,2007-09-30,CDFF.L,GBP,2007-09-30,2007-09-30,Q3,175000.0,43750.0,131250.0,0.75,0.0,115750.0,0.0,-328000.0,52500.0,96750.0,0.0,500.0,78750.0,0.45,78250.0,0.4471428571428571,0.0,368750.0,2.107142857142857,44500.0,324250.0,1.8528571428571428,0.18625,0.1845,1740839.0,1758653.0,https://find-and-update.company-information.service.gov.uk/search/companies?q=Cardiff+Property+PLC,https://find-and-update.company-information.service.gov.uk/search/companies?q=Cardiff+Property+PLC,1620590067,15:54:27,20210509
49,2007-06-30,CDFF.L,GBP,2007-06-30,2007-06-30,Q2,175000.0,43750.0,131250.0,0.75,0.0,115750.0,0.0,-328000.0,52500.0,96750.0,0.0,500.0,78750.0,0.45,78250.0,0.4471428571428571,0.0,368750.0,2.107142857142857,44500.0,324250.0,1.8528571428571428,0.18625,0.1845,1740839.0,1758653.0,https://find-and-update.company-information.service.gov.uk/search/companies?q=Cardiff+Property+PLC,https://find-and-update.company-information.service.gov.uk/search/companies?q=Cardiff+Property+PLC,1620590067,15:54:27,20210509
50,2007-03-31,CDFF.L,GBP,2007-03-31,2007-03-31,Q1,175000.0,43750.0,131250.0,0.75,0.0,115750.0,0.0,-328000.0,52500.0,96750.0,0.0,500.0,78750.0,0.45,78250.0,0.4471428571428571,0.0,368750.0,2.107142857142857,44500.0,324250.0,1.8528571428571428,0.18625,0.1845,1740839.0,1758653.0,https://find-and-update.company-information.service.gov.uk/search/companies?q=Cardiff+Property+PLC,https://find-and-update.company-information.service.gov.uk/search/companies?q=Cardiff+Property+PLC,1620590067,15:54:27,20210509
51,2007-01-31,CDFF.L,GBP,2007-01-31,2007-01-31,Q1,175000.0,43750.0,131250.0,0.75,0.0,115750.0,0.0,-328000.0,52500.0,96750.0,0.0,500.0,78750.0,0.45,78250.0,0.4471428571428571,0.0,368750.0,2.107142857142857,44500.0,324250.0,1.8528571428571428,0.18625,0.1845,1740839.0,1758653.0,https://find-and-update.company-information.service.gov.uk/search/companies?q=Cardiff+Property+PLC,https://find-and-update.company-information.service.gov.uk/search/companies?q=Cardiff+Property+PLC,1620590067,15:54:27,20210509
52,2006-09-30,CDFF.L,GBP,2006-09-30,2006-09-30,Q3,610500.0,366750.0,243750.0,0.39926289926289926,0.0,123250.0,0.0,-481500.0,3500.0,371000.0,0.0,750.0,240250.0,0.39352989352989354,239500.0,0.3923013923013923,0.0,637250.0,1.0438165438165439,30250.0,607000.0,0.9942669942669943,0.344,0.341,1763962.0,1780008.0,https://find-and-update.company-information.service.gov.uk/search/companies?q=Cardiff+Property+PLC,https://find-and-update.company-information.service.gov.uk/search/companies?q=Cardiff+Property+PLC,1620590067,15:54:27,20210509
53,2006-06-30,CDFF.L,GBP,2006-06-30,2006-06-30,Q2,610500.0,366750.0,243750.0,0.39926289926289926,0.0,123250.0,0.0,-481500.0,3500.0,371000.0,0.0,750.0,240250.0,0.39352989352989354,239500.0,0.3923013923013923,0.0,637250.0,1.0438165438165439,30250.0,607000.0,0.9942669942669943,0.344,0.341,1763962.0,1780008.0,https://find-and-update.company-information.service.gov.uk/search/companies?q=Cardiff+Property+PLC,https://find-and-update.company-information.service.gov.uk/search/companies?q=Cardiff+Property+PLC,1620590067,15:54:27,20210509
54,2006-03-31,CDFF.L,GBP,2006-03-31,2006-03-31,Q1,610500.0,366750.0,243750.0,0.39926289926289926,0.0,123250.0,0.0,-481500.0,3500.0,371000.0,0.0,750.0,240250.0,0.39352989352989354,239500.0,0.3923013923013923,0.0,637250.0,1.0438165438165439,30250.0,607000.0,0.9942669942669943,0.344,0.341,1763962.0,1780008.0,https://find-and-update.company-information.service.gov.uk/search/companies?q=Cardiff+Property+PLC,https://find-and-update.company-information.service.gov.uk/search/companies?q=Cardiff+Property+PLC,1620590067,15:54:27,20210509
55,2006-01-31,CDFF.L,GBP,2006-01-31,2006-01-31,Q1,610500.0,366750.0,243750.0,0.39926289926289926,0.0,123250.0,0.0,-481500.0,3500.0,371000.0,0.0,750.0,240250.0,0.39352989352989354,239500.0,0.3923013923013923,0.0,637250.0,1.0438165438165439,30250.0,607000.0,0.9942669942669943,0.344,0.341,1763962.0,1780008.0,https://find-and-update.company-information.service.gov.uk/search/companies?q=Cardiff+Property+PLC,https://find-and-update.company-information.service.gov.uk/search/companies?q=Cardiff+Property+PLC,1620590067,15:54:27,20210509
56,2005-09-30,CDFF.L,GBP,2005-09-30,2005-09-30,Q3,418000.0,180500.0,237500.0,0.5681818181818182,0.0,143250.0,0.0,-1062000.0,72000.0,253250.0,1250.0,750.0,165500.0,0.39593301435406697,164750.0,0.39413875598086123,0.0,800250.0,1.9144736842105263,-58250.0,858500.0,2.0538277511961724,0.484,0.48,1773706.0,1788396.0,https://find-and-update.company-information.service.gov.uk/search/companies?q=Cardiff+Property+PLC,https://find-and-update.company-information.service.gov.uk/search/companies?q=Cardiff+Property+PLC,1620590067,15:54:27,20210509
57,2005-06-30,CDFF.L,GBP,2005-06-30,2005-06-30,Q2,418000.0,180500.0,237500.0,0.5681818181818182,0.0,143250.0,0.0,-1062000.0,72000.0,253250.0,1250.0,750.0,165500.0,0.39593301435406697,164750.0,0.39413875598086123,0.0,800250.0,1.9144736842105263,-58250.0,858500.0,2.0538277511961724,0.484,0.48,1773706.0,1788396.0,https://find-and-update.company-information.service.gov.uk/search/companies?q=Cardiff+Property+PLC,https://find-and-update.company-information.service.gov.uk/search/companies?q=Cardiff+Property+PLC,1620590067,15:54:27,20210509
58,2005-03-31,CDFF.L,GBP,2005-03-31,2005-03-31,Q1,418000.0,180500.0,237500.0,0.5681818181818182,0.0,143250.0,0.0,-1062000.0,72000.0,253250.0,1250.0,750.0,165500.0,0.39593301435406697,164750.0,0.39413875598086123,0.0,800250.0,1.9144736842105263,-58250.0,858500.0,2.0538277511961724,0.484,0.48,1773706.0,1788396.0,https://find-and-update.company-information.service.gov.uk/search/companies?q=Cardiff+Property+PLC,https://find-and-update.company-information.service.gov.uk/search/companies?q=Cardiff+Property+PLC,1620590067,15:54:27,20210509
59,2005-01-31,CDFF.L,GBP,2005-01-31,2005-01-31,Q1,418000.0,180500.0,237500.0,0.5681818181818182,0.0,143250.0,0.0,-1062000.0,72000.0,253250.0,1250.0,750.0,165500.0,0.39593301435406697,164750.0,0.39413875598086123,0.0,800250.0,1.9144736842105263,-58250.0,858500.0,2.0538277511961724,0.484,0.48,1773706.0,1788396.0,https://find-and-update.company-information.service.gov.uk/search/companies?q=Cardiff+Property+PLC,https://find-and-update.company-information.service.gov.uk/search/companies?q=Cardiff+Property+PLC,1620590067,15:54:27,20210509
60,2004-09-30,CDFF.L,GBP,2004-09-30,2004-09-30,Q3,182750.0,23250.0,159500.0,0.8727770177838577,0.0,117750.0,0.0,-564250.0,131750.0,155500.0,38000.0,500.0,27750.0,0.1518467852257182,27250.0,0.1491108071135431,0.0,439500.0,2.404924760601915,54500.0,385000.0,2.106703146374829,0.2005,0.19675,1920304.0,1956798.0,https://find-and-update.company-information.service.gov.uk/search/companies?q=Cardiff+Property+PLC,https://find-and-update.company-information.service.gov.uk/search/companies?q=Cardiff+Property+PLC,1620590067,15:54:27,20210509
61,2004-06-30,CDFF.L,GBP,2004-06-30,2004-06-30,Q2,182750.0,23250.0,159500.0,0.8727770177838577,0.0,117750.0,0.0,-564250.0,131750.0,155500.0,38000.0,500.0,27750.0,0.1518467852257182,27250.0,0.1491108071135431,0.0,439500.0,2.404924760601915,54500.0,385000.0,2.106703146374829,0.2005,0.19675,1920304.0,1956798.0,https://find-and-update.company-information.service.gov.uk/search/companies?q=Cardiff+Property+PLC,https://find-and-update.company-information.service.gov.uk/search/companies?q=Cardiff+Property+PLC,1620590067,15:54:27,20210509
62,2004-03-31,CDFF.L,GBP,2004-03-31,2004-03-31,Q1,182750.0,23250.0,159500.0,0.8727770177838577,0.0,117750.0,0.0,-564250.0,131750.0,155500.0,38000.0,500.0,27750.0,0.1518467852257182,27250.0,0.1491108071135431,0.0,439500.0,2.404924760601915,54500.0,385000.0,2.106703146374829,0.2005,0.19675,1920304.0,1956798.0,https://find-and-update.company-information.service.gov.uk/search/companies?q=Cardiff+Property+PLC,https://find-and-update.company-information.service.gov.uk/search/companies?q=Cardiff+Property+PLC,1620590067,15:54:27,20210509
63,2004-01-31,CDFF.L,GBP,2004-01-31,2004-01-31,Q1,182750.0,23250.0,159500.0,0.8727770177838577,0.0,117750.0,0.0,-564250.0,131750.0,155500.0,38000.0,500.0,27750.0,0.1518467852257182,27250.0,0.1491108071135431,0.0,439500.0,2.404924760601915,54500.0,385000.0,2.106703146374829,0.2005,0.19675,1920304.0,1956798.0,https://find-and-update.company-information.service.gov.uk/search/companies?q=Cardiff+Property+PLC,https://find-and-update.company-information.service.gov.uk/search/companies?q=Cardiff+Property+PLC,1620590067,15:54:27,20210509
64,2003-09-30,CDFF.L,GBP,2003-09-30,2003-09-30,Q3,211000.0,46500.0,164500.0,0.7796208530805687,0.0,109500.0,0.0,-331500.0,264000.0,311000.0,34250.0,500.0,-99500.0,-0.471563981042654,-100000.0,-0.47393364928909953,0.0,419250.0,1.9869668246445498,111250.0,308000.0,1.4597156398104265,0.14825,0.14525,2076125.0,2120482.0,https://find-and-update.company-information.service.gov.uk/search/companies?q=Cardiff+Property+PLC,https://find-and-update.company-information.service.gov.uk/search/companies?q=Cardiff+Property+PLC,1620590067,15:54:27,20210509
65,2003-06-30,CDFF.L,GBP,2003-06-30,2003-06-30,Q2,211000.0,46500.0,164500.0,0.7796208530805687,0.0,109500.0,0.0,-331500.0,264000.0,311000.0,34250.0,500.0,-99500.0,-0.471563981042654,-100000.0,-0.47393364928909953,0.0,419250.0,1.9869668246445498,111250.0,308000.0,1.4597156398104265,0.14825,0.14525,2076125.0,2120482.0,https://find-and-update.company-information.service.gov.uk/search/companies?q=Cardiff+Property+PLC,https://find-and-update.company-information.service.gov.uk/search/companies?q=Cardiff+Property+PLC,1620590067,15:54:27,20210509
66,2003-03-31,CDFF.L,GBP,2003-03-31,2003-03-31,Q1,211000.0,46500.0,164500.0,0.7796208530805687,0.0,109500.0,0.0,-331500.0,264000.0,311000.0,34250.0,500.0,-99500.0,-0.471563981042654,-100000.0,-0.47393364928909953,0.0,419250.0,1.9869668246445498,111250.0,308000.0,1.4597156398104265,0.14825,0.14525,2076125.0,2120482.0,https://find-and-update.company-information.service.gov.uk/search/companies?q=Cardiff+Property+PLC,https://find-and-update.company-information.service.gov.uk/search/companies?q=Cardiff+Property+PLC,1620590067,15:54:27,20210509
67,2003-01-31,CDFF.L,GBP,2003-01-31,2003-01-31,Q1,211000.0,46500.0,164500.0,0.7796208530805687,0.0,109500.0,0.0,-331500.0,264000.0,311000.0,34250.0,500.0,-99500.0,-0.471563981042654,-100000.0,-0.47393364928909953,0.0,419250.0,1.9869668246445498,111250.0,308000.0,1.4597156398104265,0.14825,0.14525,2076125.0,2120482.0,https://find-and-update.company-information.service.gov.uk/search/companies?q=Cardiff+Property+PLC,https://find-and-update.company-information.service.gov.uk/search/companies?q=Cardiff+Property+PLC,1620590067,15:54:27,20210509
68,2002-09-30,CDFF.L,GBP,2002-09-30,2002-09-30,Q3,247500.0,13750.0,233750.0,0.9444444444444444,0.0,104000.0,0.0,-132000.0,78250.0,94250.0,39750.0,2250.0,155500.0,0.6282828282828283,153250.0,0.6191919191919192,0.0,287750.0,1.1626262626262627,100250.0,187500.0,0.7575757575757576,0.0885,0.087,2401174.0,2445512.0,https://find-and-update.company-information.service.gov.uk/search/companies?q=Cardiff+Property+PLC,https://find-and-update.company-information.service.gov.uk/search/companies?q=Cardiff+Property+PLC,1620590067,15:54:27,20210509
69,2002-06-30,CDFF.L,GBP,2002-06-30,2002-06-30,Q2,247500.0,13750.0,233750.0,0.9444444444444444,0.0,104000.0,0.0,-132000.0,78250.0,94250.0,39750.0,2250.0,155500.0,0.6282828282828283,153250.0,0.6191919191919192,0.0,287750.0,1.1626262626262627,100250.0,187500.0,0.7575757575757576,0.0885,0.087,2401174.0,2445512.0,https://find-and-update.company-information.service.gov.uk/search/companies?q=Cardiff+Property+PLC,https://find-and-update.company-information.service.gov.uk/search/companies?q=Cardiff+Property+PLC,1620590067,15:54:27,20210509
70,2002-03-31,CDFF.L,GBP,2002-03-31,2002-03-31,Q1,247500.0,13750.0,233750.0,0.9444444444444444,0.0,104000.0,0.0,-132000.0,78250.0,94250.0,39750.0,2250.0,155500.0,0.6282828282828283,153250.0,0.6191919191919192,0.0,287750.0,1.1626262626262627,100250.0,187500.0,0.7575757575757576,0.0885,0.087,2401174.0,2445512.0,https://find-and-update.company-information.service.gov.uk/search/companies?q=Cardiff+Property+PLC,https://find-and-update.company-information.service.gov.uk/search/companies?q=Cardiff+Property+PLC,1620590067,15:54:27,20210509
71,2002-01-31,CDFF.L,GBP,2002-01-31,2002-01-31,Q1,247500.0,13750.0,233750.0,0.9444444444444444,0.0,104000.0,0.0,-132000.0,78250.0,94250.0,39750.0,2250.0,155500.0,0.6282828282828283,153250.0,0.6191919191919192,0.0,287750.0,1.1626262626262627,100250.0,187500.0,0.7575757575757576,0.0885,0.087,2401174.0,2445512.0,https://find-and-update.company-information.service.gov.uk/search/companies?q=Cardiff+Property+PLC,https://find-and-update.company-information.service.gov.uk/search/companies?q=Cardiff+Property+PLC,1620590067,15:54:27,20210509
72,2001-09-30,CDFF.L,GBP,2001-09-30,2001-09-30,Q3,1250500.0,748250.0,502250.0,0.4016393442622951,0.0,0.0,0.0,45000.0,114500.0,865500.0,57250.0,2750.0,387750.0,0.3100759696121551,385000.0,0.3078768492602959,0.0,566000.0,0.4526189524190324,159500.0,406500.0,0.32506997201119553,0.14675,0.1445,2770000.0,2814000.0,https://find-and-update.company-information.service.gov.uk/search/companies?q=Cardiff+Property+PLC,https://find-and-update.company-information.service.gov.uk/search/companies?q=Cardiff+Property+PLC,1620590067,15:54:27,20210509
73,2001-06-30,CDFF.L,GBP,2001-06-30,2001-06-30,Q2,1250500.0,748250.0,502250.0,0.4016393442622951,0.0,0.0,0.0,45000.0,114500.0,865500.0,57250.0,2750.0,387750.0,0.3100759696121551,385000.0,0.3078768492602959,0.0,566000.0,0.4526189524190324,159500.0,406500.0,0.32506997201119553,0.14675,0.1445,2770000.0,2814000.0,https://find-and-update.company-information.service.gov.uk/search/companies?q=Cardiff+Property+PLC,https://find-and-update.company-information.service.gov.uk/search/companies?q=Cardiff+Property+PLC,1620590067,15:54:27,20210509
74,2001-03-31,CDFF.L,GBP,2001-03-31,2001-03-31,Q1,1250500.0,748250.0,502250.0,0.4016393442622951,0.0,0.0,0.0,45000.0,114500.0,865500.0,57250.0,2750.0,387750.0,0.3100759696121551,385000.0,0.3078768492602959,0.0,566000.0,0.4526189524190324,159500.0,406500.0,0.32506997201119553,0.14675,0.1445,2770000.0,2814000.0,https://find-and-update.company-information.service.gov.uk/search/companies?q=Cardiff+Property+PLC,https://find-and-update.company-information.service.gov.uk/search/companies?q=Cardiff+Property+PLC,1620590067,15:54:27,20210509
75,2001-01-31,CDFF.L,GBP,2001-01-31,2001-01-31,Q1,1250500.0,748250.0,502250.0,0.4016393442622951,0.0,0.0,0.0,45000.0,114500.0,865500.0,57250.0,2750.0,387750.0,0.3100759696121551,385000.0,0.3078768492602959,0.0,566000.0,0.4526189524190324,159500.0,406500.0,0.32506997201119553,0.14675,0.1445,2770000.0,2814000.0,https://find-and-update.company-information.service.gov.uk/search/companies?q=Cardiff+Property+PLC,https://find-and-update.company-information.service.gov.uk/search/companies?q=Cardiff+Property+PLC,1620590067,15:54:27,20210509
76,2000-09-30,CDFF.L,GBP,2000-09-30,2000-09-30,Q3,1806750.0,1089250.0,717500.0,0.39712190397121905,0.0,0.0,0.0,-12500.0,70500.0,1163000.0,60500.0,3250.0,647000.0,0.35810156358101564,643750.0,0.35630275356302754,0.0,639750.0,0.3540888335408883,0.0,639750.0,0.3540888335408883,0.22675,0.224,2822000.0,2857000.0,https://find-and-update.company-information.service.gov.uk/search/companies?q=Cardiff+Property+PLC,https://find-and-update.company-information.service.gov.uk/search/companies?q=Cardiff+Property+PLC,1620590067,15:54:27,20210509
77,2000-06-30,CDFF.L,GBP,2000-06-30,2000-06-30,Q2,1806750.0,1089250.0,717500.0,0.39712190397121905,0.0,0.0,0.0,-12500.0,70500.0,1163000.0,60500.0,3250.0,647000.0,0.35810156358101564,643750.0,0.35630275356302754,0.0,639750.0,0.3540888335408883,0.0,639750.0,0.3540888335408883,0.22675,0.224,2822000.0,2857000.0,https://find-and-update.company-information.service.gov.uk/search/companies?q=Cardiff+Property+PLC,https://find-and-update.company-information.service.gov.uk/search/companies?q=Cardiff+Property+PLC,1620590067,15:54:27,20210509
78,2000-03-31,CDFF.L,GBP,2000-03-31,2000-03-31,Q1,1806750.0,1089250.0,717500.0,0.39712190397121905,0.0,0.0,0.0,-12500.0,70500.0,1163000.0,60500.0,3250.0,647000.0,0.35810156358101564,643750.0,0.35630275356302754,0.0,639750.0,0.3540888335408883,0.0,639750.0,0.3540888335408883,0.22675,0.224,2822000.0,2857000.0,https://find-and-update.company-information.service.gov.uk/search/companies?q=Cardiff+Property+PLC,https://find-and-update.company-information.service.gov.uk/search/companies?q=Cardiff+Property+PLC,1620590067,15:54:27,20210509
79,2000-01-31,CDFF.L,GBP,2000-01-31,2000-01-31,Q1,1806750.0,1089250.0,717500.0,0.39712190397121905,0.0,0.0,0.0,-12500.0,70500.0,1163000.0,60500.0,3250.0,647000.0,0.35810156358101564,643750.0,0.35630275356302754,0.0,639750.0,0.3540888335408883,0.0,639750.0,0.3540888335408883,0.22675,0.224,2822000.0,2857000.0,https://find-and-update.company-information.service.gov.uk/search/companies?q=Cardiff+Property+PLC,https://find-and-update.company-information.service.gov.uk/search/companies?q=Cardiff+Property+PLC,1620590067,15:54:27,20210509
80,1999-09-30,CDFF.L,GBP,1999-09-30,1999-09-30,Q3,661000.0,277250.0,383750.0,0.5805597579425114,0.0,0.0,0.0,104750.0,202250.0,482500.0,74250.0,3000.0,181500.0,0.2745839636913767,178500.0,0.2700453857791225,0.0,422250.0,0.6388048411497731,3250.0,419000.0,0.6338880484114977,0.13325,0.1325,3143000.0,3164000.0,https://find-and-update.company-information.service.gov.uk/search/companies?q=Cardiff+Property+PLC,https://find-and-update.company-information.service.gov.uk/search/companies?q=Cardiff+Property+PLC,1620590067,15:54:27,20210509
81,1999-06-30,CDFF.L,GBP,1999-06-30,1999-06-30,Q2,661000.0,277250.0,383750.0,0.5805597579425114,0.0,0.0,0.0,104750.0,202250.0,482500.0,74250.0,3000.0,181500.0,0.2745839636913767,178500.0,0.2700453857791225,0.0,422250.0,0.6388048411497731,3250.0,419000.0,0.6338880484114977,0.13325,0.1325,3143000.0,3164000.0,https://find-and-update.company-information.service.gov.uk/search/companies?q=Cardiff+Property+PLC,https://find-and-update.company-information.service.gov.uk/search/companies?q=Cardiff+Property+PLC,1620590067,15:54:27,20210509
82,1999-03-31,CDFF.L,GBP,1999-03-31,1999-03-31,Q1,661000.0,277250.0,383750.0,0.5805597579425114,0.0,0.0,0.0,104750.0,202250.0,482500.0,74250.0,3000.0,181500.0,0.2745839636913767,178500.0,0.2700453857791225,0.0,422250.0,0.6388048411497731,3250.0,419000.0,0.6338880484114977,0.13325,0.1325,3143000.0,3164000.0,https://find-and-update.company-information.service.gov.uk/search/companies?q=Cardiff+Property+PLC,https://find-and-update.company-information.service.gov.uk/search/companies?q=Cardiff+Property+PLC,1620590067,15:54:27,20210509
83,1999-01-31,CDFF.L,GBP,1999-01-31,1999-01-31,Q1,661000.0,277250.0,383750.0,0.5805597579425114,0.0,0.0,0.0,104750.0,202250.0,482500.0,74250.0,3000.0,181500.0,0.2745839636913767,178500.0,0.2700453857791225,0.0,422250.0,0.6388048411497731,3250.0,419000.0,0.6338880484114977,0.13325,0.1325,3143000.0,3164000.0,https://find-and-update.company-information.service.gov.uk/search/companies?q=Cardiff+Property+PLC,https://find-and-update.company-information.service.gov.uk/search/companies?q=Cardiff+Property+PLC,1620590067,15:54:27,20210509
84,1998-09-30,CDFF.L,GBP,1998-09-30,1998-09-30,Q3,210250.0,28750.0,181500.0,0.8632580261593341,0.0,0.0,0.0,-21250.0,46250.0,78250.0,104750.0,3250.0,135250.0,0.643281807372176,132000.0,0.6278240190249703,0.0,124500.0,0.5921521997621879,2250.0,122250.0,0.5814506539833532,0.03675,0.03675,3318000.0,3318000.0,https://find-and-update.company-information.service.gov.uk/search/companies?q=Cardiff+Property+PLC,https://find-and-update.company-information.service.gov.uk/search/companies?q=Cardiff+Property+PLC,1620590067,15:54:27,20210509
85,1998-06-30,CDFF.L,GBP,1998-06-30,1998-06-30,Q2,210250.0,28750.0,181500.0,0.8632580261593341,0.0,0.0,0.0,-21250.0,46250.0,78250.0,104750.0,3250.0,135250.0,0.643281807372176,132000.0,0.6278240190249703,0.0,124500.0,0.5921521997621879,2250.0,122250.0,0.5814506539833532,0.03675,0.03675,3318000.0,3318000.0,https://find-and-update.company-information.service.gov.uk/search/companies?q=Cardiff+Property+PLC,https://find-and-update.company-information.service.gov.uk/search/companies?q=Cardiff+Property+PLC,1620590067,15:54:27,20210509
86,1998-03-31,CDFF.L,GBP,1998-03-31,1998-03-31,Q1,210250.0,28750.0,181500.0,0.8632580261593341,0.0,0.0,0.0,-21250.0,46250.0,78250.0,104750.0,3250.0,135250.0,0.643281807372176,132000.0,0.6278240190249703,0.0,124500.0,0.5921521997621879,2250.0,122250.0,0.5814506539833532,0.03675,0.03675,3318000.0,3318000.0,https://find-and-update.company-information.service.gov.uk/search/companies?q=Cardiff+Property+PLC,https://find-and-update.company-information.service.gov.uk/search/companies?q=Cardiff+Property+PLC,1620590067,15:54:27,20210509
87,1998-01-31,CDFF.L,GBP,1998-01-31,1998-01-31,Q1,210250.0,28750.0,181500.0,0.8632580261593341,0.0,0.0,0.0,-21250.0,46250.0,78250.0,104750.0,3250.0,135250.0,0.643281807372176,132000.0,0.6278240190249703,0.0,124500.0,0.5921521997621879,2250.0,122250.0,0.5814506539833532,0.03675,0.03675,3318000.0,3318000.0,https://find-and-update.company-information.service.gov.uk/search/companies?q=Cardiff+Property+PLC,https://find-and-update.company-information.service.gov.uk/search/companies?q=Cardiff+Property+PLC,1620590067,15:54:27,20210509
88,1997-09-30,CDFF.L,GBP,1997-09-30,1997-09-30,Q3,731000.0,0.0,0.0,0.0,0.0,0.0,0.0,0.0,554250.0,558000.0,79000.0,3750.0,176750.0,0.2417920656634747,173000.0,0.23666210670314639,0.0,118500.0,0.16210670314637482,5250.0,113250.0,0.15492476060191518,0.03425,0.03425,3318000.0,3318000.0,https://find-and-update.company-information.service.gov.uk/search/companies?q=Cardiff+Property+PLC,https://find-and-update.company-information.service.gov.uk/search/companies?q=Cardiff+Property+PLC,1620590067,15:54:27,20210509
89,1997-06-30,CDFF.L,GBP,1997-06-30,1997-06-30,Q2,731000.0,0.0,0.0,0.0,0.0,0.0,0.0,0.0,554250.0,558000.0,79000.0,3750.0,176750.0,0.2417920656634747,173000.0,0.23666210670314639,0.0,118500.0,0.16210670314637482,5250.0,113250.0,0.15492476060191518,0.03425,0.03425,3318000.0,3318000.0,https://find-and-update.company-information.service.gov.uk/search/companies?q=Cardiff+Property+PLC,https://find-and-update.company-information.service.gov.uk/search/companies?q=Cardiff+Property+PLC,1620590067,15:54:27,20210509
90,1997-03-31,CDFF.L,GBP,1997-03-31,1997-03-31,Q1,731000.0,0.0,0.0,0.0,0.0,0.0,0.0,0.0,554250.0,558000.0,79000.0,3750.0,176750.0,0.2417920656634747,173000.0,0.23666210670314639,0.0,118500.0,0.16210670314637482,5250.0,113250.0,0.15492476060191518,0.03425,0.03425,3318000.0,3318000.0,https://find-and-update.company-information.service.gov.uk/search/companies?q=Cardiff+Property+PLC,https://find-and-update.company-information.service.gov.uk/search/companies?q=Cardiff+Property+PLC,1620590067,15:54:27,20210509
91,1997-01-31,CDFF.L,GBP,1997-01-31,1997-01-31,Q1,731000.0,0.0,0.0,0.0,0.0,0.0,0.0,0.0,554250.0,558000.0,79000.0,3750.0,176750.0,0.2417920656634747,173000.0,0.23666210670314639,0.0,118500.0,0.16210670314637482,5250.0,113250.0,0.15492476060191518,0.03425,0.03425,3318000.0,3318000.0,https://find-and-update.company-information.service.gov.uk/search/companies?q=Cardiff+Property+PLC,https://find-and-update.company-information.service.gov.uk/search/companies?q=Cardiff+Property+PLC,1620590067,15:54:27,20210509
92,1996-09-30,CDFF.L,GBP,1996-09-30,1996-09-30,Q3,269250.0,0.0,269250.0,1.0,0.0,0.0,0.0,43250.0,243250.0,245750.0,64750.0,2500.0,26000.0,0.09656453110492108,23500.0,0.0872794800371402,0.0,73250.0,0.2720519962859796,9250.0,64000.0,0.23769730733519034,0.01925,0.01925,3323000.0,3323000.0,https://find-and-update.company-information.service.gov.uk/search/companies?q=Cardiff+Property+PLC,https://find-and-update.company-information.service.gov.uk/search/companies?q=Cardiff+Property+PLC,1620590067,15:54:27,20210509
93,1996-06-30,CDFF.L,GBP,1996-06-30,1996-06-30,Q2,269250.0,0.0,269250.0,1.0,0.0,0.0,0.0,43250.0,243250.0,245750.0,64750.0,2500.0,26000.0,0.09656453110492108,23500.0,0.0872794800371402,0.0,73250.0,0.2720519962859796,9250.0,64000.0,0.23769730733519034,0.01925,0.01925,3323000.0,3323000.0,https://find-and-update.company-information.service.gov.uk/search/companies?q=Cardiff+Property+PLC,https://find-and-update.company-information.service.gov.uk/search/companies?q=Cardiff+Property+PLC,1620590067,15:54:27,20210509
94,1996-03-31,CDFF.L,GBP,1996-03-31,1996-03-31,Q1,269250.0,0.0,269250.0,1.0,0.0,0.0,0.0,43250.0,243250.0,245750.0,64750.0,2500.0,26000.0,0.09656453110492108,23500.0,0.0872794800371402,0.0,73250.0,0.2720519962859796,9250.0,64000.0,0.23769730733519034,0.01925,0.01925,3323000.0,3323000.0,https://find-and-update.company-information.service.gov.uk/search/companies?q=Cardiff+Property+PLC,https://find-and-update.company-information.service.gov.uk/search/companies?q=Cardiff+Property+PLC,1620590067,15:54:27,20210509
95,1996-01-31,CDFF.L,GBP,1996-01-31,1996-01-31,Q1,269250.0,0.0,269250.0,1.0,0.0,0.0,0.0,43250.0,243250.0,245750.0,64750.0,2500.0,26000.0,0.09656453110492108,23500.0,0.0872794800371402,0.0,73250.0,0.2720519962859796,9250.0,64000.0,0.23769730733519034,0.01925,0.01925,3323000.0,3323000.0,https://find-and-update.company-information.service.gov.uk/search/companies?q=Cardiff+Property+PLC,https://find-and-update.company-information.service.gov.uk/search/companies?q=Cardiff+Property+PLC,1620590067,15:54:27,20210509
96,1995-09-30,CDFF.L,GBP,1995-09-30,1995-09-30,Q3,295000.0,0.0,295000.0,1.0,0.0,0.0,0.0,0.0,213000.0,215500.0,65500.0,2500.0,82000.0,0.27796610169491526,79500.0,0.26949152542372884,0.0,63250.0,0.21440677966101696,2750.0,60250.0,0.20423728813559322,0.017,0.017,3561000.0,3561000.0,https://find-and-update.company-information.service.gov.uk/search/companies?q=Cardiff+Property+PLC,https://find-and-update.company-information.service.gov.uk/search/companies?q=Cardiff+Property+PLC,1620590067,15:54:27,20210509
97,1995-06-30,CDFF.L,GBP,1995-06-30,1995-06-30,Q2,295000.0,0.0,295000.0,1.0,0.0,0.0,0.0,0.0,213000.0,215500.0,65500.0,2500.0,82000.0,0.27796610169491526,79500.0,0.26949152542372884,0.0,63250.0,0.21440677966101696,2750.0,60250.0,0.20423728813559322,0.017,0.017,3561000.0,3561000.0,https://find-and-update.company-information.service.gov.uk/search/companies?q=Cardiff+Property+PLC,https://find-and-update.company-information.service.gov.uk/search/companies?q=Cardiff+Property+PLC,1620590067,15:54:27,20210509
98,1995-03-31,CDFF.L,GBP,1995-03-31,1995-03-31,Q1,295000.0,0.0,295000.0,1.0,0.0,0.0,0.0,0.0,213000.0,215500.0,65500.0,2500.0,82000.0,0.27796610169491526,79500.0,0.26949152542372884,0.0,63250.0,0.21440677966101696,2750.0,60250.0,0.20423728813559322,0.017,0.017,3561000.0,3561000.0,https://find-and-update.company-information.service.gov.uk/search/companies?q=Cardiff+Property+PLC,https://find-and-update.company-information.service.gov.uk/search/companies?q=Cardiff+Property+PLC,1620590067,15:54:27,20210509
99,1995-01-31,CDFF.L,GBP,1995-01-31,1995-01-31,Q1,295000.0,0.0,295000.0,1.0,0.0,0.0,0.0,0.0,213000.0,215500.0,65500.0,2500.0,82000.0,0.27796610169491526,79500.0,0.26949152542372884,0.0,63250.0,0.21440677966101696,2750.0,60250.0,0.20423728813559322,0.017,0.017,3561000.0,3561000.0,https://find-and-update.company-information.service.gov.uk/search/companies?q=Cardiff+Property+PLC,https://find-and-update.company-information.service.gov.uk/search/companies?q=Cardiff+Property+PLC,1620590067,15:54:27,20210509
100,1994-09-30,CDFF.L,GBP,1994-09-30,1994-09-30,Q3,206000.0,0.0,206000.0,1.0,0.0,0.0,0.0,-3000.0,146750.0,149500.0,68250.0,2750.0,59250.0,0.28762135922330095,56500.0,0.27427184466019416,0.0,46500.0,0.22572815533980584,-3500.0,50000.0,0.24271844660194175,0.01725,0.01725,2899000.0,2899000.0,https://find-and-update.company-information.service.gov.uk/search/companies?q=Cardiff+Property+PLC,https://find-and-update.company-information.service.gov.uk/search/companies?q=Cardiff+Property+PLC,1620590067,15:54:27,20210509
101,1994-06-30,CDFF.L,GBP,1994-06-30,1994-06-30,Q2,206000.0,0.0,206000.0,1.0,0.0,0.0,0.0,-3000.0,146750.0,149500.0,68250.0,2750.0,59250.0,0.28762135922330095,56500.0,0.27427184466019416,0.0,46500.0,0.22572815533980584,-3500.0,50000.0,0.24271844660194175,0.01725,0.01725,2899000.0,2899000.0,https://find-and-update.company-information.service.gov.uk/search/companies?q=Cardiff+Property+PLC,https://find-and-update.company-information.service.gov.uk/search/companies?q=Cardiff+Property+PLC,1620590067,15:54:27,20210509
102,1994-03-31,CDFF.L,GBP,1994-03-31,1994-03-31,Q1,206000.0,0.0,206000.0,1.0,0.0,0.0,0.0,-3000.0,146750.0,149500.0,68250.0,2750.0,59250.0,0.28762135922330095,56500.0,0.27427184466019416,0.0,46500.0,0.22572815533980584,-3500.0,50000.0,0.24271844660194175,0.01725,0.01725,2899000.0,2899000.0,https://find-and-update.company-information.service.gov.uk/search/companies?q=Cardiff+Property+PLC,https://find-and-update.company-information.service.gov.uk/search/companies?q=Cardiff+Property+PLC,1620590067,15:54:27,20210509
103,1994-01-31,CDFF.L,GBP,1994-01-31,1994-01-31,Q1,206000.0,0.0,206000.0,1.0,0.0,0.0,0.0,-3000.0,146750.0,149500.0,68250.0,2750.0,59250.0,0.28762135922330095,56500.0,0.27427184466019416,0.0,46500.0,0.22572815533980584,-3500.0,50000.0,0.24271844660194175,0.01725,0.01725,2899000.0,2899000.0,https://find-and-update.company-information.service.gov.uk/search/companies?q=Cardiff+Property+PLC,https://find-and-update.company-information.service.gov.uk/search/companies?q=Cardiff+Property+PLC,1620590067,15:54:27,20210509
104,1993-09-30,CDFF.L,GBP,1993-09-30,1993-09-30,Q3,202250.0,0.0,202250.0,1.0,0.0,0.0,0.0,0.0,127250.0,130250.0,76750.0,3000.0,75000.0,0.37082818294190356,72000.0,0.35599505562422745,0.0,29750.0,0.14709517923362175,-8000.0,43250.0,0.2138442521631644,0.01625,0.01625,2660000.0,2660000.0,https://find-and-update.company-information.service.gov.uk/search/companies?q=Cardiff+Property+PLC,https://find-and-update.company-information.service.gov.uk/search/companies?q=Cardiff+Property+PLC,1620590067,15:54:27,20210509
105,1993-06-30,CDFF.L,GBP,1993-06-30,1993-06-30,Q2,202250.0,0.0,202250.0,1.0,0.0,0.0,0.0,0.0,127250.0,130250.0,76750.0,3000.0,75000.0,0.37082818294190356,72000.0,0.35599505562422745,0.0,29750.0,0.14709517923362175,-8000.0,43250.0,0.2138442521631644,0.01625,0.01625,2660000.0,2660000.0,https://find-and-update.company-information.service.gov.uk/search/companies?q=Cardiff+Property+PLC,https://find-and-update.company-information.service.gov.uk/search/companies?q=Cardiff+Property+PLC,1620590067,15:54:27,20210509
106,1993-03-31,CDFF.L,GBP,1993-03-31,1993-03-31,Q1,202250.0,0.0,202250.0,1.0,0.0,0.0,0.0,0.0,127250.0,130250.0,76750.0,3000.0,75000.0,0.37082818294190356,72000.0,0.35599505562422745,0.0,29750.0,0.14709517923362175,-8000.0,43250.0,0.2138442521631644,0.01625,0.01625,2660000.0,2660000.0,https://find-and-update.company-information.service.gov.uk/search/companies?q=Cardiff+Property+PLC,https://find-and-update.company-information.service.gov.uk/search/companies?q=Cardiff+Property+PLC,1620590067,15:54:27,20210509
107,1993-01-31,CDFF.L,GBP,1993-01-31,1993-01-31,Q1,202250.0,0.0,202250.0,1.0,0.0,0.0,0.0,0.0,127250.0,130250.0,76750.0,3000.0,75000.0,0.37082818294190356,72000.0,0.35599505562422745,0.0,29750.0,0.14709517923362175,-8000.0,43250.0,0.2138442521631644,0.01625,0.01625,2660000.0,2660000.0,https://find-and-update.company-information.service.gov.uk/search/companies?q=Cardiff+Property+PLC,https://find-and-update.company-information.service.gov.uk/search/companies?q=Cardiff+Property+PLC,1620590067,15:54:27,20210509
108,1992-09-30,CDFF.L,GBP,1992-09-30,1992-09-30,Q3,153750.0,0.0,153750.0,1.0,0.0,0.0,0.0,0.0,89000.0,93250.0,63750.0,4250.0,64750.0,0.4211382113821138,60500.0,0.3934959349593496,0.0,-229500.0,-1.4926829268292683,-250.0,-230500.0,-1.4991869918699188,-0.08925,-0.08925,2581000.0,2581000.0,https://find-and-update.company-information.service.gov.uk/search/companies?q=Cardiff+Property+PLC,https://find-and-update.company-information.service.gov.uk/search/companies?q=Cardiff+Property+PLC,1620590067,15:54:27,20210509
109,1992-06-30,CDFF.L,GBP,1992-06-30,1992-06-30,Q2,153750.0,0.0,153750.0,1.0,0.0,0.0,0.0,0.0,89000.0,93250.0,63750.0,4250.0,64750.0,0.4211382113821138,60500.0,0.3934959349593496,0.0,-229500.0,-1.4926829268292683,-250.0,-230500.0,-1.4991869918699188,-0.08925,-0.08925,2581000.0,2581000.0,https://find-and-update.company-information.service.gov.uk/search/companies?q=Cardiff+Property+PLC,https://find-and-update.company-information.service.gov.uk/search/companies?q=Cardiff+Property+PLC,1620590067,15:54:27,20210509
110,1992-03-31,CDFF.L,GBP,1992-03-31,1992-03-31,Q1,153750.0,0.0,153750.0,1.0,0.0,0.0,0.0,0.0,89000.0,93250.0,63750.0,4250.0,64750.0,0.4211382113821138,60500.0,0.3934959349593496,0.0,-229500.0,-1.4926829268292683,-250.0,-230500.0,-1.4991869918699188,-0.08925,-0.08925,2581000.0,2581000.0,https://find-and-update.company-information.service.gov.uk/search/companies?q=Cardiff+Property+PLC,https://find-and-update.company-information.service.gov.uk/search/companies?q=Cardiff+Property+PLC,1620590067,15:54:27,20210509
111,1992-01-31,CDFF.L,GBP,1992-01-31,1992-01-31,Q1,153750.0,0.0,153750.0,1.0,0.0,0.0,0.0,0.0,89000.0,93250.0,63750.0,4250.0,64750.0,0.4211382113821138,60500.0,0.3934959349593496,0.0,-229500.0,-1.4926829268292683,-250.0,-230500.0,-1.4991869918699188,-0.08925,-0.08925,2581000.0,2581000.0,https://find-and-update.company-information.service.gov.uk/search/companies?q=Cardiff+Property+PLC,https://find-and-update.company-information.service.gov.uk/search/companies?q=Cardiff+Property+PLC,1620590067,15:54:27,20210509
112,1991-09-30,CDFF.L,GBP,1991-09-30,1991-09-30,Q3,197750.0,0.0,197750.0,1.0,0.0,0.0,0.0,109750.0,192750.0,197750.0,55000.0,5000.0,126500.0,1.5632411067193677,0.0,0.0,0.0,66500.0,0.336283185840708,17500.0,16500.0,0.08343868520859671,0.00639275,0.00639275,2581000.0,2581000.0,https://find-and-update.company-information.service.gov.uk/search/companies?q=Cardiff+Property+PLC,https://find-and-update.company-information.service.gov.uk/search/companies?q=Cardiff+Property+PLC,1620590067,15:54:27,20210509
113,1991-06-30,CDFF.L,GBP,1991-06-30,1991-06-30,Q2,197750.0,0.0,197750.0,1.0,0.0,0.0,0.0,109750.0,192750.0,197750.0,55000.0,5000.0,126500.0,1.5632411067193677,0.0,0.0,0.0,66500.0,0.336283185840708,17500.0,16500.0,0.08343868520859671,0.00639275,0.00639275,2581000.0,2581000.0,https://find-and-update.company-information.service.gov.uk/search/companies?q=Cardiff+Property+PLC,https://find-and-update.company-information.service.gov.uk/search/companies?q=Cardiff+Property+PLC,1620590067,15:54:27,20210509
114,1991-03-31,CDFF.L,GBP,1991-03-31,1991-03-31,Q1,197750.0,0.0,197750.0,1.0,0.0,0.0,0.0,109750.0,192750.0,197750.0,55000.0,5000.0,126500.0,1.5632411067193677,0.0,0.0,0.0,66500.0,0.336283185840708,17500.0,16500.0,0.08343868520859671,0.00639275,0.00639275,2581000.0,2581000.0,https://find-and-update.company-information.service.gov.uk/search/companies?q=Cardiff+Property+PLC,https://find-and-update.company-information.service.gov.uk/search/companies?q=Cardiff+Property+PLC,1620590067,15:54:27,20210509
115,1991-01-31,CDFF.L,GBP,1991-01-31,1991-01-31,Q1,197750.0,0.0,197750.0,1.0,0.0,0.0,0.0,109750.0,192750.0,197750.0,55000.0,5000.0,126500.0,1.5632411067193677,0.0,0.0,0.0,66500.0,0.336283185840708,17500.0,16500.0,0.08343868520859671,0.00639275,0.00639275,2581000.0,2581000.0,https://find-and-update.company-information.service.gov.uk/search/companies?q=Cardiff+Property+PLC,https://find-and-update.company-information.service.gov.uk/search/companies?q=Cardiff+Property+PLC,1620590067,15:54:27,20210509
116,1990-09-30,CDFF.L,GBP,1990-09-30,1990-09-30,Q3,435250.0,0.0,435250.0,1.0,0.0,0.0,0.0,196250.0,432000.0,435250.0,34500.0,3250.0,201000.0,2.165422885572139,0.0,0.0,0.0,163250.0,0.37507179781734634,47000.0,65000.0,0.14933946008041354,0.02565125,0.02565125,2534000.0,2534000.0,https://find-and-update.company-information.service.gov.uk/search/companies?q=Cardiff+Property+PLC,https://find-and-update.company-information.service.gov.uk/search/companies?q=Cardiff+Property+PLC,1620590067,15:54:27,20210509
117,1990-06-30,CDFF.L,GBP,1990-06-30,1990-06-30,Q2,435250.0,0.0,435250.0,1.0,0.0,0.0,0.0,196250.0,432000.0,435250.0,34500.0,3250.0,201000.0,2.165422885572139,0.0,0.0,0.0,163250.0,0.37507179781734634,47000.0,65000.0,0.14933946008041354,0.02565125,0.02565125,2534000.0,2534000.0,https://find-and-update.company-information.service.gov.uk/search/companies?q=Cardiff+Property+PLC,https://find-and-update.company-information.service.gov.uk/search/companies?q=Cardiff+Property+PLC,1620590067,15:54:27,20210509
118,1990-03-31,CDFF.L,GBP,1990-03-31,1990-03-31,Q1,435250.0,0.0,435250.0,1.0,0.0,0.0,0.0,196250.0,432000.0,435250.0,34500.0,3250.0,201000.0,2.165422885572139,0.0,0.0,0.0,163250.0,0.37507179781734634,47000.0,65000.0,0.14933946008041354,0.02565125,0.02565125,2534000.0,2534000.0,https://find-and-update.company-information.service.gov.uk/search/companies?q=Cardiff+Property+PLC,https://find-and-update.company-information.service.gov.uk/search/companies?q=Cardiff+Property+PLC,1620590067,15:54:27,20210509
119,1990-01-31,CDFF.L,GBP,1990-01-31,1990-01-31,Q1,435250.0,0.0,435250.0,1.0,0.0,0.0,0.0,196250.0,432000.0,435250.0,34500.0,3250.0,201000.0,2.165422885572139,0.0,0.0,0.0,163250.0,0.37507179781734634,47000.0,65000.0,0.14933946008041354,0.02565125,0.02565125,2534000.0,2534000.0,https://find-and-update.company-information.service.gov.uk/search/companies?q=Cardiff+Property+PLC,https://find-and-update.company-information.service.gov.uk/search/companies?q=Cardiff+Property+PLC,1620590067,15:54:27,20210509
120,1989-09-30,CDFF.L,GBP,1989-09-30,1989-09-30,Q3,85500.0,0.0,85500.0,1.0,0.0,0.0,0.0,10750.0,82750.0,85500.0,1500.0,2750.0,29750.0,2.8739495798319328,0.0,0.0,0.0,25500.0,0.2982456140350877,250.0,77750.0,0.9093567251461988,0.0331415,0.0331415,2346000.0,2346000.0,https://find-and-update.company-information.service.gov.uk/search/companies?q=Cardiff+Property+PLC,https://find-and-update.company-information.service.gov.uk/search/companies?q=Cardiff+Property+PLC,1620590067,15:54:27,20210509
121,1989-06-30,CDFF.L,GBP,1989-06-30,1989-06-30,Q2,85500.0,0.0,85500.0,1.0,0.0,0.0,0.0,10750.0,82750.0,85500.0,1500.0,2750.0,29750.0,2.8739495798319328,0.0,0.0,0.0,25500.0,0.2982456140350877,250.0,77750.0,0.9093567251461988,0.0331415,0.0331415,2346000.0,2346000.0,https://find-and-update.company-information.service.gov.uk/search/companies?q=Cardiff+Property+PLC,https://find-and-update.company-information.service.gov.uk/search/companies?q=Cardiff+Property+PLC,1620590067,15:54:27,20210509
122,1989-03-31,CDFF.L,GBP,1989-03-31,1989-03-31,Q1,85500.0,0.0,85500.0,1.0,0.0,0.0,0.0,10750.0,82750.0,85500.0,1500.0,2750.0,29750.0,2.8739495798319328,0.0,0.0,0.0,25500.0,0.2982456140350877,250.0,77750.0,0.9093567251461988,0.0331415,0.0331415,2346000.0,2346000.0,https://find-and-update.company-information.service.gov.uk/search/companies?q=Cardiff+Property+PLC,https://find-and-update.company-information.service.gov.uk/search/companies?q=Cardiff+Property+PLC,1620590067,15:54:27,20210509
123,1989-01-31,CDFF.L,GBP,1989-01-31,1989-01-31,Q1,85500.0,0.0,85500.0,1.0,0.0,0.0,0.0,10750.0,82750.0,85500.0,1500.0,2750.0,29750.0,2.8739495798319328,0.0,0.0,0.0,25500.0,0.2982456140350877,250.0,77750.0,0.9093567251461988,0.0331415,0.0331415,2346000.0,2346000.0,https://find-and-update.company-information.service.gov.uk/search/companies?q=Cardiff+Property+PLC,https://find-and-update.company-information.service.gov.uk/search/companies?q=Cardiff+Property+PLC,1620590067,15:54:27,20210509
124,1988-09-30,CDFF.L,GBP,1988-09-30,1988-09-30,Q3,62000.0,0.0,62000.0,1.0,0.0,0.0,0.0,3500.0,60250.0,62000.0,1750.0,1750.0,33250.0,1.8646616541353382,0.0,0.0,0.0,29750.0,0.4798387096774194,9000.0,53750.0,0.8669354838709677,0.023889,0.023889,2250000.0,2250000.0,https://find-and-update.company-information.service.gov.uk/search/companies?q=Cardiff+Property+PLC,https://find-and-update.company-information.service.gov.uk/search/companies?q=Cardiff+Property+PLC,1620590067,15:54:27,20210509
125,1988-06-30,CDFF.L,GBP,1988-06-30,1988-06-30,Q2,62000.0,0.0,62000.0,1.0,0.0,0.0,0.0,3500.0,60250.0,62000.0,1750.0,1750.0,33250.0,1.8646616541353382,0.0,0.0,0.0,29750.0,0.4798387096774194,9000.0,53750.0,0.8669354838709677,0.023889,0.023889,2250000.0,2250000.0,https://find-and-update.company-information.service.gov.uk/search/companies?q=Cardiff+Property+PLC,https://find-and-update.company-information.service.gov.uk/search/companies?q=Cardiff+Property+PLC,1620590067,15:54:27,20210509
126,1988-03-31,CDFF.L,GBP,1988-03-31,1988-03-31,Q1,62000.0,0.0,62000.0,1.0,0.0,0.0,0.0,3500.0,60250.0,62000.0,1750.0,1750.0,33250.0,1.8646616541353382,0.0,0.0,0.0,29750.0,0.4798387096774194,9000.0,53750.0,0.8669354838709677,0.023889,0.023889,2250000.0,2250000.0,https://find-and-update.company-information.service.gov.uk/search/companies?q=Cardiff+Property+PLC,https://find-and-update.company-information.service.gov.uk/search/companies?q=Cardiff+Property+PLC,1620590067,15:54:27,20210509
127,1988-01-31,CDFF.L,GBP,1988-01-31,1988-01-31,Q1,62000.0,0.0,62000.0,1.0,0.0,0.0,0.0,3500.0,60250.0,62000.0,1750.0,1750.0,33250.0,1.8646616541353382,0.0,0.0,0.0,29750.0,0.4798387096774194,9000.0,53750.0,0.8669354838709677,0.023889,0.023889,2250000.0,2250000.0,https://find-and-update.company-information.service.gov.uk/search/companies?q=Cardiff+Property+PLC,https://find-and-update.company-information.service.gov.uk/search/companies?q=Cardiff+Property+PLC,1620590067,15:54:27,20210509
128,1987-09-30,CDFF.L,GBP,1987-09-30,1987-09-30,Q3,30000.0,0.0,30000.0,1.0,0.0,0.0,0.0,-5750.0,29000.0,30000.0,3500.0,1000.0,12250.0,2.4489795918367347,0.0,0.0,0.0,7750.0,0.25833333333333336,3750.0,270250.0,9.008333333333333,0.1286905,0.1286905,2100000.0,2100000.0,https://find-and-update.company-information.service.gov.uk/search/companies?q=Cardiff+Property+PLC,https://find-and-update.company-information.service.gov.uk/search/companies?q=Cardiff+Property+PLC,1620590067,15:54:27,20210509
129,1987-06-30,CDFF.L,GBP,1987-06-30,1987-06-30,Q2,30000.0,0.0,30000.0,1.0,0.0,0.0,0.0,-5750.0,29000.0,30000.0,3500.0,1000.0,12250.0,2.4489795918367347,0.0,0.0,0.0,7750.0,0.25833333333333336,3750.0,270250.0,9.008333333333333,0.1286905,0.1286905,2100000.0,2100000.0,https://find-and-update.company-information.service.gov.uk/search/companies?q=Cardiff+Property+PLC,https://find-and-update.company-information.service.gov.uk/search/companies?q=Cardiff+Property+PLC,1620590067,15:54:27,20210509
130,1987-03-31,CDFF.L,GBP,1987-03-31,1987-03-31,Q1,30000.0,0.0,30000.0,1.0,0.0,0.0,0.0,-5750.0,29000.0,30000.0,3500.0,1000.0,12250.0,2.4489795918367347,0.0,0.0,0.0,7750.0,0.25833333333333336,3750.0,270250.0,9.008333333333333,0.1286905,0.1286905,2100000.0,2100000.0,https://find-and-update.company-information.service.gov.uk/search/companies?q=Cardiff+Property+PLC,https://find-and-update.company-information.service.gov.uk/search/companies?q=Cardiff+Property+PLC,1620590067,15:54:27,20210509
131,1987-01-31,CDFF.L,GBP,1987-01-31,1987-01-31,Q1,30000.0,0.0,30000.0,1.0,0.0,0.0,0.0,-5750.0,29000.0,30000.0,3500.0,1000.0,12250.0,2.4489795918367347,0.0,0.0,0.0,7750.0,0.25833333333333336,3750.0,270250.0,9.008333333333333,0.1286905,0.1286905,2100000.0,2100000.0,https://find-and-update.company-information.service.gov.uk/search/companies?q=Cardiff+Property+PLC,https://find-and-update.company-information.service.gov.uk/search/companies?q=Cardiff+Property+PLC,1620590067,15:54:27,20210509
132,1986-09-30,CDFF.L,GBP,1986-09-30,1986-09-30,Q3,43750.0,0.0,43750.0,1.0,0.0,0.0,0.0,750.0,43000.0,43750.0,6000.0,750.0,15000.0,2.9166666666666665,0.0,0.0,0.0,8250.0,0.18857142857142858,3750.0,194750.0,4.451428571428571,0.0992105,0.0992105,1963000.0,1963000.0,https://find-and-update.company-information.service.gov.uk/search/companies?q=Cardiff+Property+PLC,https://find-and-update.company-information.service.gov.uk/search/companies?q=Cardiff+Property+PLC,1620590067,15:54:27,20210509
133,1986-06-30,CDFF.L,GBP,1986-06-30,1986-06-30,Q2,43750.0,0.0,43750.0,1.0,0.0,0.0,0.0,750.0,43000.0,43750.0,6000.0,750.0,15000.0,2.9166666666666665,0.0,0.0,0.0,8250.0,0.18857142857142858,3750.0,194750.0,4.451428571428571,0.0992105,0.0992105,1963000.0,1963000.0,https://find-and-update.company-information.service.gov.uk/search/companies?q=Cardiff+Property+PLC,https://find-and-update.company-information.service.gov.uk/search/companies?q=Cardiff+Property+PLC,1620590067,15:54:27,20210509
134,1986-03-31,CDFF.L,GBP,1986-03-31,1986-03-31,Q1,43750.0,0.0,43750.0,1.0,0.0,0.0,0.0,750.0,43000.0,43750.0,6000.0,750.0,15000.0,2.9166666666666665,0.0,0.0,0.0,8250.0,0.18857142857142858,3750.0,194750.0,4.451428571428571,0.0992105,0.0992105,1963000.0,1963000.0,https://find-and-update.company-information.service.gov.uk/search/companies?q=Cardiff+Property+PLC,https://find-and-update.company-information.service.gov.uk/search/companies?q=Cardiff+Property+PLC,1620590067,15:54:27,20210509
135,1986-01-31,CDFF.L,GBP,1986-01-31,1986-01-31,Q1,43750.0,0.0,43750.0,1.0,0.0,0.0,0.0,750.0,43000.0,43750.0,6000.0,750.0,15000.0,2.9166666666666665,0.0,0.0,0.0,8250.0,0.18857142857142858,3750.0,194750.0,4.451428571428571,0.0992105,0.0992105,1963000.0,1963000.0,https://find-and-update.company-information.service.gov.uk/search/companies?q=Cardiff+Property+PLC,https://find-and-update.company-information.service.gov.uk/search/companies?q=Cardiff+Property+PLC,1620590067,15:54:27,20210509
136,1985-09-30,CDFF.L,GBP,1985-09-30,1985-09-30,Q3,49250.0,0.0,49250.0,1.0,0.0,0.0,0.0,33250.0,49000.0,49250.0,43250.0,250.0,48000.0,1.0260416666666667,0.0,0.0,0.0,4500.0,0.09137055837563451,3750.0,10250.0,0.20812182741116753,0.00545225,0.00545225,1880000.0,1880000.0,https://find-and-update.company-information.service.gov.uk/search/companies?q=Cardiff+Property+PLC,https://find-and-update.company-information.service.gov.uk/search/companies?q=Cardiff+Property+PLC,1620590067,15:54:27,20210509
137,1985-06-30,CDFF.L,GBP,1985-06-30,1985-06-30,Q2,49250.0,0.0,49250.0,1.0,0.0,0.0,0.0,33250.0,49000.0,49250.0,43250.0,250.0,48000.0,1.0260416666666667,0.0,0.0,0.0,4500.0,0.09137055837563451,3750.0,10250.0,0.20812182741116753,0.00545225,0.00545225,1880000.0,1880000.0,https://find-and-update.company-information.service.gov.uk/search/companies?q=Cardiff+Property+PLC,https://find-and-update.company-information.service.gov.uk/search/companies?q=Cardiff+Property+PLC,1620590067,15:54:27,20210509
138,1985-03-31,CDFF.L,GBP,1985-03-31,1985-03-31,Q1,49250.0,0.0,49250.0,1.0,0.0,0.0,0.0,33250.0,49000.0,49250.0,43250.0,250.0,48000.0,1.0260416666666667,0.0,0.0,0.0,4500.0,0.09137055837563451,3750.0,10250.0,0.20812182741116753,0.00545225,0.00545225,1880000.0,1880000.0,https://find-and-update.company-information.service.gov.uk/search/companies?q=Cardiff+Property+PLC,https://find-and-update.company-information.service.gov.uk/search/companies?q=Cardiff+Property+PLC,1620590067,15:54:27,20210509
139,1985-01-31,CDFF.L,GBP,1985-01-31,1985-01-31,Q1,49250.0,0.0,49250.0,1.0,0.0,0.0,0.0,33250.0,49000.0,49250.0,43250.0,250.0,48000.0,1.0260416666666667,0.0,0.0,0.0,4500.0,0.09137055837563451,3750.0,10250.0,0.20812182741116753,0.00545225,0.00545225,1880000.0,1880000.0,https://find-and-update.company-information.service.gov.uk/search/companies?q=Cardiff+Property+PLC,https://find-and-update.company-information.service.gov.uk/search/companies?q=Cardiff+Property+PLC,1620590067,15:54:27,20210509
