,date,symbol,reportedCurrency,fillingDate,acceptedDate,period,revenue,costOfRevenue,grossProfit,grossProfitRatio,researchAndDevelopmentExpenses,generalAndAdministrativeExpenses,sellingAndMarketingExpenses,otherExpenses,operatingExpenses,costAndExpenses,interestExpense,depreciationAndAmortization,ebitda,ebitdaratio,operatingIncome,operatingIncomeRatio,totalOtherIncomeExpensesNet,incomeBeforeTax,incomeBeforeTaxRatio,incomeTaxExpense,netIncome,netIncomeRatio,eps,epsdiluted,weightedAverageShsOut,weightedAverageShsOutDil,link,finalLink,timestamp,est_time,est_date
0,2021-03-31,POU.TO,CAD,2021-03-31,2021-03-31,Q1,279865000,119626000.0,160239000.0,0.5725581977024636,0.0,14681000.0,0.0,-503000.0,207681000.0,327307000.0,16711000.0,0.0,25198000.0,0.09003626748610938,-47442000.0,-0.3737587765529809,-40449000.0,-104602000.0,-0.3737587765529809,-22125000.0,-82477000.0,-0.29470280313722685,-0.62,-0.62,133027419,133027419,https://www.sedar.com/ModifyCompanyDocumentSearchForm.do?lang=EN&company_search=Paramount Resources Ltd&document_selection=0&industry_group=A&FromDate=13&FromMonth=05&FromYear=2000&ToDate=13&ToMonth=11&ToYear=2020&Variable=Issuer,https://www.sedar.com/ModifyCompanyDocumentSearchForm.do?lang=EN&company_search=Paramount Resources Ltd&document_selection=0&industry_group=A&FromDate=13&FromMonth=05&FromYear=2000&ToDate=13&ToMonth=11&ToYear=2020&Variable=Issuer,1620596718,17:45:18,20210509
1,2020-12-31,POU.TO,CAD,2020-12-31,2020-12-31,Q4,202026000,101143000.0,100883000.0,0.49935651846791995,0.0,15944000.0,0.0,389000.0,145461000.0,246604000.0,17781000.0,0.0,-44124000.0,-0.2184075317038401,-44578000.0,-0.2206547672081811,309364000.0,247070000.0,1.2229614010077912,-64382000.0,311452000.0,1.541643154841456,2.3280212880464033,2.3280212880464033,133784000,133784000,https://www.sedar.com/ModifyCompanyDocumentSearchForm.do?lang=EN&company_search=Paramount Resources Ltd&document_selection=0&industry_group=A&FromDate=13&FromMonth=05&FromYear=2000&ToDate=13&ToMonth=11&ToYear=2020&Variable=Issuer,https://www.sedar.com/ModifyCompanyDocumentSearchForm.do?lang=EN&company_search=Paramount Resources Ltd&document_selection=0&industry_group=A&FromDate=13&FromMonth=05&FromYear=2000&ToDate=13&ToMonth=11&ToYear=2020&Variable=Issuer,1620596718,17:45:18,20210509
2,2020-09-30,POU.TO,CAD,2020-09-30,2020-09-30,Q3,138756000,86722000.0,52034000.0,0.37500360344777883,0.0,13364000.0,0.0,-223000.0,62816000.0,149538000.0,17121000.0,0.0,43574000.0,0.3140332670298942,-10782000.0,-0.07770474790279339,-13917000.0,-41820000.0,-0.30139237222174176,-18481000.0,-23339000.0,-0.16820173542045028,-0.17,-0.17,133784000,133784000,https://www.sedar.com/ModifyCompanyDocumentSearchForm.do?lang=EN&company_search=Paramount Resources Ltd&document_selection=0&industry_group=A&FromDate=13&FromMonth=05&FromYear=2000&ToDate=13&ToMonth=11&ToYear=2020&Variable=Issuer,https://www.sedar.com/ModifyCompanyDocumentSearchForm.do?lang=EN&company_search=Paramount Resources Ltd&document_selection=0&industry_group=A&FromDate=13&FromMonth=05&FromYear=2000&ToDate=13&ToMonth=11&ToYear=2020&Variable=Issuer,1620596718,17:45:18,20210509
3,2020-06-30,POU.TO,CAD,2020-06-30,2020-06-30,Q2,113174000,90247000.0,22927000.0,0.20258186509268913,0.0,6359000.0,0.0,-1758000.0,90623000.0,180870000.0,9266000.0,0.0,-8115000.0,-0.07170374821071977,-67696000.0,-0.598158587661477,-12384000.0,-89346000.0,-0.7894569424072667,-13622000.0,-75724000.0,-0.6690936080725255,-0.57,-0.57,133712000,133712000,https://www.sedar.com/ModifyCompanyDocumentSearchForm.do?lang=EN&company_search=Paramount Resources Ltd&document_selection=0&industry_group=A&FromDate=13&FromMonth=05&FromYear=2000&ToDate=13&ToMonth=11&ToYear=2020&Variable=Issuer,https://www.sedar.com/ModifyCompanyDocumentSearchForm.do?lang=EN&company_search=Paramount Resources Ltd&document_selection=0&industry_group=A&FromDate=13&FromMonth=05&FromYear=2000&ToDate=13&ToMonth=11&ToYear=2020&Variable=Issuer,1620596718,17:45:18,20210509
4,2020-03-31,POU.TO,CAD,2020-03-31,2020-03-31,Q1,172090000,108423000.0,63667000.0,0.3699633912487652,0.0,10197000.0,0.0,135000.0,34774000.0,143197000.0,9482000.0,0.0,294011000.0,1.7084723110000581,28893000.0,0.16789470625835318,-147827000.0,-128366000.0,-0.7459236446045674,106716000.0,-235082000.0,-1.3660410250450346,-1.76,-1.76,133345000,133345000,https://www.sedar.com/ModifyCompanyDocumentSearchForm.do?lang=EN&company_search=Paramount Resources Ltd&document_selection=0&industry_group=A&FromDate=13&FromMonth=05&FromYear=2000&ToDate=13&ToMonth=11&ToYear=2020&Variable=Issuer,https://www.sedar.com/ModifyCompanyDocumentSearchForm.do?lang=EN&company_search=Paramount Resources Ltd&document_selection=0&industry_group=A&FromDate=13&FromMonth=05&FromYear=2000&ToDate=13&ToMonth=11&ToYear=2020&Variable=Issuer,1620596718,17:45:18,20210509
5,2019-12-31,POU.TO,CAD,2019-12-31,2019-12-31,Q4,259854000,156054000.0,103800000.0,0.3994550786210718,0.0,16731000.0,0.0,3902000.0,104444000.0,260498000.0,10195000.0,0.0,119659000.0,0.460485503398062,-644000.0,-0.0024783147459727386,-23491000.0,-34006000.0,-0.13086579386886482,-2866000.0,-31140000.0,-0.11983652358632155,-0.2327632601805896,-0.2327632601805896,133784000,133784000,https://www.sedar.com/ModifyCompanyDocumentSearchForm.do?lang=EN&company_search=Paramount Resources Ltd&document_selection=0&industry_group=A&FromDate=13&FromMonth=05&FromYear=2000&ToDate=13&ToMonth=11&ToYear=2020&Variable=Issuer,https://www.sedar.com/ModifyCompanyDocumentSearchForm.do?lang=EN&company_search=Paramount Resources Ltd&document_selection=0&industry_group=A&FromDate=13&FromMonth=05&FromYear=2000&ToDate=13&ToMonth=11&ToYear=2020&Variable=Issuer,1620596718,17:45:18,20210509
6,2019-09-30,POU.TO,CAD,2019-09-30,2019-09-30,Q3,199788000,121053000.0,78735000.0,0.3940927383026008,0.0,19595000.0,0.0,-10201000.0,65254000.0,186307000.0,9699000.0,0.0,86557000.0,0.43324423889322683,13481000.0,0.06747652511662362,164164000.0,167946000.0,0.8406210583218211,26963000.0,140983000.0,0.7056630027829499,1.08,1.08,130064000,130064000,https://www.sedar.com/ModifyCompanyDocumentSearchForm.do?lang=EN&company_search=Paramount Resources Ltd&document_selection=0&industry_group=A&FromDate=13&FromMonth=05&FromYear=2000&ToDate=13&ToMonth=11&ToYear=2020&Variable=Issuer,https://www.sedar.com/ModifyCompanyDocumentSearchForm.do?lang=EN&company_search=Paramount Resources Ltd&document_selection=0&industry_group=A&FromDate=13&FromMonth=05&FromYear=2000&ToDate=13&ToMonth=11&ToYear=2020&Variable=Issuer,1620596718,17:45:18,20210509
7,2019-06-30,POU.TO,CAD,2019-06-30,2019-06-30,Q2,209184000,124992000.0,84192000.0,0.40247820100963744,0.0,16134000.0,0.0,-852000.0,120471000.0,245463000.0,11063000.0,0.0,47579000.0,0.22745047422365,-36279000.0,-0.17343104635153742,28416000.0,-18926000.0,-0.0904753709652746,102097000.0,-121023000.0,-0.5785480725103258,-0.93,-0.93,130608000,130608000,https://www.sedar.com/ModifyCompanyDocumentSearchForm.do?lang=EN&company_search=Paramount Resources Ltd&document_selection=0&industry_group=A&FromDate=13&FromMonth=05&FromYear=2000&ToDate=13&ToMonth=11&ToYear=2020&Variable=Issuer,https://www.sedar.com/ModifyCompanyDocumentSearchForm.do?lang=EN&company_search=Paramount Resources Ltd&document_selection=0&industry_group=A&FromDate=13&FromMonth=05&FromYear=2000&ToDate=13&ToMonth=11&ToYear=2020&Variable=Issuer,1620596718,17:45:18,20210509
8,2019-03-31,POU.TO,CAD,2019-03-31,2019-03-31,Q1,246054000,120672000.0,125382000.0,0.5095710697651735,0.0,18608000.0,0.0,1996000.0,128596000.0,249268000.0,9225000.0,0.0,79479000.0,0.323014460240435,-3214000.0,-0.013062173344062686,-78151000.0,-90590000.0,-0.3681712144488608,-13914000.0,-76676000.0,-0.31162265193819244,-0.59,-0.59,130326000,130326000,https://www.sedar.com/ModifyCompanyDocumentSearchForm.do?lang=EN&company_search=Paramount Resources Ltd&document_selection=0&industry_group=A&FromDate=13&FromMonth=05&FromYear=2000&ToDate=13&ToMonth=11&ToYear=2020&Variable=Issuer,https://www.sedar.com/ModifyCompanyDocumentSearchForm.do?lang=EN&company_search=Paramount Resources Ltd&document_selection=0&industry_group=A&FromDate=13&FromMonth=05&FromYear=2000&ToDate=13&ToMonth=11&ToYear=2020&Variable=Issuer,1620596718,17:45:18,20210509
9,2018-12-31,POU.TO,CAD,2018-12-31,2018-12-31,Q4,207431000,43847000.0,163584000.0,0.7886188660325603,0.0,23987000.0,0.0,7006000.0,47696000.0,91543000.0,8729000.0,0.0,637260000.0,3.0721541138981157,115888000.0,0.5586821641895378,-335891000.0,-228586000.0,-1.1019857205528585,-100495000.0,-128091000.0,-0.6175113652250628,-0.9574463313998685,-0.9574463313998685,133784000,133784000,https://www.sedar.com/ModifyCompanyDocumentSearchForm.do?lang=EN&company_search=Paramount Resources Ltd&document_selection=0&industry_group=A&FromDate=13&FromMonth=05&FromYear=2000&ToDate=13&ToMonth=11&ToYear=2020&Variable=Issuer,https://www.sedar.com/ModifyCompanyDocumentSearchForm.do?lang=EN&company_search=Paramount Resources Ltd&document_selection=0&industry_group=A&FromDate=13&FromMonth=05&FromYear=2000&ToDate=13&ToMonth=11&ToYear=2020&Variable=Issuer,1620596718,17:45:18,20210509
10,2018-09-30,POU.TO,CAD,2018-09-30,2018-09-30,Q3,248500000,182843000.0,65657000.0,0.2642132796780684,0.0,16670000.0,0.0,-4699000.0,120086000.0,302929000.0,6706000.0,0.0,78149000.0,0.31448289738430585,-54429000.0,-0.21903018108651912,20203000.0,-40897000.0,-0.16457545271629778,-17460000.0,-23437000.0,-0.0943138832997988,-0.18,-0.18,131341000,131341000,https://www.sedar.com/ModifyCompanyDocumentSearchForm.do?lang=EN&company_search=Paramount Resources Ltd&document_selection=0&industry_group=A&FromDate=13&FromMonth=05&FromYear=2000&ToDate=13&ToMonth=11&ToYear=2020&Variable=Issuer,https://www.sedar.com/ModifyCompanyDocumentSearchForm.do?lang=EN&company_search=Paramount Resources Ltd&document_selection=0&industry_group=A&FromDate=13&FromMonth=05&FromYear=2000&ToDate=13&ToMonth=11&ToYear=2020&Variable=Issuer,1620596718,17:45:18,20210509
11,2018-06-30,POU.TO,CAD,2018-06-30,2018-06-30,Q2,239730000,202429000.0,37301000.0,0.1555958786968673,0.0,18185000.0,0.0,3046000.0,126458000.0,328887000.0,6894000.0,0.0,75253000.0,0.31390731239310893,-89157000.0,-0.37190589413089725,-86405000.0,-182190000.0,-0.759979977474659,-47609000.0,-134581000.0,-0.5613857256079756,-1.01,-1.01,132817000,132817000,https://www.sedar.com/ModifyCompanyDocumentSearchForm.do?lang=EN&company_search=Paramount Resources Ltd&document_selection=0&industry_group=A&FromDate=13&FromMonth=05&FromYear=2000&ToDate=13&ToMonth=11&ToYear=2020&Variable=Issuer,https://www.sedar.com/ModifyCompanyDocumentSearchForm.do?lang=EN&company_search=Paramount Resources Ltd&document_selection=0&industry_group=A&FromDate=13&FromMonth=05&FromYear=2000&ToDate=13&ToMonth=11&ToYear=2020&Variable=Issuer,1620596718,17:45:18,20210509
12,2018-03-31,POU.TO,CAD,2018-03-31,2018-03-31,Q1,269813000,207795000.0,62018000.0,0.2298554925077739,0.0,23806000.0,0.0,2155000.0,133968000.0,341763000.0,8682000.0,0.0,95290000.0,0.3531705292183846,-71950000.0,-0.2666661724972481,-28668000.0,-108930000.0,-0.40372406073836326,-27876000.0,-81054000.0,-0.3004080603973863,-0.61,-0.61,133648000,133648000,https://www.sedar.com/ModifyCompanyDocumentSearchForm.do?lang=EN&company_search=Paramount Resources Ltd&document_selection=0&industry_group=A&FromDate=13&FromMonth=05&FromYear=2000&ToDate=13&ToMonth=11&ToYear=2020&Variable=Issuer,https://www.sedar.com/ModifyCompanyDocumentSearchForm.do?lang=EN&company_search=Paramount Resources Ltd&document_selection=0&industry_group=A&FromDate=13&FromMonth=05&FromYear=2000&ToDate=13&ToMonth=11&ToYear=2020&Variable=Issuer,1620596718,17:45:18,20210509
13,2017-12-31,POU.TO,CAD,2017-12-31,2017-12-31,Q4,258851000,218730000.0,40121000.0,0.15499650378016697,0.0,28050000.0,0.0,3623000.0,265684000.0,484414000.0,8479000.0,0.0,87708000.0,0.33883585537625893,-225563000.0,-0.8714009217658035,25785000.0,-208150000.0,-0.8041305615972123,-101988000.0,-106162000.0,-0.4101278341594199,-0.7935328589367936,-0.7935328589367936,133784000,133784000,https://www.sedar.com/ModifyCompanyDocumentSearchForm.do?lang=EN&company_search=Paramount Resources Ltd&document_selection=0&industry_group=A&FromDate=13&FromMonth=05&FromYear=2000&ToDate=13&ToMonth=11&ToYear=2020&Variable=Issuer,https://www.sedar.com/ModifyCompanyDocumentSearchForm.do?lang=EN&company_search=Paramount Resources Ltd&document_selection=0&industry_group=A&FromDate=13&FromMonth=05&FromYear=2000&ToDate=13&ToMonth=11&ToYear=2020&Variable=Issuer,1620596718,17:45:18,20210509
14,2017-09-30,POU.TO,CAD,2017-09-30,2017-09-30,Q3,116539000,107064000.0,9475000.0,0.08130325470443371,0.0,13767000.0,0.0,25000.0,291638000.0,398702000.0,1864000.0,0.0,-132654000.0,-1.1382798891358257,-282163000.0,-2.42118947305194,436891000.0,153846000.0,1.3201245934837265,-69609000.0,223455000.0,1.917426784166674,1.99,1.97,112135000,113188000,https://www.sedar.com/ModifyCompanyDocumentSearchForm.do?lang=EN&company_search=Paramount Resources Ltd&document_selection=0&industry_group=A&FromDate=13&FromMonth=05&FromYear=2000&ToDate=13&ToMonth=11&ToYear=2020&Variable=Issuer,https://www.sedar.com/ModifyCompanyDocumentSearchForm.do?lang=EN&company_search=Paramount Resources Ltd&document_selection=0&industry_group=A&FromDate=13&FromMonth=05&FromYear=2000&ToDate=13&ToMonth=11&ToYear=2020&Variable=Issuer,1620596718,17:45:18,20210509
15,2017-06-30,POU.TO,CAD,2017-06-30,2017-06-30,Q2,61328000,45009000.0,16319000.0,0.2660937907644143,0.0,7914000.0,0.0,262000.0,27790000.0,72799000.0,88000.0,0.0,30134000.0,0.4913579441690582,-11471000.0,-0.18704343855987476,77382000.0,67344000.0,1.098095486564049,22011000.0,45333000.0,0.7391892773284633,0.43,0.42,106172000,107110000,https://www.sedar.com/ModifyCompanyDocumentSearchForm.do?lang=EN&company_search=Paramount Resources Ltd&document_selection=0&industry_group=A&FromDate=13&FromMonth=05&FromYear=2000&ToDate=13&ToMonth=11&ToYear=2020&Variable=Issuer,https://www.sedar.com/ModifyCompanyDocumentSearchForm.do?lang=EN&company_search=Paramount Resources Ltd&document_selection=0&industry_group=A&FromDate=13&FromMonth=05&FromYear=2000&ToDate=13&ToMonth=11&ToYear=2020&Variable=Issuer,1620596718,17:45:18,20210509
16,2017-03-31,POU.TO,CAD,2017-03-31,2017-03-31,Q1,54703000,49088000.0,5615000.0,0.10264519313383179,0.0,9211000.0,0.0,79000.0,28695000.0,77783000.0,351000.0,0.0,-19742000.0,-0.360894283677312,-23080000.0,-0.4219147030327404,52807000.0,31466000.0,0.5752152532767856,10729000.0,20737000.0,0.37908341407235435,0.2,0.19,106114000,106912000,https://www.sedar.com/ModifyCompanyDocumentSearchForm.do?lang=EN&company_search=Paramount Resources Ltd&document_selection=0&industry_group=A&FromDate=13&FromMonth=05&FromYear=2000&ToDate=13&ToMonth=11&ToYear=2020&Variable=Issuer,https://www.sedar.com/ModifyCompanyDocumentSearchForm.do?lang=EN&company_search=Paramount Resources Ltd&document_selection=0&industry_group=A&FromDate=13&FromMonth=05&FromYear=2000&ToDate=13&ToMonth=11&ToYear=2020&Variable=Issuer,1620596718,17:45:18,20210509
17,2016-12-31,POU.TO,CAD,2016-12-31,2016-12-31,Q4,32323000,25576000.0,6747000.0,0.20873681279584197,0.0,10103000.0,0.0,5078000.0,-70605000.0,-45029000.0,5462000.0,0.0,79692000.0,2.4654889707019767,77352000.0,2.393094700368159,129423000.0,201313000.0,6.228165702440986,-11086000.0,212399000.0,6.571141292578041,1.5876263230281649,1.5876263230281649,133784000,133784000,https://www.sedar.com/ModifyCompanyDocumentSearchForm.do?lang=EN&company_search=Paramount Resources Ltd&document_selection=0&industry_group=A&FromDate=13&FromMonth=05&FromYear=2000&ToDate=13&ToMonth=11&ToYear=2020&Variable=Issuer,https://www.sedar.com/ModifyCompanyDocumentSearchForm.do?lang=EN&company_search=Paramount Resources Ltd&document_selection=0&industry_group=A&FromDate=13&FromMonth=05&FromYear=2000&ToDate=13&ToMonth=11&ToYear=2020&Variable=Issuer,1620596718,17:45:18,20210509
18,2016-09-30,POU.TO,CAD,2016-09-30,2016-09-30,Q3,51681000,36897000.0,14784000.0,0.28606257618854125,0.0,5461000.0,0.0,-2930000.0,48802000.0,85699000.0,17808000.0,0.0,-15606000.0,-0.30196784117954373,-34018000.0,-0.6582302974013661,1218597000.0,1166771000.0,22.57640138542211,137367000.0,1029404000.0,19.918422631141038,9.69,9.64,106254000,106800000,https://www.sedar.com/ModifyCompanyDocumentSearchForm.do?lang=EN&company_search=Paramount Resources Ltd&document_selection=0&industry_group=A&FromDate=13&FromMonth=05&FromYear=2000&ToDate=13&ToMonth=11&ToYear=2020&Variable=Issuer,https://www.sedar.com/ModifyCompanyDocumentSearchForm.do?lang=EN&company_search=Paramount Resources Ltd&document_selection=0&industry_group=A&FromDate=13&FromMonth=05&FromYear=2000&ToDate=13&ToMonth=11&ToYear=2020&Variable=Issuer,1620596718,17:45:18,20210509
19,2016-06-30,POU.TO,CAD,2016-06-30,2016-06-30,Q2,73634000,94606000.0,-20972000.0,-0.2848140804519651,0.0,24693000.0,0.0,-352000.0,64578000.0,159184000.0,26967000.0,0.0,-14836000.0,-0.20148301056577125,-85550000.0,-1.1618274166825109,114637000.0,2120000.0,0.028791047613874025,32680000.0,-30560000.0,-0.4150256674905614,-0.29,-0.29,106231000,106231000,https://www.sedar.com/ModifyCompanyDocumentSearchForm.do?lang=EN&company_search=Paramount Resources Ltd&document_selection=0&industry_group=A&FromDate=13&FromMonth=05&FromYear=2000&ToDate=13&ToMonth=11&ToYear=2020&Variable=Issuer,https://www.sedar.com/ModifyCompanyDocumentSearchForm.do?lang=EN&company_search=Paramount Resources Ltd&document_selection=0&industry_group=A&FromDate=13&FromMonth=05&FromYear=2000&ToDate=13&ToMonth=11&ToYear=2020&Variable=Issuer,1620596718,17:45:18,20210509
20,2016-03-31,POU.TO,CAD,2016-03-31,2016-03-31,Q1,91190000,111257000.0,-20067000.0,-0.2200570237964689,0.0,13390000.0,0.0,-539000.0,41436000.0,152693000.0,30087000.0,0.0,22435000.0,0.24602478341923456,-61503000.0,-0.6744489527360457,42756000.0,-48834000.0,-0.5355192455313083,-2867000.0,-45967000.0,-0.5040793946704683,-0.43,-0.43,106212000,106212000,https://www.sedar.com/ModifyCompanyDocumentSearchForm.do?lang=EN&company_search=Paramount Resources Ltd&document_selection=0&industry_group=A&FromDate=13&FromMonth=05&FromYear=2000&ToDate=13&ToMonth=11&ToYear=2020&Variable=Issuer,https://www.sedar.com/ModifyCompanyDocumentSearchForm.do?lang=EN&company_search=Paramount Resources Ltd&document_selection=0&industry_group=A&FromDate=13&FromMonth=05&FromYear=2000&ToDate=13&ToMonth=11&ToYear=2020&Variable=Issuer,1620596718,17:45:18,20210509
21,2015-12-31,POU.TO,CAD,2015-12-31,2015-12-31,Q4,91287000,118535000.0,-27248000.0,-0.2984871887563399,0.0,8764000.0,0.0,1971000.0,228456000.0,346991000.0,29443000.0,0.0,83871000.0,0.9187617075815834,-255704000.0,-2.8010998280149417,-247524000.0,-532671000.0,-5.835124387919419,66342000.0,-599013000.0,-6.561865325840481,-4.477463672785984,-4.477463672785984,133784000,133784000,https://www.sedar.com/ModifyCompanyDocumentSearchForm.do?lang=EN&company_search=Paramount Resources Ltd&document_selection=0&industry_group=A&FromDate=13&FromMonth=05&FromYear=2000&ToDate=13&ToMonth=11&ToYear=2020&Variable=Issuer,https://www.sedar.com/ModifyCompanyDocumentSearchForm.do?lang=EN&company_search=Paramount Resources Ltd&document_selection=0&industry_group=A&FromDate=13&FromMonth=05&FromYear=2000&ToDate=13&ToMonth=11&ToYear=2020&Variable=Issuer,1620596718,17:45:18,20210509
22,2015-09-30,POU.TO,CAD,2015-09-30,2015-09-30,Q3,110707000,122953000.0,-12246000.0,-0.11061631152501648,0.0,10661000.0,0.0,544000.0,43101000.0,166054000.0,29450000.0,0.0,55738000.0,0.5034731317802849,-55347000.0,-0.49994128645885083,-110693000.0,-195490000.0,-1.765832332192183,-23693000.0,-171797000.0,-1.5518169582772543,-1.62,-1.62,106212000,106212000,https://www.sedar.com/ModifyCompanyDocumentSearchForm.do?lang=EN&company_search=Paramount Resources Ltd&document_selection=0&industry_group=A&FromDate=13&FromMonth=05&FromYear=2000&ToDate=13&ToMonth=11&ToYear=2020&Variable=Issuer,https://www.sedar.com/ModifyCompanyDocumentSearchForm.do?lang=EN&company_search=Paramount Resources Ltd&document_selection=0&industry_group=A&FromDate=13&FromMonth=05&FromYear=2000&ToDate=13&ToMonth=11&ToYear=2020&Variable=Issuer,1620596718,17:45:18,20210509
23,2015-06-30,POU.TO,CAD,2015-06-30,2015-06-30,Q2,94596000,100670000.0,-6074000.0,-0.06420990316715294,0.0,13794000.0,0.0,121000.0,41306000.0,141976000.0,28026000.0,0.0,31527000.0,0.3332804769757706,-47380000.0,-0.500866844264028,-23245000.0,-98651000.0,-1.0428665059833397,-38463000.0,-60188000.0,-0.6362636897966087,-0.57,-0.57,105891000,105891000,https://www.sedar.com/ModifyCompanyDocumentSearchForm.do?lang=EN&company_search=Paramount Resources Ltd&document_selection=0&industry_group=A&FromDate=13&FromMonth=05&FromYear=2000&ToDate=13&ToMonth=11&ToYear=2020&Variable=Issuer,https://www.sedar.com/ModifyCompanyDocumentSearchForm.do?lang=EN&company_search=Paramount Resources Ltd&document_selection=0&industry_group=A&FromDate=13&FromMonth=05&FromYear=2000&ToDate=13&ToMonth=11&ToYear=2020&Variable=Issuer,1620596718,17:45:18,20210509
24,2015-03-31,POU.TO,CAD,2015-03-31,2015-03-31,Q1,80209000,94105000.0,-13896000.0,-0.17324739119051477,0.0,11142000.0,0.0,269000.0,35745000.0,129850000.0,23744000.0,0.0,24568000.0,0.30629979179393835,-49641000.0,-0.6188956351531624,-13602000.0,-86987000.0,-1.084504232692092,-16684000.0,-70303000.0,-0.8764976498896633,-0.67,-0.670402,104867000,104867000,https://www.sedar.com/ModifyCompanyDocumentSearchForm.do?lang=EN&company_search=Paramount Resources Ltd&document_selection=0&industry_group=A&FromDate=13&FromMonth=05&FromYear=2000&ToDate=13&ToMonth=11&ToYear=2020&Variable=Issuer,https://www.sedar.com/ModifyCompanyDocumentSearchForm.do?lang=EN&company_search=Paramount Resources Ltd&document_selection=0&industry_group=A&FromDate=13&FromMonth=05&FromYear=2000&ToDate=13&ToMonth=11&ToYear=2020&Variable=Issuer,1620596718,17:45:18,20210509
25,2014-12-31,POU.TO,CAD,2014-12-31,2014-12-31,Q4,99382000,94643000.0,4739000.0,0.04768469139280755,0.0,12150000.0,0.0,-2726000.0,44740000.0,139383000.0,21508000.0,0.0,42458000.0,0.4272202209655672,-40001000.0,-0.40249743414300376,-65667000.0,-127176000.0,-1.279668350405506,-20660000.0,-106516000.0,-1.071783622788835,-0.7961789152663996,-0.7961789152663996,133784000,133784000,https://www.sedar.com/ModifyCompanyDocumentSearchForm.do?lang=EN&company_search=Paramount Resources Ltd&document_selection=0&industry_group=A&FromDate=13&FromMonth=05&FromYear=2000&ToDate=13&ToMonth=11&ToYear=2020&Variable=Issuer,https://www.sedar.com/ModifyCompanyDocumentSearchForm.do?lang=EN&company_search=Paramount Resources Ltd&document_selection=0&industry_group=A&FromDate=13&FromMonth=05&FromYear=2000&ToDate=13&ToMonth=11&ToYear=2020&Variable=Issuer,1620596718,17:45:18,20210509
26,2014-09-30,POU.TO,CAD,2014-09-30,2014-09-30,Q3,84366000,51848000.0,32518000.0,0.3854396320792736,0.0,11956000.0,0.0,1257000.0,32054000.0,83902000.0,16298000.0,0.0,44655000.0,0.5293009032074533,464000.0,0.005499845909489605,8119000.0,-7715000.0,-0.09144679136144893,1708000.0,-9423000.0,-0.1116919138041391,-0.09,-0.09,104122000,104122000,https://www.sedar.com/ModifyCompanyDocumentSearchForm.do?lang=EN&company_search=Paramount Resources Ltd&document_selection=0&industry_group=A&FromDate=13&FromMonth=05&FromYear=2000&ToDate=13&ToMonth=11&ToYear=2020&Variable=Issuer,https://www.sedar.com/ModifyCompanyDocumentSearchForm.do?lang=EN&company_search=Paramount Resources Ltd&document_selection=0&industry_group=A&FromDate=13&FromMonth=05&FromYear=2000&ToDate=13&ToMonth=11&ToYear=2020&Variable=Issuer,1620596718,17:45:18,20210509
27,2014-06-30,POU.TO,CAD,2014-06-30,2014-06-30,Q2,80028000,49168000.0,30860000.0,0.38561503473784176,0.0,11699000.0,0.0,1530000.0,37811000.0,86979000.0,17184000.0,0.0,48181000.0,0.6020517818763432,-6951000.0,-0.08685710001499475,91810000.0,67675000.0,0.8456415254660868,14566000.0,53109000.0,0.6636302294197031,0.54,0.53,98043000,99947000,https://www.sedar.com/ModifyCompanyDocumentSearchForm.do?lang=EN&company_search=Paramount Resources Ltd&document_selection=0&industry_group=A&FromDate=13&FromMonth=05&FromYear=2000&ToDate=13&ToMonth=11&ToYear=2020&Variable=Issuer,https://www.sedar.com/ModifyCompanyDocumentSearchForm.do?lang=EN&company_search=Paramount Resources Ltd&document_selection=0&industry_group=A&FromDate=13&FromMonth=05&FromYear=2000&ToDate=13&ToMonth=11&ToYear=2020&Variable=Issuer,1620596718,17:45:18,20210509
28,2014-03-31,POU.TO,CAD,2014-03-31,2014-03-31,Q1,86218000,54844000.0,31374000.0,0.3638915307708367,0.0,13447000.0,0.0,1151000.0,41545000.0,96389000.0,15609000.0,0.0,35679000.0,0.4138230995847735,-10171000.0,-0.11796840566934978,18280000.0,-7500000.0,-0.0869887958430954,1384000.0,-8884000.0,-0.10304112830267462,-0.09,-0.09,97303000,97303000,https://www.sedar.com/ModifyCompanyDocumentSearchForm.do?lang=EN&company_search=Paramount Resources Ltd&document_selection=0&industry_group=A&FromDate=13&FromMonth=05&FromYear=2000&ToDate=13&ToMonth=11&ToYear=2020&Variable=Issuer,https://www.sedar.com/ModifyCompanyDocumentSearchForm.do?lang=EN&company_search=Paramount Resources Ltd&document_selection=0&industry_group=A&FromDate=13&FromMonth=05&FromYear=2000&ToDate=13&ToMonth=11&ToYear=2020&Variable=Issuer,1620596718,17:45:18,20210509
29,2013-12-31,POU.TO,CAD,2013-12-31,2013-12-31,Q4,57846000,29295000.0,28551000.0,0.49356913183279744,0.0,13491000.0,0.0,1969000.0,38486000.0,67781000.0,13166000.0,0.0,37600000.0,0.6500017287280019,-9935000.0,-0.17174912699235903,20347000.0,-2754000.0,-0.047609169173322266,-3090000.0,336000.0,0.005808526086505549,0.0025115110925073253,0.0025115110925073253,133784000,133784000,https://www.sedar.com/ModifyCompanyDocumentSearchForm.do?lang=EN&company_search=Paramount Resources Ltd&document_selection=0&industry_group=A&FromDate=13&FromMonth=05&FromYear=2000&ToDate=13&ToMonth=11&ToYear=2020&Variable=Issuer,https://www.sedar.com/ModifyCompanyDocumentSearchForm.do?lang=EN&company_search=Paramount Resources Ltd&document_selection=0&industry_group=A&FromDate=13&FromMonth=05&FromYear=2000&ToDate=13&ToMonth=11&ToYear=2020&Variable=Issuer,1620596718,17:45:18,20210509
30,2013-09-30,POU.TO,CAD,2013-09-30,2013-09-30,Q3,53924000,54511000.0,-587000.0,-0.010885690972479786,0.0,9459000.0,0.0,251000.0,30176000.0,84687000.0,13306000.0,0.0,12857000.0,0.2384281581485053,-30763000.0,-0.5704880943550181,-2858000.0,-46927000.0,-0.8702433053927751,-9287000.0,-37640000.0,-0.6980194347600326,-0.39,-0.39,95324000,95324000,https://www.sedar.com/ModifyCompanyDocumentSearchForm.do?lang=EN&company_search=Paramount Resources Ltd&document_selection=0&industry_group=A&FromDate=13&FromMonth=05&FromYear=2000&ToDate=13&ToMonth=11&ToYear=2020&Variable=Issuer,https://www.sedar.com/ModifyCompanyDocumentSearchForm.do?lang=EN&company_search=Paramount Resources Ltd&document_selection=0&industry_group=A&FromDate=13&FromMonth=05&FromYear=2000&ToDate=13&ToMonth=11&ToYear=2020&Variable=Issuer,1620596718,17:45:18,20210509
31,2013-06-30,POU.TO,CAD,2013-06-30,2013-06-30,Q2,59428000,44622000.0,14806000.0,0.24914181867133336,0.0,12268000.0,0.0,1278000.0,44525000.0,89147000.0,13327000.0,0.0,13381000.0,0.22516322272329542,-29719000.0,-0.5000841354243791,15326000.0,-27720000.0,-0.4664467927576227,-5581000.0,-22139000.0,-0.37253483206569293,-0.24,-0.24,92826000,92826000,https://www.sedar.com/ModifyCompanyDocumentSearchForm.do?lang=EN&company_search=Paramount Resources Ltd&document_selection=0&industry_group=A&FromDate=13&FromMonth=05&FromYear=2000&ToDate=13&ToMonth=11&ToYear=2020&Variable=Issuer,https://www.sedar.com/ModifyCompanyDocumentSearchForm.do?lang=EN&company_search=Paramount Resources Ltd&document_selection=0&industry_group=A&FromDate=13&FromMonth=05&FromYear=2000&ToDate=13&ToMonth=11&ToYear=2020&Variable=Issuer,1620596718,17:45:18,20210509
32,2013-03-31,POU.TO,CAD,2013-03-31,2013-03-31,Q1,59524000,51352000.0,8172000.0,0.13728916067468583,0.0,10113000.0,0.0,920000.0,38316000.0,89668000.0,12840000.0,0.0,14331000.0,0.24076002956790538,-30144000.0,-0.5064175794637458,14678000.0,-28306000.0,-0.47553927827430953,-634000.0,358000.0,0.006014380753981587,0.003979015693771395,0.003979015693771395,89972000,89972000,https://www.sedar.com/ModifyCompanyDocumentSearchForm.do?lang=EN&company_search=Paramount Resources Ltd&document_selection=0&industry_group=A&FromDate=13&FromMonth=05&FromYear=2000&ToDate=13&ToMonth=11&ToYear=2020&Variable=Issuer,https://www.sedar.com/ModifyCompanyDocumentSearchForm.do?lang=EN&company_search=Paramount Resources Ltd&document_selection=0&industry_group=A&FromDate=13&FromMonth=05&FromYear=2000&ToDate=13&ToMonth=11&ToYear=2020&Variable=Issuer,1620596718,17:45:18,20210509
33,2012-12-31,POU.TO,CAD,2012-12-31,2012-12-31,Q4,54585000,110137000.0,-55552000.0,-1.0177154896033709,0.0,11071000.0,0.0,0.0,-12615000.0,97522000.0,11647000.0,0.0,-31887000.0,-0.584171475680132,-42937000.0,-0.786608042502519,-136774000.0,-191358000.0,-3.5056883759274524,-39544000.0,-151814000.0,-2.7812402674727488,-1.1347694791604377,-1.1347694791604377,133784000,133784000,https://www.sedar.com/ModifyCompanyDocumentSearchForm.do?lang=EN&company_search=Paramount Resources Ltd&document_selection=0&industry_group=A&FromDate=13&FromMonth=05&FromYear=2000&ToDate=13&ToMonth=11&ToYear=2020&Variable=Issuer,https://www.sedar.com/ModifyCompanyDocumentSearchForm.do?lang=EN&company_search=Paramount Resources Ltd&document_selection=0&industry_group=A&FromDate=13&FromMonth=05&FromYear=2000&ToDate=13&ToMonth=11&ToYear=2020&Variable=Issuer,1620596718,17:45:18,20210509
34,2012-09-30,POU.TO,CAD,2012-09-30,2012-09-30,Q3,41324000,22337000.0,18987000.0,0.4594666537605266,10406000.0,11353000.0,0.0,0.0,55591000.0,77928000.0,8102000.0,0.0,-5026000.0,-0.12162423773110057,-36604000.0,-0.8857806601490659,2479000.0,-42227000.0,-1.0218517084502952,-7609000.0,-34618000.0,-0.8377214209660245,-0.4,-0.4,85694000,85694000,https://www.sedar.com/ModifyCompanyDocumentSearchForm.do?lang=EN&company_search=Paramount Resources Ltd&document_selection=0&industry_group=A&FromDate=13&FromMonth=05&FromYear=2000&ToDate=13&ToMonth=11&ToYear=2020&Variable=Issuer,https://www.sedar.com/ModifyCompanyDocumentSearchForm.do?lang=EN&company_search=Paramount Resources Ltd&document_selection=0&industry_group=A&FromDate=13&FromMonth=05&FromYear=2000&ToDate=13&ToMonth=11&ToYear=2020&Variable=Issuer,1620596718,17:45:18,20210509
35,2012-06-30,POU.TO,CAD,2012-06-30,2012-06-30,Q2,43173000,24117000.0,19056000.0,0.44138697797234383,3784000.0,13100000.0,0.0,0.0,55409000.0,79526000.0,8007000.0,0.0,-86000.0,-0.0019919857318231302,-36353000.0,-0.8420308989414681,7775000.0,-36585000.0,-0.8474046278924328,-5670000.0,18000.0,0.0004169272461955389,0.00021053370293694517,0.00021053370293694517,85497000,85497000,https://www.sedar.com/ModifyCompanyDocumentSearchForm.do?lang=EN&company_search=Paramount Resources Ltd&document_selection=0&industry_group=A&FromDate=13&FromMonth=05&FromYear=2000&ToDate=13&ToMonth=11&ToYear=2020&Variable=Issuer,https://www.sedar.com/ModifyCompanyDocumentSearchForm.do?lang=EN&company_search=Paramount Resources Ltd&document_selection=0&industry_group=A&FromDate=13&FromMonth=05&FromYear=2000&ToDate=13&ToMonth=11&ToYear=2020&Variable=Issuer,1620596718,17:45:18,20210509
36,2012-03-31,POU.TO,CAD,2012-03-31,2012-03-31,Q1,51112000,32232000.0,18880000.0,0.36938488026295196,5186000.0,11698000.0,0.0,1973000.0,22286000.0,54518000.0,7568000.0,0.0,186973000.0,3.658103772108311,-3406000.0,-0.0666379715135389,158516000.0,147542000.0,2.88664110189388,23040000.0,124502000.0,2.43586633275943,1.46,1.42,85470000,87467000,https://www.sedar.com/ModifyCompanyDocumentSearchForm.do?lang=EN&company_search=Paramount Resources Ltd&document_selection=0&industry_group=A&FromDate=13&FromMonth=05&FromYear=2000&ToDate=13&ToMonth=11&ToYear=2020&Variable=Issuer,https://www.sedar.com/ModifyCompanyDocumentSearchForm.do?lang=EN&company_search=Paramount Resources Ltd&document_selection=0&industry_group=A&FromDate=13&FromMonth=05&FromYear=2000&ToDate=13&ToMonth=11&ToYear=2020&Variable=Issuer,1620596718,17:45:18,20210509
37,2011-12-31,POU.TO,CAD,2011-12-31,2011-12-31,Q4,57366000,31818000.0,25548000.0,0.4453509047170798,0.0,10152000.0,0.0,0.0,328395000.0,360213000.0,8631000.0,0.0,-54515000.0,-0.9503015723599345,-302847000.0,-5.27920719590001,41458000.0,-270020000.0,-4.7069692849423,-60101000.0,-209919000.0,-3.6592929609873446,-1.5690889792501346,-1.5690889792501346,133784000,133784000,https://www.sedar.com/ModifyCompanyDocumentSearchForm.do?lang=EN&company_search=Paramount Resources Ltd&document_selection=0&industry_group=A&FromDate=13&FromMonth=05&FromYear=2000&ToDate=13&ToMonth=11&ToYear=2020&Variable=Issuer,https://www.sedar.com/ModifyCompanyDocumentSearchForm.do?lang=EN&company_search=Paramount Resources Ltd&document_selection=0&industry_group=A&FromDate=13&FromMonth=05&FromYear=2000&ToDate=13&ToMonth=11&ToYear=2020&Variable=Issuer,1620596718,17:45:18,20210509
38,2011-09-30,POU.TO,CAD,2011-09-30,2011-09-30,Q3,76707000,31429000.0,45278000.0,0.5902720742565868,0.0,18595000.0,0.0,3240000.0,68029000.0,99458000.0,9205000.0,0.0,25370000.0,0.33073904598015824,-22751000.0,-0.29659613855319594,5462000.0,-26494000.0,-0.34539220670864457,-4076000.0,-22418000.0,-0.2922549441380839,-0.28,-0.28,78982000,78982000,https://www.sedar.com/ModifyCompanyDocumentSearchForm.do?lang=EN&company_search=Paramount Resources Ltd&document_selection=0&industry_group=A&FromDate=13&FromMonth=05&FromYear=2000&ToDate=13&ToMonth=11&ToYear=2020&Variable=Issuer,https://www.sedar.com/ModifyCompanyDocumentSearchForm.do?lang=EN&company_search=Paramount Resources Ltd&document_selection=0&industry_group=A&FromDate=13&FromMonth=05&FromYear=2000&ToDate=13&ToMonth=11&ToYear=2020&Variable=Issuer,1620596718,17:45:18,20210509
39,2011-06-30,POU.TO,CAD,2011-06-30,2011-06-30,Q2,64250000,26203000.0,38047000.0,0.592171206225681,0.0,-5872000.0,0.0,17100000.0,36363000.0,62566000.0,8644000.0,0.0,54335000.0,0.84568093385214,1684000.0,0.02621011673151751,18333000.0,11373000.0,0.17701167315175098,-839000.0,12212000.0,0.19007003891050583,0.16,-0.02,77126000,79477000,https://www.sedar.com/ModifyCompanyDocumentSearchForm.do?lang=EN&company_search=Paramount Resources Ltd&document_selection=0&industry_group=A&FromDate=13&FromMonth=05&FromYear=2000&ToDate=13&ToMonth=11&ToYear=2020&Variable=Issuer,https://www.sedar.com/ModifyCompanyDocumentSearchForm.do?lang=EN&company_search=Paramount Resources Ltd&document_selection=0&industry_group=A&FromDate=13&FromMonth=05&FromYear=2000&ToDate=13&ToMonth=11&ToYear=2020&Variable=Issuer,1620596718,17:45:18,20210509
40,2011-03-31,POU.TO,CAD,2011-03-31,2011-03-31,Q1,43390000,24378000.0,19012000.0,0.4381654759161097,0.0,15521000.0,0.0,685000.0,19426000.0,43804000.0,7627000.0,0.0,26684000.0,0.6149804102327725,-414000.0,-0.009541368979027425,-589000.0,-8630000.0,-0.19889375432127218,3235000.0,-11865000.0,-0.27345010371053236,-0.16,-0.16,75159000,75159000,https://www.sedar.com/ModifyCompanyDocumentSearchForm.do?lang=EN&company_search=Paramount Resources Ltd&document_selection=0&industry_group=A&FromDate=13&FromMonth=05&FromYear=2000&ToDate=13&ToMonth=11&ToYear=2020&Variable=Issuer,https://www.sedar.com/ModifyCompanyDocumentSearchForm.do?lang=EN&company_search=Paramount Resources Ltd&document_selection=0&industry_group=A&FromDate=13&FromMonth=05&FromYear=2000&ToDate=13&ToMonth=11&ToYear=2020&Variable=Issuer,1620596718,17:45:18,20210509
41,2010-12-31,POU.TO,CAD,2010-12-31,2010-12-31,Q4,45266000,15812000.0,29454000.0,0.6506870498829144,0.0,40078000.0,0.0,-1337000.0,95646000.0,111458000.0,4499000.0,0.0,-47527000.0,-1.0499491892369548,-66192000.0,-1.4622895771660849,-26669000.0,-97360000.0,-2.1508416913356605,-21834000.0,-75526000.0,-1.6684929085848097,-0.5645368653949651,-0.5645368653949651,133784000,133784000,https://www.sedar.com/ModifyCompanyDocumentSearchForm.do?lang=EN&company_search=Paramount Resources Ltd&document_selection=0&industry_group=A&FromDate=13&FromMonth=05&FromYear=2000&ToDate=13&ToMonth=11&ToYear=2020&Variable=Issuer,https://www.sedar.com/ModifyCompanyDocumentSearchForm.do?lang=EN&company_search=Paramount Resources Ltd&document_selection=0&industry_group=A&FromDate=13&FromMonth=05&FromYear=2000&ToDate=13&ToMonth=11&ToYear=2020&Variable=Issuer,1620596718,17:45:18,20210509
42,2010-09-30,POU.TO,CAD,2010-09-30,2010-09-30,Q3,45590000,23784000.0,21806000.0,0.4783066461943409,0.0,12528000.0,0.0,-58000.0,58916000.0,82700000.0,3484000.0,0.0,10560000.0,0.231629743364773,-37110000.0,-0.8139942969949551,-58000.0,-40652000.0,-0.8916867734152226,-36981000.0,-3671000.0,-0.08052204430796227,-0.05,-0.05,72439000,72439000,https://www.sedar.com/ModifyCompanyDocumentSearchForm.do?lang=EN&company_search=Paramount Resources Ltd&document_selection=0&industry_group=A&FromDate=13&FromMonth=05&FromYear=2000&ToDate=13&ToMonth=11&ToYear=2020&Variable=Issuer,https://www.sedar.com/ModifyCompanyDocumentSearchForm.do?lang=EN&company_search=Paramount Resources Ltd&document_selection=0&industry_group=A&FromDate=13&FromMonth=05&FromYear=2000&ToDate=13&ToMonth=11&ToYear=2020&Variable=Issuer,1620596718,17:45:18,20210509
43,2010-06-30,POU.TO,CAD,2010-06-30,2010-06-30,Q2,44225000,20765000.0,23460000.0,0.5304691916336913,0.0,10486000.0,2096000.0,2538000.0,59945000.0,80710000.0,2903000.0,0.0,11389000.0,0.2575240248728095,-36485000.0,-0.8249858677218768,2538000.0,-36850000.0,-0.8332391181458451,-8042000.0,-28808000.0,-0.6513962690785755,-0.4,-0.4,72399000,72399000,https://www.sedar.com/ModifyCompanyDocumentSearchForm.do?lang=EN&company_search=Paramount Resources Ltd&document_selection=0&industry_group=A&FromDate=13&FromMonth=05&FromYear=2000&ToDate=13&ToMonth=11&ToYear=2020&Variable=Issuer,https://www.sedar.com/ModifyCompanyDocumentSearchForm.do?lang=EN&company_search=Paramount Resources Ltd&document_selection=0&industry_group=A&FromDate=13&FromMonth=05&FromYear=2000&ToDate=13&ToMonth=11&ToYear=2020&Variable=Issuer,1620596718,17:45:18,20210509
44,2010-03-31,POU.TO,CAD,2010-03-31,2010-03-31,Q1,59360000,25169000.0,34191000.0,0.575993935309973,0.0,19239000.0,3054000.0,9269000.0,60715000.0,85884000.0,2673000.0,0.0,22354000.0,0.37658355795148246,-26524000.0,-0.44683288409703503,9269000.0,-19928000.0,-0.3357142857142857,-5465000.0,-14463000.0,-0.24364892183288409,-0.2,-0.2,72225000,72225000,https://www.sedar.com/ModifyCompanyDocumentSearchForm.do?lang=EN&company_search=Paramount Resources Ltd&document_selection=0&industry_group=A&FromDate=13&FromMonth=05&FromYear=2000&ToDate=13&ToMonth=11&ToYear=2020&Variable=Issuer,https://www.sedar.com/ModifyCompanyDocumentSearchForm.do?lang=EN&company_search=Paramount Resources Ltd&document_selection=0&industry_group=A&FromDate=13&FromMonth=05&FromYear=2000&ToDate=13&ToMonth=11&ToYear=2020&Variable=Issuer,1620596718,17:45:18,20210509
45,2009-12-31,POU.TO,CAD,2009-12-31,2009-12-31,Q4,62482000,36574000.0,25908000.0,0.4146474184565155,0.0,31459000.0,1027000.0,-7817000.0,74429000.0,111003000.0,2790000.0,0.0,-15453000.0,-0.24731922793764605,-48521000.0,-0.7765596491789636,-10554000.0,-61865000.0,-0.9901251560449409,-15407000.0,-46458000.0,-0.7435421401363592,-0.3472612569515039,-0.3472612569515039,133784000,133784000,https://www.sedar.com/ModifyCompanyDocumentSearchForm.do?lang=EN&company_search=Paramount Resources Ltd&document_selection=0&industry_group=A&FromDate=13&FromMonth=05&FromYear=2000&ToDate=13&ToMonth=11&ToYear=2020&Variable=Issuer,https://www.sedar.com/ModifyCompanyDocumentSearchForm.do?lang=EN&company_search=Paramount Resources Ltd&document_selection=0&industry_group=A&FromDate=13&FromMonth=05&FromYear=2000&ToDate=13&ToMonth=11&ToYear=2020&Variable=Issuer,1620596718,17:45:18,20210509
46,2009-09-30,POU.TO,CAD,2009-09-30,2009-09-30,Q3,31921000,14799000.0,17122000.0,0.5363867046771718,0.0,17820000.0,1421000.0,-1015000.0,44455000.0,59254000.0,2525000.0,0.0,2652000.0,0.0830801040067667,-27333000.0,-0.8562701669747188,-2339000.0,-32197000.0,-1.0086463456658625,-7037000.0,-25160000.0,-0.7881958585257354,-0.38,-0.38,65947000,65947000,https://www.sedar.com/ModifyCompanyDocumentSearchForm.do?lang=EN&company_search=Paramount Resources Ltd&document_selection=0&industry_group=A&FromDate=13&FromMonth=05&FromYear=2000&ToDate=13&ToMonth=11&ToYear=2020&Variable=Issuer,https://www.sedar.com/ModifyCompanyDocumentSearchForm.do?lang=EN&company_search=Paramount Resources Ltd&document_selection=0&industry_group=A&FromDate=13&FromMonth=05&FromYear=2000&ToDate=13&ToMonth=11&ToYear=2020&Variable=Issuer,1620596718,17:45:18,20210509
47,2009-06-30,POU.TO,CAD,2009-06-30,2009-06-30,Q2,40172000,18322000.0,21850000.0,0.5439111819177537,0.0,5064000.0,1726000.0,-6149000.0,38264000.0,56586000.0,3306000.0,0.0,13486000.0,0.3357064622124863,-16414000.0,-0.4085930498854924,-6149000.0,-25869000.0,-0.6439559892462412,-23287000.0,-2582000.0,-0.06427362341929703,-0.04,-0.04,65976000,65976000,https://www.sedar.com/ModifyCompanyDocumentSearchForm.do?lang=EN&company_search=Paramount Resources Ltd&document_selection=0&industry_group=A&FromDate=13&FromMonth=05&FromYear=2000&ToDate=13&ToMonth=11&ToYear=2020&Variable=Issuer,https://www.sedar.com/ModifyCompanyDocumentSearchForm.do?lang=EN&company_search=Paramount Resources Ltd&document_selection=0&industry_group=A&FromDate=13&FromMonth=05&FromYear=2000&ToDate=13&ToMonth=11&ToYear=2020&Variable=Issuer,1620596718,17:45:18,20210509
48,2009-03-31,POU.TO,CAD,2009-03-31,2009-03-31,Q1,41582000,30699000.0,10883000.0,0.26172382280794576,0.0,4800000.0,1144000.0,-1102000.0,36870000.0,67569000.0,2593000.0,0.0,4623000.0,0.11117791352027319,-25987000.0,-0.6249579144822279,-4790000.0,-32584000.0,-0.7836082920494445,-8899000.0,-23685000.0,-0.5695974219614256,-0.36,-0.36,66258000,66258000,https://www.sedar.com/ModifyCompanyDocumentSearchForm.do?lang=EN&company_search=Paramount Resources Ltd&document_selection=0&industry_group=A&FromDate=13&FromMonth=05&FromYear=2000&ToDate=13&ToMonth=11&ToYear=2020&Variable=Issuer,https://www.sedar.com/ModifyCompanyDocumentSearchForm.do?lang=EN&company_search=Paramount Resources Ltd&document_selection=0&industry_group=A&FromDate=13&FromMonth=05&FromYear=2000&ToDate=13&ToMonth=11&ToYear=2020&Variable=Issuer,1620596718,17:45:18,20210509
49,2008-12-31,POU.TO,CAD,2008-12-31,2008-12-31,Q4,54720000,24797000.0,29923000.0,0.5468384502923976,0.0,0.0,0.0,-31975000.0,45952000.0,70749000.0,0.0,32426000.0,16397000.0,0.29965277777777777,-16029000.0,-0.29292763157894736,-136536000.0,-155057000.0,-2.8336440058479533,-4485000.0,-150572000.0,-2.7516812865497076,-1.125485857800634,-1.125485857800634,133784000,133784000,https://www.sedar.com/ModifyCompanyDocumentSearchForm.do?lang=EN&company_search=Paramount Resources Ltd&document_selection=0&industry_group=A&FromDate=13&FromMonth=05&FromYear=2000&ToDate=13&ToMonth=11&ToYear=2020&Variable=Issuer,https://www.sedar.com/ModifyCompanyDocumentSearchForm.do?lang=EN&company_search=Paramount Resources Ltd&document_selection=0&industry_group=A&FromDate=13&FromMonth=05&FromYear=2000&ToDate=13&ToMonth=11&ToYear=2020&Variable=Issuer,1620596718,17:45:18,20210509
50,2008-09-30,POU.TO,CAD,2008-09-30,2008-09-30,Q3,83490000,30023000.0,53467000.0,0.6404000479099293,0.0,0.0,0.0,88662000.0,24135000.0,54158000.0,0.0,0.0,58844000.0,0.7048029704156187,29332000.0,0.3513235117978201,118486000.0,145502000.0,1.7427476344472392,41624000.0,103878000.0,1.244196909809558,1.5333225087457747,1.527415489126439,67747000,68009000,https://www.sedar.com/ModifyCompanyDocumentSearchForm.do?lang=EN&company_search=Paramount Resources Ltd&document_selection=0&industry_group=A&FromDate=13&FromMonth=05&FromYear=2000&ToDate=13&ToMonth=11&ToYear=2020&Variable=Issuer,https://www.sedar.com/ModifyCompanyDocumentSearchForm.do?lang=EN&company_search=Paramount Resources Ltd&document_selection=0&industry_group=A&FromDate=13&FromMonth=05&FromYear=2000&ToDate=13&ToMonth=11&ToYear=2020&Variable=Issuer,1620596718,17:45:18,20210509
51,2008-06-30,POU.TO,CAD,2008-06-30,2008-06-30,Q2,102911000,36670000.0,66241000.0,0.64367268805084,0.0,0.0,0.0,-55621000.0,48125000.0,84795000.0,0.0,0.0,49087000.0,0.47698496759335735,18116000.0,0.17603560357979225,-61555000.0,-45845000.0,-0.44548201844312074,-13953000.0,-31892000.0,-0.3098988446327409,-0.47,-0.47,67729000,67729000,https://www.sedar.com/ModifyCompanyDocumentSearchForm.do?lang=EN&company_search=Paramount Resources Ltd&document_selection=0&industry_group=A&FromDate=13&FromMonth=05&FromYear=2000&ToDate=13&ToMonth=11&ToYear=2020&Variable=Issuer,https://www.sedar.com/ModifyCompanyDocumentSearchForm.do?lang=EN&company_search=Paramount Resources Ltd&document_selection=0&industry_group=A&FromDate=13&FromMonth=05&FromYear=2000&ToDate=13&ToMonth=11&ToYear=2020&Variable=Issuer,1620596718,17:45:18,20210509
52,2008-03-31,POU.TO,CAD,2008-03-31,2008-03-31,Q1,76976000,51337000.0,25639000.0,0.33307784244439825,0.0,0.0,0.0,-16838000.0,39937000.0,91274000.0,0.0,28177000.0,13879000.0,0.1803029515693203,-14298000.0,-0.18574620660985242,-29542000.0,-46530000.0,-0.6044741218041987,-8492000.0,-38038000.0,-0.4941540220328414,-0.56,-0.56,67685000,67685000,https://www.sedar.com/ModifyCompanyDocumentSearchForm.do?lang=EN&company_search=Paramount Resources Ltd&document_selection=0&industry_group=A&FromDate=13&FromMonth=05&FromYear=2000&ToDate=13&ToMonth=11&ToYear=2020&Variable=Issuer,https://www.sedar.com/ModifyCompanyDocumentSearchForm.do?lang=EN&company_search=Paramount Resources Ltd&document_selection=0&industry_group=A&FromDate=13&FromMonth=05&FromYear=2000&ToDate=13&ToMonth=11&ToYear=2020&Variable=Issuer,1620596718,17:45:18,20210509
53,2007-12-31,POU.TO,CAD,2007-12-31,2007-12-31,Q4,61868000,-27851000.0,89719000.0,1.4501680998254347,0.0,0.0,0.0,-196352000.0,95610000.0,67759000.0,0.0,26192000.0,20301000.0,0.32813409193767373,-5891000.0,-0.0952188530419603,-201232000.0,-210609000.0,-3.4041669360574125,-54092000.0,-156517000.0,-2.5298538824594297,-1.1699231597201458,-1.1699231597201458,133784000,133784000,https://www.sedar.com/ModifyCompanyDocumentSearchForm.do?lang=EN&company_search=Paramount Resources Ltd&document_selection=0&industry_group=A&FromDate=13&FromMonth=05&FromYear=2000&ToDate=13&ToMonth=11&ToYear=2020&Variable=Issuer,https://www.sedar.com/ModifyCompanyDocumentSearchForm.do?lang=EN&company_search=Paramount Resources Ltd&document_selection=0&industry_group=A&FromDate=13&FromMonth=05&FromYear=2000&ToDate=13&ToMonth=11&ToYear=2020&Variable=Issuer,1620596718,17:45:18,20210509
54,2007-09-30,POU.TO,CAD,2007-09-30,2007-09-30,Q3,61899000,44646000.0,17253000.0,0.27872825086027236,0.0,0.0,0.0,-87448000.0,38488000.0,83134000.0,0.0,32866000.0,11631000.0,0.18790287403673728,-21235000.0,-0.34305885393948204,-89103000.0,-115058000.0,-1.8588022423625583,-32903000.0,-82155000.0,-1.3272427664421074,-1.17,-1.17,69992000,69992000,https://www.sedar.com/ModifyCompanyDocumentSearchForm.do?lang=EN&company_search=Paramount Resources Ltd&document_selection=0&industry_group=A&FromDate=13&FromMonth=05&FromYear=2000&ToDate=13&ToMonth=11&ToYear=2020&Variable=Issuer,https://www.sedar.com/ModifyCompanyDocumentSearchForm.do?lang=EN&company_search=Paramount Resources Ltd&document_selection=0&industry_group=A&FromDate=13&FromMonth=05&FromYear=2000&ToDate=13&ToMonth=11&ToYear=2020&Variable=Issuer,1620596718,17:45:18,20210509
55,2007-06-30,POU.TO,CAD,2007-06-30,2007-06-30,Q2,80858000,41710000.0,39148000.0,0.48415741175888594,0.0,0.0,0.0,306144000.0,53935000.0,95645000.0,0.0,41399000.0,26612000.0,0.32912018600509535,-14787000.0,-0.18287615325632592,847451000.0,819823000.0,10.139046229191917,148857000.0,670966000.0,8.29807811224616,9.46,9.34,70922000,71870000,https://www.sedar.com/ModifyCompanyDocumentSearchForm.do?lang=EN&company_search=Paramount Resources Ltd&document_selection=0&industry_group=A&FromDate=13&FromMonth=05&FromYear=2000&ToDate=13&ToMonth=11&ToYear=2020&Variable=Issuer,https://www.sedar.com/ModifyCompanyDocumentSearchForm.do?lang=EN&company_search=Paramount Resources Ltd&document_selection=0&industry_group=A&FromDate=13&FromMonth=05&FromYear=2000&ToDate=13&ToMonth=11&ToYear=2020&Variable=Issuer,1620596718,17:45:18,20210509
56,2007-03-31,POU.TO,CAD,2007-03-31,2007-03-31,Q1,78821000,93436000.0,-14615000.0,-0.1854201291533982,0.0,0.0,0.0,1578000.0,36570000.0,130006000.0,0.0,33540000.0,-17645000.0,-0.2238616612324127,-51185000.0,-0.6493827787011076,17475000.0,-45189000.0,-0.5733116808972228,-18667000.0,-16055000.0,-0.2036893721216427,-0.23,-0.23,70803000,70803000,https://www.sedar.com/ModifyCompanyDocumentSearchForm.do?lang=EN&company_search=Paramount Resources Ltd&document_selection=0&industry_group=A&FromDate=13&FromMonth=05&FromYear=2000&ToDate=13&ToMonth=11&ToYear=2020&Variable=Issuer,https://www.sedar.com/ModifyCompanyDocumentSearchForm.do?lang=EN&company_search=Paramount Resources Ltd&document_selection=0&industry_group=A&FromDate=13&FromMonth=05&FromYear=2000&ToDate=13&ToMonth=11&ToYear=2020&Variable=Issuer,1620596718,17:45:18,20210509
57,2006-12-31,POU.TO,CAD,2006-12-31,2006-12-31,Q4,73140000,54327000.0,18813000.0,0.25721903199343726,0.0,0.0,0.0,-310148000.0,50124000.0,104451000.0,0.0,53162000.0,21851000.0,0.2987558107738584,-31311000.0,-0.42809680065627564,-177893000.0,-220501000.0,-3.0147798742138363,-60909000.0,-159592000.0,-2.1820071096527207,-1.1929079710578245,-1.1929079710578245,133784000,133784000,https://www.sedar.com/ModifyCompanyDocumentSearchForm.do?lang=EN&company_search=Paramount Resources Ltd&document_selection=0&industry_group=A&FromDate=13&FromMonth=05&FromYear=2000&ToDate=13&ToMonth=11&ToYear=2020&Variable=Issuer,https://www.sedar.com/ModifyCompanyDocumentSearchForm.do?lang=EN&company_search=Paramount Resources Ltd&document_selection=0&industry_group=A&FromDate=13&FromMonth=05&FromYear=2000&ToDate=13&ToMonth=11&ToYear=2020&Variable=Issuer,1620596718,17:45:18,20210509
58,2006-09-30,POU.TO,CAD,2006-09-30,2006-09-30,Q3,77866000,37027000.0,40839000.0,0.5244779492975111,0.0,0.0,0.0,24016000.0,38702000.0,75729000.0,0.0,38092000.0,40229000.0,0.516643978116251,2137000.0,0.027444584285824365,31623000.0,24908000.0,0.3198828757095523,2747000.0,22161000.0,0.28460432024246785,0.33,0.32,68033000,69706000,https://www.sedar.com/ModifyCompanyDocumentSearchForm.do?lang=EN&company_search=Paramount Resources Ltd&document_selection=0&industry_group=A&FromDate=13&FromMonth=05&FromYear=2000&ToDate=13&ToMonth=11&ToYear=2020&Variable=Issuer,https://www.sedar.com/ModifyCompanyDocumentSearchForm.do?lang=EN&company_search=Paramount Resources Ltd&document_selection=0&industry_group=A&FromDate=13&FromMonth=05&FromYear=2000&ToDate=13&ToMonth=11&ToYear=2020&Variable=Issuer,1620596718,17:45:18,20210509
59,2006-06-30,POU.TO,CAD,2006-06-30,2006-06-30,Q2,73681000,41233000.0,32448000.0,0.44038490248503687,0.0,0.0,0.0,18998000.0,39614000.0,80847000.0,0.0,31735000.0,24569000.0,0.3334509575060056,-7166000.0,-0.09725709477341513,123989000.0,109680000.0,1.4885791452341852,-2194000.0,111874000.0,1.5183561569468385,1.65,1.61,67981000,69658000,https://www.sedar.com/ModifyCompanyDocumentSearchForm.do?lang=EN&company_search=Paramount Resources Ltd&document_selection=0&industry_group=A&FromDate=13&FromMonth=05&FromYear=2000&ToDate=13&ToMonth=11&ToYear=2020&Variable=Issuer,https://www.sedar.com/ModifyCompanyDocumentSearchForm.do?lang=EN&company_search=Paramount Resources Ltd&document_selection=0&industry_group=A&FromDate=13&FromMonth=05&FromYear=2000&ToDate=13&ToMonth=11&ToYear=2020&Variable=Issuer,1620596718,17:45:18,20210509
60,2006-03-31,POU.TO,CAD,2006-03-31,2006-03-31,Q1,87909000,18131000.0,69778000.0,0.7937526305611484,0.0,0.0,0.0,27119000.0,82845000.0,100976000.0,0.0,33201000.0,20134000.0,0.2290322947593534,-13067000.0,-0.14864234606240545,37749000.0,18040000.0,0.20521220807880877,10276000.0,7764000.0,0.08831860219090196,0.11675539113958315,0.11531435191373703,66498000,67329000,https://www.sedar.com/ModifyCompanyDocumentSearchForm.do?lang=EN&company_search=Paramount Resources Ltd&document_selection=0&industry_group=A&FromDate=13&FromMonth=05&FromYear=2000&ToDate=13&ToMonth=11&ToYear=2020&Variable=Issuer,https://www.sedar.com/ModifyCompanyDocumentSearchForm.do?lang=EN&company_search=Paramount Resources Ltd&document_selection=0&industry_group=A&FromDate=13&FromMonth=05&FromYear=2000&ToDate=13&ToMonth=11&ToYear=2020&Variable=Issuer,1620596718,17:45:18,20210509
61,2005-12-31,POU.TO,CAD,2005-12-31,2005-12-31,Q4,115127000,143271000.0,-28144000.0,-0.244460465399081,0.0,0.0,0.0,75022000.0,40997000.0,184268000.0,0.0,39031000.0,-30110000.0,-0.2615372588532664,-69141000.0,-0.6005628566713281,117682000.0,38039000.0,0.33040902655328463,4078000.0,37758000.0,0.32796824376558065,0.28223105902051066,0.28223105902051066,133784000,133784000,https://www.sedar.com/ModifyCompanyDocumentSearchForm.do?lang=EN&company_search=Paramount Resources Ltd&document_selection=0&industry_group=A&FromDate=13&FromMonth=05&FromYear=2000&ToDate=13&ToMonth=11&ToYear=2020&Variable=Issuer,https://www.sedar.com/ModifyCompanyDocumentSearchForm.do?lang=EN&company_search=Paramount Resources Ltd&document_selection=0&industry_group=A&FromDate=13&FromMonth=05&FromYear=2000&ToDate=13&ToMonth=11&ToYear=2020&Variable=Issuer,1620596718,17:45:18,20210509
62,2005-09-30,POU.TO,CAD,2005-09-30,2005-09-30,Q3,99187000,26907000.0,72280000.0,0.7287245304324156,0.0,0.0,0.0,-49310000.0,109429000.0,136336000.0,0.0,42847000.0,5698000.0,0.05744704447155373,-37149000.0,-0.37453496930041236,-50201000.0,-93490000.0,-0.942563037494833,-25456000.0,-69066000.0,-0.6963210904654844,-1.05,-1.05,65737000,65737000,https://www.sedar.com/ModifyCompanyDocumentSearchForm.do?lang=EN&company_search=Paramount Resources Ltd&document_selection=0&industry_group=A&FromDate=13&FromMonth=05&FromYear=2000&ToDate=13&ToMonth=11&ToYear=2020&Variable=Issuer,https://www.sedar.com/ModifyCompanyDocumentSearchForm.do?lang=EN&company_search=Paramount Resources Ltd&document_selection=0&industry_group=A&FromDate=13&FromMonth=05&FromYear=2000&ToDate=13&ToMonth=11&ToYear=2020&Variable=Issuer,1620596718,17:45:18,20210509
63,2005-06-30,POU.TO,CAD,2005-06-30,2005-06-30,Q2,91848000,20725000.0,71123000.0,0.7743554568417386,0.0,0.0,0.0,548000.0,51051000.0,71776000.0,0.0,34718000.0,54790000.0,0.5965290479923352,20072000.0,0.21853497082135703,3936000.0,19843000.0,0.2160417211044334,4985000.0,12934000.0,0.1408196150161136,0.2017690279706098,0.19650562139167427,64103000,65820000,https://www.sedar.com/ModifyCompanyDocumentSearchForm.do?lang=EN&company_search=Paramount Resources Ltd&document_selection=0&industry_group=A&FromDate=13&FromMonth=05&FromYear=2000&ToDate=13&ToMonth=11&ToYear=2020&Variable=Issuer,https://www.sedar.com/ModifyCompanyDocumentSearchForm.do?lang=EN&company_search=Paramount Resources Ltd&document_selection=0&industry_group=A&FromDate=13&FromMonth=05&FromYear=2000&ToDate=13&ToMonth=11&ToYear=2020&Variable=Issuer,1620596718,17:45:18,20210509
64,2005-03-31,POU.TO,CAD,2005-03-31,2005-03-31,Q1,176508000,27985000.0,148523000.0,0.8414519455208829,0.0,0.0,0.0,-125662000.0,84627000.0,112612000.0,0.0,63453000.0,127349000.0,0.7214913771613751,63896000.0,0.36200058920842115,-125738000.0,-69188000.0,-0.39198223309991614,-23630000.0,-45558000.0,-0.25810728125637367,-0.7167264489333585,-0.7013886750623518,63564000,64954000,https://www.sedar.com/ModifyCompanyDocumentSearchForm.do?lang=EN&company_search=Paramount Resources Ltd&document_selection=0&industry_group=A&FromDate=13&FromMonth=05&FromYear=2000&ToDate=13&ToMonth=11&ToYear=2020&Variable=Issuer,https://www.sedar.com/ModifyCompanyDocumentSearchForm.do?lang=EN&company_search=Paramount Resources Ltd&document_selection=0&industry_group=A&FromDate=13&FromMonth=05&FromYear=2000&ToDate=13&ToMonth=11&ToYear=2020&Variable=Issuer,1620596718,17:45:18,20210509
65,2004-12-31,POU.TO,CAD,2004-12-31,2004-12-31,Q4,197129000,33099000.0,164030000.0,0.8320947197013123,0.0,0.0,0.0,0.0,114445000.0,147544000.0,0.0,55206000.0,104791000.0,0.5315859158216193,49585000.0,0.2515357963567004,-33140000.0,5400000.0,0.027393229813979677,27784000.0,-17753000.0,-0.09005777942362615,-0.13269897745619805,-0.13269897745619805,133784000,133784000,https://www.sedar.com/ModifyCompanyDocumentSearchForm.do?lang=EN&company_search=Paramount Resources Ltd&document_selection=0&industry_group=A&FromDate=13&FromMonth=05&FromYear=2000&ToDate=13&ToMonth=11&ToYear=2020&Variable=Issuer,https://www.sedar.com/ModifyCompanyDocumentSearchForm.do?lang=EN&company_search=Paramount Resources Ltd&document_selection=0&industry_group=A&FromDate=13&FromMonth=05&FromYear=2000&ToDate=13&ToMonth=11&ToYear=2020&Variable=Issuer,1620596718,17:45:18,20210509
66,2004-09-30,POU.TO,CAD,2004-09-30,2004-09-30,Q3,153652000,27812000.0,125840000.0,0.8189935698851951,0.0,0.0,0.0,0.0,66595000.0,94407000.0,0.0,52656000.0,111901000.0,0.7282755837867388,59245000.0,0.38557910082524144,8452000.0,1083000.0,0.007048395074584125,18852000.0,45812000.0,0.2981542706896103,0.78,0.77,58496000,60003000,https://www.sedar.com/ModifyCompanyDocumentSearchForm.do?lang=EN&company_search=Paramount Resources Ltd&document_selection=0&industry_group=A&FromDate=13&FromMonth=05&FromYear=2000&ToDate=13&ToMonth=11&ToYear=2020&Variable=Issuer,https://www.sedar.com/ModifyCompanyDocumentSearchForm.do?lang=EN&company_search=Paramount Resources Ltd&document_selection=0&industry_group=A&FromDate=13&FromMonth=05&FromYear=2000&ToDate=13&ToMonth=11&ToYear=2020&Variable=Issuer,1620596718,17:45:18,20210509
67,2004-06-30,POU.TO,CAD,2004-06-30,2004-06-30,Q2,125616000,20435000.0,105181000.0,0.837321678767036,0.0,0.0,0.0,0.0,48822000.0,69257000.0,0.0,42595000.0,98954000.0,0.7877499681569227,56359000.0,0.4486609985989046,-32499000.0,20054000.0,0.159645268118711,8180000.0,9936000.0,0.07909820405043944,0.16948111759287687,0.1668289734376574,58626000,59558000,https://www.sedar.com/ModifyCompanyDocumentSearchForm.do?lang=EN&company_search=Paramount Resources Ltd&document_selection=0&industry_group=A&FromDate=13&FromMonth=05&FromYear=2000&ToDate=13&ToMonth=11&ToYear=2020&Variable=Issuer,https://www.sedar.com/ModifyCompanyDocumentSearchForm.do?lang=EN&company_search=Paramount Resources Ltd&document_selection=0&industry_group=A&FromDate=13&FromMonth=05&FromYear=2000&ToDate=13&ToMonth=11&ToYear=2020&Variable=Issuer,1620596718,17:45:18,20210509
68,2004-03-31,POU.TO,CAD,2004-03-31,2004-03-31,Q1,105504000,22479000.0,83025000.0,0.7869369881710646,0.0,0.0,0.0,0.0,53005000.0,75484000.0,0.0,42398000.0,72418000.0,0.6864005156202608,30020000.0,0.28453897482559903,-29716000.0,-3258000.0,-0.0308803457688808,-7213000.0,3179000.0,0.03013155899302396,0.0533747481531229,0.05279941536979521,59560000,60209000,https://www.sedar.com/ModifyCompanyDocumentSearchForm.do?lang=EN&company_search=Paramount Resources Ltd&document_selection=0&industry_group=A&FromDate=13&FromMonth=05&FromYear=2000&ToDate=13&ToMonth=11&ToYear=2020&Variable=Issuer,https://www.sedar.com/ModifyCompanyDocumentSearchForm.do?lang=EN&company_search=Paramount Resources Ltd&document_selection=0&industry_group=A&FromDate=13&FromMonth=05&FromYear=2000&ToDate=13&ToMonth=11&ToYear=2020&Variable=Issuer,1620596718,17:45:18,20210509
69,2003-12-31,POU.TO,CAD,2003-12-31,2003-12-31,Q4,88080000,17045000.0,71035000.0,0.8064827429609446,0.0,0.0,0.0,0.0,90182000.0,107227000.0,0.0,47216000.0,28069000.0,0.3186762034514078,-19147000.0,-0.2173819255222525,18082000.0,-7516000.0,-0.08533151680290645,-19977000.0,11296000.0,0.12824704813805632,0.08443461101477008,0.08443461101477008,133784000,133784000,https://www.sedar.com/ModifyCompanyDocumentSearchForm.do?lang=EN&company_search=Paramount Resources Ltd&document_selection=0&industry_group=A&FromDate=13&FromMonth=05&FromYear=2000&ToDate=13&ToMonth=11&ToYear=2020&Variable=Issuer,https://www.sedar.com/ModifyCompanyDocumentSearchForm.do?lang=EN&company_search=Paramount Resources Ltd&document_selection=0&industry_group=A&FromDate=13&FromMonth=05&FromYear=2000&ToDate=13&ToMonth=11&ToYear=2020&Variable=Issuer,1620596718,17:45:18,20210509
70,2003-09-30,POU.TO,CAD,2003-09-30,2003-09-30,Q3,96774000,22809000.0,73965000.0,0.7643065286130573,0.0,0.0,0.0,0.0,47734000.0,70543000.0,0.0,33175000.0,59406000.0,0.6138632277264554,26231000.0,0.27105420877508424,-29457000.0,-5821000.0,-0.060150453634240604,1608000.0,-7851000.0,-0.08112716225432451,-0.13048247436387508,-0.13022708046510856,60169000,60287000,https://www.sedar.com/ModifyCompanyDocumentSearchForm.do?lang=EN&company_search=Paramount Resources Ltd&document_selection=0&industry_group=A&FromDate=13&FromMonth=05&FromYear=2000&ToDate=13&ToMonth=11&ToYear=2020&Variable=Issuer,https://www.sedar.com/ModifyCompanyDocumentSearchForm.do?lang=EN&company_search=Paramount Resources Ltd&document_selection=0&industry_group=A&FromDate=13&FromMonth=05&FromYear=2000&ToDate=13&ToMonth=11&ToYear=2020&Variable=Issuer,1620596718,17:45:18,20210509
71,2003-06-30,POU.TO,CAD,2003-06-30,2003-06-30,Q2,101060000,21725000.0,79335000.0,0.7850286958242628,0.0,0.0,0.0,0.0,57634000.0,79359000.0,0.0,40111000.0,61812000.0,0.6116366514941619,21701000.0,0.21473382149218287,-66866000.0,-48658000.0,-0.48147635068276273,-47963000.0,-1436000.0,-0.014209380566000396,-0.0238661104555502,-0.023836398645508267,60169000,60244000,https://www.sedar.com/ModifyCompanyDocumentSearchForm.do?lang=EN&company_search=Paramount Resources Ltd&document_selection=0&industry_group=A&FromDate=13&FromMonth=05&FromYear=2000&ToDate=13&ToMonth=11&ToYear=2020&Variable=Issuer,https://www.sedar.com/ModifyCompanyDocumentSearchForm.do?lang=EN&company_search=Paramount Resources Ltd&document_selection=0&industry_group=A&FromDate=13&FromMonth=05&FromYear=2000&ToDate=13&ToMonth=11&ToYear=2020&Variable=Issuer,1620596718,17:45:18,20210509
72,2003-03-31,POU.TO,CAD,2003-03-31,2003-03-31,Q1,120601000,18866000.0,101735000.0,0.8435668029286656,0.0,0.0,0.0,0.0,60063000.0,78929000.0,0.0,43072000.0,84744000.0,0.7026807406240413,41672000.0,0.3455361066657822,-29823000.0,4787000.0,0.039692871535061895,4163000.0,624000.0,0.005174086450361108,0.010400346678222608,0.010387534958050339,59998000,60072000,https://www.sedar.com/ModifyCompanyDocumentSearchForm.do?lang=EN&company_search=Paramount Resources Ltd&document_selection=0&industry_group=A&FromDate=13&FromMonth=05&FromYear=2000&ToDate=13&ToMonth=11&ToYear=2020&Variable=Issuer,https://www.sedar.com/ModifyCompanyDocumentSearchForm.do?lang=EN&company_search=Paramount Resources Ltd&document_selection=0&industry_group=A&FromDate=13&FromMonth=05&FromYear=2000&ToDate=13&ToMonth=11&ToYear=2020&Variable=Issuer,1620596718,17:45:18,20210509
73,2002-12-31,POU.TO,CAD,2002-12-31,2002-12-31,Q4,178442000,23474000.0,154968000.0,0.8684502527431882,0.0,0.0,0.0,0.0,230707000.0,254181000.0,0.0,61106000.0,-14633000.0,-0.08200423667073894,-75739000.0,-0.4244460384886966,-23965000.0,-101565000.0,-0.56917653915558,-68032000.0,-41399000.0,-0.23200255545219176,-0.30944657059140107,-0.30944657059140107,133784000,133784000,https://www.sedar.com/ModifyCompanyDocumentSearchForm.do?lang=EN&company_search=Paramount Resources Ltd&document_selection=0&industry_group=A&FromDate=13&FromMonth=05&FromYear=2000&ToDate=13&ToMonth=11&ToYear=2020&Variable=Issuer,https://www.sedar.com/ModifyCompanyDocumentSearchForm.do?lang=EN&company_search=Paramount Resources Ltd&document_selection=0&industry_group=A&FromDate=13&FromMonth=05&FromYear=2000&ToDate=13&ToMonth=11&ToYear=2020&Variable=Issuer,1620596718,17:45:18,20210509
74,2002-09-30,POU.TO,CAD,2002-09-30,2002-09-30,Q3,116467000,22051000.0,94416000.0,0.8106673993491719,0.0,8921000.0,0.0,0.0,56702000.0,78753000.0,0.0,47727000.0,85441000.0,0.7336069444563696,37714000.0,0.3238170468888183,-21302000.0,7487000.0,0.06428430370834658,1253000.0,6180000.0,0.05306224080640868,0.1039371667871979,0.1036634460547504,59459000,59616000,https://www.sedar.com/ModifyCompanyDocumentSearchForm.do?lang=EN&company_search=Paramount Resources Ltd&document_selection=0&industry_group=A&FromDate=13&FromMonth=05&FromYear=2000&ToDate=13&ToMonth=11&ToYear=2020&Variable=Issuer,https://www.sedar.com/ModifyCompanyDocumentSearchForm.do?lang=EN&company_search=Paramount Resources Ltd&document_selection=0&industry_group=A&FromDate=13&FromMonth=05&FromYear=2000&ToDate=13&ToMonth=11&ToYear=2020&Variable=Issuer,1620596718,17:45:18,20210509
75,2002-06-30,POU.TO,CAD,2002-06-30,2002-06-30,Q2,110206000,22550000.0,87656000.0,0.795383191477778,0.0,12095000.0,0.0,0.0,42017000.0,64567000.0,0.0,29922000.0,75561000.0,0.6856341759976771,45639000.0,0.41412445783351176,5969000.0,40953000.0,0.3716040868918208,14339000.0,26614000.0,0.24149320363682558,0.45,0.44,59457000,59457000,https://www.sedar.com/ModifyCompanyDocumentSearchForm.do?lang=EN&company_search=Paramount Resources Ltd&document_selection=0&industry_group=A&FromDate=13&FromMonth=05&FromYear=2000&ToDate=13&ToMonth=11&ToYear=2020&Variable=Issuer,https://www.sedar.com/ModifyCompanyDocumentSearchForm.do?lang=EN&company_search=Paramount Resources Ltd&document_selection=0&industry_group=A&FromDate=13&FromMonth=05&FromYear=2000&ToDate=13&ToMonth=11&ToYear=2020&Variable=Issuer,1620596718,17:45:18,20210509
76,2002-03-31,POU.TO,CAD,2002-03-31,2002-03-31,Q1,83332000,18550000.0,64782000.0,0.7773964383430135,0.0,6259000.0,0.0,0.0,36937000.0,55487000.0,0.0,30678000.0,58523000.0,0.7022872365957855,27845000.0,0.3341453463255412,6909000.0,25667000.0,0.3080089281428503,6755000.0,18912000.0,0.2269476311620986,0.318067912342959,0.31761386537686415,59459000,59544000,https://www.sedar.com/ModifyCompanyDocumentSearchForm.do?lang=EN&company_search=Paramount Resources Ltd&document_selection=0&industry_group=A&FromDate=13&FromMonth=05&FromYear=2000&ToDate=13&ToMonth=11&ToYear=2020&Variable=Issuer,https://www.sedar.com/ModifyCompanyDocumentSearchForm.do?lang=EN&company_search=Paramount Resources Ltd&document_selection=0&industry_group=A&FromDate=13&FromMonth=05&FromYear=2000&ToDate=13&ToMonth=11&ToYear=2020&Variable=Issuer,1620596718,17:45:18,20210509
77,2001-12-31,POU.TO,CAD,2001-12-31,2001-12-31,Q4,87670000,8623000.0,79047000.0,0.9016425230979811,0.0,15847000.0,0.0,0.0,77886000.0,86509000.0,0.0,59310000.0,60471000.0,0.6897570434584236,1161000.0,0.013242842477472339,-13975000.0,-14743000.0,-0.1681647085662142,-7039000.0,-10433000.0,-0.11900307973080872,-0.07798391436943132,-0.07798391436943132,133784000,133784000,https://www.sedar.com/ModifyCompanyDocumentSearchForm.do?lang=EN&company_search=Paramount Resources Ltd&document_selection=0&industry_group=A&FromDate=13&FromMonth=05&FromYear=2000&ToDate=13&ToMonth=11&ToYear=2020&Variable=Issuer,https://www.sedar.com/ModifyCompanyDocumentSearchForm.do?lang=EN&company_search=Paramount Resources Ltd&document_selection=0&industry_group=A&FromDate=13&FromMonth=05&FromYear=2000&ToDate=13&ToMonth=11&ToYear=2020&Variable=Issuer,1620596718,17:45:18,20210509
78,2001-09-30,POU.TO,CAD,2001-09-30,2001-09-30,Q3,110965000,15268000.0,95697000.0,0.8624070652908575,0.0,8839000.0,0.0,0.0,22962000.0,38230000.0,0.0,14123000.0,86858000.0,0.7827513179831478,72735000.0,0.6554769521921326,-18209000.0,50153000.0,0.4519713423151444,16904000.0,33511000.0,0.3019961249042491,0.56,0.56,59454000,59454000,https://www.sedar.com/ModifyCompanyDocumentSearchForm.do?lang=EN&company_search=Paramount Resources Ltd&document_selection=0&industry_group=A&FromDate=13&FromMonth=05&FromYear=2000&ToDate=13&ToMonth=11&ToYear=2020&Variable=Issuer,https://www.sedar.com/ModifyCompanyDocumentSearchForm.do?lang=EN&company_search=Paramount Resources Ltd&document_selection=0&industry_group=A&FromDate=13&FromMonth=05&FromYear=2000&ToDate=13&ToMonth=11&ToYear=2020&Variable=Issuer,1620596718,17:45:18,20210509
79,2001-06-30,POU.TO,CAD,2001-06-30,2001-06-30,Q2,139756000,15947000.0,123809000.0,0.8858939866624689,0.0,11905000.0,0.0,0.0,26039000.0,41986000.0,0.0,14134000.0,111904000.0,0.8007098085234265,97770000.0,0.6995764045908583,-25398000.0,66525000.0,0.47600818569506853,27636000.0,38889000.0,0.27826354503563355,0.66,0.66,59453600,59453600,https://www.sedar.com/ModifyCompanyDocumentSearchForm.do?lang=EN&company_search=Paramount Resources Ltd&document_selection=0&industry_group=A&FromDate=13&FromMonth=05&FromYear=2000&ToDate=13&ToMonth=11&ToYear=2020&Variable=Issuer,https://www.sedar.com/ModifyCompanyDocumentSearchForm.do?lang=EN&company_search=Paramount Resources Ltd&document_selection=0&industry_group=A&FromDate=13&FromMonth=05&FromYear=2000&ToDate=13&ToMonth=11&ToYear=2020&Variable=Issuer,1620596718,17:45:18,20210509
80,2001-03-31,POU.TO,CAD,2001-03-31,2001-03-31,Q1,189982000,15719000.0,174263000.0,0.9172605825815077,0.0,6390000.0,0.0,0.0,24256000.0,39975000.0,0.0,17866000.0,167873000.0,0.8836258171826805,150007000.0,0.7895853291364445,-44561000.0,100771000.0,0.5304239348990957,43574000.0,57197000.0,0.30106536408712403,0.96,0.96,59454000,59454000,https://www.sedar.com/ModifyCompanyDocumentSearchForm.do?lang=EN&company_search=Paramount Resources Ltd&document_selection=0&industry_group=A&FromDate=13&FromMonth=05&FromYear=2000&ToDate=13&ToMonth=11&ToYear=2020&Variable=Issuer,https://www.sedar.com/ModifyCompanyDocumentSearchForm.do?lang=EN&company_search=Paramount Resources Ltd&document_selection=0&industry_group=A&FromDate=13&FromMonth=05&FromYear=2000&ToDate=13&ToMonth=11&ToYear=2020&Variable=Issuer,1620596718,17:45:18,20210509
81,2000-12-31,POU.TO,CAD,2000-12-31,2000-12-31,Q4,151768000,8478000.0,143290000.0,0.9441384218016974,0.0,16444000.0,0.0,0.0,31777000.0,40255000.0,0.0,15333000.0,126846000.0,0.8357888355911655,111513000.0,0.7347596331242423,-29711000.0,76219000.0,0.502207316430341,34362000.0,38657000.0,0.2547111380528175,0.2889508461400466,0.2889508461400466,133784000,133784000,https://www.sedar.com/ModifyCompanyDocumentSearchForm.do?lang=EN&company_search=Paramount Resources Ltd&document_selection=0&industry_group=A&FromDate=13&FromMonth=05&FromYear=2000&ToDate=13&ToMonth=11&ToYear=2020&Variable=Issuer,https://www.sedar.com/ModifyCompanyDocumentSearchForm.do?lang=EN&company_search=Paramount Resources Ltd&document_selection=0&industry_group=A&FromDate=13&FromMonth=05&FromYear=2000&ToDate=13&ToMonth=11&ToYear=2020&Variable=Issuer,1620596718,17:45:18,20210509
82,2000-09-30,POU.TO,CAD,2000-09-30,2000-09-30,Q3,101857000,11029000.0,90828000.0,0.8917207457513966,0.0,3778000.0,0.0,0.0,16283000.0,27312000.0,0.0,12530000.0,87075000.0,0.854874971774154,74545000.0,0.7318593714717693,-26028000.0,41413000.0,0.40657981287491285,18334000.0,23079000.0,0.22658236547316335,0.38,0.38,59453600,59453600,https://www.sedar.com/ModifyCompanyDocumentSearchForm.do?lang=EN&company_search=Paramount Resources Ltd&document_selection=0&industry_group=A&FromDate=13&FromMonth=05&FromYear=2000&ToDate=13&ToMonth=11&ToYear=2020&Variable=Issuer,https://www.sedar.com/ModifyCompanyDocumentSearchForm.do?lang=EN&company_search=Paramount Resources Ltd&document_selection=0&industry_group=A&FromDate=13&FromMonth=05&FromYear=2000&ToDate=13&ToMonth=11&ToYear=2020&Variable=Issuer,1620596718,17:45:18,20210509
83,2000-06-30,POU.TO,CAD,2000-06-30,2000-06-30,Q2,79300000,14200000.0,65100000.0,0.8209331651954602,0.0,4300000.0,0.0,0.0,16000000.0,30200000.0,0.0,11700000.0,60800000.0,0.7667087011349306,49100000.0,0.6191677175283733,-13000000.0,30000000.0,0.37831021437578816,15100000.0,14900000.0,0.18789407313997478,0.25,0.25,59600000,59600000,https://www.sedar.com/ModifyCompanyDocumentSearchForm.do?lang=EN&company_search=Paramount Resources Ltd&document_selection=0&industry_group=A&FromDate=13&FromMonth=05&FromYear=2000&ToDate=13&ToMonth=11&ToYear=2020&Variable=Issuer,https://www.sedar.com/ModifyCompanyDocumentSearchForm.do?lang=EN&company_search=Paramount Resources Ltd&document_selection=0&industry_group=A&FromDate=13&FromMonth=05&FromYear=2000&ToDate=13&ToMonth=11&ToYear=2020&Variable=Issuer,1620596718,17:45:18,20210509
84,2000-03-31,POU.TO,CAD,2000-03-31,2000-03-31,Q1,58500000,14300000.0,44200000.0,0.7555555555555555,0.0,5200000.0,0.0,0.0,16200000.0,30500000.0,0.0,11000000.0,39000000.0,0.6666666666666666,28000000.0,0.47863247863247865,-11800000.0,12900000.0,0.2205128205128205,6600000.0,9500000.0,0.1623931623931624,0.16,0.16,59375000,59375000,https://www.sedar.com/ModifyCompanyDocumentSearchForm.do?lang=EN&company_search=Paramount Resources Ltd&document_selection=0&industry_group=A&FromDate=13&FromMonth=05&FromYear=2000&ToDate=13&ToMonth=11&ToYear=2020&Variable=Issuer,https://www.sedar.com/ModifyCompanyDocumentSearchForm.do?lang=EN&company_search=Paramount Resources Ltd&document_selection=0&industry_group=A&FromDate=13&FromMonth=05&FromYear=2000&ToDate=13&ToMonth=11&ToYear=2020&Variable=Issuer,1620596718,17:45:18,20210509
85,1999-12-31,POU.TO,CAD,1999-12-31,1999-12-31,Q4,59100000,13000000.0,46100000.0,0.7800338409475466,0.0,11700000.0,0.0,0.0,23600000.0,36600000.0,0.0,13300000.0,35800000.0,0.6057529610829103,22500000.0,0.38071065989847713,-13800000.0,4900000.0,0.0829103214890017,1400000.0,3500000.0,0.05922165820642978,0.026161573880284637,0.026161573880284637,133784000,133784000,https://www.sedar.com/ModifyCompanyDocumentSearchForm.do?lang=EN&company_search=Paramount Resources Ltd&document_selection=0&industry_group=A&FromDate=13&FromMonth=05&FromYear=2000&ToDate=13&ToMonth=11&ToYear=2020&Variable=Issuer,https://www.sedar.com/ModifyCompanyDocumentSearchForm.do?lang=EN&company_search=Paramount Resources Ltd&document_selection=0&industry_group=A&FromDate=13&FromMonth=05&FromYear=2000&ToDate=13&ToMonth=11&ToYear=2020&Variable=Issuer,1620596718,17:45:18,20210509
86,1999-09-30,POU.TO,CAD,1999-09-30,1999-09-30,Q3,54800000,10300000.0,44500000.0,0.8120437956204379,0.0,4000000.0,0.0,0.0,14700000.0,25000000.0,0.0,10700000.0,40500000.0,0.7390510948905109,29800000.0,0.5437956204379562,-9600000.0,16400000.0,0.29927007299270075,7000000.0,9400000.0,0.17153284671532848,0.16,0.16,58750000,58750000,https://www.sedar.com/ModifyCompanyDocumentSearchForm.do?lang=EN&company_search=Paramount Resources Ltd&document_selection=0&industry_group=A&FromDate=13&FromMonth=05&FromYear=2000&ToDate=13&ToMonth=11&ToYear=2020&Variable=Issuer,https://www.sedar.com/ModifyCompanyDocumentSearchForm.do?lang=EN&company_search=Paramount Resources Ltd&document_selection=0&industry_group=A&FromDate=13&FromMonth=05&FromYear=2000&ToDate=13&ToMonth=11&ToYear=2020&Variable=Issuer,1620596718,17:45:18,20210509
87,1999-06-30,POU.TO,CAD,1999-06-30,1999-06-30,Q2,49500000,10200000.0,39300000.0,0.793939393939394,0.0,4300000.0,0.0,0.0,16400000.0,26600000.0,0.0,12100000.0,35000000.0,0.7070707070707071,22900000.0,0.4626262626262626,-7000000.0,12200000.0,0.24646464646464647,5300000.0,6900000.0,0.1393939393939394,0.13,0.13,53076923,53076923,https://www.sedar.com/ModifyCompanyDocumentSearchForm.do?lang=EN&company_search=Paramount Resources Ltd&document_selection=0&industry_group=A&FromDate=13&FromMonth=05&FromYear=2000&ToDate=13&ToMonth=11&ToYear=2020&Variable=Issuer,https://www.sedar.com/ModifyCompanyDocumentSearchForm.do?lang=EN&company_search=Paramount Resources Ltd&document_selection=0&industry_group=A&FromDate=13&FromMonth=05&FromYear=2000&ToDate=13&ToMonth=11&ToYear=2020&Variable=Issuer,1620596718,17:45:18,20210509
88,1999-03-31,POU.TO,CAD,1999-03-31,1999-03-31,Q1,48300000,8000000.0,40300000.0,0.8343685300207039,0.0,4400000.0,0.0,0.0,15300000.0,23300000.0,0.0,10900000.0,35900000.0,0.7432712215320911,25000000.0,0.5175983436853002,-6400000.0,15200000.0,0.3146997929606625,6400000.0,8800000.0,0.18219461697722567,0.15,0.15,58666667,58666667,https://www.sedar.com/ModifyCompanyDocumentSearchForm.do?lang=EN&company_search=Paramount Resources Ltd&document_selection=0&industry_group=A&FromDate=13&FromMonth=05&FromYear=2000&ToDate=13&ToMonth=11&ToYear=2020&Variable=Issuer,https://www.sedar.com/ModifyCompanyDocumentSearchForm.do?lang=EN&company_search=Paramount Resources Ltd&document_selection=0&industry_group=A&FromDate=13&FromMonth=05&FromYear=2000&ToDate=13&ToMonth=11&ToYear=2020&Variable=Issuer,1620596718,17:45:18,20210509
89,1998-12-31,POU.TO,CAD,1998-12-31,1998-12-31,Q4,46500000,13200000.0,33300000.0,0.7161290322580646,0.0,2400000.0,0.0,0.0,18100000.0,31300000.0,0.0,15700000.0,30900000.0,0.6645161290322581,15200000.0,0.32688172043010755,1700000.0,12100000.0,0.26021505376344084,3100000.0,9000000.0,0.1935483870967742,0.06727261854930336,0.06727261854930336,133784000,133784000,https://www.sedar.com/ModifyCompanyDocumentSearchForm.do?lang=EN&company_search=Paramount Resources Ltd&document_selection=0&industry_group=A&FromDate=13&FromMonth=05&FromYear=2000&ToDate=13&ToMonth=11&ToYear=2020&Variable=Issuer,https://www.sedar.com/ModifyCompanyDocumentSearchForm.do?lang=EN&company_search=Paramount Resources Ltd&document_selection=0&industry_group=A&FromDate=13&FromMonth=05&FromYear=2000&ToDate=13&ToMonth=11&ToYear=2020&Variable=Issuer,1620596718,17:45:18,20210509
90,1998-09-30,POU.TO,CAD,1998-09-30,1998-09-30,Q3,40300000,5400000.0,34900000.0,0.8660049627791563,0.0,9700000.0,0.0,0.0,21500000.0,26900000.0,0.0,11800000.0,25200000.0,0.6253101736972705,13400000.0,0.3325062034739454,-4700000.0,5900000.0,0.14640198511166252,2500000.0,3400000.0,0.08436724565756824,0.06,0.06,56666667,56666667,https://www.sedar.com/ModifyCompanyDocumentSearchForm.do?lang=EN&company_search=Paramount Resources Ltd&document_selection=0&industry_group=A&FromDate=13&FromMonth=05&FromYear=2000&ToDate=13&ToMonth=11&ToYear=2020&Variable=Issuer,https://www.sedar.com/ModifyCompanyDocumentSearchForm.do?lang=EN&company_search=Paramount Resources Ltd&document_selection=0&industry_group=A&FromDate=13&FromMonth=05&FromYear=2000&ToDate=13&ToMonth=11&ToYear=2020&Variable=Issuer,1620596718,17:45:18,20210509
91,1998-06-30,POU.TO,CAD,1998-06-30,1998-06-30,Q2,40400000,9200000.0,31200000.0,0.7722772277227723,0.0,4000000.0,0.0,0.0,13600000.0,22800000.0,0.0,9600000.0,27200000.0,0.6732673267326733,17600000.0,0.43564356435643564,-7400000.0,7400000.0,0.18316831683168316,3800000.0,3600000.0,0.0891089108910891,0.07,0.07,51428571,51428571,https://www.sedar.com/ModifyCompanyDocumentSearchForm.do?lang=EN&company_search=Paramount Resources Ltd&document_selection=0&industry_group=A&FromDate=13&FromMonth=05&FromYear=2000&ToDate=13&ToMonth=11&ToYear=2020&Variable=Issuer,https://www.sedar.com/ModifyCompanyDocumentSearchForm.do?lang=EN&company_search=Paramount Resources Ltd&document_selection=0&industry_group=A&FromDate=13&FromMonth=05&FromYear=2000&ToDate=13&ToMonth=11&ToYear=2020&Variable=Issuer,1620596718,17:45:18,20210509
92,1998-03-31,POU.TO,CAD,1998-03-31,1998-03-31,Q1,36800000,10300000.0,26500000.0,0.720108695652174,0.0,5100000.0,0.0,0.0,14600000.0,24900000.0,0.0,9500000.0,21400000.0,0.5815217391304348,11900000.0,0.3233695652173913,-5700000.0,3800000.0,0.10326086956521739,1600000.0,2200000.0,0.059782608695652176,0.04,0.04,55000000,55000000,https://www.sedar.com/ModifyCompanyDocumentSearchForm.do?lang=EN&company_search=Paramount Resources Ltd&document_selection=0&industry_group=A&FromDate=13&FromMonth=05&FromYear=2000&ToDate=13&ToMonth=11&ToYear=2020&Variable=Issuer,https://www.sedar.com/ModifyCompanyDocumentSearchForm.do?lang=EN&company_search=Paramount Resources Ltd&document_selection=0&industry_group=A&FromDate=13&FromMonth=05&FromYear=2000&ToDate=13&ToMonth=11&ToYear=2020&Variable=Issuer,1620596718,17:45:18,20210509
93,1997-12-31,POU.TO,CAD,1997-12-31,1997-12-31,Q4,47800000,6700000.0,41100000.0,0.8598326359832636,0.0,12600000.0,0.0,0.0,24000000.0,30700000.0,0.0,11400000.0,28500000.0,0.5962343096234309,17100000.0,0.3577405857740586,-6400000.0,8800000.0,0.18410041841004185,5700000.0,3100000.0,0.06485355648535565,0.023171679722537822,0.023171679722537822,133784000,133784000,https://www.sedar.com/ModifyCompanyDocumentSearchForm.do?lang=EN&company_search=Paramount Resources Ltd&document_selection=0&industry_group=A&FromDate=13&FromMonth=05&FromYear=2000&ToDate=13&ToMonth=11&ToYear=2020&Variable=Issuer,https://www.sedar.com/ModifyCompanyDocumentSearchForm.do?lang=EN&company_search=Paramount Resources Ltd&document_selection=0&industry_group=A&FromDate=13&FromMonth=05&FromYear=2000&ToDate=13&ToMonth=11&ToYear=2020&Variable=Issuer,1620596718,17:45:18,20210509
94,1997-09-30,POU.TO,CAD,1997-09-30,1997-09-30,Q3,27700000,5800000.0,21900000.0,0.7906137184115524,0.0,2100000.0,0.0,0.0,10400000.0,16200000.0,0.0,8300000.0,19800000.0,0.7148014440433214,11500000.0,0.4151624548736462,9400000.0,19100000.0,0.6895306859205776,7900000.0,11200000.0,0.4043321299638989,0.22,0.22,50909091,50909091,https://www.sedar.com/ModifyCompanyDocumentSearchForm.do?lang=EN&company_search=Paramount Resources Ltd&document_selection=0&industry_group=A&FromDate=13&FromMonth=05&FromYear=2000&ToDate=13&ToMonth=11&ToYear=2020&Variable=Issuer,https://www.sedar.com/ModifyCompanyDocumentSearchForm.do?lang=EN&company_search=Paramount Resources Ltd&document_selection=0&industry_group=A&FromDate=13&FromMonth=05&FromYear=2000&ToDate=13&ToMonth=11&ToYear=2020&Variable=Issuer,1620596718,17:45:18,20210509
95,1997-06-30,POU.TO,CAD,1997-06-30,1997-06-30,Q2,24000000,4600000.0,19400000.0,0.8083333333333333,0.0,2100000.0,0.0,0.0,9400000.0,14000000.0,0.0,7300000.0,17300000.0,0.7208333333333333,10000000.0,0.4166666666666667,-2600000.0,5800000.0,0.24166666666666667,1600000.0,4200000.0,0.175,0.09,0.09,46666667,46666667,https://www.sedar.com/ModifyCompanyDocumentSearchForm.do?lang=EN&company_search=Paramount Resources Ltd&document_selection=0&industry_group=A&FromDate=13&FromMonth=05&FromYear=2000&ToDate=13&ToMonth=11&ToYear=2020&Variable=Issuer,https://www.sedar.com/ModifyCompanyDocumentSearchForm.do?lang=EN&company_search=Paramount Resources Ltd&document_selection=0&industry_group=A&FromDate=13&FromMonth=05&FromYear=2000&ToDate=13&ToMonth=11&ToYear=2020&Variable=Issuer,1620596718,17:45:18,20210509
96,1997-03-31,POU.TO,CAD,1997-03-31,1997-03-31,Q1,29000000,5900000.0,23100000.0,0.7965517241379311,0.0,2500000.0,0.0,0.0,8600000.0,14500000.0,0.0,6100000.0,20600000.0,0.7103448275862069,14500000.0,0.5,-5300000.0,7900000.0,0.27241379310344827,3000000.0,4900000.0,0.16896551724137931,0.1,0.1,49000000,49000000,https://www.sedar.com/ModifyCompanyDocumentSearchForm.do?lang=EN&company_search=Paramount Resources Ltd&document_selection=0&industry_group=A&FromDate=13&FromMonth=05&FromYear=2000&ToDate=13&ToMonth=11&ToYear=2020&Variable=Issuer,https://www.sedar.com/ModifyCompanyDocumentSearchForm.do?lang=EN&company_search=Paramount Resources Ltd&document_selection=0&industry_group=A&FromDate=13&FromMonth=05&FromYear=2000&ToDate=13&ToMonth=11&ToYear=2020&Variable=Issuer,1620596718,17:45:18,20210509
97,1996-12-31,POU.TO,CAD,1996-12-31,1996-12-31,Q4,30600000,5400000.0,25200000.0,0.8235294117647058,0.0,6000000.0,0.0,0.0,9400000.0,14800000.0,0.0,3400000.0,19200000.0,0.6274509803921569,15800000.0,0.5163398692810458,1700000.0,15700000.0,0.5130718954248366,5100000.0,10600000.0,0.3464052287581699,0.07923219518029062,0.07923219518029062,133784000,133784000,https://www.sedar.com/ModifyCompanyDocumentSearchForm.do?lang=EN&company_search=Paramount Resources Ltd&document_selection=0&industry_group=A&FromDate=13&FromMonth=05&FromYear=2000&ToDate=13&ToMonth=11&ToYear=2020&Variable=Issuer,https://www.sedar.com/ModifyCompanyDocumentSearchForm.do?lang=EN&company_search=Paramount Resources Ltd&document_selection=0&industry_group=A&FromDate=13&FromMonth=05&FromYear=2000&ToDate=13&ToMonth=11&ToYear=2020&Variable=Issuer,1620596718,17:45:18,20210509
98,1996-09-30,POU.TO,CAD,1996-09-30,1996-09-30,Q3,24700000,4200000.0,20500000.0,0.8299595141700404,0.0,1400000.0,0.0,0.0,7600000.0,11800000.0,0.0,6200000.0,19100000.0,0.7732793522267206,12900000.0,0.5222672064777328,-2400000.0,9100000.0,0.3684210526315789,3000000.0,6100000.0,0.24696356275303644,0.13,0.13,46923077,46923077,https://www.sedar.com/ModifyCompanyDocumentSearchForm.do?lang=EN&company_search=Paramount Resources Ltd&document_selection=0&industry_group=A&FromDate=13&FromMonth=05&FromYear=2000&ToDate=13&ToMonth=11&ToYear=2020&Variable=Issuer,https://www.sedar.com/ModifyCompanyDocumentSearchForm.do?lang=EN&company_search=Paramount Resources Ltd&document_selection=0&industry_group=A&FromDate=13&FromMonth=05&FromYear=2000&ToDate=13&ToMonth=11&ToYear=2020&Variable=Issuer,1620596718,17:45:18,20210509
99,1996-06-30,POU.TO,CAD,1996-06-30,1996-06-30,Q2,23000000,4200000.0,18800000.0,0.8173913043478261,0.0,1900000.0,0.0,0.0,9100000.0,13300000.0,0.0,7200000.0,16900000.0,0.7347826086956522,9700000.0,0.4217391304347826,-1600000.0,6700000.0,0.29130434782608694,2100000.0,4600000.0,0.2,0.1,0.1,46000000,46000000,https://www.sedar.com/ModifyCompanyDocumentSearchForm.do?lang=EN&company_search=Paramount Resources Ltd&document_selection=0&industry_group=A&FromDate=13&FromMonth=05&FromYear=2000&ToDate=13&ToMonth=11&ToYear=2020&Variable=Issuer,https://www.sedar.com/ModifyCompanyDocumentSearchForm.do?lang=EN&company_search=Paramount Resources Ltd&document_selection=0&industry_group=A&FromDate=13&FromMonth=05&FromYear=2000&ToDate=13&ToMonth=11&ToYear=2020&Variable=Issuer,1620596718,17:45:18,20210509
100,1996-03-31,POU.TO,CAD,1996-03-31,1996-03-31,Q1,22300000,5200000.0,17100000.0,0.7668161434977578,0.0,1100000.0,0.0,0.0,8100000.0,13300000.0,0.0,7000000.0,16000000.0,0.7174887892376681,9000000.0,0.40358744394618834,-1700000.0,5500000.0,0.24663677130044842,1300000.0,4200000.0,0.18834080717488788,0.09,0.09,46666667,46666667,https://www.sedar.com/ModifyCompanyDocumentSearchForm.do?lang=EN&company_search=Paramount Resources Ltd&document_selection=0&industry_group=A&FromDate=13&FromMonth=05&FromYear=2000&ToDate=13&ToMonth=11&ToYear=2020&Variable=Issuer,https://www.sedar.com/ModifyCompanyDocumentSearchForm.do?lang=EN&company_search=Paramount Resources Ltd&document_selection=0&industry_group=A&FromDate=13&FromMonth=05&FromYear=2000&ToDate=13&ToMonth=11&ToYear=2020&Variable=Issuer,1620596718,17:45:18,20210509
101,1995-12-31,POU.TO,CAD,1995-12-31,1995-12-31,Q4,18700000,4600000.0,14100000.0,0.7540106951871658,0.0,2700000.0,0.0,0.0,11800000.0,16400000.0,0.0,9100000.0,11400000.0,0.6096256684491979,2300000.0,0.12299465240641712,-1900000.0,-1400000.0,-0.0748663101604278,-1500000.0,100000.0,0.0053475935828877,0.000747473539436704,0.000747473539436704,133784000,133784000,https://www.sedar.com/ModifyCompanyDocumentSearchForm.do?lang=EN&company_search=Paramount Resources Ltd&document_selection=0&industry_group=A&FromDate=13&FromMonth=05&FromYear=2000&ToDate=13&ToMonth=11&ToYear=2020&Variable=Issuer,https://www.sedar.com/ModifyCompanyDocumentSearchForm.do?lang=EN&company_search=Paramount Resources Ltd&document_selection=0&industry_group=A&FromDate=13&FromMonth=05&FromYear=2000&ToDate=13&ToMonth=11&ToYear=2020&Variable=Issuer,1620596718,17:45:18,20210509
102,1995-09-30,POU.TO,CAD,1995-09-30,1995-09-30,Q3,16300000,3800000.0,12500000.0,0.7668711656441718,0.0,1900000.0,0.0,0.0,7800000.0,11600000.0,0.0,5900000.0,10600000.0,0.6503067484662577,4700000.0,0.2883435582822086,-800000.0,2000000.0,0.12269938650306748,-700000.0,2700000.0,0.1656441717791411,0.06,0.06,45000000,45000000,https://www.sedar.com/ModifyCompanyDocumentSearchForm.do?lang=EN&company_search=Paramount Resources Ltd&document_selection=0&industry_group=A&FromDate=13&FromMonth=05&FromYear=2000&ToDate=13&ToMonth=11&ToYear=2020&Variable=Issuer,https://www.sedar.com/ModifyCompanyDocumentSearchForm.do?lang=EN&company_search=Paramount Resources Ltd&document_selection=0&industry_group=A&FromDate=13&FromMonth=05&FromYear=2000&ToDate=13&ToMonth=11&ToYear=2020&Variable=Issuer,1620596718,17:45:18,20210509
103,1995-06-30,POU.TO,CAD,1995-06-30,1995-06-30,Q2,17400000,3400000.0,14000000.0,0.8045977011494253,0.0,1600000.0,0.0,0.0,6600000.0,10000000.0,0.0,5000000.0,12400000.0,0.7126436781609196,7400000.0,0.42528735632183906,-1900000.0,3800000.0,0.21839080459770116,1700000.0,2100000.0,0.1206896551724138,0.04,0.04,52500000,52500000,https://www.sedar.com/ModifyCompanyDocumentSearchForm.do?lang=EN&company_search=Paramount Resources Ltd&document_selection=0&industry_group=A&FromDate=13&FromMonth=05&FromYear=2000&ToDate=13&ToMonth=11&ToYear=2020&Variable=Issuer,https://www.sedar.com/ModifyCompanyDocumentSearchForm.do?lang=EN&company_search=Paramount Resources Ltd&document_selection=0&industry_group=A&FromDate=13&FromMonth=05&FromYear=2000&ToDate=13&ToMonth=11&ToYear=2020&Variable=Issuer,1620596718,17:45:18,20210509
104,1995-03-31,POU.TO,CAD,1995-03-31,1995-03-31,Q1,17500000,5700000.0,11800000.0,0.6742857142857143,0.0,1500000.0,0.0,0.0,6500000.0,12200000.0,0.0,5000000.0,10300000.0,0.5885714285714285,5300000.0,0.3028571428571429,-2400000.0,1100000.0,0.06285714285714286,400000.0,700000.0,0.04,0.01,0.01,47703000,47703000,https://www.sedar.com/ModifyCompanyDocumentSearchForm.do?lang=EN&company_search=Paramount Resources Ltd&document_selection=0&industry_group=A&FromDate=13&FromMonth=05&FromYear=2000&ToDate=13&ToMonth=11&ToYear=2020&Variable=Issuer,https://www.sedar.com/ModifyCompanyDocumentSearchForm.do?lang=EN&company_search=Paramount Resources Ltd&document_selection=0&industry_group=A&FromDate=13&FromMonth=05&FromYear=2000&ToDate=13&ToMonth=11&ToYear=2020&Variable=Issuer,1620596718,17:45:18,20210509
105,1994-12-31,POU.TO,CAD,1994-12-31,1994-12-31,Q4,18500000,4600000.0,13900000.0,0.7513513513513513,0.0,4100000.0,0.0,0.0,9600000.0,14200000.0,0.0,5500000.0,9800000.0,0.5297297297297298,4300000.0,0.23243243243243245,2700000.0,5300000.0,0.2864864864864865,3400000.0,1900000.0,0.10270270270270271,0.014201997249297375,0.014201997249297375,133784000,133784000,https://www.sedar.com/ModifyCompanyDocumentSearchForm.do?lang=EN&company_search=Paramount Resources Ltd&document_selection=0&industry_group=A&FromDate=13&FromMonth=05&FromYear=2000&ToDate=13&ToMonth=11&ToYear=2020&Variable=Issuer,https://www.sedar.com/ModifyCompanyDocumentSearchForm.do?lang=EN&company_search=Paramount Resources Ltd&document_selection=0&industry_group=A&FromDate=13&FromMonth=05&FromYear=2000&ToDate=13&ToMonth=11&ToYear=2020&Variable=Issuer,1620596718,17:45:18,20210509
106,1994-09-30,POU.TO,CAD,1994-09-30,1994-09-30,Q3,17900000,3800000.0,14100000.0,0.7877094972067039,0.0,1600000.0,0.0,0.0,5200000.0,9000000.0,0.0,3600000.0,12500000.0,0.6983240223463687,8900000.0,0.4972067039106145,-2600000.0,4400000.0,0.24581005586592178,1100000.0,3300000.0,0.18435754189944134,0.07,0.07,47142857,47142857,https://www.sedar.com/ModifyCompanyDocumentSearchForm.do?lang=EN&company_search=Paramount Resources Ltd&document_selection=0&industry_group=A&FromDate=13&FromMonth=05&FromYear=2000&ToDate=13&ToMonth=11&ToYear=2020&Variable=Issuer,https://www.sedar.com/ModifyCompanyDocumentSearchForm.do?lang=EN&company_search=Paramount Resources Ltd&document_selection=0&industry_group=A&FromDate=13&FromMonth=05&FromYear=2000&ToDate=13&ToMonth=11&ToYear=2020&Variable=Issuer,1620596718,17:45:18,20210509
107,1994-06-30,POU.TO,CAD,1994-06-30,1994-06-30,Q2,17300000,3300000.0,14000000.0,0.8092485549132948,0.0,1400000.0,0.0,0.0,4300000.0,7600000.0,0.0,2900000.0,12600000.0,0.7283236994219653,9700000.0,0.5606936416184971,-2100000.0,6300000.0,0.36416184971098264,2900000.0,3400000.0,0.19653179190751446,0.07,0.07,48571429,48571429,https://www.sedar.com/ModifyCompanyDocumentSearchForm.do?lang=EN&company_search=Paramount Resources Ltd&document_selection=0&industry_group=A&FromDate=13&FromMonth=05&FromYear=2000&ToDate=13&ToMonth=11&ToYear=2020&Variable=Issuer,https://www.sedar.com/ModifyCompanyDocumentSearchForm.do?lang=EN&company_search=Paramount Resources Ltd&document_selection=0&industry_group=A&FromDate=13&FromMonth=05&FromYear=2000&ToDate=13&ToMonth=11&ToYear=2020&Variable=Issuer,1620596718,17:45:18,20210509
108,1994-03-31,POU.TO,CAD,1994-03-31,1994-03-31,Q1,18600000,5700000.0,12900000.0,0.6935483870967742,0.0,2500000.0,0.0,0.0,6700000.0,12400000.0,0.0,4200000.0,10400000.0,0.5591397849462365,6200000.0,0.3333333333333333,0.0,5200000.0,0.27956989247311825,2300000.0,2900000.0,0.15591397849462366,0.06,0.06,48333333,48333333,https://www.sedar.com/ModifyCompanyDocumentSearchForm.do?lang=EN&company_search=Paramount Resources Ltd&document_selection=0&industry_group=A&FromDate=13&FromMonth=05&FromYear=2000&ToDate=13&ToMonth=11&ToYear=2020&Variable=Issuer,https://www.sedar.com/ModifyCompanyDocumentSearchForm.do?lang=EN&company_search=Paramount Resources Ltd&document_selection=0&industry_group=A&FromDate=13&FromMonth=05&FromYear=2000&ToDate=13&ToMonth=11&ToYear=2020&Variable=Issuer,1620596718,17:45:18,20210509
109,1993-12-31,POU.TO,CAD,1993-12-31,1993-12-31,Q4,20200000,3100000.0,17100000.0,0.8465346534653465,0.0,4500000.0,0.0,0.0,8400000.0,11500000.0,0.0,3900000.0,12600000.0,0.6237623762376238,8700000.0,0.4306930693069307,-1500000.0,6200000.0,0.3069306930693069,800000.0,5400000.0,0.26732673267326734,0.04036357112958201,0.04036357112958201,133784000,133784000,https://www.sedar.com/ModifyCompanyDocumentSearchForm.do?lang=EN&company_search=Paramount Resources Ltd&document_selection=0&industry_group=A&FromDate=13&FromMonth=05&FromYear=2000&ToDate=13&ToMonth=11&ToYear=2020&Variable=Issuer,https://www.sedar.com/ModifyCompanyDocumentSearchForm.do?lang=EN&company_search=Paramount Resources Ltd&document_selection=0&industry_group=A&FromDate=13&FromMonth=05&FromYear=2000&ToDate=13&ToMonth=11&ToYear=2020&Variable=Issuer,1620596718,17:45:18,20210509
110,1993-09-30,POU.TO,CAD,1993-09-30,1993-09-30,Q3,14200000,1500000.0,12700000.0,0.8943661971830986,0.0,1700000.0,0.0,0.0,4900000.0,6400000.0,0.0,3200000.0,11000000.0,0.7746478873239436,7800000.0,0.5492957746478874,-1800000.0,5100000.0,0.3591549295774648,2200000.0,2900000.0,0.20422535211267606,0.07,0.07,41428571,41428571,https://www.sedar.com/ModifyCompanyDocumentSearchForm.do?lang=EN&company_search=Paramount Resources Ltd&document_selection=0&industry_group=A&FromDate=13&FromMonth=05&FromYear=2000&ToDate=13&ToMonth=11&ToYear=2020&Variable=Issuer,https://www.sedar.com/ModifyCompanyDocumentSearchForm.do?lang=EN&company_search=Paramount Resources Ltd&document_selection=0&industry_group=A&FromDate=13&FromMonth=05&FromYear=2000&ToDate=13&ToMonth=11&ToYear=2020&Variable=Issuer,1620596718,17:45:18,20210509
111,1993-06-30,POU.TO,CAD,1993-06-30,1993-06-30,Q2,15000000,1900000.0,13100000.0,0.8733333333333333,0.0,1600000.0,0.0,0.0,4900000.0,6800000.0,0.0,3300000.0,11500000.0,0.7666666666666667,8200000.0,0.5466666666666666,-2200000.0,5300000.0,0.35333333333333333,2400000.0,2900000.0,0.19333333333333333,0.07,0.07,41428571,41428571,https://www.sedar.com/ModifyCompanyDocumentSearchForm.do?lang=EN&company_search=Paramount Resources Ltd&document_selection=0&industry_group=A&FromDate=13&FromMonth=05&FromYear=2000&ToDate=13&ToMonth=11&ToYear=2020&Variable=Issuer,https://www.sedar.com/ModifyCompanyDocumentSearchForm.do?lang=EN&company_search=Paramount Resources Ltd&document_selection=0&industry_group=A&FromDate=13&FromMonth=05&FromYear=2000&ToDate=13&ToMonth=11&ToYear=2020&Variable=Issuer,1620596718,17:45:18,20210509
112,1993-03-31,POU.TO,CAD,1993-03-31,1993-03-31,Q1,15100000,4300000.0,10800000.0,0.7152317880794702,0.0,1800000.0,0.0,0.0,4400000.0,8700000.0,0.0,2600000.0,9000000.0,0.5960264900662252,6400000.0,0.423841059602649,-2000000.0,3500000.0,0.23178807947019867,1700000.0,1800000.0,0.11920529801324503,0.04,0.04,45000000,45000000,https://www.sedar.com/ModifyCompanyDocumentSearchForm.do?lang=EN&company_search=Paramount Resources Ltd&document_selection=0&industry_group=A&FromDate=13&FromMonth=05&FromYear=2000&ToDate=13&ToMonth=11&ToYear=2020&Variable=Issuer,https://www.sedar.com/ModifyCompanyDocumentSearchForm.do?lang=EN&company_search=Paramount Resources Ltd&document_selection=0&industry_group=A&FromDate=13&FromMonth=05&FromYear=2000&ToDate=13&ToMonth=11&ToYear=2020&Variable=Issuer,1620596718,17:45:18,20210509
