,date,symbol,reportedCurrency,fillingDate,acceptedDate,period,revenue,costOfRevenue,grossProfit,grossProfitRatio,researchAndDevelopmentExpenses,generalAndAdministrativeExpenses,sellingAndMarketingExpenses,otherExpenses,operatingExpenses,costAndExpenses,interestExpense,depreciationAndAmortization,ebitda,ebitdaratio,operatingIncome,operatingIncomeRatio,totalOtherIncomeExpensesNet,incomeBeforeTax,incomeBeforeTaxRatio,incomeTaxExpense,netIncome,netIncomeRatio,eps,epsdiluted,weightedAverageShsOut,weightedAverageShsOutDil,link,finalLink,timestamp,est_time,est_date
0,2020-09-30,ADMP,USD,2020-11-09,2020-11-09 16:15:54,Q3,4300513.0,3646342.0,654171.0,0.15211464306700154,1699410.0,5793958.0,0.0,-592377.0,7493368.0,11139710.0,46043.0,897387.0,-5941810.0,-1.3816514448392552,-6839197.0,-1.5903212012148318,-624000.0,-7485198.0,-1.7405360709292124,0.0,-7485198.0,-1.7405360709292124,-0.1,-0.1,76044862.0,76044862.0,https://www.sec.gov/Archives/edgar/data/887247/000138713120009722/0001387131-20-009722-index.htm,https://www.sec.gov/Archives/edgar/data/887247/000138713120009722/admp-10q_093020.htm,1620586181,14:49:41,20210509
1,2020-06-30,ADMP,USD,2020-08-17,2020-08-17,Q2,3926342.0,4683835.0,-757493.0,-0.19292588368511965,3085824.0,5653092.0,0.0,0.0,8738916.0,13422751.0,32925.0,878105.0,-8618304.0,-2.194995749224087,-9496409.0,-2.4186403018381997,-1750000.0,-11262713.0,-2.868500247813359,0.0,-11262713.0,-2.868500247813359,-0.15,-0.15,73825491.0,73825491.0,https://www.sec.gov/Archives/edgar/data/887247/000138713120007644/0001387131-20-007644-index.htm,https://www.sec.gov/ix?doc=/Archives/edgar/data/887247/000138713120007644/admp-10q_063020.htm,1620586181,14:49:41,20210509
2,2020-03-31,ADMP,USD,2020-05-18,2020-05-18 16:23:36,Q1,4663210.0,3687044.0,976166.0,0.2093334848741532,2036732.0,6054371.0,0.0,-15232.0,8091103.0,11778147.0,38287.0,917200.0,-6197737.0,-1.3290709618481689,-7114937.0,-1.5257595090077436,-3143200.0,-10273369.0,-2.203068058268875,0.0,-10273369.0,-2.203068058268875,-0.15,-0.15,66499766.0,66499766.0,https://www.sec.gov/Archives/edgar/data/887247/000138713120004946/0001387131-20-004946-index.htm,https://www.sec.gov/Archives/edgar/data/887247/000138713120004946/admp-10q_033120.htm,1620586181,14:49:41,20210509
3,2019-12-31,ADMP,USD,2020-03-30,2020-03-30 16:30:49,Q4,5540222.0,4198821.0,1341401.0,0.24212044210502756,2014988.0,4965656.0,0.0,0.0,6980644.0,11179465.0,54361.0,842199.0,-4797044.0,-0.8658577219468823,-5639243.0,-1.0178731104999041,-18538.0,-5675454.0,-1.02440913017565,0.0,-5684126.0,-1.0259744104117128,-0.08547587971963691,-0.08547587971963691,66499766.0,66499766.0,https://www.sec.gov/Archives/edgar/data/887247/000138713120003438/admp-10k_123119.htm,https://www.sec.gov/Archives/edgar/data/887247/000138713120003438/admp-10k_123119.htm,1620586181,14:49:41,20210509
4,2019-09-30,ADMP,USD,2019-11-12,2019-11-12 16:16:48,Q3,5902975.0,3988962.0,1914013.0,0.3242454863861019,3318743.0,5300107.0,0.0,0.0,8618850.0,12607812.0,21935.0,648649.0,-6056188.0,-1.0259552174962625,-6704837.0,-1.135840317805852,-303568.0,-6999751.0,-1.1858005497228092,0.0,-6999751.0,-1.1858005497228092,-0.12,-0.12,56283832.0,56283832.0,https://www.sec.gov/Archives/edgar/data/887247/000138713119008553/admp-10q_093019.htm,https://www.sec.gov/Archives/edgar/data/887247/000138713119008553/admp-10q_093019.htm,1620586181,14:49:41,20210509
5,2019-06-30,ADMP,USD,2019-08-08,2019-08-08 16:17:37,Q2,5764899.0,3665565.0,2099334.0,0.3641579843809926,2845745.0,7000339.0,0.0,0.0,9846084.0,13511649.0,22954.0,661728.0,-7085022.0,-1.228993257297309,-7746750.0,-1.3437789629965764,0.0,-7735587.0,-1.341842589089592,0.0,-7735587.0,-1.341842589089592,-0.16,-0.16,47539186.0,47539186.0,https://www.sec.gov/Archives/edgar/data/887247/000138713119005888/admp-10q_063019.htm,https://www.sec.gov/Archives/edgar/data/887247/000138713119005888/admp-10q_063019.htm,1620586181,14:49:41,20210509
6,2019-03-31,ADMP,USD,2019-05-09,2019-05-09 16:17:59,Q1,4905772.0,3625469.0,1280303.0,0.26097890403386054,2196514.0,8021464.0,0.0,0.0,10217978.0,13843447.0,24008.0,791940.0,-8145735.0,-1.6604389686271601,-8937675.0,-1.8218692185450118,0.0,-8887305.0,-1.8116017214008315,0.0,-8887305.0,-1.8116017214008315,-0.19,-0.19,47311499.0,47311499.0,https://www.sec.gov/Archives/edgar/data/887247/000138713119001966/admp-10k_123118.htm,https://www.sec.gov/Archives/edgar/data/887247/000138713119001966/admp-10k_123118.htm,1620586181,14:49:41,20210509
7,2018-12-31,ADMP,USD,2019-03-15,2019-03-15 16:22:07,Q4,4153907.0,3039999.0,1113908.0,0.2681591090026811,7800725.0,6576570.0,0.0,0.0,14377295.0,17417294.0,25010.0,778768.0,-12484619.0,-3.005512400735019,-13263387.0,-3.1929908397082554,0.0,-13180097.0,-3.1729398371220157,0.0,-12810757.0,-3.0840259543605573,-0.27077470109327967,-0.27077470109327967,47311499.0,47311499.0,https://www.sec.gov/Archives/edgar/data/887247/000138713119001966/admp-10k_123118.htm,https://www.sec.gov/Archives/edgar/data/887247/000138713119001966/admp-10k_123118.htm,1620586181,14:49:41,20210509
8,2018-09-30,ADMP,USD,2018-11-09,2018-11-09 16:16:56,Q3,3832935.0,2300432.0,1532503.0,0.3998249383305483,3908408.0,6534746.0,0.0,0.0,10443154.0,12743586.0,30653.0,776145.0,-8134506.0,-2.122265574553182,-8910651.0,-2.324759224980335,0.0,-8875284.0,-2.315532092247847,0.0,-8875284.0,-2.315532092247847,-0.21,-0.21,42085852.0,42085852.0,https://www.sec.gov/Archives/edgar/data/887247/000138713118006055/admp-10q_093018.htm,https://www.sec.gov/Archives/edgar/data/887247/000138713118006055/admp-10q_093018.htm,1620586181,14:49:41,20210509
9,2018-06-30,ADMP,USD,2018-08-09,2018-08-09 16:24:46,Q2,3920566.0,2394394.0,1526172.0,0.38927338552647756,4835634.0,6362931.0,0.0,0.0,11198565.0,13592959.0,51435.0,773082.0,-8899311.0,-2.2699046515222547,-9672393.0,-2.4670909761498723,0.0,-9702371.0,-2.4747373210908834,0.0,-9702371.0,-2.4747373210908834,-0.29,-0.29,33389600.0,33389600.0,https://www.sec.gov/Archives/edgar/data/887247/000138713118003822/admp-10q_063018.htm,https://www.sec.gov/Archives/edgar/data/887247/000138713118003822/admp-10q_063018.htm,1620586181,14:49:41,20210509
10,2018-03-31,ADMP,USD,2018-05-10,2018-05-10 16:34:03,Q1,3179235.0,2063163.0,1116072.0,0.3510504885609274,2249070.0,6473815.0,0.0,0.0,8722885.0,10786048.0,50667.0,770921.0,-6835892.0,-2.150168829922922,-7606813.0,-2.3926551513178484,0.0,-7618371.0,-2.3962906170824114,0.0,-7618371.0,-2.3962906170824114,-0.23,-0.23,33389410.0,33389410.0,https://www.sec.gov/Archives/edgar/data/887247/000138713118001080/admp_10k-123117.htm,https://www.sec.gov/Archives/edgar/data/887247/000138713118001080/admp_10k-123117.htm,1620586181,14:49:41,20210509
11,2017-12-31,ADMP,USD,2018-03-16,2018-03-15 17:34:21,Q4,2841833.0,1781705.0,1060128.0,0.3730437362082853,3582850.0,5843848.0,0.0,0.0,9426698.0,11208403.0,51751.0,745136.0,-7621434.0,-2.6818725801269814,-8366570.0,-2.944075179646376,0.0,-8365063.0,-2.9435448881056696,0.0,-8025672.0,-2.824118095609418,-0.24036579262706348,-0.24036579262706348,33389410.0,33389410.0,https://www.sec.gov/Archives/edgar/data/887247/000138713118001080/admp_10k-123117.htm,https://www.sec.gov/Archives/edgar/data/887247/000138713118001080/admp_10k-123117.htm,1620586181,14:49:41,20210509
12,2017-09-30,ADMP,USD,2017-11-14,2017-11-14 16:29:15,Q3,3388221.0,2092270.0,1295951.0,0.3824871518121162,1248187.0,5747572.0,0.0,-960230.0,6995759.0,9088029.0,52635.0,758069.0,-4941739.0,-1.4585055107090121,-5699808.0,-1.6822420969588465,-1056576.0,-6769309.0,-1.9978947654240973,0.0,-6769309.0,-1.9978947654240973,-0.21,-0.21,31509050.0,31509050.0,https://www.sec.gov/Archives/edgar/data/887247/000138713117005528/admp-10q_093017.htm,https://www.sec.gov/Archives/edgar/data/887247/000138713117005528/admp-10q_093017.htm,1620586181,14:49:41,20210509
13,2017-06-30,ADMP,USD,2017-08-14,2017-08-14 16:07:56,Q2,3805355.0,1881448.0,1923907.0,0.505578848753927,1185847.0,5655074.0,0.0,0.0,6840921.0,8722369.0,59430.0,777770.0,-4139244.0,-1.0877418795355493,-4917014.0,-1.292130169195778,0.0,-4971203.0,-1.3063703649199614,0.0,-4971203.0,-1.3063703649199614,-0.19,-0.19,26221137.0,26221137.0,https://www.sec.gov/Archives/edgar/data/887247/000138713117004179/admp-10q_063017.htm,https://www.sec.gov/Archives/edgar/data/887247/000138713117004179/admp-10q_063017.htm,1620586181,14:49:41,20210509
14,2017-03-31,ADMP,USD,2017-05-12,2017-05-12 16:21:04,Q1,3037851.0,1664565.0,1373286.0,0.4520583794267724,1509900.0,5572730.0,0.0,0.0,7082630.0,8747195.0,67475.0,782578.0,-4926766.0,-1.6217931689210563,-5709344.0,-1.8794022484973754,0.0,-5772796.0,-1.9002893821981395,0.0,-5772796.0,-1.9002893821981395,-0.26,-0.26,22118023.0,22118023.0,https://www.sec.gov/Archives/edgar/data/887247/000138713117001745/admp_10k-123116.htm,https://www.sec.gov/Archives/edgar/data/887247/000138713117001745/admp_10k-123116.htm,1620586181,14:49:41,20210509
15,2016-12-31,ADMP,USD,2017-03-30,2017-03-30 17:29:37,Q4,2469955.0,1686262.0,783693.0,0.3172903959788741,1372017.0,4592687.0,0.0,0.0,5964704.0,7650966.0,71771.0,782616.0,-4398395.0,-1.7807591636284872,-5181011.0,-2.097613519274643,0.0,-5244929.0,-2.1234917235334247,0.0,-670164.0,-0.27132640068341324,-0.03029945307498776,-0.03029945307498776,22118023.0,22118023.0,https://www.sec.gov/Archives/edgar/data/887247/000138713117001745/admp_10k-123116.htm,https://www.sec.gov/Archives/edgar/data/887247/000138713117001745/admp_10k-123116.htm,1620586181,14:49:41,20210509
16,2016-09-30,ADMP,USD,2016-11-14,2016-11-14 17:36:04,Q3,2075919.0,1821372.0,254547.0,0.12261894611494957,1494399.0,5335388.0,0.0,0.0,6829787.0,8651159.0,70234.0,785394.0,-5789846.0,-2.7890519813152634,-6575240.0,-3.1673875522118156,0.0,-6644209.0,-3.2006109101559357,0.0,-6644209.0,-3.2006109101559357,-0.41,-0.41,19606190.0,19606190.0,https://www.sec.gov/Archives/edgar/data/887247/000138713116007979/admp-10q_093016.htm,https://www.sec.gov/Archives/edgar/data/887247/000138713116007979/admp-10q_093016.htm,1620586181,14:49:41,20210509
17,2016-06-30,ADMP,USD,2016-08-15,2016-08-15 17:22:27,Q2,1928103.0,1346030.0,582073.0,0.3018889551025023,3429899.0,4583097.0,0.0,0.0,8012996.0,9359026.0,72391.0,719046.0,-6711877.0,-3.481078033694258,-7430923.0,-3.8540072807313717,1788758.0,-5714389.0,-2.963736377154125,0.0,-5714389.0,-2.963736377154125,-0.37,-0.37,15373510.0,15373510.0,https://www.sec.gov/Archives/edgar/data/887247/000138713116006612/admp-10q_063016.htm,https://www.sec.gov/Archives/edgar/data/887247/000138713116006612/admp-10q_063016.htm,1620586181,14:49:41,20210509
18,2016-03-31,ADMP,USD,2016-05-13,2016-05-13 16:23:58,Q1,0.0,0.0,0.0,0.0,3400820.0,2616384.0,0.0,0.0,6017204.0,6017204.0,0.0,247572.0,-5769632.0,0.0,-6017204.0,0.0,-391287.0,-6408491.0,0.0,0.0,-6408491.0,0.0,-0.48,-0.48,13444500.0,13444500.0,https://www.sec.gov/Archives/edgar/data/887247/000138713116004688/admp_10k-123115.htm,https://www.sec.gov/Archives/edgar/data/887247/000138713116004688/admp_10k-123115.htm,1620586181,14:49:41,20210509
19,2015-12-31,ADMP,USD,2016-03-23,2016-03-23 16:11:49,Q4,0.0,0.0,0.0,0.0,1035684.0,1826811.0,0.0,0.0,2862495.0,2862495.0,0.0,247573.0,-2614922.0,0.0,-2862495.0,0.0,-774687.0,-3637182.0,0.0,0.0,-3637182.0,0.0,-0.27053308044181634,-0.27053308044181634,13444500.0,13444500.0,https://www.sec.gov/Archives/edgar/data/887247/000138713116004688/admp_10k-123115.htm,https://www.sec.gov/Archives/edgar/data/887247/000138713116004688/admp_10k-123115.htm,1620586181,14:49:41,20210509
20,2015-09-30,ADMP,USD,2015-11-09,2015-11-09 14:00:38,Q3,0.0,0.0,0.0,0.0,1182542.0,2125100.0,0.0,0.0,3307642.0,3307642.0,0.0,247572.0,-3060070.0,0.0,-3307642.0,0.0,159435.0,-3148207.0,0.0,0.0,-3148207.0,0.0,-0.23,-0.24,13420648.0,13504254.0,https://www.sec.gov/Archives/edgar/data/887247/000138713115003213/admp-10q_093015.htm,https://www.sec.gov/Archives/edgar/data/887247/000138713115003213/admp-10q_093015.htm,1620586181,14:49:41,20210509
21,2015-06-30,ADMP,USD,2015-08-07,2015-08-07 16:17:48,Q2,0.0,0.0,0.0,0.0,1269590.0,2261831.0,0.0,0.0,3531421.0,3531421.0,0.0,247574.0,-3283847.0,0.0,-3531421.0,0.0,-113480.0,-3644901.0,0.0,0.0,-3644901.0,0.0,-0.27,-0.27,13415920.0,13415920.0,https://www.sec.gov/Archives/edgar/data/887247/000156459015006674/admp-10q_20150630.htm,https://www.sec.gov/Archives/edgar/data/887247/000156459015006674/admp-10q_20150630.htm,1620586181,14:49:41,20210509
22,2015-03-31,ADMP,USD,2015-05-14,2015-05-14 16:27:52,Q1,0.0,0.0,0.0,0.0,1355323.0,2793546.0,0.0,0.0,4148869.0,4148869.0,0.0,247571.0,-3901298.0,0.0,-4148869.0,0.0,1007163.0,-3141706.0,0.0,0.0,-3141706.0,0.0,-0.24,-0.32,12828124.0,13086290.0,https://www.sec.gov/Archives/edgar/data/887247/000156459015002012/admp-10kt_20141231.htm,https://www.sec.gov/Archives/edgar/data/887247/000156459015002012/admp-10kt_20141231.htm,1620586181,14:49:41,20210509
23,2014-12-31,ADMP,USD,2015-03-26,2015-03-26 16:50:44,Q4,0.0,0.0,0.0,0.0,1210000.0,2200000.0,0.0,-1214589000.0,3410000.0,3410000.0,-225883.0,300000.00000000006,-3110000.0,0.0,-3410000.0,0.0,0.0,-4310000.0,0.0,0.0,-4310000.0,0.0,-0.20436,-0.20436,21090000.0,21090000.0,https://www.sec.gov/Archives/edgar/data/887247/000156459015002012/admp-10kt_20141231.htm,https://www.sec.gov/Archives/edgar/data/887247/000156459015002012/admp-10kt_20141231.htm,1620586181,14:49:41,20210509
24,2014-09-30,ADMP,USD,2014-11-14,2014-11-14 16:05:43,Q3,0.0,0.0,0.0,0.0,597545.0,1343816.0,0.0,0.0,1941361.0,1941361.0,0.0,296122.0,-1645239.0,0.0,-1941361.0,0.0,-183185.0,-2124546.0,0.0,0.0,-2124546.0,0.0,-0.2,-0.2,10747869.0,10747869.0,https://www.sec.gov/Archives/edgar/data/887247/000138713114003804/admp-10q_093014.htm,https://www.sec.gov/Archives/edgar/data/887247/000138713114003804/admp-10q_093014.htm,1620586181,14:49:41,20210509
25,2014-06-30,ADMP,USD,2014-08-13,2014-08-13 16:12:12,Q2,0.0,0.0,0.0,0.0,1740113.0,1010505.0,0.0,0.0,2750618.0,2750618.0,225883.0,296123.0,-2454495.0,0.0,-2750618.0,0.0,95467.0,-2881034.0,0.0,0.0,-2881034.0,0.0,-0.27,-0.27,10500343.0,10500343.0,https://www.sec.gov/Archives/edgar/data/887247/000138713114002262/admp-10k_033114.htm,https://www.sec.gov/Archives/edgar/data/887247/000138713114002262/admp-10k_033114.htm,1620586181,14:49:41,20210509
26,2014-03-31,ADMP,USD,2014-06-23,2014-06-23 17:17:27,Q1,0.0,0.0,0.0,0.0,378934.0,1335325.0,0.0,0.0,1714259.0,1714259.0,145422.0,0.0,-1515395.0,0.0,-1714259.0,0.0,307488.0,-1552193.0,0.0,0.0,-1552193.0,0.0,-0.1478230758747595,-0.1478230758747595,10500343.0,10500343.0,https://www.sec.gov/Archives/edgar/data/887247/000138713114002262/admp-10k_033114.htm,https://www.sec.gov/Archives/edgar/data/887247/000138713114002262/admp-10k_033114.htm,1620586181,14:49:41,20210509
27,2013-12-31,ADMP,USD,2014-02-14,2014-02-14 16:38:50,Q4,0.0,0.0,0.0,0.0,208027.0,776408.0,0.0,0.0,984435.0,984435.0,5298282.0,0.0,-984435.0,0.0,-984435.0,0.0,753486.0,-5529231.0,0.0,0.0,-5529231.0,0.0,-0.82,-0.82,6741175.0,6741175.0,https://www.sec.gov/Archives/edgar/data/887247/000138713114000542/admp-10q_123113.htm,https://www.sec.gov/Archives/edgar/data/887247/000138713114000542/admp-10q_123113.htm,1620586181,14:49:41,20210509
28,2013-09-30,ADMP,USD,2013-11-13,2013-11-13 17:19:31,Q3,0.0,0.0,0.0,0.0,194954.0,762078.0,0.0,0.0,957032.0,957032.0,2777575.0,0.0,-957032.0,0.0,-957032.0,0.0,3702612.0,-31995.0,0.0,0.0,-31995.0,0.0,-0.005186,-0.005186,6169111.0,6169111.0,https://www.sec.gov/Archives/edgar/data/887247/000138713113004242/admp-10q_093013.htm,https://www.sec.gov/Archives/edgar/data/887247/000138713113004242/admp-10q_093013.htm,1620586181,14:49:41,20210509
29,2013-06-30,ADMP,USD,2013-08-19,2013-08-19 15:59:53,Q2,0.0,0.0,0.0,0.0,224516.0,515244.0,0.0,0.0,739760.0,739760.0,404884.0,0.0,-739760.0,0.0,-739760.0,0.0,102182.0,-1042462.0,0.0,0.0,-1042462.0,0.0,-0.170002,-0.170002,6144657.0,6144657.0,https://www.sec.gov/Archives/edgar/data/887247/000138713113002469/admp-10k_033113.htm,https://www.sec.gov/Archives/edgar/data/887247/000138713113002469/admp-10k_033113.htm,1620586181,14:49:41,20210509
30,2013-03-31,ADMP,USD,2013-07-03,2013-07-03 17:11:01,Q1,0.0,0.0,0.0,0.0,474691.0,419185.0,0.0,0.0,893876.0,893876.0,614589.0,0.0,-893876.0,0.0,-893876.0,0.0,1545.0,-1506920.0,0.0,0.0,-1636920.0,0.0,-0.2663972944299413,-0.2663972944299413,6144657.0,6144657.0,https://www.sec.gov/Archives/edgar/data/887247/000138713113002469/admp-10k_033113.htm,https://www.sec.gov/Archives/edgar/data/887247/000138713113002469/admp-10k_033113.htm,1620586181,14:49:41,20210509
31,2012-12-31,ADMP,USD,2013-02-19,2013-02-19 16:47:36,Q4,0.0,0.0,0.0,0.0,205867.0,541962.0,0.0,0.0,747829.0,747829.0,845098.0,0.0,-747829.0,0.0,-747829.0,0.0,-381073.0,-1974000.0,0.0,0.0,-1974000.0,0.0,-0.340003,-0.340003,5810370.0,5810370.0,https://www.sec.gov/Archives/edgar/data/887247/000138713113000496/admp-10q_123112.htm,https://www.sec.gov/Archives/edgar/data/887247/000138713113000496/admp-10q_123112.htm,1620586181,14:49:41,20210509
32,2012-09-30,ADMP,USD,2012-11-13,2012-11-13 16:40:18,Q3,0.0,0.0,0.0,0.0,421403.0,429742.0,0.0,0.0,851145.0,851145.0,579330.0,0.0,-1424145.0,0.0,-851145.0,0.0,573000.0,0.0,0.0,0.0,-857475.0,0.0,-0.170002,-0.170002,5781913.0,5781913.0,https://www.sec.gov/Archives/edgar/data/887247/000138713112003643/admp-10q_093012.htm,https://www.sec.gov/Archives/edgar/data/887247/000138713112003643/admp-10q_093012.htm,1620586181,14:49:41,20210509
33,2012-06-30,ADMP,USD,2012-08-14,2012-08-14 17:29:26,Q2,0.0,0.0,0.0,0.0,107357.0,617366.0,0.0,0.0,724723.0,724723.0,294965.0,0.0,981986.0,0.0,-724723.0,0.0,-1706709.0,0.0,0.0,0.0,-2726397.0,0.0,-0.510005,-0.510005,5718000.0,5718000.0,https://www.sec.gov/Archives/edgar/data/887247/000138713112002763/admp-10q_063012.htm,https://www.sec.gov/Archives/edgar/data/887247/000138713112002763/admp-10q_063012.htm,1620586181,14:49:41,20210509
34,2012-03-31,ADMP,USD,2012-03-31,2012-03-31,Q1,0.0,0.0,0.0,0.0,528156.0,605101.0,0.0,0.0,1133257.0,1133257.0,2718.0,0.0,-1133257.0,0.0,-1133257.0,0.0,0.0,0.0,0.0,0.0,-1205975.0,0.0,-0.2109085344526058,-0.2109085344526058,5718000.0,5718000.0,,,1620586181,14:49:41,20210509
35,2011-12-31,ADMP,USD,2012-02-14,2012-02-14 15:45:26,Q4,0.0,0.0,0.0,0.0,181500.0,807161.0,0.0,0.0,988661.0,988661.0,2613.0,0.0,-988661.0,0.0,-988661.0,0.0,0.0,0.0,0.0,0.0,-991274.0,0.0,-0.170002,-0.170002,5404987.0,5404987.0,https://www.sec.gov/Archives/edgar/data/887247/000138713112000314/adamis_10q-123111.htm,https://www.sec.gov/Archives/edgar/data/887247/000138713112000314/adamis_10q-123111.htm,1620586181,14:49:41,20210509
36,2011-09-30,ADMP,USD,2011-11-21,2011-11-21 16:17:47,Q3,0.0,0.0,0.0,0.0,573808.0,906631.0,0.0,0.0,1480439.0,1480439.0,2552.0,0.0,-1485736.0,0.0,-1480439.0,0.0,5297.0,0.0,0.0,0.0,-1477694.0,0.0,-0.340003,-0.340003,5276342.0,5276342.0,https://www.sec.gov/Archives/edgar/data/887247/000138713111002673/adamis-10q_093011.htm,https://www.sec.gov/Archives/edgar/data/887247/000138713111002673/adamis-10q_093011.htm,1620586181,14:49:41,20210509
37,2011-06-30,ADMP,USD,2011-08-15,2011-08-15 15:11:43,Q2,0.0,0.0,0.0,0.0,630661.0,582184.0,0.0,0.0,1212845.0,1212845.0,27507.0,0.0,-1212845.0,0.0,-1212845.0,0.0,0.0,0.0,0.0,0.0,-1240352.0,0.0,-0.340003,-0.340003,4841457.0,4841457.0,https://www.sec.gov/Archives/edgar/data/887247/000138713111001205/adamis-10k_0627.htm,https://www.sec.gov/Archives/edgar/data/887247/000138713111001205/adamis-10k_0627.htm,1620586181,14:49:41,20210509
38,2011-03-31,ADMP,USD,2011-07-07,2011-07-06 18:02:07,Q1,0.0,0.0,0.0,0.0,766064.0,352205.0,0.0,0.0,1118269.0,1118269.0,31571.0,966.0,-1117303.0,0.0,-1118269.0,0.0,0.0,0.0,0.0,0.0,-1149840.0,0.0,-0.23749875295804548,-0.23749875295804548,4841457.0,4841457.0,https://www.sec.gov/Archives/edgar/data/887247/000138713111001205/adamis-10k_0627.htm,https://www.sec.gov/Archives/edgar/data/887247/000138713111001205/adamis-10k_0627.htm,1620586181,14:49:41,20210509
39,2010-12-31,ADMP,USD,2011-02-14,2011-02-14 19:03:36,Q4,0.0,0.0,0.0,0.0,2092524.0,928668.0,0.0,0.0,3021192.0,3021192.0,72148.0,2116.0,-3019076.0,0.0,-3021192.0,0.0,0.0,0.0,0.0,0.0,-3093340.0,0.0,-0.680006,-0.680006,4117920.0,4117920.0,https://www.sec.gov/Archives/edgar/data/887247/000138713111000239/adamis-10q_0204.htm,https://www.sec.gov/Archives/edgar/data/887247/000138713111000239/adamis-10q_0204.htm,1620586181,14:49:41,20210509
40,2010-09-30,ADMP,USD,2010-11-18,2010-11-18 15:22:58,Q3,0.0,0.0,0.0,0.0,17296.0,1095234.0,0.0,0.0,1112530.0,1112530.0,318394.0,5783.0,-1106747.0,0.0,-1112530.0,0.0,5600.0,0.0,0.0,0.0,-1425324.0,0.0,-0.850008,-0.850008,1859645.0,1859645.0,https://www.sec.gov/Archives/edgar/data/887247/000138713110001291/adamis-10q_0930.htm,https://www.sec.gov/Archives/edgar/data/887247/000138713110001291/adamis-10q_0930.htm,1620586181,14:49:41,20210509
41,2010-06-30,ADMP,USD,2010-08-23,2010-08-23 14:13:21,Q2,0.0,0.0,0.0,0.0,0.0,989091.0,0.0,0.0,989091.0,989091.0,322218.0,5783.0,-983308.0,0.0,-989091.0,0.0,0.0,0.0,0.0,0.0,-1311309.0,0.0,-0.680006,-0.680006,1753191.0,1753191.0,https://www.sec.gov/Archives/edgar/data/887247/000138713110000744/adamis-10k_0713.htm,https://www.sec.gov/Archives/edgar/data/887247/000138713110000744/adamis-10k_0713.htm,1620586181,14:49:41,20210509
42,2010-03-31,ADMP,USD,2010-07-14,2010-07-14 17:30:55,Q1,-60803.0,143362.0,-204165.0,3.3578112922059766,433768.0,1287226.0,0.0,0.0,1720994.0,1864356.0,2456084.0,8155.0,-1917004.0,31.528115389043304,-1925159.0,31.662237060671348,0.0,0.0,0.0,0.0,-4381243.0,72.05636235054192,-2.4990106611316167,-2.4990106611316167,1753191.0,1753191.0,https://www.sec.gov/Archives/edgar/data/887247/000138713110000744/adamis-10k_0713.htm,https://www.sec.gov/Archives/edgar/data/887247/000138713110000744/adamis-10k_0713.htm,1620586181,14:49:41,20210509
43,2009-12-31,ADMP,USD,2010-02-16,2010-02-16 16:04:58,Q4,118751.0,53663.0,65088.0,0.5481048580643532,52427.0,704994.0,0.0,0.0,757421.0,811084.0,257482.0,4598.0,-687735.0,-5.791403861862216,-692333.0,-5.830123535801804,0.0,0.0,0.0,0.0,-949815.0,-7.998374750528416,-0.510005,-0.510005,1710539.0,1710539.0,https://www.sec.gov/Archives/edgar/data/887247/000138713110000203/adamis-10q_0210.htm,https://www.sec.gov/Archives/edgar/data/887247/000138713110000203/adamis-10q_0210.htm,1620586181,14:49:41,20210509
44,2009-09-30,ADMP,USD,2009-11-24,2009-11-23 19:56:43,Q3,125870.0,19496.0,106374.0,0.8451100341622308,85548.0,552658.0,0.0,0.0,638206.0,657702.0,8250.0,4598.0,-527234.0,-4.188718519107015,-531832.0,-4.225248272026694,0.0,0.0,0.0,0.0,-540082.0,-4.2907920870739655,-0.340003,-0.340003,1720568.0,1720568.0,https://www.sec.gov/Archives/edgar/data/887247/000138713109000730/adamis-10q_1.htm,https://www.sec.gov/Archives/edgar/data/887247/000138713109000730/adamis-10q_1.htm,1620586181,14:49:41,20210509
45,2009-06-30,ADMP,USD,2009-08-19,2009-08-19 16:34:49,Q2,106470.0,48078.0,58392.0,0.54843617920541,13015.0,729627.0,0.0,0.0,742642.0,790720.0,4233.0,4597.0,-679653.0,-6.383516483516484,-684250.0,-6.426692965154504,0.0,0.0,0.0,0.0,-688483.0,-6.4664506433737206,-0.340003,-0.340003,1686556.0,1686556.0,https://www.sec.gov/Archives/edgar/data/887247/000114420409044685/v158556_10q.htm,https://www.sec.gov/Archives/edgar/data/887247/000114420409044685/v158556_10q.htm,1620586181,14:49:41,20210509
46,2009-03-31,ADMP,USD,2009-05-15,2009-05-15 14:45:51,Q1,0.0,0.0,0.0,0.0,0.0,319000.0,0.0,0.0,319000.0,319000.0,0.0,0.0,-319000.0,0.0,-319000.0,0.0,0.0,0.0,0.0,0.0,-307000.0,0.0,-0.170002,-0.170002,1754984.0,1754984.0,https://www.sec.gov/Archives/edgar/data/887247/000114420409027334/0001144204-09-027334-index.htm,https://www.sec.gov/Archives/edgar/data/887247/000114420409025876/v148883_10k.htm,1620586181,14:49:41,20210509
47,2008-12-31,ADMP,USD,2009-05-13,2009-05-13 06:19:49,Q1,0.0,0.0,0.0,0.0,-3000.0,262124.0,0.0,0.0,259124.0,259124.0,0.0,0.0,-259124.0,0.0,-259124.0,0.0,0.0,0.0,0.0,0.0,-324871.0,0.0,-0.185113368554927,-0.185113368554927,1754984.0,1754984.0,https://www.sec.gov/Archives/edgar/data/887247/000114420409025876/v148883_10k.htm,https://www.sec.gov/Archives/edgar/data/887247/000114420409025876/v148883_10k.htm,1620586181,14:49:41,20210509
48,2008-09-30,ADMP,USD,2008-11-14,2008-11-14 15:18:07,Q4,0.0,0.0,0.0,0.0,0.0,262000.0,0.0,0.0,262000.0,262000.0,76000.0,0.0,-262000.0,0.0,-262000.0,0.0,0.0,0.0,0.0,0.0,-321000.0,0.0,-1.687963,-1.687963,176751.0,176751.0,https://www.sec.gov/Archives/edgar/data/887247/000114420408064239/v132125_10q.htm,https://www.sec.gov/Archives/edgar/data/887247/000114420408064239/v132125_10q.htm,1620586181,14:49:41,20210509
49,2008-06-30,ADMP,USD,2008-07-22,2008-07-22 15:40:48,Q3,0.0,0.0,0.0,0.0,0.0,335000.0,0.0,0.0,335000.0,335000.0,0.0,0.0,-335000.0,0.0,-335000.0,0.0,0.0,0.0,0.0,0.0,-389000.0,0.0,-1.687963,-1.687963,176751.0,176751.0,https://www.sec.gov/Archives/edgar/data/887247/000114420408041108/v120312_10q.htm,https://www.sec.gov/Archives/edgar/data/887247/000114420408041108/v120312_10q.htm,1620586181,14:49:41,20210509
50,2008-03-31,ADMP,USD,2008-05-14,2008-05-14 14:32:09,Q2,0.0,0.0,0.0,0.0,2000.0,463000.0,0.0,0.0,465000.0,465000.0,0.0,0.0,-465000.0,0.0,-465000.0,0.0,0.0,0.0,0.0,0.0,-498000.0,0.0,-3.375926,-3.375926,176751.0,176751.0,https://www.sec.gov/Archives/edgar/data/887247/000114420408016555/v107422_10k.htm,https://www.sec.gov/Archives/edgar/data/887247/000114420408016555/v107422_10k.htm,1620586181,14:49:41,20210509
51,2007-12-31,ADMP,USD,2008-03-20,2008-03-20 13:23:43,Q1,0.0,0.0,0.0,0.0,22.0,453626.0,0.0,0.0,453648.0,453648.0,0.0,0.0,-460146.0,0.0,-453648.0,0.0,6498.0,0.0,0.0,0.0,-602061.0,0.0,-3.4062664426226728,-3.4062664426226728,176751.0,176751.0,https://www.sec.gov/Archives/edgar/data/887247/000114420408016555/v107422_10k.htm,https://www.sec.gov/Archives/edgar/data/887247/000114420408016555/v107422_10k.htm,1620586181,14:49:41,20210509
52,2007-09-30,ADMP,USD,2007-10-19,2007-10-19 15:57:26,Q4,0.0,0.0,0.0,0.0,2000.0,404000.0,0.0,0.0,406000.0,406000.0,0.0,0.0,-411000.0,0.0,-406000.0,0.0,5000.0,0.0,0.0,0.0,-321000.0,0.0,-1.687963,-1.687963,176751.0,176751.0,https://www.sec.gov/Archives/edgar/data/887247/000114420407055259/v090517_10q.htm,https://www.sec.gov/Archives/edgar/data/887247/000114420407055259/v090517_10q.htm,1620586181,14:49:41,20210509
53,2007-06-30,ADMP,USD,2007-07-31,2007-07-31 15:01:37,Q3,0.0,0.0,0.0,0.0,15000.0,426000.0,0.0,0.0,441000.0,441000.0,51000.0,0.0,-444000.0,0.0,-441000.0,0.0,3000.0,0.0,0.0,0.0,-466000.0,0.0,-3.375926,-3.375926,176751.0,176751.0,https://www.sec.gov/Archives/edgar/data/887247/000114420407039243/v082388_10q.htm,https://www.sec.gov/Archives/edgar/data/887247/000114420407039243/v082388_10q.htm,1620586181,14:49:41,20210509
54,2007-03-31,ADMP,USD,2007-05-07,2007-05-07 15:29:15,Q2,0.0,0.0,0.0,0.0,8000.0,513000.0,0.0,0.0,521000.0,521000.0,0.0,0.0,-515000.0,0.0,-521000.0,0.0,-6000.0,0.0,0.0,0.0,-537000.0,0.0,-3.375926,-3.375926,176751.0,176751.0,https://www.sec.gov/Archives/edgar/data/887247/000114420407016495/v068488_10k.htm,https://www.sec.gov/Archives/edgar/data/887247/000114420407016495/v068488_10k.htm,1620586181,14:49:41,20210509
55,2006-12-31,ADMP,USD,2007-04-02,2007-04-02 16:30:01,Q1,25058.0,197.0,24861.0,0.9921382392848591,-431912.0,223786.0,0.0,0.0,42603.0,42800.0,-116055.0,-664.0,-18406.0,-0.7345358767659032,-17742.0,-0.7080373533402506,14296170.0,0.0,0.0,0.0,14972805.0,597.5259398196184,84.71128876215693,84.71128876215693,176751.0,176751.0,https://www.sec.gov/Archives/edgar/data/887247/000114420407016495/v068488_10k.htm,https://www.sec.gov/Archives/edgar/data/887247/000114420407016495/v068488_10k.htm,1620586181,14:49:41,20210509
56,2006-09-30,ADMP,USD,2006-11-14,2006-11-14 15:35:38,Q4,172000.0,0.0,0.0,0.0,338000.0,1231000.0,0.0,0.0,1569000.0,1569000.0,0.0,41000.0,-1356000.0,-7.883720930232558,-1397000.0,-8.122093023255815,145000.0,0.0,0.0,0.0,-1640000.0,-9.534883720930232,-8.439816,-8.439816,176739.0,176739.0,https://www.sec.gov/Archives/edgar/data/887247/000114420406047406/v056935_10q.htm,https://www.sec.gov/Archives/edgar/data/887247/000114420406047406/v056935_10q.htm,1620586181,14:49:41,20210509
57,2006-06-30,ADMP,USD,2006-08-10,2006-08-10 13:24:46,Q3,1227000.0,0.0,0.0,0.0,800000.0,1472000.0,0.0,0.0,2272000.0,2272000.0,0.0,147000.0,-898000.0,-0.7318663406682967,-1045000.0,-0.8516707416462918,80000.0,0.0,0.0,0.0,-1251000.0,-1.019559902200489,-6.751853,-6.751853,176739.0,176739.0,https://www.sec.gov/Archives/edgar/data/887247/000114420406032091/v049342_10q.htm,https://www.sec.gov/Archives/edgar/data/887247/000114420406032091/v049342_10q.htm,1620586181,14:49:41,20210509
58,2006-03-31,ADMP,USD,2006-05-15,2006-05-15 17:30:11,Q2,1402000.0,284000.0,1118000.0,0.797432239657632,1106000.0,2104000.0,0.0,0.0,3210000.0,3494000.0,0.0,130000.0,-1962000.0,-1.399429386590585,-2092000.0,-1.492154065620542,-54000.0,0.0,0.0,0.0,-2351000.0,-1.6768901569186876,-13.503706,-13.503706,176733.0,176733.0,https://www.sec.gov/Archives/edgar/data/887247/000114420406012628/v038451_10k.htm,https://www.sec.gov/Archives/edgar/data/887247/000114420406012628/v038451_10k.htm,1620586181,14:49:41,20210509
59,2005-12-31,ADMP,USD,2006-03-31,2006-03-31 06:38:34,Q1,1528000.0,65000.0,1463000.0,0.9574607329842932,1604000.0,2199000.0,0.0,0.0,3802000.0,3867000.0,148000.0,0.0,-2787000.0,-1.823952879581152,-2339000.0,-1.530759162303665,448000.0,0.0,0.0,0.0,-1964000.0,-1.2853403141361257,-11.112808586964517,-11.112808586964517,176733.0,176733.0,https://www.sec.gov/Archives/edgar/data/887247/000114420406012628/v038451_10k.htm,https://www.sec.gov/Archives/edgar/data/887247/000114420406012628/v038451_10k.htm,1620586181,14:49:41,20210509
60,2005-09-30,ADMP,USD,2005-11-14,2005-11-14 17:22:32,Q4,1952000.0,237000.0,1715000.0,0.8785860655737705,1816000.0,2575000.0,0.0,0.0,4391000.0,4628000.0,0.0,0.0,-2755000.0,-1.4113729508196722,-2676000.0,-1.3709016393442623,79000.0,0.0,0.0,0.0,-2793000.0,-1.4308401639344261,-15.191669,-15.191669,176733.0,176733.0,https://www.sec.gov/Archives/edgar/data/887247/000114420405035563/v028985.htm,https://www.sec.gov/Archives/edgar/data/887247/000114420405035563/v028985.htm,1620586181,14:49:41,20210509
61,2005-06-30,ADMP,USD,2005-08-15,2005-08-15 17:13:51,Q3,7749000.0,62000.0,7687000.0,0.9919989676087237,2284000.0,456000.0,0.0,0.0,2740000.0,2802000.0,241000.0,0.0,4947000.0,0.6384049554781263,4947000.0,0.6384049554781263,0.0,0.0,0.0,0.0,4835000.0,0.6239514776100142,28.695375,27.007412,166680.0,178339.0,https://www.sec.gov/Archives/edgar/data/887247/000110465905039692/a05-12703_110q.htm,https://www.sec.gov/Archives/edgar/data/887247/000110465905039692/a05-12703_110q.htm,1620586181,14:49:41,20210509
62,2005-03-31,ADMP,USD,2005-05-16,2005-05-16 17:15:05,Q2,1606000.0,21000.0,1585000.0,0.9869240348692403,2777000.0,4018000.0,0.0,0.0,6795000.0,6816000.0,0.0,0.0,-5267000.0,-3.279576587795766,-5210000.0,-3.244084682440847,57000.0,0.0,0.0,0.0,-5086000.0,-3.166874221668742,-32.071302,-32.071302,154837.0,154837.0,https://www.sec.gov/Archives/edgar/data/887247/000110465905013943/a05-5589_110k.htm,https://www.sec.gov/Archives/edgar/data/887247/000110465905013943/a05-5589_110k.htm,1620586181,14:49:41,20210509
63,2004-12-31,ADMP,USD,2005-03-31,2005-03-30 22:02:18,Q1,1345377.0,16849.0,1328528.0,0.9874763727936482,2723310.0,3121205.0,0.0,0.0,5844515.0,5861364.0,0.0,0.0,10234829.0,7.607405953870179,-4515987.0,-3.356670286469889,-14750816.0,0.0,0.0,0.0,-19245062.0,-14.304586744087345,-124.2923978118925,-124.2923978118925,154837.0,154837.0,https://www.sec.gov/Archives/edgar/data/887247/000110465905013943/a05-5589_110k.htm,https://www.sec.gov/Archives/edgar/data/887247/000110465905013943/a05-5589_110k.htm,1620586181,14:49:41,20210509
64,2004-09-30,ADMP,USD,2004-11-12,2004-11-12 06:21:45,Q4,483000.0,55000.0,428000.0,0.8861283643892339,2529000.0,1093000.0,0.0,0.0,3622000.0,3677000.0,0.0,0.0,-3176000.0,-6.575569358178054,-3194000.0,-6.612836438923395,-18000.0,0.0,0.0,0.0,-3143000.0,-6.507246376811594,-23.631485,-23.631485,132680.0,132680.0,https://www.sec.gov/Archives/edgar/data/887247/000110465904035154/a04-12837_110q.htm,https://www.sec.gov/Archives/edgar/data/887247/000110465904035154/a04-12837_110q.htm,1620586181,14:49:41,20210509
65,2004-06-30,ADMP,USD,2004-08-10,2004-08-10 15:10:27,Q3,430000.0,56000.0,374000.0,0.8697674418604651,2189000.0,1022000.0,0.0,0.0,3211000.0,3267000.0,0.0,0.0,-2837000.0,-6.597674418604651,-2837000.0,-6.597674418604651,0.0,0.0,0.0,0.0,-2708000.0,-6.297674418604651,-21.943522,-21.943522,119214.0,119214.0,https://www.sec.gov/Archives/edgar/data/887247/000110465904023622/a04-9219_110q.htm,https://www.sec.gov/Archives/edgar/data/887247/000110465904023622/a04-9219_110q.htm,1620586181,14:49:41,20210509
66,2004-03-31,ADMP,USD,2004-03-31,2004-03-31,Q2,338000.0,20000.0,318000.0,0.9408284023668639,2158000.0,1405000.0,0.0,0.0,3563000.0,3583000.0,0.0,0.0,-3245000.0,-9.600591715976332,-3245000.0,-9.600591715976332,0.0,0.0,0.0,0.0,-3058000.0,-9.04733727810651,-25.319449,-25.319449,119001.0,119001.0,,,1620586181,14:49:41,20210509
67,2003-12-31,ADMP,USD,2003-12-31,2003-12-31,Q1,551000.0,100000.0,451000.0,0.8185117967332124,3271000.0,1694000.0,0.0,0.0,4964000.0,5064000.0,0.0,0.0,-4513000.0,-8.190562613430128,-4513000.0,-8.190562613430128,0.0,0.0,0.0,0.0,-3850000.0,-6.987295825771325,-32.352669305299955,-32.352669305299955,119001.0,119001.0,,,1620586181,14:49:41,20210509
68,2003-09-30,ADMP,USD,2003-09-30,2003-09-30,Q4,414000.0,46000.0,368000.0,0.8888888888888888,2112000.0,230000.0,0.0,0.0,2342000.0,2388000.0,100000.0,0.0,-1974000.0,-4.768115942028985,-1974000.0,-4.768115942028985,0.0,0.0,0.0,0.0,-1968000.0,-4.753623188405797,-16.879632,-16.879632,118592.0,118592.0,,,1620586181,14:49:41,20210509
69,2003-06-30,ADMP,USD,2003-06-30,2003-06-30,Q3,263000.0,6000.0,257000.0,0.9771863117870723,3314000.0,1712000.0,0.0,0.0,5026000.0,5032000.0,0.0,0.0,-4769000.0,-18.133079847908746,-4769000.0,-18.133079847908746,0.0,0.0,0.0,0.0,-4582000.0,-17.422053231939163,-38.823155,-38.823155,118195.0,118195.0,,,1620586181,14:49:41,20210509
70,2003-03-31,ADMP,USD,2003-03-31,2003-03-31,Q2,392000.0,34000.0,358000.0,0.9132653061224489,1861000.0,1133000.0,0.0,0.0,2994000.0,3028000.0,0.0,0.0,-2636000.0,-6.724489795918367,-2636000.0,-6.724489795918367,0.0,0.0,0.0,0.0,-3132000.0,-7.989795918367347,-27.007412,-27.007412,117609.0,117609.0,,,1620586181,14:49:41,20210509
71,2002-12-31,ADMP,USD,2004-03-24,2004-03-24,Q1,839626.0,271992.0,567634.0,0.6760557676870416,2260146.0,2613213.0,0.0,0.0,4873359.0,5145351.0,0.0,0.0,-4305725.0,-5.128146341347219,-4305725.0,-5.128146341347219,0.0,0.0,0.0,0.0,-4302900.0,-5.124781748064019,-36.58648572813305,-36.58648572813305,117609.0,117609.0,https://www.sec.gov/Archives/edgar/data/887247/000095000504000291/0000950005-04-000291-index.htm,https://www.sec.gov/Archives/edgar/data/887247/000095000504000291/p18314_10ka.txt,1620586181,14:49:41,20210509
72,2002-09-30,ADMP,USD,2002-09-30,2002-09-30,Q4,145000.0,11000.0,134000.0,0.9241379310344827,1899000.0,817000.0,-826000.0,0.0,1890000.0,1901000.0,0.0,0.0,-1756000.0,-12.110344827586207,-1756000.0,-12.110344827586207,0.0,-1623000.0,-11.193103448275862,0.0,-1623000.0,-11.193103448275862,-15.191669,-15.191669,102520.0,102520.0,,,1620586181,14:49:41,20210509
73,2002-06-30,ADMP,USD,2002-06-30,2002-06-30,Q3,150000.0,15000.0,135000.0,0.9,3551000.0,2337000.0,0.0,0.0,5888000.0,5903000.0,0.0,0.0,-5753000.0,-38.35333333333333,-5753000.0,-38.35333333333333,0.0,0.0,0.0,0.0,-5624000.0,-37.49333333333333,-54.014824,-54.014824,102567.0,102567.0,,,1620586181,14:49:41,20210509
74,2002-03-31,ADMP,USD,2002-05-10,2002-05-10,Q2,267000.0,71000.0,196000.0,0.7340823970037453,2962000.0,1876000.0,0.0,0.0,4838000.0,4909000.0,0.0,0.0,-4642000.0,-17.38576779026217,-4642000.0,-17.38576779026217,0.0,0.0,0.0,0.0,-4387000.0,-16.43071161048689,-42.199081,-42.199081,102508.0,102508.0,https://www.sec.gov/Archives/edgar/data/887247/000095000502000547/0000950005-02-000547-index.htm,https://www.sec.gov/Archives/edgar/data/887247/000095000502000547/p15423_10q.txt,1620586181,14:49:41,20210509
75,2001-12-31,ADMP,USD,2001-12-31,2001-12-31,Q1,518491.0,127338.0,391153.0,0.7544065374326652,4108746.0,1004642.0,0.0,0.0,5113388.0,5240726.0,0.0,0.0,-4722235.0,-9.10765085604186,-4722235.0,-9.10765085604186,0.0,0.0,0.0,0.0,-7660723.0,-14.775035632248198,-74.73292816170445,-74.73292816170445,102508.0,102508.0,,,1620586181,14:49:41,20210509
76,2001-09-30,ADMP,USD,2001-09-30,2001-09-30,Q4,265000.0,63000.0,202000.0,0.7622641509433963,3455000.0,929000.0,0.0,0.0,4384000.0,4447000.0,0.0,0.0,-4182000.0,-15.781132075471698,-4182000.0,-15.781132075471698,0.0,0.0,0.0,0.0,-3871000.0,-14.60754716981132,-38.823155,-38.823155,98568.0,98568.0,,,1620586181,14:49:41,20210509
77,2001-06-30,ADMP,USD,2001-07-31,2001-07-31,Q3,53000.0,6000.0,47000.0,0.8867924528301887,3523000.0,876000.0,0.0,0.0,4399000.0,4405000.0,0.0,0.0,-4352000.0,-82.11320754716981,-4352000.0,-82.11320754716981,0.0,0.0,0.0,0.0,-4156000.0,-78.41509433962264,-48.950934,-48.950934,86364.0,86364.0,https://www.sec.gov/Archives/edgar/data/887247/000095000501500321/0000950005-01-500321-index.htm,https://www.sec.gov/Archives/edgar/data/887247/000095000501500321/p14114.txt,1620586181,14:49:41,20210509
78,2001-03-31,ADMP,USD,2001-03-31,2001-03-31,Q2,41000.0,4000.0,37000.0,0.9024390243902439,3011000.0,1232000.0,0.0,0.0,4243000.0,4247000.0,0.0,0.0,-4206000.0,-102.58536585365853,-4206000.0,-102.58536585365853,0.0,0.0,0.0,0.0,-3777000.0,-92.1219512195122,-45.575008,-45.575008,82116.0,82116.0,,,1620586181,14:49:41,20210509
79,2000-12-31,ADMP,USD,2000-12-31,2000-12-31,Q1,297623.0,-719708.0,1017331.0,3.418186766479741,2545942.0,1526616.0,0.0,0.0,4873379.0,4153671.0,0.0,0.0,-3856048.0,-12.956149222338327,-3856048.0,-12.956149222338327,0.0,0.0,0.0,0.0,-3754213.0,-12.613988166237153,-45.71841054118564,-45.71841054118564,82116.0,82116.0,,,1620586181,14:49:41,20210509
80,2000-09-30,ADMP,USD,2000-09-30,2000-09-30,Q4,626000.0,151000.0,475000.0,0.7587859424920128,2577000.0,886000.0,0.0,0.0,3463000.0,3614000.0,0.0,0.0,-2988000.0,-4.773162939297125,-2988000.0,-4.773162939297125,0.0,0.0,0.0,0.0,-3059000.0,-4.886581469648562,-42.199081,-42.199081,72620.0,72620.0,,,1620586181,14:49:41,20210509
81,2000-06-30,ADMP,USD,2000-06-30,2000-06-30,Q3,132000.0,31000.0,101000.0,0.7651515151515151,2293000.0,672000.0,0.0,0.0,2965000.0,2996000.0,0.0,0.0,-2864000.0,-21.696969696969695,-2864000.0,-21.696969696969695,0.0,0.0,0.0,0.0,-2690000.0,-20.37878787878788,-37.135191,-37.135191,71743.0,71743.0,,,1620586181,14:49:41,20210509
82,2000-03-31,ADMP,USD,2000-03-31,2000-03-31,Q2,530000.0,105000.0,425000.0,0.8018867924528302,1860000.0,546000.0,0.0,0.0,2406000.0,2511000.0,0.0,0.0,-1981000.0,-3.737735849056604,-1981000.0,-3.737735849056604,0.0,0.0,0.0,0.0,-1915000.0,-3.6132075471698113,-27.007412,-27.007412,71293.0,71293.0,,,1620586181,14:49:41,20210509
83,1999-12-31,ADMP,USD,1999-12-31,1999-12-31,Q1,200000.0,-300000.0,500000.0,2.5,2100000.0,600000.0,0.0,0.0,3100000.0,2800000.0,0.0,0.0,-2600000.0,-13.0,-2600000.0,-13.0,0.0,0.0,0.0,0.0,-2400000.0,-12.0,-33.663894070946654,-33.663894070946654,71293.0,71293.0,,,1620586181,14:49:41,20210509
84,1999-09-30,ADMP,USD,1999-09-30,1999-09-30,Q4,100000.0,100000.0,0.0,0.0,1600000.0,600000.0,0.0,0.0,2200000.0,2300000.0,0.0,0.0,-2400000.0,-24.0,-2200000.0,-22.0,200000.0,0.0,0.0,0.0,-1900000.0,-19.0,-28.695375,-28.695375,66213.0,66213.0,,,1620586181,14:49:41,20210509
85,1999-06-30,ADMP,USD,1999-06-30,1999-06-30,Q3,400000.0,100000.0,300000.0,0.75,2000000.0,700000.0,0.0,0.0,2700000.0,2800000.0,0.0,0.0,-2500000.0,-6.25,-2400000.0,-6.0,100000.0,0.0,0.0,0.0,-2300000.0,-5.75,-37.135191,-37.135191,61936.0,61936.0,,,1620586181,14:49:41,20210509
86,1999-03-31,ADMP,USD,1999-03-31,1999-03-31,Q2,400000.0,100000.0,300000.0,0.75,2300000.0,700000.0,0.0,0.0,3000000.0,3100000.0,0.0,0.0,-2800000.0,-7.0,-2700000.0,-6.75,100000.0,0.0,0.0,0.0,-2700000.0,-6.75,-43.887044,-43.887044,61522.0,61522.0,,,1620586181,14:49:41,20210509
87,1998-12-31,ADMP,USD,1999-03-22,1999-03-22,Q1,100000.0,0.0,100000.0,1.0,1900000.0,500000.0,0.0,0.0,2400000.0,2400000.0,0.0,0.0,-2600000.0,-26.0,-2300000.0,-23.0,300000.0,0.0,0.0,0.0,-1900000.0,-19.0,-30.883261272390364,-30.883261272390364,61522.0,61522.0,https://www.sec.gov/Archives/edgar/data/887247/0000950005-99-000284-index.html,https://www.sec.gov/Archives/edgar/data/887247/,1620586181,14:49:41,20210509
88,1998-09-30,ADMP,USD,1998-09-30,1998-09-30,Q4,400000.0,100000.0,300000.0,0.75,1900000.0,700000.0,0.0,0.0,2600000.0,2700000.0,0.0,0.0,-2600000.0,-6.5,-2300000.0,-5.75,300000.0,0.0,0.0,0.0,-2000000.0,-5.0,-33.759265,-33.759265,59243.0,59243.0,,,1620586181,14:49:41,20210509
89,1998-06-30,ADMP,USD,1998-06-30,1998-06-30,Q3,100000.0,0.0,0.0,0.0,1800000.0,800000.0,0.0,0.0,2600000.0,2600000.0,0.0,0.0,-2800000.0,-28.0,-2500000.0,-25.0,300000.0,0.0,0.0,0.0,-2200000.0,-22.0,-37.135191,-37.135191,59243.0,59243.0,,,1620586181,14:49:41,20210509
90,1998-03-31,ADMP,USD,1998-03-31,1998-03-31,Q2,100000.0,0.0,0.0,0.0,1200000.0,500000.0,0.0,0.0,1700000.0,1700000.0,0.0,0.0,-1900000.0,-19.0,-1600000.0,-16.0,300000.0,0.0,0.0,0.0,-1300000.0,-13.0,-21.943522,-21.943522,59243.0,59243.0,,,1620586181,14:49:41,20210509
91,1997-12-31,ADMP,USD,1997-12-31,1997-12-31,Q1,200000.0,0.0,0.0,0.0,1400000.0,500000.0,0.0,0.0,1900000.0,1900000.0,0.0,0.0,1900000.0,9.5,-1700000.0,-8.5,-3600000.0,0.0,0.0,0.0,-5400000.0,-27.0,-91.15000928379725,-91.15000928379725,59243.0,59243.0,,,1620586181,14:49:41,20210509
92,1997-09-30,ADMP,USD,1997-09-30,1997-09-30,Q4,300000.0,0.0,0.0,0.0,900000.0,300000.0,0.0,0.0,1200000.0,1200000.0,0.0,0.0,-1100000.0,-3.6666666666666665,-900000.0,-3.0,200000.0,0.0,0.0,0.0,-700000.0,-2.3333333333333335,-16.879632,-16.879632,41470.0,41470.0,,,1620586181,14:49:41,20210509
93,1997-06-30,ADMP,USD,1997-06-30,1997-06-30,Q3,200000.0,0.0,0.0,0.0,800000.0,400000.0,0.0,0.0,1200000.0,1200000.0,0.0,0.0,-1100000.0,-5.5,-1000000.0,-5.0,100000.0,0.0,0.0,0.0,-900000.0,-4.5,-27.007412,-27.007412,33324.0,33324.0,,,1620586181,14:49:41,20210509
94,1997-03-31,ADMP,USD,1997-03-31,1997-03-31,Q2,100000.0,0.0,0.0,0.0,700000.0,400000.0,0.0,0.0,1100000.0,1100000.0,0.0,0.0,-1100000.0,-11.0,-1000000.0,-10.0,100000.0,0.0,0.0,0.0,-900000.0,-9.0,-28.695375,-28.695375,31364.0,31364.0,,,1620586181,14:49:41,20210509
95,1996-12-31,ADMP,USD,1996-12-31,1996-12-31,Q1,500000.0,0.0,0.0,0.0,800000.0,500000.0,0.0,0.0,1300000.0,1300000.0,0.0,0.0,-800000.0,-1.6,-800000.0,-1.6,0.0,0.0,0.0,0.0,-600000.0,-1.2,-19.13021298303788,-19.13021298303788,31364.0,31364.0,,,1620586181,14:49:41,20210509
96,1996-09-30,ADMP,USD,1996-09-30,1996-09-30,Q4,100000.0,0.0,100000.0,1.0,700000.0,400000.0,0.0,0.0,1100000.0,1100000.0,0.0,0.0,-1200000.0,-12.0,-1000000.0,-10.0,200000.0,0.0,0.0,0.0,-900000.0,-9.0,-33.759265,-33.759265,26659.0,26659.0,,,1620586181,14:49:41,20210509
97,1996-06-30,ADMP,USD,1996-06-30,1996-06-30,Q3,100000.0,0.0,0.0,0.0,600000.0,400000.0,0.0,0.0,1000000.0,1000000.0,0.0,0.0,-900000.0,-9.0,-900000.0,-9.0,0.0,0.0,0.0,0.0,-1000000.0,-10.0,-43.887044,-43.887044,22786.0,22786.0,,,1620586181,14:49:41,20210509
98,1996-03-31,ADMP,USD,1996-03-31,1996-03-31,Q2,100000.0,0.0,0.0,0.0,600000.0,300000.0,0.0,0.0,900000.0,900000.0,0.0,0.0,-900000.0,-9.0,-800000.0,-8.0,100000.0,0.0,0.0,0.0,-900000.0,-9.0,-38.823155,-38.823155,23182.0,23182.0,,,1620586181,14:49:41,20210509
99,1995-12-31,ADMP,USD,1995-12-31,1995-12-31,Q1,0.0,-1100000.0,1100000.0,0.0,0.0,1800000.0,0.0,0.0,2100000.0,1000000.0,0.0,300000.0,-700000.0,0.0,-1000000.0,0.0,0.0,0.0,0.0,0.0,-1000000.0,0.0,-43.13691657320335,-43.13691657320335,23182.0,23182.0,,,1620586181,14:49:41,20210509
100,1995-09-30,ADMP,USD,1995-09-30,1995-09-30,Q4,100000.0,100000.0,0.0,0.0,0.0,200000.0,0.0,0.0,400000.0,500000.0,0.0,0.0,-200000.0,-2.0,-400000.0,-4.0,0.0,0.0,0.0,0.0,-900000.0,-9.0,-45.575008,-45.575008,18229.0,18229.0,,,1620586181,14:49:41,20210509
101,1995-06-30,ADMP,USD,1995-06-30,1995-06-30,Q3,1000000.0,200000.0,800000.0,0.8,0.0,200000.0,0.0,0.0,300000.0,500000.0,0.0,170000.0,670000.0,0.67,500000.0,0.5,0.0,0.0,0.0,0.0,300000.0,0.3,27.007412,27.007412,11108.0,11108.0,,,1620586181,14:49:41,20210509
102,1995-03-31,ADMP,USD,1995-03-31,1995-03-31,Q2,100000.0,0.0,0.0,0.0,0.0,0.0,0.0,0.0,0.0,0.0,0.0,110000.0,210000.0,2.1,100000.0,1.0,0.0,0.0,0.0,0.0,-700000.0,-7.0,-52.326861,-52.326861,13377.0,13377.0,,,1620586181,14:49:41,20210509
103,1994-12-31,ADMP,USD,1994-12-31,1994-12-31,Q1,0.0,0.0,0.0,0.0,380000.0,450000.0,0.0,0.0,830000.0,830000.0,-10000.0,19999.999999999996,-810000.0,0.0,-830000.0,0.0,0.0,-840000.0,0.0,0.0,-840000.0,0.0,-42.0,-42.0,20000.0,20000.0,,,1620586181,14:49:41,20210509
104,1994-09-30,ADMP,USD,1994-09-30,1994-09-30,Q4,0.0,0.0,0.0,0.0,340000.0,220000.0,0.0,0.0,560000.0,560000.0,10000.0,10000.0,-550000.0,0.0,-560000.0,0.0,0.0,-550000.0,0.0,0.0,-550000.0,0.0,-27.5,-27.5,20000.0,20000.0,,,1620586181,14:49:41,20210509
105,1994-06-30,ADMP,USD,1994-06-30,1994-06-30,Q3,0.0,0.0,0.0,0.0,320000.0,180000.0,0.0,0.0,500000.0,500000.0,0.0,0.0,-500000.0,0.0,-500000.0,0.0,0.0,-500000.0,0.0,0.0,-500000.0,0.0,-25.0,-25.0,20000.0,20000.0,,,1620586181,14:49:41,20210509
106,1994-03-31,ADMP,USD,1994-03-31,1994-03-31,Q2,0.0,0.0,0.0,0.0,470000.0,190000.0,0.0,0.0,660000.0,660000.0,0.0,10000.0,-650000.0,0.0,-660000.0,0.0,0.0,-660000.0,0.0,0.0,-660000.0,0.0,-33.0,-33.0,20000.0,20000.0,,,1620586181,14:49:41,20210509
