,date,symbol,reportedCurrency,fillingDate,acceptedDate,period,revenue,costOfRevenue,grossProfit,grossProfitRatio,researchAndDevelopmentExpenses,generalAndAdministrativeExpenses,sellingAndMarketingExpenses,otherExpenses,operatingExpenses,costAndExpenses,interestExpense,depreciationAndAmortization,ebitda,ebitdaratio,operatingIncome,operatingIncomeRatio,totalOtherIncomeExpensesNet,incomeBeforeTax,incomeBeforeTaxRatio,incomeTaxExpense,netIncome,netIncomeRatio,eps,epsdiluted,weightedAverageShsOut,weightedAverageShsOutDil,link,finalLink,timestamp,est_time,est_date
0,2019-06-30,SOLV.BR,EUR,2019-06-30,2019-06-30,Q2,0,0,0,0,0,0,0,0,250000,250000,1000000,0,9000000,0,-250000,0,0,8000000,0,0,8000000,0,0.37426842803002924,0.37426842803002924,21375033,21375033,,,1620598151,18:09:11,20210509
1,2019-03-31,SOLV.BR,EUR,2019-03-31,2019-03-31,Q1,0,0,0,0,0,0,0,0,250000,250000,1000000,0,9000000,0,-250000,0,0,8000000,0,0,8000000,0,0.37426842803002924,0.37426842803002924,21375033,21375033,,,1620598151,18:09:11,20210509
2,2019-01-31,SOLV.BR,EUR,2019-01-31,2019-01-31,Q1,0,0,0,0,0,0,0,0,250000,250000,1000000,0,9000000,0,-250000,0,0,8000000,0,0,8000000,0,0.37426842803002924,0.37426842803002924,21375033,21375033,,,1620598151,18:09:11,20210509
3,2018-06-30,SOLV.BR,EUR,2018-06-30,2018-06-30,Q2,0,0,0,0,0,0,0,0,250000,250000,1000000,0,67250000,0,-250000,0,0,66250000,0,0,66250000,0,3.1,3.1,21375033,21375033,,,1620598151,18:09:11,20210509
4,2018-03-31,SOLV.BR,EUR,2018-03-31,2018-03-31,Q1,0,0,0,0,0,0,0,0,250000,250000,1000000,0,67250000,0,-250000,0,0,66250000,0,0,66250000,0,3.1,3.1,21375033,21375033,,,1620598151,18:09:11,20210509
5,2018-01-31,SOLV.BR,EUR,2018-01-31,2018-01-31,Q1,0,0,0,0,0,0,0,0,250000,250000,1000000,0,67250000,0,-250000,0,0,66250000,0,0,66250000,0,3.1,3.1,21375033,21375033,,,1620598151,18:09:11,20210509
6,2017-06-30,SOLV.BR,EUR,2017-06-30,2017-06-30,Q2,0,0,0,0,0,0,0,0,250000,250000,1000000,0,83250000,0,-250000,0,0,82250000,0,0,82000000,0,3.85,3.85,21375033,21375033,,,1620598151,18:09:11,20210509
7,2017-03-31,SOLV.BR,EUR,2017-03-31,2017-03-31,Q1,0,0,0,0,0,0,0,0,250000,250000,1000000,0,83250000,0,-250000,0,0,82250000,0,0,82000000,0,3.85,3.85,21375033,21375033,,,1620598151,18:09:11,20210509
8,2017-01-31,SOLV.BR,EUR,2017-01-31,2017-01-31,Q1,0,0,0,0,0,0,0,0,250000,250000,1000000,0,83250000,0,-250000,0,0,82250000,0,0,82000000,0,3.85,3.85,21375033,21375033,,,1620598151,18:09:11,20210509
9,2016-06-30,SOLV.BR,EUR,2016-06-30,2016-06-30,Q2,0,0,0,0,0,0,0,0,500000,500000,1000000,0,48500000,0,-500000,0,0,47500000,0,0,47500000,0,2.225,2.225,21375033,21375033,,,1620598151,18:09:11,20210509
10,2016-03-31,SOLV.BR,EUR,2016-03-31,2016-03-31,Q1,0,0,0,0,0,0,0,0,500000,500000,1000000,0,48500000,0,-500000,0,0,47500000,0,0,47500000,0,2.225,2.225,21375033,21375033,,,1620598151,18:09:11,20210509
11,2016-01-31,SOLV.BR,EUR,2016-01-31,2016-01-31,Q1,0,0,0,0,0,0,0,0,500000,500000,1000000,0,48500000,0,-500000,0,0,47500000,0,0,47500000,0,2.225,2.225,21375033,21375033,,,1620598151,18:09:11,20210509
12,2015-09-30,SOLV.BR,EUR,2015-09-30,2015-09-30,Q3,0,0,0,0,0,0,0,0,250000,250000,1000000,0,31250000,0,-250000,0,0,30250000,0,0,30250000,0,1.95,1.95,21375033,21375033,,,1620598151,18:09:11,20210509
13,2015-06-30,SOLV.BR,EUR,2015-06-30,2015-06-30,Q2,0,0,0,0,0,0,0,0,250000,250000,1000000,0,31250000,0,-250000,0,0,30250000,0,0,30250000,0,1.95,1.95,21375033,21375033,,,1620598151,18:09:11,20210509
14,2015-03-31,SOLV.BR,EUR,2015-03-31,2015-03-31,Q1,0,0,0,0,0,0,0,0,250000,250000,1000000,0,31250000,0,-250000,0,0,30250000,0,0,30250000,0,1.95,1.95,21375033,21375033,,,1620598151,18:09:11,20210509
15,2015-01-31,SOLV.BR,EUR,2015-01-31,2015-01-31,Q1,0,0,0,0,0,0,0,0,250000,250000,1000000,0,31250000,0,-250000,0,0,30250000,0,0,30250000,0,1.95,1.95,21375033,21375033,,,1620598151,18:09:11,20210509
16,2014-09-30,SOLV.BR,EUR,2014-09-30,2014-09-30,Q3,0,0,0,0,0,0,0,-250000,250000,250000,1000000,0,6000000,0,-250000,0,0,5000000,0,0,4750000,0,0.3000345,0.3000345,16538306,16538306,,,1620598151,18:09:11,20210509
17,2014-06-30,SOLV.BR,EUR,2014-06-30,2014-06-30,Q2,0,0,0,0,0,0,0,-250000,250000,250000,1000000,0,6000000,0,-250000,0,0,5000000,0,0,4750000,0,0.3000345,0.3000345,16538306,16538306,,,1620598151,18:09:11,20210509
18,2014-03-31,SOLV.BR,EUR,2014-03-31,2014-03-31,Q1,0,0,0,0,0,0,0,-250000,250000,250000,1000000,0,6000000,0,-250000,0,0,5000000,0,0,4750000,0,0.3000345,0.3000345,16538306,16538306,,,1620598151,18:09:11,20210509
19,2014-01-31,SOLV.BR,EUR,2014-01-31,2014-01-31,Q1,0,0,0,0,0,0,0,-250000,250000,250000,1000000,0,6000000,0,-250000,0,0,5000000,0,0,4750000,0,0.3000345,0.3000345,16538306,16538306,,,1620598151,18:09:11,20210509
20,2013-09-30,SOLV.BR,EUR,2013-09-30,2013-09-30,Q3,0,0,20750000,0,0,0,0,250000,250000,250000,1250000,0,20500000,0,-250000,0,0,19250000,0,0,19500000,0,1.17705825,1.17705825,16538306,16538306,,,1620598151,18:09:11,20210509
21,2013-06-30,SOLV.BR,EUR,2013-06-30,2013-06-30,Q2,0,0,20750000,0,0,0,0,250000,250000,250000,1250000,0,20500000,0,-250000,0,0,19250000,0,0,19500000,0,1.17705825,1.17705825,16538306,16538306,,,1620598151,18:09:11,20210509
22,2013-03-31,SOLV.BR,EUR,2013-03-31,2013-03-31,Q1,0,0,20750000,0,0,0,0,250000,250000,250000,1250000,0,20500000,0,-250000,0,0,19250000,0,0,19500000,0,1.17705825,1.17705825,16538306,16538306,,,1620598151,18:09:11,20210509
23,2013-01-31,SOLV.BR,EUR,2013-01-31,2013-01-31,Q1,0,0,20750000,0,0,0,0,250000,250000,250000,1250000,0,20500000,0,-250000,0,0,19250000,0,0,19500000,0,1.17705825,1.17705825,16538306,16538306,,,1620598151,18:09:11,20210509
24,2012-09-30,SOLV.BR,EUR,2012-09-30,2012-09-30,Q3,0,0,45000000,0,0,0,0,0,250000,250000,1250000,0,44750000,0,-250000,0,0,43500000,0,0,43500000,0,2.63107125,2.63107125,16538306,16538306,,,1620598151,18:09:11,20210509
25,2012-06-30,SOLV.BR,EUR,2012-06-30,2012-06-30,Q2,0,0,45000000,0,0,0,0,0,250000,250000,1250000,0,44750000,0,-250000,0,0,43500000,0,0,43500000,0,2.63107125,2.63107125,16538306,16538306,,,1620598151,18:09:11,20210509
26,2012-03-31,SOLV.BR,EUR,2012-03-31,2012-03-31,Q1,0,0,45000000,0,0,0,0,0,250000,250000,1250000,0,44750000,0,-250000,0,0,43500000,0,0,43500000,0,2.63107125,2.63107125,16538306,16538306,,,1620598151,18:09:11,20210509
27,2012-01-31,SOLV.BR,EUR,2012-01-31,2012-01-31,Q1,0,0,45000000,0,0,0,0,0,250000,250000,1250000,0,44750000,0,-250000,0,0,43500000,0,0,43500000,0,2.63107125,2.63107125,16538306,16538306,,,1620598151,18:09:11,20210509
28,2011-09-30,SOLV.BR,EUR,2011-09-30,2011-09-30,Q3,0,0,0,0,0,0,0,0,250000,250000,1250000,0,19250000,0,-250000,0,0,18000000,0,0,18000000,0,1.08474,1.08474,16553319,16553319,,,1620598151,18:09:11,20210509
29,2011-06-30,SOLV.BR,EUR,2011-06-30,2011-06-30,Q2,0,0,0,0,0,0,0,0,250000,250000,1250000,0,19250000,0,-250000,0,0,18000000,0,0,18000000,0,1.08474,1.08474,16553319,16553319,,,1620598151,18:09:11,20210509
30,2011-03-31,SOLV.BR,EUR,2011-03-31,2011-03-31,Q1,0,0,0,0,0,0,0,0,250000,250000,1250000,0,19250000,0,-250000,0,0,18000000,0,0,18000000,0,1.08474,1.08474,16553319,16553319,,,1620598151,18:09:11,20210509
31,2011-01-31,SOLV.BR,EUR,2011-01-31,2011-01-31,Q1,0,0,0,0,0,0,0,0,250000,250000,1250000,0,19250000,0,-250000,0,0,18000000,0,0,18000000,0,1.08474,1.08474,16553319,16553319,,,1620598151,18:09:11,20210509
32,2010-09-30,SOLV.BR,EUR,2010-09-30,2010-09-30,Q3,0,0,0,0,0,0,0,0,0,250000,0,0,-250000,0,-250000,0,0,138250000,0,0,138250000,0,8.354805,8.354805,16573668,16573668,,,1620598151,18:09:11,20210509
33,2010-06-30,SOLV.BR,EUR,2010-06-30,2010-06-30,Q2,0,0,0,0,0,0,0,0,0,250000,0,0,-250000,0,-250000,0,0,138250000,0,0,138250000,0,8.354805,8.354805,16573668,16573668,,,1620598151,18:09:11,20210509
34,2010-03-31,SOLV.BR,EUR,2010-03-31,2010-03-31,Q1,0,0,0,0,0,0,0,0,0,250000,0,0,-250000,0,-250000,0,0,138250000,0,0,138250000,0,8.354805,8.354805,16573668,16573668,,,1620598151,18:09:11,20210509
35,2010-01-31,SOLV.BR,EUR,2010-01-31,2010-01-31,Q1,0,0,0,0,0,0,0,0,0,250000,0,0,-250000,0,-250000,0,0,138250000,0,0,138250000,0,8.354805,8.354805,16573668,16573668,,,1620598151,18:09:11,20210509
36,2009-09-30,SOLV.BR,EUR,2009-09-30,2009-09-30,Q3,0,0,40000000,0,0,0,0,0,250000,250000,1250000,0,39750000,0,-250000,0,0,38500000,0,0,38500000,0,2.33103675,2.33103675,16573668,16573668,,,1620598151,18:09:11,20210509
37,2009-06-30,SOLV.BR,EUR,2009-06-30,2009-06-30,Q2,0,0,40000000,0,0,0,0,0,250000,250000,1250000,0,39750000,0,-250000,0,0,38500000,0,0,38500000,0,2.33103675,2.33103675,16573668,16573668,,,1620598151,18:09:11,20210509
38,2009-03-31,SOLV.BR,EUR,2009-03-31,2009-03-31,Q1,0,0,40000000,0,0,0,0,0,250000,250000,1250000,0,39750000,0,-250000,0,0,38500000,0,0,38500000,0,2.33103675,2.33103675,16573668,16573668,,,1620598151,18:09:11,20210509
39,2009-01-31,SOLV.BR,EUR,2009-01-31,2009-01-31,Q1,0,0,40000000,0,0,0,0,0,250000,250000,1250000,0,39750000,0,-250000,0,0,38500000,0,0,38500000,0,2.33103675,2.33103675,16573668,16573668,,,1620598151,18:09:11,20210509
40,2008-09-30,SOLV.BR,EUR,2008-09-30,2008-09-30,Q3,0,0,31250000,0,0,0,0,-1250000,250000,250000,1250000,0,31000000,0,-250000,0,0,29750000,0,0,29750000,0,1.8002065,1.8002065,16573668,16573668,,,1620598151,18:09:11,20210509
41,2008-06-30,SOLV.BR,EUR,2008-06-30,2008-06-30,Q2,0,0,31250000,0,0,0,0,-1250000,250000,250000,1250000,0,31000000,0,-250000,0,0,29750000,0,0,29750000,0,1.8002065,1.8002065,16573668,16573668,,,1620598151,18:09:11,20210509
42,2008-03-31,SOLV.BR,EUR,2008-03-31,2008-03-31,Q1,0,0,31250000,0,0,0,0,-1250000,250000,250000,1250000,0,31000000,0,-250000,0,0,29750000,0,0,29750000,0,1.8002065,1.8002065,16573668,16573668,,,1620598151,18:09:11,20210509
43,2008-01-31,SOLV.BR,EUR,2008-01-31,2008-01-31,Q1,0,0,31250000,0,0,0,0,-1250000,250000,250000,1250000,0,31000000,0,-250000,0,0,29750000,0,0,29750000,0,1.8002065,1.8002065,16573668,16573668,,,1620598151,18:09:11,20210509
44,2007-09-30,SOLV.BR,EUR,2007-09-30,2007-09-30,Q3,0,0,0,0,0,0,0,0,0,0,1250000,0,-250000,0,-250000,0,0,-1500000,0,0,58750000,0,3.554254,3.554254,16573668,16573668,,,1620598151,18:09:11,20210509
45,2007-06-30,SOLV.BR,EUR,2007-06-30,2007-06-30,Q2,0,0,0,0,0,0,0,0,0,0,1250000,0,-250000,0,-250000,0,0,-1500000,0,0,58750000,0,3.554254,3.554254,16573668,16573668,,,1620598151,18:09:11,20210509
46,2007-03-31,SOLV.BR,EUR,2007-03-31,2007-03-31,Q1,0,0,0,0,0,0,0,0,0,0,1250000,0,-250000,0,-250000,0,0,-1500000,0,0,58750000,0,3.554254,3.554254,16573668,16573668,,,1620598151,18:09:11,20210509
47,2007-01-31,SOLV.BR,EUR,2007-01-31,2007-01-31,Q1,0,0,0,0,0,0,0,0,0,0,1250000,0,-250000,0,-250000,0,0,-1500000,0,0,58750000,0,3.554254,3.554254,16573668,16573668,,,1620598151,18:09:11,20210509
48,2006-09-30,SOLV.BR,EUR,2006-09-30,2006-09-30,Q3,0,0,0,0,0,0,0,0,0,0,1000000,0,57000000,0,-250000,0,0,74500000,0,0,74500000,0,4.5005165,4.5005165,16573097,16573097,,,1620598151,18:09:11,20210509
49,2006-06-30,SOLV.BR,EUR,2006-06-30,2006-06-30,Q2,0,0,0,0,0,0,0,0,0,0,1000000,0,57000000,0,-250000,0,0,74500000,0,0,74500000,0,4.5005165,4.5005165,16573097,16573097,,,1620598151,18:09:11,20210509
50,2006-03-31,SOLV.BR,EUR,2006-03-31,2006-03-31,Q1,0,0,0,0,0,0,0,0,0,0,1000000,0,57000000,0,-250000,0,0,74500000,0,0,74500000,0,4.5005165,4.5005165,16573097,16573097,,,1620598151,18:09:11,20210509
51,2006-01-31,SOLV.BR,EUR,2006-01-31,2006-01-31,Q1,0,0,0,0,0,0,0,0,0,0,1000000,0,57000000,0,-250000,0,0,74500000,0,0,74500000,0,4.5005165,4.5005165,16573097,16573097,,,1620598151,18:09:11,20210509
52,2005-09-30,SOLV.BR,EUR,2005-09-30,2005-09-30,Q3,0,0,0,0,0,0,0,0,0,0,500000,0,54250000,0,-250000,0,0,72000000,0,0,72000000,0,4.89286925,4.89286925,14715292,14715292,,,1620598151,18:09:11,20210509
53,2005-06-30,SOLV.BR,EUR,2005-06-30,2005-06-30,Q2,0,0,0,0,0,0,0,0,0,0,500000,0,54250000,0,-250000,0,0,72000000,0,0,72000000,0,4.89286925,4.89286925,14715292,14715292,,,1620598151,18:09:11,20210509
54,2005-03-31,SOLV.BR,EUR,2005-03-31,2005-03-31,Q1,0,0,0,0,0,0,0,0,0,0,500000,0,54250000,0,-250000,0,0,72000000,0,0,72000000,0,4.89286925,4.89286925,14715292,14715292,,,1620598151,18:09:11,20210509
55,2005-01-31,SOLV.BR,EUR,2005-01-31,2005-01-31,Q1,0,0,0,0,0,0,0,0,0,0,500000,0,54250000,0,-250000,0,0,72000000,0,0,72000000,0,4.89286925,4.89286925,14715292,14715292,,,1620598151,18:09:11,20210509
