,date,symbol,reportedCurrency,fillingDate,acceptedDate,period,revenue,costOfRevenue,grossProfit,grossProfitRatio,researchAndDevelopmentExpenses,generalAndAdministrativeExpenses,sellingAndMarketingExpenses,otherExpenses,operatingExpenses,costAndExpenses,interestExpense,depreciationAndAmortization,ebitda,ebitdaratio,operatingIncome,operatingIncomeRatio,totalOtherIncomeExpensesNet,incomeBeforeTax,incomeBeforeTaxRatio,incomeTaxExpense,netIncome,netIncomeRatio,eps,epsdiluted,weightedAverageShsOut,weightedAverageShsOutDil,link,finalLink,timestamp,est_time,est_date
0,2020-12-31,ENSG,USD,2021-02-03,2021-02-03 16:05:21,Q4,629029000,526431000,102598000,0.16310535762262154,0,33250000,0,-5549000,46739000,573170000,1664000,13489000,69348000,0.1102461094798491,55859000,0.08880194712803384,3813,55378000,0.08803727650076547,9216000,46321000,0.0736388942322214,0.8686056105610561,0.8686056105610561,53328000,53328000,https://www.sec.gov/Archives/edgar/data/1125376/000112537621000020/0001125376-21-000020-index.htm,https://www.sec.gov/Archives/edgar/data/1125376/000112537621000020/ensg-20201231.htm,1620591667,16:21:07,20210509
1,2020-09-30,ENSG,USD,2020-10-28,2020-10-28 16:04:32,Q3,599255000,497612000,101643000,0.1696156060441715,0,32817000,0,-890,46574000,544186000,1740000,13757000,68826000,0.11485260865574755,55069000,0.09189577058180574,850,54179000,0.09041059315316519,10866000,43060000,0.07185588772726136,0.81,0.77,53328000,55713000,https://www.sec.gov/Archives/edgar/data/1125376/000112537620000181/0001125376-20-000181-index.htm,https://www.sec.gov/Archives/edgar/data/1125376/000112537620000181/ensg-20200930.htm,1620591667,16:21:07,20210509
2,2020-06-30,ENSG,USD,2020-08-05,2020-08-05 16:03:04,Q2,584699000,484233000,100466000,0.1718251613223214,0,31427000,0,0,45032000,529265000,2293000,13605000,69039000,0.1180761383207428,55434000,0.09480775578545542,0,54223000,0.09273660464615127,13535000,40248000,0.0688354178816793,0.76,0.73,53094000,55181000,https://www.sec.gov/Archives/edgar/data/1125376/000112537620000134/0001125376-20-000134-index.htm,https://www.sec.gov/Archives/edgar/data/1125376/000112537620000134/ensg-20200630.htm,1620591667,16:21:07,20210509
3,2020-03-31,ENSG,USD,2020-05-11 00:00:00,2020-05-11 16:06:41,Q1,589613000,486851000,102762000,0.1742872019443262,0,32249000,0,0,45969000,532820000,3665000,13720000,70513000,0.11959200356844235,56793000,0.09632250306557012,0,53826000,0.09129038878043734,12625000,40849000,0.06928103688351511,0.76,0.73,53475000,55796000,https://www.sec.gov/Archives/edgar/data/1125376/000112537620000076/0001125376-20-000076-index.htm,https://www.sec.gov/Archives/edgar/data/1125376/000112537620000076/ensg-20200331.htm,1620591667,16:21:07,20210509
4,2019-12-31,ENSG,USD,2020-02-05 00:00:00,2020-02-05 16:16:59,Q4,311152000,270036000,41116000,0.13214120429886358,0,15578000,0,0,26531000,296567000,4149000,10953000,25538000,0.08207564148711884,14585000,0.04687419653416979,0,11202000,0.0360016969198334,3349000,27394000,0.08804057181056205,0.51,0.49,53397000,55760000,https://www.sec.gov/Archives/edgar/data/1125376/000112537620000018/0001125376-20-000018-index.html,https://www.sec.gov/Archives/edgar/data/1125376/000112537620000018/ensg1231201910k.htm,1620591667,16:21:07,20210509
5,2019-09-30,ENSG,USD,2019-10-30 00:00:00,2019-10-30 16:06:55,Q3,600507000,515533000,84974000,0.1415037626538908,0,31710000,0,0,46029000,561562000,3900000,14319000,53264000,0.08869838319952973,38945000,0.06485353209870992,0,35781000,0.05958465096993041,7953000,27159000,0.045226783368054,0.5,0.48,53941000,56364000,https://www.sec.gov/Archives/edgar/data/1125376/000112537619000150/0001125376-19-000150-index.html,https://www.sec.gov/Archives/edgar/data/1125376/000112537619000150/ensg0930201910q.htm,1620591667,16:21:07,20210509
6,2019-06-30,ENSG,USD,2019-08-01,2019-08-01 16:09:22,Q2,575651000,494060000,81591000,0.14173692046048733,0,30561000,0,0,43745000,537805000,3941000,13438000,51284000,0.08908870131381688,37846000,0.06574469600504472,0,34477000,0.05989219162304938,5552000,28609000,0.04969851524621689,0.54,0.51,53408000,56078000,https://www.sec.gov/Archives/edgar/data/1125376/000112537619000102/ensg0630201910q.htm,https://www.sec.gov/Archives/edgar/data/1125376/000112537619000102/ensg0630201910q.htm,1620591667,16:21:07,20210509
7,2019-03-31,ENSG,USD,2019-05-06 00:00:00,2019-05-06 16:07:01,Q1,549214000,465788000,83426000,0.1519007162963799,0,33024000,0,0,45622000,511410000,3672000,12344000,50148000,0.09130867020869825,37804000,0.06883291394611209,0,34707000,0.06319394625774288,7100000,27372000,0.049838496469500046,0.52,0.49,53081000,55698000,https://www.sec.gov/Archives/edgar/data/1125376/000112537619000057/0001125376-19-000057-index.html,https://www.sec.gov/Archives/edgar/data/1125376/000112537619000057/ensg0331201910q.htm,1620591667,16:21:07,20210509
8,2018-12-31,ENSG,USD,2019-02-06 00:00:00,2019-02-06 16:07:11,Q4,537775000,462913000,74862000,0.13920691739110222,0,28216000,0,0,40415000,503328000,3711000,12199000,46646000,0.08673887778345962,34447000,0.06405466970387244,0,31322000,0.05824368927525452,4763000,26360000,0.04901678211147785,0.5,0.48,52449000,54967000,https://www.sec.gov/Archives/edgar/data/1125376/000112537619000016/0001125376-19-000016-index.html,https://www.sec.gov/Archives/edgar/data/1125376/000112537619000016/ensg1231201810k.htm,1620591667,16:21:07,20210509
9,2018-09-30,ENSG,USD,2018-10-31 00:00:00,2018-10-31 16:06:02,Q3,514364000,448574000,65790000,0.12790552993599863,0,24601000,0,0,36503000,485077000,3989000,11902000,41189000,0.08007753264225334,29287000,0.05693827717336361,0,25765000,0.05009098614988607,5415000,20861000,0.04055688189686681,0.4,0.38,52139000,54632000,https://www.sec.gov/Archives/edgar/data/1125376/000112537618000162/0001125376-18-000162-index.html,https://www.sec.gov/Archives/edgar/data/1125376/000112537618000162/ensg0930201810q.htm,1620591667,16:21:07,20210509
10,2018-06-30,ENSG,USD,2018-08-02 00:00:00,2018-08-02 16:06:20,Q2,496386000,430604000,65782000,0.1325218680623547,0,22386000,0,0,34007000,464611000,3869000,11621000,43396000,0.08742389994883014,31775000,0.06401268367762185,0,28468000,0.057350529628152284,6142000,22011000,0.04434250764525994,0.42,0.41,51880000,54251000,https://www.sec.gov/Archives/edgar/data/1125376/000112537618000126/0001125376-18-000126-index.html,https://www.sec.gov/Archives/edgar/data/1125376/000112537618000126/ensg0630201810q.htm,1620591667,16:21:07,20210509
11,2018-03-31,ENSG,USD,2018-05-02 00:00:00,2018-05-02 16:07:13,Q1,492134000,424093000,68041000,0.1382570600690056,0,25104000,0,0,36726000,460819000,3613000,11622000,42937000,0.08724656292798302,31315000,0.0636310435775622,1664000,29814000,0.060581061255674265,6521000,23132000,0.04700345840766946,0.45,0.43,51585000,53518000,https://www.sec.gov/Archives/edgar/data/1125376/000112537618000076/0001125376-18-000076-index.html,https://www.sec.gov/Archives/edgar/data/1125376/000112537618000076/ensg0331201810q1.htm,1620591667,16:21:07,20210509
12,2017-12-31,ENSG,USD,2018-02-08 00:00:00,2018-02-08 16:36:40,Q4,487705000,427379000,60326000,0.12369362626997878,0,22833000,0,0,34593000,461972000,3599000,11760000,37493000,0.07687639044094279,25733000,0.052763453317066666,410000,23180000,0.047528731507776215,11958000,11206000,0.022977004541679908,0.22,0.21,51250000,53176000,https://www.sec.gov/Archives/edgar/data/1125376/000112537618000028/0001125376-18-000028-index.html,https://www.sec.gov/Archives/edgar/data/1125376/000112537618000028/ensg1231201710k.htm,1620591667,16:21:07,20210509
13,2017-09-30,ENSG,USD,2017-11-08 00:00:00,2017-11-08 16:07:16,Q3,471594000,415326000,56268000,0.11931449509535745,0,19261000,0,0,30709000,446035000,3519000,11448000,37007000,0.07847216037523802,25559000,0.05419704237119217,0,22435000,0.04757270024639838,8160000,14212000,0.030136091638146373,0.28,0.27,50911000,52828000,https://www.sec.gov/Archives/edgar/data/1125376/000112537617000141/0001125376-17-000141-index.html,https://www.sec.gov/Archives/edgar/data/1125376/000112537617000141/ensg0930201710q.htm,1620591667,16:21:07,20210509
14,2017-06-30,ENSG,USD,2017-08-03 00:00:00,2017-08-03 16:04:54,Q2,448279000,399531000,48748000,0.10874477724809772,0,17253000,0,0,28003000,427534000,3053000,10750000,31495000,0.07025758511998108,20745000,0.046276983753421416,1286000,19266000,0.04297769915610591,6886000,12217000,0.027253116920489248,0.24,0.23,50705000,52548000,https://www.sec.gov/Archives/edgar/data/1125376/000112537617000099/0001125376-17-000099-index.html,https://www.sec.gov/Archives/edgar/data/1125376/000112537617000099/ensg0630201710q.htm,1620591667,16:21:07,20210509
15,2017-03-31,ENSG,USD,2017-05-01 00:00:00,2017-04-28 18:45:41,Q1,441739000,387386000,54353000,0.12304324499308415,0,21270000,0,0,31784000,419170000,3445000,10514000,33083000,0.07489264022420479,22569000,0.051091255243480876,-15017000,4397000,0.009953841521803598,1441000,2840000,0.0064291357566345735,0.06,0.05,50767000,52633000,https://www.sec.gov/Archives/edgar/data/1125376/000112537617000047/0001125376-17-000047-index.html,https://www.sec.gov/Archives/edgar/data/1125376/000112537617000047/ensg0331201710q.htm,1620591667,16:21:07,20210509
16,2016-12-31,ENSG,USD,2017-02-08 00:00:00,2017-02-08 16:05:10,Q4,433048000,389504000,43544000,0.10055236371025844,0,14814000,0,0,24515000,414019000,2185000,9701000,28730000,0.0663436847647374,19029000,0.04394201104727421,16655000,33857000,0.07818301897249266,12851000,18337000,0.0423440357650884,0.36,0.35,50724000,52231000,https://www.sec.gov/Archives/edgar/data/1125376/000112537617000013/0001125376-17-000013-index.html,https://www.sec.gov/Archives/edgar/data/1125376/000112537617000013/ensg1231201610k.htm,1620591667,16:21:07,20210509
17,2016-09-30,ENSG,USD,2016-11-02 00:00:00,2016-11-02 16:04:39,Q3,428065000,382313000,45752000,0.10688096433952787,0,17306000,0,0,28217000,410530000,2135000,10912000,28447000,0.06645486082721082,17535000,0.04096340509034843,2505000,18141000,0.04237907794377022,6957000,11155000,0.026059126534521627,0.22,0.21,50541000,52045000,https://www.sec.gov/Archives/edgar/data/1125376/000112537616000265/0001125376-16-000265-index.html,https://www.sec.gov/Archives/edgar/data/1125376/000112537616000265/ensg930201610q.htm,1620591667,16:21:07,20210509
18,2016-06-30,ENSG,USD,2016-08-01,2016-08-01 16:04:08,Q2,410517000,361279000,49238000,0.11994143969677261,0,19657000,0,0,29429000,390708000,1446000,9771000,29580000,0.0720554812589978,19809000,0.048253787297480984,0,18641000,0.04540859452836302,7278000,11326000,0.02758960043067644,0.23,0.22,50274000,51931000,https://www.sec.gov/Archives/edgar/data/1125376/000112537616000216/ensg630201610q.htm,https://www.sec.gov/Archives/edgar/data/1125376/000112537616000216/ensg630201610q.htm,1620591667,16:21:07,20210509
19,2016-03-31,ENSG,USD,2016-05-10 00:00:00,2016-05-10 16:03:29,Q1,383234000,333299000,49935000,0.13029898182311592,0,17387000,0,0,25685000,358984000,1370000,8298000,32548000,0.08492983399176482,24250000,0.06327726663083129,-7935000,15179000,0.039607654853170644,5889000,9172000,0.023933158331463283,0.1809822608970185,0.175258913899186,50679000,52334000,https://www.sec.gov/Archives/edgar/data/1125376/000112537616000187/0001125376-16-000187-index.html,https://www.sec.gov/Archives/edgar/data/1125376/000112537616000187/ensg331201610q.htm,1620591667,16:21:07,20210509
20,2015-12-31,ENSG,USD,2016-02-10 00:00:00,2016-02-10 16:07:06,Q4,373155000,323646000,49509000,0.13267676970695824,0,17246000,0,0,25172000,348818000,793000,7926000,32263000,0.08646005011322373,24337000,0.06521954683710522,0,23786000,0.06374294864064531,9349000,13601000,0.03644866074419477,0.2659353980916628,0.2659353980916628,51144000,51144000,https://www.sec.gov/Archives/edgar/data/1125376/000112537616000142/0001125376-16-000142-index.html,https://www.sec.gov/Archives/edgar/data/1125376/000112537616000142/ensg2015annualreport.htm,1620591667,16:21:07,20210509
21,2015-09-30,ENSG,USD,2015-11-03 00:00:00,2015-11-03 16:09:57,Q3,351086000,305045000,46041000,0.1311388092945888,0,17165000,0,0,24453000,329498000,802000,7289000,28877000,0.08225050272582786,21588000,0.06148920777245461,0,21028000,0.059894156987176934,7869000,13472000,0.03837236460582307,0.265,0.255,51144000,53070000,https://www.sec.gov/Archives/edgar/data/1125376/000112537615000101/0001125376-15-000101-index.html,https://www.sec.gov/Archives/edgar/data/1125376/000112537615000101/ensg9301510q.htm,1620591667,16:21:07,20210509
22,2015-06-30,ENSG,USD,2015-08-04 00:00:00,2015-08-04 16:10:16,Q2,311056000,267358000,43698000,0.1404827426572707,0,15335000,0,0,21714000,289072000,567000,6379000,28363000,0.09118293812046706,21984000,0.07067537678102978,0,21612000,0.06947945064554292,8379000,13188000,0.04239751041613086,0.26,0.25,50948000,52866000,https://www.sec.gov/Archives/edgar/data/1125376/000112537615000075/0001125376-15-000075-index.html,https://www.sec.gov/Archives/edgar/data/1125376/000112537615000075/ensg6301510q.htm,1620591667,16:21:07,20210509
23,2015-03-31,ENSG,USD,2015-05-06 00:00:00,2015-05-06 16:07:56,Q1,306529000,260422000,46107000,0.15041643694397594,0,14416000,0,0,20933000,281355000,667000,6517000,31691000,0.10338662899758261,25174000,0.08212599786643351,0,24673000,0.0804915684975973,9585000,15170000,0.0494896078348215,0.315,0.305,47816000,49652000,https://www.sec.gov/Archives/edgar/data/1125376/000112537615000042/0001125376-15-000042-index.html,https://www.sec.gov/Archives/edgar/data/1125376/000112537615000042/ensg3311510q.htm,1620591667,16:21:07,20210509
24,2014-12-31,ENSG,USD,2015-02-09,2015-02-09 16:03:34,Q4,276869000,239617000,37252000,0.13454738522550375,0,12525000,0,0,17612000,257229000,486000,5087000,24727000,0.08930938458260043,19640000,0.07093607446120728,0,19313000,0.0697550104923267,8517000,11511000,0.04157561879444792,0.25677002007584204,0.25677002007584204,44830000,44830000,https://www.sec.gov/Archives/edgar/data/1125376/000112537615000019/ensg12311410k.htm,https://www.sec.gov/Archives/edgar/data/1125376/000112537615000019/ensg12311410k.htm,1620591667,16:21:07,20210509
25,2014-09-30,ENSG,USD,2014-11-05 00:00:00,2014-11-05 16:09:36,Q3,260841000,227913000,32928000,0.12623782304162307,0,12956000,0,0,17633000,245546000,407000,4677000,19972000,0.07656771749839941,15295000,0.05863725411265867,0,15030000,0.05762130953339391,6659000,8906000,0.03414340536955463,0.19866161052866385,0.1920555507633917,44830000,46372000,https://www.sec.gov/Archives/edgar/data/1125376/000112537614000105/0001125376-14-000105-index.html,https://www.sec.gov/Archives/edgar/data/1125376/000112537614000105/ensg9301410q.htm,1620591667,16:21:07,20210509
26,2014-06-30,ENSG,USD,2014-08-07 00:00:00,2014-08-07 16:07:00,Q2,250043000,210340000,39703000,0.15878468903348625,0,18257000,0,0,26061000,236401000,8720000,7804000,21446000,0.08576924768939742,13642000,0.054558615918062096,0,5056000,0.020220522070203924,3523000,2007000,0.008026619421459508,0.045082887820656815,0.04370644599303136,44518000,45920000,https://www.sec.gov/Archives/edgar/data/1125376/000112537614000080/0001125376-14-000080-index.html,https://www.sec.gov/Archives/edgar/data/1125376/000112537614000080/ensg6301410q.htm,1620591667,16:21:07,20210509
27,2014-03-31,ENSG,USD,2014-05-08 00:00:00,2014-05-08 16:03:44,Q1,239653000,193287000,46366000,0.1934713940572411,0,13157000,0,0,22019000,215306000,3363000,8862000,33209000,0.13857118417044645,24347000,0.10159271947357221,0,21143000,0.08822338965087022,8102000,13526000,0.05643993607424067,0.305,0.3,44336000,45164000,https://www.sec.gov/Archives/edgar/data/1125376/000112537614000031/0001125376-14-000031-index.html,https://www.sec.gov/Archives/edgar/data/1125376/000112537614000031/ensg3311410q.htm,1620591667,16:21:07,20210509
28,2013-12-31,ENSG,USD,2014-02-13,2014-02-13 17:26:18,Q4,237008000,191400000,45608000,0.19243232295956256,0,11782000,0,0,20493000,211893000,3346000,8713000,33828000,0.14272935934651995,25115000,0.10596688719368122,0,21912000,0.09245257544049146,8563000,13356000,0.05635252818470263,0.3043616972790666,0.3043616972790666,43882000,43882000,https://www.sec.gov/Archives/edgar/data/1125376/000112537614000008/ensg12311310k.htm,https://www.sec.gov/Archives/edgar/data/1125376/000112537614000008/ensg12311310k.htm,1620591667,16:21:07,20210509
29,2013-09-30,ENSG,USD,2013-11-07 00:00:00,2013-11-07 16:20:39,Q3,229261000,189576000,39685000,0.17309965497838709,0,10601000,0,0,19396000,208972000,3181000,8797000,29086000,0.12686850358325227,20289000,0.08849738943823851,0,17249000,0.07523739318942166,6607000,10464000,0.045642302877506424,0.24,0.235,43882000,44818000,https://www.sec.gov/Archives/edgar/data/1125376/000112537613000097/0001125376-13-000097-index.html,https://www.sec.gov/Archives/edgar/data/1125376/000112537613000097/ensg9301310q.htm,1620591667,16:21:07,20210509
30,2013-06-30,ENSG,USD,2013-08-07 00:00:00,2013-08-07 16:04:30,Q2,220086000,179251000,40835000,0.1855411066583063,0,8872000,0,0,17543000,196794000,3145000,8668000,31960000,0.14521596103341422,23292000,0.10583135683323791,0,20276000,0.09212762283834501,7846000,12367000,0.05619167052879329,0.285,0.275,43718000,44642000,https://www.sec.gov/Archives/edgar/data/1125376/000112537613000080/0001125376-13-000080-index.html,https://www.sec.gov/Archives/edgar/data/1125376/000112537613000080/ensg6301310q.htm,1620591667,16:21:07,20210509
31,2013-03-31,ENSG,USD,2013-05-01 00:00:00,2013-05-01 16:03:33,Q1,218201000,179375000,38826000,0.17793685638470952,0,8848000,0,0,16580000,195955000,3115000,7764000,30010000,0.13753374182519787,22246000,0.10195187006475681,-33000000,-13776000,-0.06313444942965431,-3013000,-12147000,-0.055668855779762695,-0.28,-0.28,43536000,43536000,https://www.sec.gov/Archives/edgar/data/1125376/000112537613000055/0001125376-13-000055-index.html,https://www.sec.gov/Archives/edgar/data/1125376/000112537613000055/ensg3311310q.htm,1620591667,16:21:07,20210509
32,2012-12-31,ENSG,USD,2013-02-13 00:00:00,2013-02-13 16:04:20,Q4,211101000,175021000,36080000,0.17091344901255798,0,7886000,0,0,15205000,190226000,3098000,7319000,28194000,0.1335569229894695,20875000,0.09888631508140654,-15000000,2860000,0.013548017299775937,1195000,1937000,0.00917570262575734,0.04482758620689655,0.043873159682899204,43210000,44150000,https://www.sec.gov/Archives/edgar/data/1125376/000112537613000022/0001125376-13-000022-index.html,https://www.sec.gov/Archives/edgar/data/1125376/000112537613000022/ensg12311210k.htm,1620591667,16:21:07,20210509
33,2012-09-30,ENSG,USD,2012-11-07 00:00:00,2012-11-07 16:05:24,Q3,207150000,168251000,38899000,0.18778180062756455,0,8099000,0,0,15278000,183529000,3092000,7179000,30800000,0.14868452811972002,23621000,0.11402848177649047,0,20598000,0.09943519188993483,7562000,13294000,0.06417571807868694,0.31,0.3,42976000,44020000,https://www.sec.gov/Archives/edgar/data/1125376/000112537612000042/0001125376-12-000042-index.html,https://www.sec.gov/Archives/edgar/data/1125376/000112537612000042/ensg9301210q.htm,1620591667,16:21:07,20210509
34,2012-06-30,ENSG,USD,2012-08-01 00:00:00,2012-08-01 16:03:37,Q2,204308000,165967000,38341000,0.18766274448381856,0,8137000,0,0,15179000,181146000,3114000,7042000,30204000,0.14783562072948686,23162000,0.11336805215654795,0,20100000,0.09838087593241576,7821000,12456000,0.060966775652446306,0.29,0.285,42736000,43772000,https://www.sec.gov/Archives/edgar/data/1125376/000112537612000034/0001125376-12-000034-index.html,https://www.sec.gov/Archives/edgar/data/1125376/000112537612000034/ensg6301210q.htm,1620591667,16:21:07,20210509
35,2012-03-31,ENSG,USD,2012-05-02,2012-05-02 16:07:17,Q1,202160000,164150000,38010000,0.18801939058171746,0,7697000,0,0,14621000,178771000,2925000,6924000,30313000,0.1499455876533439,23389000,0.11569548872180452,0,20515000,0.10147902651365255,7687000,12904000,0.06383062920459043,0.305,0.295,42502000,43592000,https://www.sec.gov/Archives/edgar/data/1125376/000112537612000007/ensg12311110k.htm,https://www.sec.gov/Archives/edgar/data/1125376/000112537612000007/ensg12311110k.htm,1620591667,16:21:07,20210509
36,2011-12-31,ENSG,USD,2012-02-16 00:00:00,2012-02-15 17:47:37,Q4,192662000,159632000,33030000,0.17144013868848035,0,7578000,0,0,14080000,173712000,2989000,7219000,26169000,0.13582854948043724,18950000,0.09835878377676968,0,16012000,0.08310927946351641,5657000,10355000,0.053746976570366756,0.24660633484162897,0.24660633484162897,41990000,41990000,https://www.sec.gov/Archives/edgar/data/1125376/000112537612000007/0001125376-12-000007-index.html,https://www.sec.gov/Archives/edgar/data/1125376/000112537612000007/ensg12311110k.htm,1620591667,16:21:07,20210509
37,2011-09-30,ENSG,USD,2011-11-02 00:00:00,2011-11-02 16:13:05,Q3,196346000,159056000,37290000,0.18991983539262322,0,7195000,0,0,13374000,172430000,5323000,6179000,30095000,0.1532753404703941,23916000,0.12180538437248531,0,18661000,0.09504140649669461,7063000,11598000,0.05906919417762521,0.275,0.27,41990000,43140000,https://www.sec.gov/Archives/edgar/data/1125376/000144530511003176/0001445305-11-003176-index.html,https://www.sec.gov/Archives/edgar/data/1125376/000144530511003176/ensg9301110q.htm,1620591667,16:21:07,20210509
38,2011-06-30,ENSG,USD,2011-08-03 00:00:00,2011-08-03 16:35:24,Q2,186326000,149070000,37256000,0.19995062417483336,0,7592000,0,0,13138000,162208000,2739000,5546000,29664000,0.15920483453731632,24118000,0.12943979906185932,0,21454000,0.11514227751360519,8478000,12976000,0.06964138123503966,0.31,0.3,41818000,43158000,https://www.sec.gov/Archives/edgar/data/1125376/000144530511002324/0001445305-11-002324-index.html,https://www.sec.gov/Archives/edgar/data/1125376/000144530511002324/ensg6301110q.htm,1620591667,16:21:07,20210509
39,2011-03-31,ENSG,USD,2011-05-04 00:00:00,2011-05-04 16:45:23,Q1,182943000,146771000,36172000,0.19772278797220993,0,7401000,0,0,12460000,159231000,2727000,5059000,28771000,0.15726756421399016,23712000,0.1296141421098375,0,21040000,0.11500849991527416,8294000,12746000,0.0696719743308025,0.305,0.295,41708000,43032000,https://www.sec.gov/Archives/edgar/data/1125376/000144530511000791/0001445305-11-000791-index.html,https://www.sec.gov/Archives/edgar/data/1125376/000144530511000791/ensg3311110q.htm,1620591667,16:21:07,20210509
40,2010-12-31,ENSG,USD,2011-02-16,2011-02-16 17:28:16,Q4,172757000,139873000,32884000,0.19034829268857412,0,7205000,0,0,11600000,151473000,2252000,4395000,25679000,0.14864231261251354,21284000,0.1232019541899894,0,19092000,0.1105136116047396,7420000,11672000,0.06756310887547248,0.281171709385238,0.281171709385238,41512000,41512000,https://www.sec.gov/Archives/edgar/data/1125376/000144530511000273/ensg12311010k.htm,https://www.sec.gov/Archives/edgar/data/1125376/000144530511000273/ensg12311010k.htm,1620591667,16:21:07,20210509
41,2010-09-30,ENSG,USD,2010-10-28 00:00:00,2010-10-28 17:01:29,Q3,164653000,135091000,29562000,0.1795412169835958,0,6713000,0,0,10973000,146064000,2283000,4260000,22849000,0.13877062671193358,18589000,0.11289803404736021,0,16364000,0.0993847667518964,6477000,9887000,0.06004749382033731,0.24,0.235,41512000,42294000,https://www.sec.gov/Archives/edgar/data/1125376/000095012310097515/0000950123-10-097515-index.html,https://www.sec.gov/Archives/edgar/data/1125376/000095012310097515/c07328e10vq.htm,1620591667,16:21:07,20210509
42,2010-06-30,ENSG,USD,2010-08-09 00:00:00,2010-08-06 20:16:15,Q2,157948000,129424000,28524000,0.18059108060880796,0,6407000,0,0,10430000,139854000,2308000,4023000,22117000,0.14002709752576797,18094000,0.11455668954339403,0,15849000,0.10034315091042621,6230000,9619000,0.06089978980423937,0.23188370859649968,0.22765786234971125,41482000,42252000,https://www.sec.gov/Archives/edgar/data/1125376/000095012310074521/0000950123-10-074521-index.html,https://www.sec.gov/Archives/edgar/data/1125376/000095012310074521/c04487e10vq.htm,1620591667,16:21:07,20210509
43,2010-03-31,ENSG,USD,2010-05-05 00:00:00,2010-05-05 16:05:54,Q1,154174000,126758000,27416000,0.1778250548082037,0,5774000,0,0,9729000,136487000,2280000,3955000,21642000,0.1403738632973134,17687000,0.11472102948616499,0,15474000,0.10036711767224045,6126000,9348000,0.06063279152126818,0.225,0.22,41372000,42148000,https://www.sec.gov/Archives/edgar/data/1125376/000095012310044483/0000950123-10-044483-index.html,https://www.sec.gov/Archives/edgar/data/1125376/000095012310044483/c00189e10vq.htm,1620591667,16:21:07,20210509
44,2009-12-31,ENSG,USD,2010-02-17 00:00:00,2010-02-17 17:19:44,Q4,146615000,121136000,25479000,0.17378167308938375,0,5506000,0,0,9369000,130505000,1973000,3975000,20085000,0.13699144016642226,16110000,0.10987961668314974,0,14196000,0.09682501790403437,5503000,8693000,0.05929134126794666,0.2108313930927435,0.2108313930927435,41232000,41232000,https://www.sec.gov/Archives/edgar/data/1125376/000095012310013769/0000950123-10-013769-index.html,https://www.sec.gov/Archives/edgar/data/1125376/000095012310013769/a55233e10vk.htm,1620591667,16:21:07,20210509
45,2009-09-30,ENSG,USD,2009-11-02 00:00:00,2009-11-02 17:00:22,Q3,132924000,110971000,21953000,0.16515452438987693,0,4883000,0,0,8122000,119093000,1249000,3347000,17178000,0.12923174144623994,13831000,0.10405193945412416,0,12663000,0.09526496343775391,4977000,7686000,0.057822515121422766,0.18640861466821887,0.1836295871559633,41232000,41856000,https://www.sec.gov/Archives/edgar/data/1125376/000095012309056303/0000950123-09-056303-index.html,https://www.sec.gov/Archives/edgar/data/1125376/000095012309056303/c91677e10vq.htm,1620591667,16:21:07,20210509
46,2009-06-30,ENSG,USD,2009-08-06 00:00:00,2009-08-06 17:10:12,Q2,132178000,109014000,23164000,0.17524852849944772,0,5417000,0,0,8626000,117640000,1141000,3214000,17752000,0.13430374192376945,14538000,0.10998804642224878,0,13466000,0.10187777088471607,5282000,8184000,0.06191650652907443,0.2,0.195,41172000,41748000,https://www.sec.gov/Archives/edgar/data/1125376/000095012309031315/0000950123-09-031315-index.html,https://www.sec.gov/Archives/edgar/data/1125376/000095012309031315/c88829e10vq.htm,1620591667,16:21:07,20210509
47,2009-03-31,ENSG,USD,2009-05-06 00:00:00,2009-05-06 17:11:23,Q1,130285000,107900000,22385000,0.171815634954139,0,4961000,0,0,7926000,115826000,1328000,3018000,17477000,0.13414437579153393,14459000,0.11097977510841617,0,13201000,0.1013240204167786,5278000,7923000,0.0608128334036919,0.195,0.19,41144000,41784000,https://www.sec.gov/Archives/edgar/data/1125376/000136231009006636/0001362310-09-006636-index.html,https://www.sec.gov/Archives/edgar/data/1125376/000136231009006636/c84832e10vq.htm,1620591667,16:21:07,20210509
48,2008-12-31,ENSG,USD,2009-02-18 00:00:00,2009-02-18 16:36:58,Q4,123947000,102081000,21866000,0.17641411248356154,0,5389000,0,0,7902000,109983000,0,2561000,16525000,0.13332311391159124,13964000,0.11266105674199456,0,13013000,0.10498842247089482,5154000,7859000,0.06340613326663816,0.19144945188794155,0.19144945188794155,41050000,41050000,https://www.sec.gov/Archives/edgar/data/1125376/000089256909000090/0000892569-09-000090-index.html,https://www.sec.gov/Archives/edgar/data/1125376/000089256909000090/a51496e10vk.htm,1620591667,16:21:07,20210509
49,2008-09-30,ENSG,USD,2008-10-30 00:00:00,2008-10-30 17:03:41,Q3,116328000,97579000,18749000,0.161173578158311,0,4565000,0,0,6915000,104494000,0,2376000,14210000,0.12215459734543704,11834000,0.10172959218760745,0,10890000,0.0936146069733856,4093000,6797000,0.058429612818925794,0.16557856272838004,0.16357029407517928,41050000,41554000,https://www.sec.gov/Archives/edgar/data/1125376/000136231008006388/0001362310-08-006388-index.html,https://www.sec.gov/Archives/edgar/data/1125376/000136231008006388/c76443e10vq.htm,1620591667,16:21:07,20210509
50,2008-06-30,ENSG,USD,2008-08-06 00:00:00,2008-08-06 16:33:25,Q2,115318000,96581000,18737000,0.16248113911098008,0,4971000,0,0,7144000,103725000,0,2199000,13792000,0.11959971556912191,11593000,0.10053070639449176,0,10796000,0.0936193829237413,4277000,6519000,0.056530637021106854,0.1589379754242247,0.1579521225043613,41016000,41272000,https://www.sec.gov/Archives/edgar/data/1125376/000136231008004229/0001362310-08-004229-index.html,https://www.sec.gov/Archives/edgar/data/1125376/000136231008004229/c74313e10vq.htm,1620591667,16:21:07,20210509
51,2008-03-31,ENSG,USD,2008-05-07 00:00:00,2008-05-07 16:37:44,Q1,113779000,95433000,18346000,0.16124240852881463,0,5092000,0,0,7082000,102515000,0,2000000,13264000,0.1165768727093752,11264000,0.09899893653486144,0,10546000,0.09268845744821101,4212000,6334000,0.055669323864685046,0.15450287832959314,0.15338790139003244,40996000,41294000,https://www.sec.gov/Archives/edgar/data/1125376/000136231008002504/0001362310-08-002504-index.html,https://www.sec.gov/Archives/edgar/data/1125376/000136231008002504/c73252e10vq.htm,1620591667,16:21:07,20210509
52,2007-12-31,ENSG,USD,2008-03-06,2008-03-06 17:11:57,Q4,108979000,92001000,16978000,0.1557914827627341,0,4307000,0,0,6269000,98270000,0,1965000,12674000,0.11629763532423677,10709000,0.09826663852668863,0,10087000,0.09255911689408051,3858000,6229000,0.05715780104423788,0.15194165284417993,0.15194165284417993,40996000,40996000,https://www.sec.gov/Archives/edgar/data/1125376/000089256908000267/a38242e10vk.htm,https://www.sec.gov/Archives/edgar/data/1125376/000089256908000267/a38242e10vk.htm,1620591667,16:21:07,20210509
53,2007-09-30,ENSG,USD,2007-12-21,2007-12-21,Q3,104092000,90353000,13739000,0.13198900972216884,0,0,0,0,5813000,96166000,0,1827000,9753000,0.09369596126503478,7926000,0.07614418014833033,0,6913000,0.06641240441148215,2447000,4466000,0.04290435384083311,0.16,0.13,27012000,33756000,https://www.sec.gov/Archives/edgar/data/1125376/000110465907090660/0001104659-07-090660-index.htm,https://www.sec.gov/Archives/edgar/data/1125376/000110465907090660/a07-31302_110q.htm,1620591667,16:21:07,20210509
54,2007-06-30,ENSG,USD,2007-06-30,2007-06-30,Q2,100269000,84332000,15937000,0.15894244482342498,0,0,0,0,5552000,89884000,0,1654000,12039000,0.12006701971696138,10385000,0.10357139295295655,0,9511000,0.09485484047911119,3816000,5695000,0.05679721549033101,0.21,0.17,26882980,33782404,,,1620591667,16:21:07,20210509
55,2007-03-31,ENSG,USD,2007-03-31,2007-03-31,Q1,97978000,85002000,12976000,0.13243789422115168,0,0,0,0,5278000,90280000,0,1532000,9230000,0.09420482149053869,7698000,0.07856865827022393,0,6921000,0.0706383065586152,2784000,4137000,0.04222376451856539,0.15,0.12,26839528,33808392,,,1620591667,16:21:07,20210509
56,2006-12-31,ENSG,USD,2006-12-31,2006-12-31,Q4,89643000,0,0,0.0,0,0,0,0,0,0,0,0,-230039000,-2.5661680220429925,-230039000,-2.5661680220429925,0,0,0.0,0,5637000,0.06288276831431344,0.0,0.0,0,0,,,1620591667,16:21:07,20210509
57,2006-09-30,ENSG,USD,2006-09-30,2006-09-30,Q3,89644000,0,0,0.0,0,0,0,0,0,0,0,0,89644000,1.0,89644000,1.0,0,0,0.0,0,5637000,0.06288206684217572,0.21,0.17,26731364,33646484,,,1620591667,16:21:07,20210509
58,2006-06-30,ENSG,USD,2006-06-30,2006-06-30,Q2,89644000,0,0,0.0,0,0,0,0,0,0,0,0,89644000,1.0,89644000,1.0,0,0,0.0,0,5637000,0.06288206684217572,0.21,0.17,26731364,33646484,,,1620591667,16:21:07,20210509
59,2006-03-31,ENSG,USD,2006-03-31,2006-03-31,Q1,89644000,0,0,0.0,0,0,0,0,0,0,0,0,89644000,1.0,89644000,1.0,0,0,0.0,0,5637000,0.06288206684217572,0.21,0.17,26731364,33646484,,,1620591667,16:21:07,20210509
60,2005-12-31,ENSG,USD,2005-12-31,2005-12-31,Q4,75212000,0,0,0.0,0,0,0,0,0,0,0,0,-193652000,-2.574748710312184,-193652000,-2.574748710312184,0,0,0.0,0,4597000,0.06112056586714886,0.0,0.0,0,0,,,1620591667,16:21:07,20210509
61,2005-09-30,ENSG,USD,2005-09-30,2005-09-30,Q3,75213000,0,0,0.0,0,0,0,0,0,0,0,0,75213000,1.0,75213000,1.0,0,0,0.0,0,4597000,0.06111975323414835,0.17,0.13,26936120,35010080,,,1620591667,16:21:07,20210509
62,2005-06-30,ENSG,USD,2005-06-30,2005-06-30,Q2,75213000,0,0,0.0,0,0,0,0,0,0,0,0,75213000,1.0,75213000,1.0,0,0,0.0,0,4597000,0.06111975323414835,0.17,0.13,26936120,35010080,,,1620591667,16:21:07,20210509
63,2005-03-31,ENSG,USD,2005-03-31,2005-03-31,Q1,75213000,0,0,0.0,0,0,0,0,0,0,0,0,75213000,1.0,75213000,1.0,0,0,0.0,0,4597000,0.06111975323414835,0.17,0.13,26936120,35010080,,,1620591667,16:21:07,20210509
