,date,symbol,reportedCurrency,fillingDate,acceptedDate,period,revenue,costOfRevenue,grossProfit,grossProfitRatio,researchAndDevelopmentExpenses,generalAndAdministrativeExpenses,sellingAndMarketingExpenses,otherExpenses,operatingExpenses,costAndExpenses,interestExpense,depreciationAndAmortization,ebitda,ebitdaratio,operatingIncome,operatingIncomeRatio,totalOtherIncomeExpensesNet,incomeBeforeTax,incomeBeforeTaxRatio,incomeTaxExpense,netIncome,netIncomeRatio,eps,epsdiluted,weightedAverageShsOut,weightedAverageShsOutDil,link,finalLink,timestamp,est_time,est_date
0,2020-09-30,Z1P.AX,AUD,2020-09-30,2020-09-30,Q3,39248250.0,16597500.0,22650750.0,0.5771149032122451,0.0,17819500.0,2378750.0,9213500.0,4272750.0,0.0,9736000.0,2784500.0,-1820250.0,-0.046377863981196615,-4604750.0,-0.11732370233067717,9166750.0,-5147250.0,-0.13114597466129063,-162000.0,-4985250.0,-0.12701840209436088,-0.015768060195759458,-0.015768060195759458,316161274.0,316161274.0,,,1620600114,18:41:54,20210509
1,2020-06-30,Z1P.AX,AUD,2020-06-30,2020-06-30,Q2,39248250.0,16597500.0,22650750.0,0.5771149032122451,0.0,17819500.0,2378750.0,9213500.0,4272750.0,0.0,9736000.0,2784500.0,-1820250.0,-0.046377863981196615,-4604750.0,-0.11732370233067717,9166750.0,-5147250.0,-0.13114597466129063,-162000.0,-4985250.0,-0.12701840209436088,-0.015768060195759458,-0.015768060195759458,316161274.0,316161274.0,,,1620600114,18:41:54,20210509
2,2020-03-31,Z1P.AX,AUD,2020-03-31,2020-03-31,Q1,39248250.0,16597500.0,22650750.0,0.5771149032122451,0.0,17819500.0,2378750.0,9213500.0,4272750.0,0.0,9736000.0,2784500.0,-1820250.0,-0.046377863981196615,-4604750.0,-0.11732370233067717,9166750.0,-5147250.0,-0.13114597466129063,-162000.0,-4985250.0,-0.12701840209436088,-0.015768060195759458,-0.015768060195759458,316161274.0,316161274.0,,,1620600114,18:41:54,20210509
3,2020-01-31,Z1P.AX,AUD,2020-01-31,2020-01-31,Q1,39248250.0,16597500.0,22650750.0,0.5771149032122451,0.0,17819500.0,2378750.0,9213500.0,4272750.0,0.0,9736000.0,2784500.0,-1820250.0,-0.046377863981196615,-4604750.0,-0.11732370233067717,9166750.0,-5147250.0,-0.13114597466129063,-162000.0,-4985250.0,-0.12701840209436088,-0.015768060195759458,-0.015768060195759458,316161274.0,316161274.0,,,1620600114,18:41:54,20210509
4,2019-06-30,Z1P.AX,AUD,2019-06-30,2019-06-30,Q2,20719165.75,6852084.25,13867081.5,0.6692876377032699,0.0,8495562.0,861603.25,289295.5,394678.75,0.0,6098489.0,1138818.25,4115237.5,0.1986198454925725,2976419.25,0.1436553617029682,289295.5,-2783452.5,-0.13434191963062025,0.0,-2783452.5,-0.13434191963062025,-0.0088,-0.0088,316161274.0,316161274.0,,,1620600114,18:41:54,20210509
5,2019-03-31,Z1P.AX,AUD,2019-03-31,2019-03-31,Q1,20719165.75,6852084.25,13867081.5,0.6692876377032699,0.0,8495562.0,861603.25,289295.5,394678.75,0.0,6098489.0,1138818.25,4115237.5,0.1986198454925725,2976419.25,0.1436553617029682,289295.5,-2783452.5,-0.13434191963062025,0.0,-2783452.5,-0.13434191963062025,-0.0088,-0.0088,316161274.0,316161274.0,,,1620600114,18:41:54,20210509
6,2019-01-31,Z1P.AX,AUD,2019-01-31,2019-01-31,Q1,20719165.75,6852084.25,13867081.5,0.6692876377032699,0.0,8495562.0,861603.25,289295.5,394678.75,0.0,6098489.0,1138818.25,4115237.5,0.1986198454925725,2976419.25,0.1436553617029682,289295.5,-2783452.5,-0.13434191963062025,0.0,-2783452.5,-0.13434191963062025,-0.0088,-0.0088,316161274.0,316161274.0,,,1620600114,18:41:54,20210509
7,2018-06-30,Z1P.AX,AUD,2018-06-30,2018-06-30,Q2,9818597.5,4283035.0,5535562.5,0.5637834222250173,0.0,6416714.25,0.0,219224.0,496013.5,0.0,3650070.5,893269.75,-1377165.25,-0.14026089265804,-2270435.0,-0.23123821910410322,219224.0,-5637431.5,-0.5741585292604162,0.0,-5637431.5,-0.5741585292604162,-0.0196,-0.0196,287483273.0,287483273.0,,,1620600114,18:41:54,20210509
8,2018-03-31,Z1P.AX,AUD,2018-03-31,2018-03-31,Q1,9818597.5,4283035.0,5535562.5,0.5637834222250173,0.0,6416714.25,0.0,219224.0,496013.5,0.0,3650070.5,893269.75,-1377165.25,-0.14026089265804,-2270435.0,-0.23123821910410322,219224.0,-5637431.5,-0.5741585292604162,0.0,-5637431.5,-0.5741585292604162,-0.0196,-0.0196,287483273.0,287483273.0,,,1620600114,18:41:54,20210509
9,2018-01-31,Z1P.AX,AUD,2018-01-31,2018-01-31,Q1,9818597.5,4283035.0,5535562.5,0.5637834222250173,0.0,6416714.25,0.0,219224.0,496013.5,0.0,3650070.5,893269.75,-1377165.25,-0.14026089265804,-2270435.0,-0.23123821910410322,219224.0,-5637431.5,-0.5741585292604162,0.0,-5637431.5,-0.5741585292604162,-0.0196,-0.0196,287483273.0,287483273.0,,,1620600114,18:41:54,20210509
10,2017-06-30,Z1P.AX,AUD,2017-06-30,2017-06-30,Q2,4108081.25,0.0,4108081.25,1.0,0.0,3160994.25,588940.75,105590.0,1005827.0,0.0,2886252.5,473181.75,-1969900.75,-0.4795184491543345,-2443082.5,-0.5947016018731373,105590.0,-5186883.5,-1.2626048961422076,-139236.5,-5047647.0,-1.2287115791587617,-0.02145,-0.02145,235260772.0,235260772.0,,,1620600114,18:41:54,20210509
11,2017-03-31,Z1P.AX,AUD,2017-03-31,2017-03-31,Q1,4108081.25,0.0,4108081.25,1.0,0.0,3160994.25,588940.75,105590.0,1005827.0,0.0,2886252.5,473181.75,-1969900.75,-0.4795184491543345,-2443082.5,-0.5947016018731373,105590.0,-5186883.5,-1.2626048961422076,-139236.5,-5047647.0,-1.2287115791587617,-0.02145,-0.02145,235260772.0,235260772.0,,,1620600114,18:41:54,20210509
12,2017-01-31,Z1P.AX,AUD,2017-01-31,2017-01-31,Q1,4108081.25,0.0,4108081.25,1.0,0.0,3160994.25,588940.75,105590.0,1005827.0,0.0,2886252.5,473181.75,-1969900.75,-0.4795184491543345,-2443082.5,-0.5947016018731373,105590.0,-5186883.5,-1.2626048961422076,-139236.5,-5047647.0,-1.2287115791587617,-0.02145,-0.02145,235260772.0,235260772.0,,,1620600114,18:41:54,20210509
13,2016-06-30,Z1P.AX,AUD,2016-06-30,2016-06-30,Q2,1074650.25,1835955.5,1074650.25,1.0,0.0,688970.0,568627.75,44072.75,793077.25,0.0,366588.5,143618.25,-1324701.75,-1.2326817492481856,-1468320.0,-1.3663236015624618,50483.5,-1772438.25,-1.6493163706052272,0.0,-1772438.25,-1.6493163706052272,-0.0122,-0.0122,145139798.0,145139798.0,,,1620600114,18:41:54,20210509
14,2016-03-31,Z1P.AX,AUD,2016-03-31,2016-03-31,Q1,1074650.25,1835955.5,1074650.25,1.0,0.0,688970.0,568627.75,44072.75,793077.25,0.0,366588.5,143618.25,-1324701.75,-1.2326817492481856,-1468320.0,-1.3663236015624618,50483.5,-1772438.25,-1.6493163706052272,0.0,-1772438.25,-1.6493163706052272,-0.0122,-0.0122,145139798.0,145139798.0,,,1620600114,18:41:54,20210509
15,2016-01-31,Z1P.AX,AUD,2016-01-31,2016-01-31,Q1,1074650.25,1835955.5,1074650.25,1.0,0.0,688970.0,568627.75,44072.75,793077.25,0.0,366588.5,143618.25,-1324701.75,-1.2326817492481856,-1468320.0,-1.3663236015624618,50483.5,-1772438.25,-1.6493163706052272,0.0,-1772438.25,-1.6493163706052272,-0.0122,-0.0122,145139798.0,145139798.0,,,1620600114,18:41:54,20210509
16,2015-09-30,Z1P.AX,AUD,2015-09-30,2015-09-30,Q3,0.0,29091.25,-26547.0,0.0,0.0,532487.25,0.0,89102.25,409377.75,0.0,0.0,723.75,-532487.25,0.0,-533211.0,0.0,94102.25,-436564.5,0.0,0.0,-436564.5,0.0,-0.01925,-0.01925,22704251.0,22704251.0,,,1620600114,18:41:54,20210509
17,2015-06-30,Z1P.AX,AUD,2015-06-30,2015-06-30,Q2,0.0,29091.25,-26547.0,0.0,0.0,532487.25,0.0,89102.25,409377.75,0.0,0.0,723.75,-532487.25,0.0,-533211.0,0.0,94102.25,-436564.5,0.0,0.0,-436564.5,0.0,-0.01925,-0.01925,22704251.0,22704251.0,,,1620600114,18:41:54,20210509
18,2015-03-31,Z1P.AX,AUD,2015-03-31,2015-03-31,Q1,0.0,29091.25,-26547.0,0.0,0.0,532487.25,0.0,89102.25,409377.75,0.0,0.0,723.75,-532487.25,0.0,-533211.0,0.0,94102.25,-436564.5,0.0,0.0,-436564.5,0.0,-0.01925,-0.01925,22704251.0,22704251.0,,,1620600114,18:41:54,20210509
19,2015-01-31,Z1P.AX,AUD,2015-01-31,2015-01-31,Q1,0.0,29091.25,-26547.0,0.0,0.0,532487.25,0.0,89102.25,409377.75,0.0,0.0,723.75,-532487.25,0.0,-533211.0,0.0,94102.25,-436564.5,0.0,0.0,-436564.5,0.0,-0.01925,-0.01925,22704251.0,22704251.0,,,1620600114,18:41:54,20210509
20,2014-09-30,Z1P.AX,AUD,2014-09-30,2014-09-30,Q3,0.0,52320.5,-50291.75,0.0,0.0,85767.75,0.0,106676.25,728626.5,0.0,27539.0,4120.5,-814394.25,0.0,-818514.75,0.0,106676.25,-737348.75,0.0,-141688.0,-595660.75,0.0,-0.0591155,-0.0591155,10074352.0,10074352.0,,,1620600114,18:41:54,20210509
21,2014-06-30,Z1P.AX,AUD,2014-06-30,2014-06-30,Q2,0.0,52320.5,-50291.75,0.0,0.0,85767.75,0.0,106676.25,728626.5,0.0,27539.0,4120.5,-814394.25,0.0,-818514.75,0.0,106676.25,-737348.75,0.0,-141688.0,-595660.75,0.0,-0.0591155,-0.0591155,10074352.0,10074352.0,,,1620600114,18:41:54,20210509
22,2014-03-31,Z1P.AX,AUD,2014-03-31,2014-03-31,Q1,0.0,52320.5,-50291.75,0.0,0.0,85767.75,0.0,106676.25,728626.5,0.0,27539.0,4120.5,-814394.25,0.0,-818514.75,0.0,106676.25,-737348.75,0.0,-141688.0,-595660.75,0.0,-0.0591155,-0.0591155,10074352.0,10074352.0,,,1620600114,18:41:54,20210509
23,2014-01-31,Z1P.AX,AUD,2014-01-31,2014-01-31,Q1,0.0,52320.5,-50291.75,0.0,0.0,85767.75,0.0,106676.25,728626.5,0.0,27539.0,4120.5,-814394.25,0.0,-818514.75,0.0,106676.25,-737348.75,0.0,-141688.0,-595660.75,0.0,-0.0591155,-0.0591155,10074352.0,10074352.0,,,1620600114,18:41:54,20210509
24,2013-09-30,Z1P.AX,AUD,2013-09-30,2013-09-30,Q3,0.0,58456.75,-51923.5,0.0,0.0,141196.75,0.0,29452.25,358819.5,0.0,6222.75,5489.0,-500016.25,0.0,-505505.25,0.0,29452.25,-505194.75,0.0,-121293.25,-383901.5,0.0,-0.03146875,-0.03146875,11993638.0,11993638.0,,,1620600114,18:41:54,20210509
25,2013-06-30,Z1P.AX,AUD,2013-06-30,2013-06-30,Q2,0.0,58456.75,-51923.5,0.0,0.0,141196.75,0.0,29452.25,358819.5,0.0,6222.75,5489.0,-500016.25,0.0,-505505.25,0.0,29452.25,-505194.75,0.0,-121293.25,-383901.5,0.0,-0.03146875,-0.03146875,11993638.0,11993638.0,,,1620600114,18:41:54,20210509
26,2013-03-31,Z1P.AX,AUD,2013-03-31,2013-03-31,Q1,0.0,58456.75,-51923.5,0.0,0.0,141196.75,0.0,29452.25,358819.5,0.0,6222.75,5489.0,-500016.25,0.0,-505505.25,0.0,29452.25,-505194.75,0.0,-121293.25,-383901.5,0.0,-0.03146875,-0.03146875,11993638.0,11993638.0,,,1620600114,18:41:54,20210509
27,2013-01-31,Z1P.AX,AUD,2013-01-31,2013-01-31,Q1,0.0,58456.75,-51923.5,0.0,0.0,141196.75,0.0,29452.25,358819.5,0.0,6222.75,5489.0,-500016.25,0.0,-505505.25,0.0,29452.25,-505194.75,0.0,-121293.25,-383901.5,0.0,-0.03146875,-0.03146875,11993638.0,11993638.0,,,1620600114,18:41:54,20210509
28,2012-09-30,Z1P.AX,AUD,2012-09-30,2012-09-30,Q3,0.0,64598.0,-45022.25,0.0,0.0,177106.5,0.0,21763.0,325074.5,0.0,0.0,7844.5,-502181.0,0.0,-510025.5,0.0,21763.0,-490449.75,0.0,0.0,-490449.75,0.0,-0.04471875,-0.04471875,10845619.0,10845619.0,,,1620600114,18:41:54,20210509
29,2012-06-30,Z1P.AX,AUD,2012-06-30,2012-06-30,Q2,0.0,64598.0,-45022.25,0.0,0.0,177106.5,0.0,21763.0,325074.5,0.0,0.0,7844.5,-502181.0,0.0,-510025.5,0.0,21763.0,-490449.75,0.0,0.0,-490449.75,0.0,-0.04471875,-0.04471875,10845619.0,10845619.0,,,1620600114,18:41:54,20210509
30,2012-03-31,Z1P.AX,AUD,2012-03-31,2012-03-31,Q1,0.0,64598.0,-45022.25,0.0,0.0,177106.5,0.0,21763.0,325074.5,0.0,0.0,7844.5,-502181.0,0.0,-510025.5,0.0,21763.0,-490449.75,0.0,0.0,-490449.75,0.0,-0.04471875,-0.04471875,10845619.0,10845619.0,,,1620600114,18:41:54,20210509
31,2012-01-31,Z1P.AX,AUD,2012-01-31,2012-01-31,Q1,0.0,64598.0,-45022.25,0.0,0.0,177106.5,0.0,21763.0,325074.5,0.0,0.0,7844.5,-502181.0,0.0,-510025.5,0.0,21763.0,-490449.75,0.0,0.0,-490449.75,0.0,-0.04471875,-0.04471875,10845619.0,10845619.0,,,1620600114,18:41:54,20210509
32,2011-09-30,Z1P.AX,AUD,2011-09-30,2011-09-30,Q3,0.0,97995.5,-52685.5,0.0,0.0,191132.25,0.0,448349.25,424627.75,0.0,0.0,7063.5,-615760.0,0.0,-622823.5,0.0,448349.25,-577513.5,0.0,0.0,-577513.5,0.0,-0.05465625,-0.05465625,10596225.0,10596225.0,,,1620600114,18:41:54,20210509
33,2011-06-30,Z1P.AX,AUD,2011-06-30,2011-06-30,Q2,0.0,97995.5,-52685.5,0.0,0.0,191132.25,0.0,448349.25,424627.75,0.0,0.0,7063.5,-615760.0,0.0,-622823.5,0.0,448349.25,-577513.5,0.0,0.0,-577513.5,0.0,-0.05465625,-0.05465625,10596225.0,10596225.0,,,1620600114,18:41:54,20210509
34,2011-03-31,Z1P.AX,AUD,2011-03-31,2011-03-31,Q1,0.0,97995.5,-52685.5,0.0,0.0,191132.25,0.0,448349.25,424627.75,0.0,0.0,7063.5,-615760.0,0.0,-622823.5,0.0,448349.25,-577513.5,0.0,0.0,-577513.5,0.0,-0.05465625,-0.05465625,10596225.0,10596225.0,,,1620600114,18:41:54,20210509
35,2011-01-31,Z1P.AX,AUD,2011-01-31,2011-01-31,Q1,0.0,97995.5,-52685.5,0.0,0.0,191132.25,0.0,448349.25,424627.75,0.0,0.0,7063.5,-615760.0,0.0,-622823.5,0.0,448349.25,-577513.5,0.0,0.0,-577513.5,0.0,-0.05465625,-0.05465625,10596225.0,10596225.0,,,1620600114,18:41:54,20210509
36,2010-09-30,Z1P.AX,AUD,2010-09-30,2010-09-30,Q3,0.0,52891.5,-18749.25,0.0,0.0,139958.75,0.0,9577.25,186157.0,0.0,0.0,1148.5,-326115.75,0.0,-327264.25,0.0,9577.25,-293122.0,0.0,0.0,-293122.0,0.0,-0.0364375,-0.0364375,7955510.0,7955510.0,,,1620600114,18:41:54,20210509
37,2010-06-30,Z1P.AX,AUD,2010-06-30,2010-06-30,Q2,0.0,52891.5,-18749.25,0.0,0.0,139958.75,0.0,9577.25,186157.0,0.0,0.0,1148.5,-326115.75,0.0,-327264.25,0.0,9577.25,-293122.0,0.0,0.0,-293122.0,0.0,-0.0364375,-0.0364375,7955510.0,7955510.0,,,1620600114,18:41:54,20210509
38,2010-03-31,Z1P.AX,AUD,2010-03-31,2010-03-31,Q1,0.0,52891.5,-18749.25,0.0,0.0,139958.75,0.0,9577.25,186157.0,0.0,0.0,1148.5,-326115.75,0.0,-327264.25,0.0,9577.25,-293122.0,0.0,0.0,-293122.0,0.0,-0.0364375,-0.0364375,7955510.0,7955510.0,,,1620600114,18:41:54,20210509
39,2010-01-31,Z1P.AX,AUD,2010-01-31,2010-01-31,Q1,0.0,52891.5,-18749.25,0.0,0.0,139958.75,0.0,9577.25,186157.0,0.0,0.0,1148.5,-326115.75,0.0,-327264.25,0.0,9577.25,-293122.0,0.0,0.0,-293122.0,0.0,-0.0364375,-0.0364375,7955510.0,7955510.0,,,1620600114,18:41:54,20210509
