,date,symbol,reportedCurrency,fillingDate,acceptedDate,period,revenue,costOfRevenue,grossProfit,grossProfitRatio,researchAndDevelopmentExpenses,generalAndAdministrativeExpenses,sellingAndMarketingExpenses,otherExpenses,operatingExpenses,costAndExpenses,interestExpense,depreciationAndAmortization,ebitda,ebitdaratio,operatingIncome,operatingIncomeRatio,totalOtherIncomeExpensesNet,incomeBeforeTax,incomeBeforeTaxRatio,incomeTaxExpense,netIncome,netIncomeRatio,eps,epsdiluted,weightedAverageShsOut,weightedAverageShsOutDil,link,finalLink,timestamp,est_time,est_date
0,2021-12-31,CAMT,USD,2021-12-31,2021-12-31,Q4,57352000.0,28375000.0,28977000.0,0.5052482912540103,5478000.0,0.0,0.0,0.0,14578000.0,42953000.0,0.0,0.0,14399000.0,0.2510636071976566,14399000.0,0.25779397405495885,0.0,14785000.0,0.25779397405495885,1425000.0,13360000.0,0.2329474124703585,0.31,0.3,43289000,44478000,,,1620589892,15:51:32,20210509
1,2021-03-31,CAMT,USD,2021-03-31,2021-03-31,Q1,0.0,0.0,0.0,0.0,0.0,0.0,0.0,0.0,0.0,0.0,0.0,0.0,0.0,0.0,0.0,0.0,0.0,0.0,0.0,0.0,0.0,0.0,0.0,0.0,43330205,43330205,,,1620589892,15:51:32,20210509
2,2020-12-31,CAMT,USD,2020-12-31,2020-12-31,Q4,48619000.0,25313000.0,23306000.0,0.47935992101853186,5623000.0,2086000.0,7572000.0,0.0,15281000.0,40594000.0,0.0,609000.0,8634000.0,0.17758489479421624,8025000.0,0.16505892757975277,0.0,7842000.0,0.1612949669882145,176000.0,7666000.0,0.1576749830313252,0.19193790686029044,0.19193790686029044,39940000,39940000,,,1620589892,15:51:32,20210509
3,2020-09-30,CAMT,USD,2020-09-30,2020-09-30,Q3,40061000.0,20636000.0,19425000.0,0.4848855495369561,5068000.0,8036000.0,0.0,0.0,13104000.0,0.0,0.0,568000.0,6889000.0,0.17196275679588627,6321000.0,0.157784378822296,0.0,6628000.0,0.16544769226928932,604000.0,6024000.0,0.15037068470582363,0.15082623935903855,0.15082623935903855,39940000,39940000,,,1620589892,15:51:32,20210509
4,2020-06-30,CAMT,USD,2020-07-07 00:00:00,2020-07-07 11:28:02,Q2,37000000.0,20057000.0,16943000.0,0.4579189189189189,4754000.0,6779000.0,0.0,0.0,11533000.000000002,31590000.0,276000.0,531000.0,5941000.0,0.16056756756756757,5410000.0,0.14621621621621622,0.0,5686000.0,0.15367567567567567,378000.0,5308000.0,0.14345945945945945,0.1329,0.1329,39940000,39940000,https://www.sec.gov/Archives/edgar/data/1109138/000117891320001974/0001178913-20-001974-index.htm,https://www.sec.gov/Archives/edgar/data/1109138/000117891320001974/zk2024652.htm,1620589892,15:51:32,20210509
5,2020-03-31,CAMT,USD,2020-04-06 00:00:00,2020-04-06 08:17:18,Q1,30179000.0,16622000.0,13557000.0,0.44921965605222175,4130000.0,6559000.0,0.0,0.0,10689000.0,27311000.0,375000.0,0.0,3618000.0,0.119885,2868000.0,0.09503296994598893,0.0,3243000.0,0.10745882898704397,463000.0,2780000.0,0.09211703502435468,0.07015,0.07015,39628000,39628000,https://www.sec.gov/Archives/edgar/data/1109138/000117891320001032/0001178913-20-001032-index.html,https://www.sec.gov/Archives/edgar/data/1109138/000117891320001032/zk2024236.htm,1620589892,15:51:32,20210509
6,2019-12-31,CAMT,USD,2020-01-21 00:00:00,2020-01-21 07:06:15,Q4,33201000.0,17360000.0,15841000.0,0.477124183006536,4440000.0,6813000.0,0.0,0.0,11253000.0,28613000.0,461000.0,557000.0,5145000.0,0.1549652118912081,4588000.0,0.13818860877684408,0.0,5049000.0,0.15207373271889402,442000.0,4607000.0,0.13876088069636458,0.11653,0.11653,39536000,39536000,https://www.sec.gov/Archives/edgar/data/1109138/000117891320000128/0001178913-20-000128-index.html,https://www.sec.gov/Archives/edgar/data/1109138/000117891320000128/zk2023854.htm,1620589892,15:51:32,20210509
7,2019-09-30,CAMT,USD,2019-11-07 00:00:00,2019-11-07 07:31:48,Q3,32470000.0,17252000.0,15218000.0,0.4686787804126886,4164000.0,6681000.0,0.0,0.0,10845000.000000002,28097000.000000004,188000.0,526000.0,4899000.0,0.15087773329226978,4373000.0,0.13467816445950107,0.0,4561000.0,0.1404681244225439,398000.0,4163000.0,0.12821065599014475,0.10591,0.10591,39307000,39307000,https://www.sec.gov/Archives/edgar/data/1109138/000117891319002637/0001178913-19-002637-index.html,https://www.sec.gov/Archives/edgar/data/1109138/000117891319002637/zk1923608.htm,1620589892,15:51:32,20210509
8,2019-06-30,CAMT,USD,2019-06-30,2019-06-30,Q2,34346000.0,17777000.0,16569000.0,0.4824142549350725,3803000.0,6412000.0,0.0,0.0,10215000.0,27992000.0,135000.0,498000.0,6852000.0,0.19949921388225703,6354000.0,0.1849997088452804,0.0,6489000.0,0.18893029756012344,463000.0,7189000.0,0.2093111279333838,0.19052,0.19052,37734000,37734000,,,1620589892,15:51:32,20210509
9,2019-03-31,CAMT,USD,2019-04-08 00:00:00,2019-04-08 09:10:53,Q1,34002000.0,16846000.0,17156000.0,0.5045585553790953,3924000.0,6575000.0,0.0,0.0,10498999.999999998,27345000.0,17000.0,0.0,6691000.0,0.196783,6657000.0,0.1957826010234692,0.0,6674000.0,0.19628257161343451,647000.0,6027000.0,0.1772542791600494,0.16172,0.16172,37267000,37267000,https://www.sec.gov/Archives/edgar/data/1109138/000117891319001071/0001178913-19-001071-index.html,https://www.sec.gov/Archives/edgar/data/1109138/000117891319001071/zk1922901.htm,1620589892,15:51:32,20210509
10,2018-12-31,CAMT,USD,2019-01-14 00:00:00,2019-01-14 06:34:04,Q4,33174000.0,16457000.0,16717000.0,0.5039187315367456,4125000.0,6390000.0,0.0,0.0,10515000.0,26972000.0,237000.0,0.0,6676000.0,0.201242,6202000.0,0.1869536383915114,0.0,6439000.0,0.19409778742388617,666000.0,5773000.0,0.1740218243202508,0.15596,0.15596,37017000,37017000,https://www.sec.gov/Archives/edgar/data/1109138/000117891319000090/0001178913-19-000090-index.html,https://www.sec.gov/Archives/edgar/data/1109138/000117891319000090/zk1922464.htm,1620589892,15:51:32,20210509
11,2018-09-30,CAMT,USD,2018-10-03 00:00:00,2018-10-03 10:28:47,Q3,32264000.0,16081000.0,16183000.0,0.5015807091495165,3501000.0,7128000.0,0.0,0.0,10629000.000000002,26710000.0,55000.0,0.0,5664000.0,0.175552,5554000.0,0.17214232581205058,0.0,5609000.0,0.17384701214976445,516000.0,5093000.0,0.1578539548723035,0.13787,0.13787,36941000,36941000,https://www.sec.gov/Archives/edgar/data/1109138/000117891318002617/0001178913-18-002617-index.html,https://www.sec.gov/Archives/edgar/data/1109138/000117891318002617/zk1822133.htm,1620589892,15:51:32,20210509
12,2018-06-30,CAMT,USD,2018-07-31 00:00:00,2018-07-31 07:18:13,Q2,30460000.0,15560000.0,14900000.0,0.4891661195009849,3410000.0,6780000.0,0.0,0.0,10181000.0,25739999.999999996,150000.0,471000.0,5191000.0,0.17042022324359815,4720000.0,0.15495732107682206,0.0,4860000.0,0.15955351280367697,530000.0,4330000.0,0.1421536441234406,0.11821,0.11821,36630000,36630000,https://www.sec.gov/Archives/edgar/data/1109138/000117891318002190/0001178913-18-002190-index.html,https://www.sec.gov/Archives/edgar/data/1109138/000117891318002190/zk1821950.htm,1620589892,15:51:32,20210509
13,2018-03-31,CAMT,USD,2018-04-23 00:00:00,2018-04-23 07:28:29,Q1,27270000.0,14280000.0,13000000.0,0.4767143381004767,3550000.0,5890000.0,0.0,0.0,9438000.0,23720000.0,290000.0,0.0,4140000.0,0.151815,3560000.0,0.13054638797213056,0.0,3850000.0,0.14118078474514117,320000.0,3530000.0,0.12944627796112945,0.097,0.097,36390000,36390000,https://www.sec.gov/Archives/edgar/data/1109138/000117891318001236/0001178913-18-001236-index.html,https://www.sec.gov/Archives/edgar/data/1109138/000117891318001236/zk1821512.htm,1620589892,15:51:32,20210509
14,2017-12-31,CAMT,USD,2018-01-04 00:00:00,2018-01-04 13:13:58,Q4,25840000.0,13520000.0,12330000.0,0.4771671826625387,3470000.0,5180000.0,0.0,0.0,-4358000.0,22160000.0,50000.0,0.0,3320000.0,0.128483,3680000.0,0.14241486068111456,0.0,3730000.0,0.1443498452012384,410000.0,2860000.0,0.11068111455108359,0.0758,0.0758,37730000,37730000,https://www.sec.gov/Archives/edgar/data/1109138/000117891318000029/0001178913-18-000029-index.html,https://www.sec.gov/Archives/edgar/data/1109138/000117891318000029/zk1820958.htm,1620589892,15:51:32,20210509
15,2017-09-30,CAMT,USD,2017-10-02 00:00:00,2017-10-02 09:10:56,Q3,23810000.0,12060000.0,11750000.0,0.49349013019739607,3220000.0,5690000.0,0.0,0.0,8903000.0,20969999.999999996,10000.0,0.0,11770000.0,0.49433,2850000.0,0.11969760604787905,0.0,2860000.0,0.12011759764804704,80000.0,11680000.0,0.49055018899622005,0.32994,0.32994,35400000,35400000,https://www.sec.gov/Archives/edgar/data/1109138/000117891317002753/0001178913-17-002753-index.html,https://www.sec.gov/Archives/edgar/data/1109138/000117891317002753/zk1720585.htm,1620589892,15:51:32,20210509
16,2017-06-30,CAMT,USD,2017-07-20 00:00:00,2017-07-20 06:27:13,Q2,22680000.0,11530000.0,11160000.0,0.49206349206349204,3410000.0,5750000.0,0.0,0.0,22167000.0,33690000.0,-60000.0,520000.0,-10490000.0,-0.4625220458553792,-11010000.0,-0.48544973544973546,0.0,-11070000.0,-0.4880952380952381,-5400000.0,-3880000.0,-0.1710758377425044,-0.1097,-0.1097,35370000,35370000,https://www.sec.gov/Archives/edgar/data/1109138/000117891317002092/0001178913-17-002092-index.html,https://www.sec.gov/Archives/edgar/data/1109138/000117891317002092/zk1720274.htm,1620589892,15:51:32,20210509
17,2017-03-31,CAMT,USD,2017-04-03 00:00:00,2017-04-03 06:09:37,Q1,21150000.0,10860000.0,10290000.0,0.48652482269503544,3440000.0,5410000.0,0.0,0.0,10956000.0,19700000.0,-150000.0,0.0,3190000.0,0.150827,1450000.0,0.06855791962174941,0.0,1290000.0,0.06099290780141844,40000.0,3300000.0,0.15602836879432624,0.09301,0.09301,35480000,35480000,https://www.sec.gov/Archives/edgar/data/1109138/000117891317001017/0001178913-17-001017-index.html,https://www.sec.gov/Archives/edgar/data/1109138/000117891317001017/zk1719768.htm,1620589892,15:51:32,20210509
18,2016-12-31,CAMT,USD,2017-01-09 00:00:00,2017-01-09 07:55:43,Q4,21530000.0,11440000.0,10090000.0,0.46864839758476545,3130000.0,5850000.0,0.0,0.0,10569000.0,20420000.000000004,-300000.0,0.0,2080000.0,0.096609,1100000.0,0.05109150023223409,0.0,800000.0,0.03715745471435207,30000.0,2350000.0,0.10915002322340919,0.06638,0.06638,35400000,35400000,https://www.sec.gov/Archives/edgar/data/1109138/000117891317000040/0001178913-17-000040-index.html,https://www.sec.gov/Archives/edgar/data/1109138/000117891317000040/zk1719357.htm,1620589892,15:51:32,20210509
19,2016-09-30,CAMT,USD,2016-10-31 00:00:00,2016-10-31 08:42:06,Q3,21030000.0,11710000.0,9330000.0,0.44365192582025675,3000000.0,5160000.0,0.0,0.0,9864000.0,20739999.999999996,-160000.0,0.0,1040000.0,0.049453,300000.0,0.014265335235378032,0.0,130000.0,0.006181645268663814,120000.0,1080000.0,0.05135520684736091,0.03053,0.03053,35380000,35380000,https://www.sec.gov/Archives/edgar/data/1109138/000117891316006713/0001178913-16-006713-index.html,https://www.sec.gov/Archives/edgar/data/1109138/000117891316006713/zk1619106.htm,1620589892,15:51:32,20210509
20,2016-06-30,CAMT,USD,2016-06-30,2016-06-30,Q2,19840000.0,9830000.0,10010000.0,0.5045362903225806,3300000.0,5940000.0,0.0,0.0,11008000.0,19150000.0,-70000.0,522000.0,1202000.0,0.06058467741935484,680000.0,0.034274193548387094,0.0,620000.0,0.03125,110000.0,1290000.0,0.06502016129032258,0.03648,0.03648,35360000,35360000,,,1620589892,15:51:32,20210509
21,2016-03-31,CAMT,USD,2016-05-05 00:00:00,2016-05-05 07:29:32,Q1,16830000.0,8840000.0,8000000.0,0.47534165181224003,3200000.0,4950000.0,0.0,0.0,9956000.0,17079999.999999996,-130000.0,0.0,-70000.0,-0.004159,-250000.0,-0.014854426619132501,0.0,-380000.0,-0.0225787284610814,40000.0,20000.0,0.0011883541295306002,0.00057,0.00057,35350000,35350000,https://www.sec.gov/Archives/edgar/data/1109138/000117891316005274/0001178913-16-005274-index.html,https://www.sec.gov/Archives/edgar/data/1109138/000117891316005274/zk1618445.htm,1620589892,15:51:32,20210509
22,2015-12-31,CAMT,USD,2016-01-07 00:00:00,2016-01-07 07:55:29,Q4,-4110000.0,-4510000.0,400000.0,-0.09732360097323602,810000.0,1410000.0,0.0,0.0,9986000.0,13020000.0,-290000.0,0.0,-15010000.0,3.652068,-17130000.0,4.1678832116788325,0.0,-17420000.0,4.238442822384428,-2910000.0,-11810000.0,2.8734793187347933,-0.33137,-0.33137,35640000,35640000,https://www.sec.gov/Archives/edgar/data/1109138/000117891316003907/0001178913-16-003907-index.html,https://www.sec.gov/Archives/edgar/data/1109138/000117891316003907/zk1617832.htm,1620589892,15:51:32,20210509
23,2015-09-30,CAMT,USD,2015-10-29 00:00:00,2015-10-29 08:30:18,Q3,26340000.0,14530000.0,11810000.0,0.4483675018982536,3660000.0,6360000.0,0.0,0.0,10018000.0,24670000.000000004,-330000.0,0.0,1010000.0,0.038345,1670000.0,0.06340167046317388,0.0,1340000.0,0.05087319665907365,340000.0,1000000.0,0.037965072133637055,0.02841,0.02841,35200000,35200000,https://www.sec.gov/Archives/edgar/data/1109138/000117891315003205/0001178913-15-003205-index.html,https://www.sec.gov/Archives/edgar/data/1109138/000117891315003205/zk1517488.htm,1620589892,15:51:32,20210509
24,2015-06-30,CAMT,USD,2015-07-01 00:00:00,2015-07-01 10:30:53,Q2,25410000.0,14560000.0,10860000.0,0.42739079102715466,3550000.0,6210000.0,0.0,0.0,9762000.0,24440000.0,-80000.0,515000.0,1495000.0,0.05883510428964974,980000.0,0.03856749311294766,0.0,900000.0,0.03541912632821724,250000.0,650000.0,0.02558048012593467,0.01985,0.01985,32740000,32740000,https://www.sec.gov/Archives/edgar/data/1109138/000117891315002164/0001178913-15-002164-index.html,https://www.sec.gov/Archives/edgar/data/1109138/000117891315002164/zk1517012.htm,1620589892,15:51:32,20210509
25,2015-03-31,CAMT,USD,2015-04-01 00:00:00,2015-04-01 06:01:26,Q1,21750000.0,11930000.0,9820000.0,0.4514942528735632,3400000.0,5280000.0,0.0,0.0,8681000.0,20840000.0,-620000.0,0.0,-330000.0,-0.015172,920000.0,0.042298850574712644,0.0,290000.0,0.013333333333333334,240000.0,50000.0,0.0022988505747126436,0.00164,0.00164,30560000,30560000,https://www.sec.gov/Archives/edgar/data/1109138/000117891315001124/0001178913-15-001124-index.html,https://www.sec.gov/Archives/edgar/data/1109138/000117891315001124/zk1516543.htm,1620589892,15:51:32,20210509
26,2014-12-31,CAMT,USD,2015-04-01 00:00:00,2015-04-01 06:01:26,Q4,20600000.0,11150000.0,9450000.0,0.4587378640776699,3700000.0,5330000.0,0.0,0.0,9032000.0,19860000.0,-740000.0,0.0,-740000.0,-0.035922,740000.0,0.035922330097087375,0.0,0.0,0.0,-70000.0,70000.0,0.0033980582524271844,0.00229,0.00229,30550000,30550000,https://www.sec.gov/Archives/edgar/data/1109138/000117891315001124/0001178913-15-001124-index.html,https://www.sec.gov/Archives/edgar/data/1109138/000117891315001124/zk1516543.htm,1620589892,15:51:32,20210509
27,2014-09-30,CAMT,USD,2014-10-06 00:00:00,2014-10-06 08:44:05,Q3,22440000.0,12470000.0,9970000.0,0.4442959001782531,3740000.0,5190000.0,0.0,0.0,8927000.0,21629999.999999996,60000.0,0.0,940000.0,0.041889,820000.0,0.036541889483065956,0.0,880000.0,0.0392156862745098,260000.0,620000.0,0.027629233511586453,0.02029,0.02029,30560000,30560000,https://www.sec.gov/Archives/edgar/data/1109138/000117891314003102/0001178913-14-003102-index.html,https://www.sec.gov/Archives/edgar/data/1109138/000117891314003102/zk1415611.htm,1620589892,15:51:32,20210509
28,2014-06-30,CAMT,USD,2014-07-03 00:00:00,2014-07-03 07:33:06,Q2,23160000.0,11690000.0,11470000.0,0.4952504317789292,3530000.0,5370000.0,0.0,0.0,8904000.0,20800000.0,-120000.0,0.0,2110000.0,0.091105,2360000.0,0.10189982728842832,0.0,2240000.0,0.09671848013816926,220000.0,2010000.0,0.08678756476683938,0.06584,0.06584,30530000,30530000,https://www.sec.gov/Archives/edgar/data/1109138/000117891314002222/0001178913-14-002222-index.html,https://www.sec.gov/Archives/edgar/data/1109138/000117891314002222/zk1415196.htm,1620589892,15:51:32,20210509
29,2014-03-31,CAMT,USD,2014-04-07 00:00:00,2014-04-07 14:52:06,Q1,22110000.0,11980000.0,10130000.0,0.45816372682044326,3430000.0,5530000.0,0.0,0.0,8960000.0,21149999.999999996,-160000.0,0.0,650000.0,0.029398,960000.0,0.04341926729986431,0.0,810000.0,0.036635006784260515,170000.0,640000.0,0.028946178199909543,0.02096,0.02096,30530000,30530000,https://www.sec.gov/Archives/edgar/data/1109138/000117891314001216/0001178913-14-001216-index.html,https://www.sec.gov/Archives/edgar/data/1109138/000117891314001216/zk1414731.htm,1620589892,15:51:32,20210509
30,2013-12-31,CAMT,USD,2013-12-31,2013-12-31,Q4,23330000.0,16640000.0,6690000.0,0.28675525075010716,3660000.0,6810000.0,0.0,0.0,10463000.0,22980000.0,-720000.0,0.0,-1080000.0,-0.046292,360000.0,0.015430775825117874,0.0,-360000.0,-0.015430775825117874,-1020000.0,660000.0,0.02828975567938277,0.02171,0.02171,30400000,30400000,,,1620589892,15:51:32,20210509
31,2013-09-30,CAMT,USD,2013-10-30 00:00:00,2013-10-30 08:00:27,Q3,21730000.0,12050000.0,9690000.0,0.44592728946157384,3510000.0,5580000.0,0.0,0.0,9087000.0,21660000.0,-80000.0,0.0,-80000.0,-0.003682,80000.0,0.0036815462494247586,0.0,0.0,0.0,120000.0,-120000.0,-0.005522319374137137,-0.00399,-0.00399,30050000,30050000,https://www.sec.gov/Archives/edgar/data/1109138/000117891313002974/0001178913-13-002974-index.html,https://www.sec.gov/Archives/edgar/data/1109138/000117891313002974/zk1313787.htm,1620589892,15:51:32,20210509
32,2013-06-30,CAMT,USD,2013-07-08 00:00:00,2013-07-08 07:23:36,Q2,22270000.0,12450000.0,9820000.0,0.44095195330040415,3560000.0,5270000.0,0.0,0.0,8826000.0,21790000.0,0.0,0.0,490000.0,0.022003,480000.0,0.02155365963179165,0.0,480000.0,0.02155365963179165,150000.0,340000.0,0.015267175572519083,0.01132,0.01132,30040000,30040000,https://www.sec.gov/Archives/edgar/data/1109138/000117891313002015/0001178913-13-002015-index.html,https://www.sec.gov/Archives/edgar/data/1109138/000117891313002015/zk1313364.htm,1620589892,15:51:32,20210509
33,2013-03-31,CAMT,USD,2013-04-11 00:00:00,2013-04-11 12:21:22,Q1,18070000.0,9870000.0,8200000.0,0.45379081350304373,3650000.0,4710000.0,0.0,0.0,8356000.0,18700000.0,-90000.0,0.0,-810000.0,-0.044826,-630000.0,-0.034864416159380185,0.0,-720000.0,-0.03984504703929164,150000.0,-870000.0,-0.04814609850581074,-0.0291,-0.0291,29900000,29900000,https://www.sec.gov/Archives/edgar/data/1109138/000117891313001068/0001178913-13-001068-index.html,https://www.sec.gov/Archives/edgar/data/1109138/000117891313001068/zk1312874.htm,1620589892,15:51:32,20210509
34,2012-12-31,CAMT,USD,2013-02-12 00:00:00,2013-02-12 10:42:09,Q4,17620000.0,11670000.0,5950000.0,0.3376844494892168,3020000.0,5190000.0,0.0,0.0,8210000.0,21870000.0,770000.0,0.0,-2710000.0,-0.153802,-4250000.0,-0.24120317820658344,0.0,-3480000.0,-0.19750283768444948,-200000.0,-3280000.0,-0.18615209988649262,-0.1097,-0.1097,29900000,29900000,https://www.sec.gov/Archives/edgar/data/1109138/000117891313000331/0001178913-13-000331-index.html,https://www.sec.gov/Archives/edgar/data/1109138/000117891313000331/zk1312618.htm,1620589892,15:51:32,20210509
35,2012-09-30,CAMT,USD,2012-10-10 00:00:00,2012-10-10 06:02:08,Q3,23720000.0,12310000.0,11410000.0,0.48102866779089376,3250000.0,5030000.0,0.0,0.0,8276000.0,20590000.0,-590000.0,0.0,1950000.0,0.082209,3130000.0,0.13195615514333894,0.0,2540000.0,0.10708263069139966,170000.0,2370000.0,0.09991568296795952,0.07897,0.07897,30010000,30010000,https://www.sec.gov/Archives/edgar/data/1109138/000117891312002827/0001178913-12-002827-index.html,https://www.sec.gov/Archives/edgar/data/1109138/000117891312002827/zk1212100.htm,1620589892,15:51:32,20210509
36,2012-06-30,CAMT,USD,2012-07-19 00:00:00,2012-07-19 09:20:29,Q2,25030000.0,12960000.0,12070000.0,0.48222133439872156,3320000.0,5490000.0,0.0,0.0,8808000.0,21770000.0,-850000.0,0.0,1560000.0,0.062325,3260000.0,0.13024370755093886,0.0,2410000.0,0.09628445864962046,140000.0,2270000.0,0.09069117059528566,0.07564,0.07564,30010000,30010000,https://www.sec.gov/Archives/edgar/data/1109138/000117891312001954/0001178913-12-001954-index.html,https://www.sec.gov/Archives/edgar/data/1109138/000117891312001954/zk1211712.htm,1620589892,15:51:32,20210509
37,2012-03-31,CAMT,USD,2012-05-07 00:00:00,2012-05-07 06:26:32,Q1,18180000.0,10550000.0,7630000.0,0.4196919691969197,3330000.0,5440000.0,0.0,0.0,8759999.999999998,19309999.999999996,-130000.0,0.0,-1390000.0,-0.076458,-1130000.0,-0.06215621562156216,0.0,-1260000.0,-0.06930693069306931,100000.0,-1360000.0,-0.0748074807480748,-0.04575,-0.04575,29730000,29730000,https://www.sec.gov/Archives/edgar/data/1109138/000117891312001340/0001178913-12-001340-index.html,https://www.sec.gov/Archives/edgar/data/1109138/000117891312001340/zk1211429.htm,1620589892,15:51:32,20210509
38,2011-12-31,CAMT,USD,2012-01-05 00:00:00,2012-01-05 10:31:37,Q4,21100000.0,13010000.0,8100000.0,0.38388625592417064,3190000.0,5630000.0,0.0,0.0,8815000.0,21820000.0,-1090000.0,0.0,-2890000.0,-0.136967,-720000.0,-0.034123222748815164,0.0,-1810000.0,-0.08578199052132701,80000.0,-1880000.0,-0.08909952606635071,-0.06328,-0.06328,29710000,29710000,https://www.sec.gov/Archives/edgar/data/1109138/000117891312000072/0001178913-12-000072-index.html,https://www.sec.gov/Archives/edgar/data/1109138/000117891312000072/zk1210871.htm,1620589892,15:51:32,20210509
39,2011-09-30,CAMT,USD,2011-10-11 00:00:00,2011-10-11 13:37:40,Q3,29680000.0,16170000.0,13510000.0,0.455188679245283,3530000.0,6020000.0,0.0,0.0,9544000.0,25710000.0,-1030000.0,0.0,1900000.0,0.064016,3970000.0,0.13376010781671158,0.0,2930000.0,0.09871967654986523,300000.0,2630000.0,0.08861185983827494,0.08767,0.08767,30000000,30000000,https://www.sec.gov/Archives/edgar/data/1109138/000117891311002798/0001178913-11-002798-index.html,https://www.sec.gov/Archives/edgar/data/1109138/000117891311002798/zk1110517.htm,1620589892,15:51:32,20210509
40,2011-06-30,CAMT,USD,2011-07-11 00:00:00,2011-07-11 10:05:04,Q2,28780000.0,15750000.0,13030000.0,0.4527449617790132,3580000.0,6640000.0,0.0,0.0,10225000.0,25970000.0,-370000.0,0.0,2070000.0,0.071925,2810000.0,0.09763724808895066,0.0,2440000.0,0.0847810979847116,230000.0,2210000.0,0.07678943710910355,0.07301,0.07301,30270000,30270000,https://www.sec.gov/Archives/edgar/data/1109138/000117891311001955/0001178913-11-001955-index.html,https://www.sec.gov/Archives/edgar/data/1109138/000117891311001955/zk1110134.htm,1620589892,15:51:32,20210509
41,2011-03-31,CAMT,USD,2011-04-05 00:00:00,2011-04-05 06:42:13,Q1,27470000.0,14660000.0,12810000.0,0.4663269020749909,3780000.0,6060000.0,0.0,0.0,9842000.0,24510000.0,-410000.0,0.0,2150000.0,0.078267,2970000.0,0.1081179468511103,0.0,2560000.0,0.09319257371678194,140000.0,2420000.0,0.08809610484164543,0.08037,0.08037,30110000,30110000,https://www.sec.gov/Archives/edgar/data/1109138/000117891311001037/0001178913-11-001037-index.html,https://www.sec.gov/Archives/edgar/data/1109138/000117891311001037/zk1109723.htm,1620589892,15:51:32,20210509
42,2010-12-31,CAMT,USD,2010-12-31,2010-12-31,Q4,25430000.0,13750000.0,11690000.0,0.45969327565867085,3590000.0,6340000.0,0.0,0.0,9937000.0,23680000.0,-230000.0,2260000.0,4010000.0,0.15768777034998033,1750000.0,0.06881635863153755,0.0,1520000.0,0.05977192292567833,200000.0,1310000.0,0.05151395988989382,0.04368,0.04368,29990000,29990000,,,1620589892,15:51:32,20210509
43,2010-09-30,CAMT,USD,2010-10-04 00:00:00,2010-10-04 10:03:48,Q3,23920000.0,13020000.0,10900000.0,0.45568561872909696,3090000.0,5500000.0,0.0,0.0,8583000.0,21600000.000000004,-230000.0,0.0,1850000.0,0.077341,2310000.0,0.09657190635451506,0.0,2080000.0,0.08695652173913043,90000.0,1990000.0,0.08319397993311037,0.06627,0.06627,30030000,30030000,https://www.sec.gov/Archives/edgar/data/1109138/000117891310002567/0001178913-10-002567-index.html,https://www.sec.gov/Archives/edgar/data/1109138/000117891310002567/zk1008850.htm,1620589892,15:51:32,20210509
44,2010-06-30,CAMT,USD,2010-07-12 00:00:00,2010-07-12 10:57:51,Q2,20810000.0,11990000.0,8820000.0,0.4238346948582412,3140000.0,4480000.0,0.0,0.0,7621000.0,19610000.0,-580000.0,0.0,40000.0,0.001922,1200000.0,0.05766458433445459,0.0,620000.0,0.029793368572801536,160000.0,460000.0,0.022104757328207592,0.01529,0.01529,30080000,30080000,https://www.sec.gov/Archives/edgar/data/1109138/000117891310001789/0001178913-10-001789-index.html,https://www.sec.gov/Archives/edgar/data/1109138/000117891310001789/zk1008520.htm,1620589892,15:51:32,20210509
45,2010-03-31,CAMT,USD,2010-04-06 00:00:00,2010-04-06 08:17:32,Q1,17630000.0,10610000.0,7020000.0,0.39818491208167894,3090000.0,4340000.0,0.0,0.0,7427000.0,18040000.0,-430000.0,0.0,-1270000.0,-0.072036,-410000.0,-0.023255813953488372,0.0,-840000.0,-0.0476460578559274,100000.0,-940000.0,-0.05331820760068066,-0.03215,-0.03215,29240000,29240000,https://www.sec.gov/Archives/edgar/data/1109138/000117891310000957/0001178913-10-000957-index.html,https://www.sec.gov/Archives/edgar/data/1109138/000117891310000957/zk1008152.htm,1620589892,15:51:32,20210509
46,2009-12-31,CAMT,USD,2010-01-05 00:00:00,2010-01-05 08:08:20,Q4,17220000.0,13490000.0,3730000.0,0.21660859465737514,2770000.0,4180000.0,0.0,0.0,6952000.0,20440000.0,-600000.0,2140000.0,-1080000.0,-0.0627177700348432,-3220000.0,-0.18699186991869918,0.0,-3820000.0,-0.2218350754936121,170000.0,-3980000.0,-0.2311265969802555,-0.13621,-0.13621,29220000,29220000,https://www.sec.gov/Archives/edgar/data/1109138/000117891310000015/0001178913-10-000015-index.html,https://www.sec.gov/Archives/edgar/data/1109138/000117891310000015/zk1007734.htm,1620589892,15:51:32,20210509
47,2009-09-30,CAMT,USD,2009-10-05 00:00:00,2009-10-05 08:35:45,Q3,14500000.0,8400000.0,6100000.0,0.4206896551724138,2650000.0,3620000.0,0.0,0.0,6274000.0,14679999.999999998,-70000.0,0.0,-320000.0,-0.022069,-180000.0,-0.012413793103448275,0.0,-250000.0,-0.017241379310344827,80000.0,-330000.0,-0.022758620689655173,-0.01129,-0.01129,29220000,29220000,https://www.sec.gov/Archives/edgar/data/1109138/000117891309002338/0001178913-09-002338-index.html,https://www.sec.gov/Archives/edgar/data/1109138/000117891309002338/zk97319.htm,1620589892,15:51:32,20210509
48,2009-06-30,CAMT,USD,2009-08-04 00:00:00,2009-08-04 07:47:01,Q2,12510000.0,8320000.0,4190000.0,0.3349320543565148,2310000.0,4010000.0,0.0,0.0,6317000.0,14640000.0,100000.0,0.0,-1930000.0,-0.154277,-2130000.0,-0.17026378896882494,0.0,-2030000.0,-0.16227018385291767,50000.0,-2080000.0,-0.16626698641087131,-0.07121,-0.07121,29210000,29210000,https://www.sec.gov/Archives/edgar/data/1109138/000117891309001798/0001178913-09-001798-index.html,https://www.sec.gov/Archives/edgar/data/1109138/000117891309001798/zk97073.htm,1620589892,15:51:32,20210509
49,2009-03-31,CAMT,USD,2009-04-01 00:00:00,2009-04-01 07:35:04,Q1,9290000.0,5830000.0,3460000.0,0.37244348762109797,2590000.0,5860000.0,0.0,0.0,8443000.0,14270000.0,-380000.0,0.0,-5740000.0,-0.617869,-4980000.0,-0.5360602798708288,0.0,-5360000.0,-0.5769644779332616,90000.0,-5450000.0,-0.5866523143164694,-0.18658,-0.18658,29210000,29210000,https://www.sec.gov/Archives/edgar/data/1109138/000117891309000771/0001178913-09-000771-index.html,https://www.sec.gov/Archives/edgar/data/1109138/000117891309000771/zk96601.htm,1620589892,15:51:32,20210509
50,2008-12-31,CAMT,USD,2009-02-17 00:00:00,2009-02-17 07:24:18,Q4,12400000.0,9390000.0,3010000.0,0.24274193548387096,3290000.0,5320000.0,0.0,0.0,8610000.0,18000000.0,700000.0,1950000.0,-3650000.0,-0.29435483870967744,-5600000.0,-0.45161290322580644,0.0,-4900000.0,-0.3951612903225806,570000.0,-5470000.0,-0.4411290322580645,-0.18752,-0.18752,29170000,29170000,https://www.sec.gov/Archives/edgar/data/1109138/000117891309000406/0001178913-09-000406-index.html,https://www.sec.gov/Archives/edgar/data/1109138/000117891309000406/zk96408.htm,1620589892,15:51:32,20210509
51,2008-09-30,CAMT,USD,2008-11-10 00:00:00,2008-11-10 11:41:55,Q3,19120000.0,12580000.0,6540000.0,0.34205020920502094,3170000.0,7180000.0,0.0,0.0,10356000.0,22940000.0,-220000.0,0.0,-4260000.0,-0.222803,-3820000.0,-0.1997907949790795,0.0,-4040000.0,-0.2112970711297071,50000.0,-4090000.0,-0.21391213389121339,-0.13597,-0.13597,30080000,30080000,https://www.sec.gov/Archives/edgar/data/1109138/000117891308002803/0001178913-08-002803-index.html,https://www.sec.gov/Archives/edgar/data/1109138/000117891308002803/zk85994.htm,1620589892,15:51:32,20210509
52,2008-06-30,CAMT,USD,2008-07-07 00:00:00,2008-07-07 07:22:13,Q2,22650000.0,13830000.0,8820000.0,0.3894039735099338,3350000.0,5960000.0,0.0,0.0,9306000.0,23140000.0,60000.0,0.0,-370000.0,-0.016336,-490000.0,-0.02163355408388521,0.0,-430000.0,-0.018984547461368653,70000.0,-500000.0,-0.02207505518763797,-0.01653,-0.01653,30250000,30250000,https://www.sec.gov/Archives/edgar/data/1109138/000117891308001793/0001178913-08-001793-index.html,https://www.sec.gov/Archives/edgar/data/1109138/000117891308001793/zk85507.htm,1620589892,15:51:32,20210509
53,2008-03-31,CAMT,USD,2008-04-08 00:00:00,2008-04-08 06:03:03,Q1,21290000.0,11820000.0,9480000.0,0.4452794739314232,3000000.0,6370000.0,0.0,0.0,9363000.0,21180000.0,470000.0,0.0,1050000.0,0.049319,110000.0,0.005166744950681071,0.0,580000.0,0.02724283701268201,90000.0,490000.0,0.023015500234852042,0.0162,0.0162,30250000,30250000,https://www.sec.gov/Archives/edgar/data/1109138/000117891308000886/0001178913-08-000886-index.html,https://www.sec.gov/Archives/edgar/data/1109138/000117891308000886/zk85084.htm,1620589892,15:51:32,20210509
54,2007-12-31,CAMT,USD,2007-12-31,2007-12-31,Q4,21030000.0,11840000.0,9190000.0,0.43699476937708037,2960000.0,6100000.0,0.0,0.0,9061000.0,20900000.0,60000.0,1310000.0,1440000.0,0.06847360912981455,130000.0,0.006181645268663814,0.0,190000.0,0.00903471231573942,160000.0,30000.0,0.0014265335235378032,0.001,0.001,29890000,29890000,,,1620589892,15:51:32,20210509
55,2007-09-30,CAMT,USD,2007-11-07 00:00:00,2007-11-07 12:28:31,Q3,20170000.0,12580000.0,7590000.0,0.37630143777887953,2350000.0,5020000.0,0.0,0.0,7373000.0,19950000.0,-20000.0,0.0,190000.0,0.00942,220000.0,0.010907288051561725,0.0,200000.0,0.00991571641051066,120000.0,90000.0,0.004462072384729797,0.00298,0.00298,30250000,30250000,https://www.sec.gov/Archives/edgar/data/1109138/000117891307002405/0001178913-07-002405-index.html,https://www.sec.gov/Archives/edgar/data/1109138/000117891307002405/zk74442.htm,1620589892,15:51:32,20210509
56,2007-06-30,CAMT,USD,2007-07-25 00:00:00,2007-07-25 16:44:26,Q2,15310000.0,9060000.0,6250000.0,0.4082299150881777,3050000.0,6360000.0,0.0,0.0,9403000.0,18460000.0,-310000.0,0.0,-3780000.0,-0.246897,-3160000.0,-0.20640104506858262,0.0,-3470000.0,-0.22664924885695623,20000.0,-3490000.0,-0.2279555845852384,-0.11545,-0.11545,30230000,30230000,https://www.sec.gov/Archives/edgar/data/1109138/000117891307001524/0001178913-07-001524-index.html,https://www.sec.gov/Archives/edgar/data/1109138/000117891307001524/zk74010.htm,1620589892,15:51:32,20210509
57,2007-03-31,CAMT,USD,2007-04-26 00:00:00,2007-04-26 12:46:45,Q1,14470000.0,8460000.0,6010000.0,0.41534208707671044,3750000.0,6640000.0,0.0,0.0,10392000.0,18850000.0,130000.0,0.0,-4120000.0,-0.284727,-4390000.0,-0.3033863165169316,0.0,-4250000.0,-0.29371112646855563,70000.0,-4320000.0,-0.2985487214927436,-0.143,-0.143,30210000,30210000,https://www.sec.gov/Archives/edgar/data/1109138/000092242307000539/0000922423-07-000539-index.html,https://www.sec.gov/Archives/edgar/data/1109138/000092242307000539/kl04072.htm,1620589892,15:51:32,20210509
58,2006-12-31,CAMT,USD,2006-12-31,2006-12-31,Q4,21010000.0,11670000.0,9340000.0,0.44455021418372204,3660000.0,8120000.0,0.0,0.0,11779000.0,23450000.0,-120000.0,790000.0,-1650000.0,-0.07853403141361257,-2440000.0,-0.11613517372679677,0.0,-2560000.0,-0.12184673964778676,-330000.0,-2220000.0,-0.10566396953831508,-0.07351,-0.07351,30200000,30200000,,,1620589892,15:51:32,20210509
59,2006-09-30,CAMT,USD,2006-09-30,2006-09-30,Q3,26290000.0,12300000.0,13990000.0,0.5321414986686953,3280000.0,6210000.0,0.0,0.0,9482000.0,21780000.0,-200000.0,0.0,4110000.0,0.156333,4510000.0,0.17154811715481172,0.0,4310000.0,0.16394066184861164,100000.0,4210000.0,0.1601369341955116,0.13438,0.13438,31330000,31330000,,,1620589892,15:51:32,20210509
60,2006-06-30,CAMT,USD,2006-06-30,2006-06-30,Q2,27880000.0,12660000.0,15220000.0,0.5459110473457676,2460000.0,7310000.0,0.0,0.0,5445000.0,22430000.0,-80000.0,0.0,5290000.0,0.189742,5450000.0,0.19548063127690102,0.0,5370000.0,0.19261119081779052,170000.0,5200000.0,0.18651362984218078,0.17032,0.17032,30530000,30530000,,,1620589892,15:51:32,20210509
61,2006-03-31,CAMT,USD,2006-04-24 00:00:00,2006-04-24 10:38:34,Q1,24880000.0,11820000.0,13060000.0,0.52491961414791,2440000.0,6210000.0,0.0,0.0,8646000.0,20460000.0,110000.0,0.0,4630000.0,0.186093,4420000.0,0.17765273311897106,0.0,4520000.0,0.18167202572347266,100000.0,4420000.0,0.17765273311897106,0.15854,0.15854,27880000,27880000,https://www.sec.gov/Archives/edgar/data/1109138/000117891306000695/0001178913-06-000695-index.html,https://www.sec.gov/Archives/edgar/data/1109138/000117891306000695/zk62431.htm,1620589892,15:51:32,20210509
62,2005-12-31,CAMT,USD,2006-01-10 00:00:00,2006-01-10 08:46:41,Q4,19380000.0,9780000.0,9600000.0,0.4953560371517028,2280000.0,5230000.0,0.0,0.0,7514000.0,17300000.0,-30000.0,660000.0,2750000.0,0.14189886480908154,2090000.0,0.10784313725490197,0.0,2060000.0,0.10629514963880289,0.0,2060000.0,0.10629514963880289,0.07461,0.07461,27610000,27610000,https://www.sec.gov/Archives/edgar/data/1109138/000117891306000058/0001178913-06-000058-index.html,https://www.sec.gov/Archives/edgar/data/1109138/000117891306000058/zk62124.htm,1620589892,15:51:32,20210509
63,2005-09-30,CAMT,USD,2005-09-30,2005-09-30,Q3,17740000.0,9190000.0,8550000.0,0.4819616685456595,2330000.0,4710000.0,0.0,0.0,1513000.0,16219999.999999998,20000.0,0.0,1550000.0,0.087373,1510000.0,0.08511837655016911,0.0,1530000.0,0.08624577226606539,0.0,1530000.0,0.08624577226606539,0.05564,0.05564,27500000,27500000,,,1620589892,15:51:32,20210509
64,2005-06-30,CAMT,USD,2005-06-30,2005-06-30,Q2,16770000.0,8440000.0,8340000.0,0.49731663685152055,2040000.0,4840000.0,0.0,0.0,6887000.0,15320000.000000002,50000.0,0.0,1550000.0,0.092427,1450000.0,0.086463923673226,0.0,1500000.0,0.08944543828264759,0.0,1500000.0,0.08944543828264759,0.05455,0.05455,27500000,27500000,,,1620589892,15:51:32,20210509
65,2005-03-31,CAMT,USD,2005-03-31,2005-03-31,Q1,9140000.0,5370000.0,3770000.0,0.412472647702407,1820000.0,3980000.0,0.0,0.0,5794000.0,11170000.0,-360000.0,0.0,-2750000.0,-0.300875,-2030000.0,-0.22210065645514224,0.0,-2390000.0,-0.2614879649890591,0.0,-2390000.0,-0.2614879649890591,-0.08803,-0.08803,27150000,27150000,,,1620589892,15:51:32,20210509
66,2004-12-31,CAMT,USD,2005-01-31 00:00:00,2005-01-31 06:14:40,Q4,17590000.0,8150000.0,9440000.0,0.5366685616827743,1890000.0,4550000.0,0.0,0.0,6433000.0,14580000.0,-40000.0,750000.0,3760000.0,0.213757816941444,3010000.0,0.17111995451961343,0.0,2960000.0,0.16827743035815804,-30000.0,3000000.0,0.17055144968732233,0.10823,0.10823,27720000,27720000,https://www.sec.gov/Archives/edgar/data/1109138/000117891305000102/0001178913-05-000102-index.html,https://www.sec.gov/Archives/edgar/data/1109138/000117891305000102/zk51264.htm,1620589892,15:51:32,20210509
67,2004-09-30,CAMT,USD,2004-10-21 00:00:00,2004-10-21 17:25:42,Q3,19340000.0,8740000.0,10600000.0,0.5480868665977249,1830000.0,4120000.0,0.0,0.0,7066000.0,15810000.0,-250000.0,0.0,3030000.0,0.15667,3530000.0,0.1825232678386763,0.0,3280000.0,0.16959669079627715,0.0,3280000.0,0.16959669079627715,0.11756,0.11756,27900000,27900000,https://www.sec.gov/Archives/edgar/data/1109138/000117891304001397/0001178913-04-001397-index.html,https://www.sec.gov/Archives/edgar/data/1109138/000117891304001397/zk41062.htm,1620589892,15:51:32,20210509
68,2004-06-30,CAMT,USD,2004-07-07 00:00:00,2004-07-07 09:47:37,Q2,17420000.0,8360000.0,9060000.0,0.5200918484500574,1940000.0,3780000.0,0.0,0.0,5715000.0,14070000.000000002,-130000.0,0.0,3090000.0,0.177382,3350000.0,0.19230769230769232,0.0,3220000.0,0.18484500574052812,0.0,3220000.0,0.18484500574052812,0.11558,0.11558,27860000,27860000,https://www.sec.gov/Archives/edgar/data/1109138/000110465904019059/0001104659-04-019059-index.html,https://www.sec.gov/Archives/edgar/data/1109138/000110465904019059/a04-7613_16k.htm,1620589892,15:51:32,20210509
69,2004-03-31,CAMT,USD,2004-04-02 00:00:00,2004-04-02 06:21:08,Q1,13080000.0,6110000.0,6960000.0,0.5321100917431193,1680000.0,3510000.0,0.0,0.0,5189000.0,11300000.0,70000.0,0.0,1910000.0,0.146024,1770000.0,0.1353211009174312,0.0,1840000.0,0.14067278287461774,530000.0,1310000.0,0.10015290519877676,0.047,0.047,27870000,27870000,https://www.sec.gov/Archives/edgar/data/1109138/000117891304000429/0001178913-04-000429-index.html,https://www.sec.gov/Archives/edgar/data/1109138/000117891304000429/d40629.htm,1620589892,15:51:32,20210509
70,2003-12-31,CAMT,USD,2004-01-12 00:00:00,2004-01-12 07:25:22,Q4,10440000.0,5060000.0,5380000.0,0.5153256704980843,1400000.0,3190000.0,0.0,0.0,4435000.0,9650000.000000002,60000.0,0.0,910000.0,0.087165,790000.0,0.07567049808429119,0.0,850000.0,0.08141762452107279,230000.0,620000.0,0.05938697318007663,0.02292,0.02292,27050000,27050000,https://www.sec.gov/Archives/edgar/data/1109138/000117891304000041/0001178913-04-000041-index.html,https://www.sec.gov/Archives/edgar/data/1109138/000117891304000041/d40448.htm,1620589892,15:51:32,20210509
71,2003-09-30,CAMT,USD,2003-11-18 00:00:00,2003-11-18 06:02:38,Q3,8480000.0,4610000.0,3870000.0,0.4563679245283019,1420000.0,2410000.0,0.0,0.0,3972000.0,8430000.0,140000.0,0.0,330000.0,0.038915,50000.0,0.00589622641509434,0.0,190000.0,0.02240566037735849,0.0,190000.0,0.02240566037735849,0.00695,0.00695,27350000,27350000,https://www.sec.gov/Archives/edgar/data/1109138/000117891303000711/0001178913-03-000711-index.html,https://www.sec.gov/Archives/edgar/data/1109138/000117891303000711/d30348.htm,1620589892,15:51:32,20210509
72,2003-06-30,CAMT,USD,2003-07-01 00:00:00,2003-07-01 09:37:36,Q2,6420000.0,3660000.0,2760000.0,0.42990654205607476,1460000.0,2460000.0,0.0,0.0,3917000.0,7570000.0,110000.0,0.0,-940000.0,-0.146417,-1150000.0,-0.1791277258566978,0.0,-1050000.0,-0.16355140186915887,0.0,-1050000.0,-0.16355140186915887,-0.03882,-0.03882,27050000,27050000,https://www.sec.gov/Archives/edgar/data/1109138/000104746903023020/0001047469-03-023020-index.html,https://www.sec.gov/Archives/edgar/data/1109138/000104746903023020/a2114026z6-k.htm,1620589892,15:51:32,20210509
73,2003-03-31,CAMT,USD,2003-05-19 00:00:00,2003-05-19 08:03:37,Q1,5800000.0,3500000.0,2310000.0,0.39827586206896554,1580000.0,1990000.0,0.0,0.0,3572000.0,7070000.0,-70000.0,0.0,-1410000.0,-0.243103,-1270000.0,-0.2189655172413793,0.0,-1340000.0,-0.23103448275862068,0.0,-1340000.0,-0.23103448275862068,-0.04954,-0.04954,27050000,27050000,https://www.sec.gov/Archives/edgar/data/1109138/000117891303000226/0001178913-03-000226-index.html,https://www.sec.gov/Archives/edgar/data/1109138/000117891303000226/d30129.htm,1620589892,15:51:32,20210509
74,2002-12-31,CAMT,USD,2003-02-07 00:00:00,2003-02-07 13:14:25,Q4,4680000.0,3090000.0,1590000.0,0.33974358974358976,1660000.0,2740000.0,0.0,0.0,4390000.000000001,7480000.000000001,-80000.0,0.0,-2960000.0,-0.632479,-2800000.0,-0.5982905982905983,0.0,-2880000.0,-0.6153846153846154,540000.0,-3420000.0,-0.7307692307692307,-0.12578,-0.12578,27190000,27190000,https://www.sec.gov/Archives/edgar/data/1109138/000104746903004361/0001047469-03-004361-index.html,https://www.sec.gov/Archives/edgar/data/1109138/000104746903004361/a2102619z6-k.htm,1620589892,15:51:32,20210509
75,2002-09-30,CAMT,USD,2002-11-18 00:00:00,2002-11-18 16:56:15,Q3,7160000.0,3930000.0,3230000.0,0.4511173184357542,1740000.0,2930000.0,0.0,0.0,4669000.0,10400000.000000002,170000.0,0.0,-2900000.0,-0.405028,-3240000.0,-0.45251396648044695,0.0,-3070000.0,-0.42877094972067037,0.0,-3070000.0,-0.42877094972067037,-0.11946,-0.11946,25700000,25700000,https://www.sec.gov/Archives/edgar/data/1109138/000104746902003498/0001047469-02-003498-index.html,https://www.sec.gov/Archives/edgar/data/1109138/000104746902003498/a2094180z6-k.txt,1620589892,15:51:32,20210509
76,2002-06-30,CAMT,USD,2002-08-19 00:00:00,2002-08-19 13:42:27,Q2,6100000.0,3700000.0,2410000.0,0.3950819672131147,1830000.0,2440000.0,0.0,0.0,4268000.0,7970000.0,130000.0,0.0,-1600000.0,-0.262295,-1860000.0,-0.30491803278688523,0.0,-1730000.0,-0.2836065573770492,0.0,-1730000.0,-0.2836065573770492,-0.07903,-0.07903,21890000,21890000,https://www.sec.gov/Archives/edgar/data/1109138/000091205702032762/0000912057-02-032762-index.html,https://www.sec.gov/Archives/edgar/data/1109138/000091205702032762/a2087714z6-k.txt,1620589892,15:51:32,20210509
77,2002-03-31,CAMT,USD,2002-04-01 00:00:00,2002-04-01 00:00:00,Q1,4650000.0,2930000.0,1730000.0,0.3720430107526882,1970000.0,2950000.0,0.0,0.0,4924000.0,7850000.0,110000.0,0.0,-2980000.0,-0.64086,-3200000.0,-0.6881720430107527,0.0,-3090000.0,-0.6645161290322581,-20000.0,-3070000.0,-0.6602150537634408,-0.14031,-0.14031,21880000,21880000,https://www.sec.gov/Archives/edgar/data/1109138/000091205702012882/0000912057-02-012882-index.html,https://www.sec.gov/Archives/edgar/data/1109138/000091205702012882/a2075498z6-k.txt,1620589892,15:51:32,20210509
78,2001-12-31,CAMT,USD,2002-04-01 00:00:00,2002-04-01 00:00:00,Q4,7320000.0,4340000.0,2970000.0,0.4057377049180328,-1260000.0,3760000.0,0.0,0.0,6133000.0,11020000.0,-200000.0,0.0,-4110000.0,-0.561475,-3710000.0,-0.5068306010928961,0.0,-3910000.0,-0.5341530054644809,-430000.0,-3480000.0,-0.47540983606557374,-0.15725,-0.15725,22130000,22130000,https://www.sec.gov/Archives/edgar/data/1109138/000091205702012882/0000912057-02-012882-index.html,https://www.sec.gov/Archives/edgar/data/1109138/000091205702012882/a2075498z6-k.txt,1620589892,15:51:32,20210509
79,2001-09-30,CAMT,USD,2001-11-27 00:00:00,2001-11-27 00:00:00,Q3,7020000.0,3640000.0,3370000.0,0.48005698005698005,5650000.0,3030000.0,0.0,0.0,8673000.0,12320000.0,680000.0,0.0,-3940000.0,-0.561254,-5300000.0,-0.7549857549857549,0.0,-4630000.0,-0.6595441595441596,150000.0,-4770000.0,-0.6794871794871795,-0.21564,-0.21564,22120000,22120000,https://www.sec.gov/Archives/edgar/data/1109138/000091205701541057/0000912057-01-541057-index.html,https://www.sec.gov/Archives/edgar/data/1109138/000091205701541057/a2064630z6-k.txt,1620589892,15:51:32,20210509
80,2001-06-30,CAMT,USD,2001-07-02 00:00:00,2001-07-02 00:00:00,Q2,13430000.0,6320000.0,7110000.0,0.5294117647058824,2440000.0,3400000.0,0.0,0.0,5834000.0,12160000.0,450000.0,0.0,2170000.0,0.161579,1270000.0,0.09456440804169769,0.0,1720000.0,0.12807148175725985,240000.0,1480000.0,0.11020104244229337,0.06569,0.06569,22530000,22530000,https://www.sec.gov/Archives/edgar/data/1109138/000091205701522314/0000912057-01-522314-index.html,https://www.sec.gov/Archives/edgar/data/1109138/000091205701522314/a2053022z20-f.txt,1620589892,15:51:32,20210509
81,2001-03-31,CAMT,USD,2001-03-31,2001-03-31,Q1,16310000.0,7340000.0,8970000.0,0.5499693439607602,2190000.0,4000000.0,0.0,0.0,6189999.999999999,13530000.0,470000.0,0.0,3720000.0,0.228081,2780000.0,0.17044757817290007,0.0,3250000.0,0.19926425505824646,190000.0,3060000.0,0.18761496014714898,0.13552,0.13552,22580000,22580000,,,1620589892,15:51:32,20210509
82,2000-12-31,CAMT,USD,2000-12-31,2000-12-31,Q4,16100000.0,7270000.0,8830000.0,0.5484472049689441,1770000.0,4070000.0,0.0,0.0,5843000.0,13110000.0,720000.0,390000.0,3380000.0,0.20993788819875778,2990000.0,0.18571428571428572,0.0,3710000.0,0.23043478260869565,140000.0,3580000.0,0.22236024844720498,0.15827,0.15827,22620000,22620000,,,1620589892,15:51:32,20210509
83,2000-09-30,CAMT,USD,2000-11-08 00:00:00,2000-11-08 00:00:00,Q3,15040000.0,6790000.0,8260000.0,0.5492021276595744,1240000.0,3460000.0,0.0,0.0,4694000.0,11480000.0,50000.0,0.0,3670000.0,0.244016,3560000.0,0.23670212765957446,0.0,3610000.0,0.24002659574468085,310000.0,3310000.0,0.22007978723404256,0.15959,0.15959,20740000,20740000,https://www.sec.gov/Archives/edgar/data/1109138/000091205700047891/0000912057-00-047891-index.html,https://www.sec.gov/Archives/edgar/data/1109138/000091205700047891/a2029933z6-k.txt,1620589892,15:51:32,20210509
84,2000-06-30,CAMT,USD,2000-06-30,2000-06-30,Q2,11468000.0,5238000.0,6230000.0,0.543250784792466,1004000.0,2627000.0,0.0,0.0,3631000.0,8869000.0,0.0,0.0,2599000.0,0.22663062434600628,2599000.0,0.22663062434600628,0.0,2463000.0,0.21477153819323336,164000.0,2299000.0,0.20047087547959538,0.14138121886722835,0.13611604499703966,16261000,16890000,,,1620589892,15:51:32,20210509
85,2000-03-31,CAMT,USD,2000-03-31,2000-03-31,Q3,10517000.0,4739000.0,5778000.0,0.549396215650851,939000.0,2154000.0,0.0,0.0,3221000.0,7960000.0,0.0,128000.0,2685000.0,0.2553009413330798,2557000.0,0.24313017020062755,0.0,1952000.0,0.18560425976989636,241000.0,1711000.0,0.16268897974707616,0.11,0.1,16261000,16830000,,,1620589892,15:51:32,20210509
