,date,symbol,reportedCurrency,fillingDate,acceptedDate,period,revenue,costOfRevenue,grossProfit,grossProfitRatio,researchAndDevelopmentExpenses,generalAndAdministrativeExpenses,sellingAndMarketingExpenses,otherExpenses,operatingExpenses,costAndExpenses,interestExpense,depreciationAndAmortization,ebitda,ebitdaratio,operatingIncome,operatingIncomeRatio,totalOtherIncomeExpensesNet,incomeBeforeTax,incomeBeforeTaxRatio,incomeTaxExpense,netIncome,netIncomeRatio,eps,epsdiluted,weightedAverageShsOut,weightedAverageShsOutDil,link,finalLink,timestamp,est_time,est_date
0,2020-07-31,ER.TO,CAD,2020-07-31,2020-07-31,Q3,0.0,21059.0,-21059.0,0.0,0.0,391351.0,7663.0,210769.0,399014.0,420073.0,16185.0,21059.0,-399014.0,0.0,-420073.0,0.0,590704.0,163930.0,0.0,-217695.0,381625.0,0.0,0.001313,0.00127,290623095,300479162,https://www.sedar.com/ModifyCompanyDocumentSearchForm.do?lang=EN&company_search=Eastmain Resources Inc&document_selection=0&industry_group=A&FromDate=13&FromMonth=05&FromYear=2000&ToDate=13&ToMonth=11&ToYear=2020&Variable=Issuer,https://www.sedar.com/ModifyCompanyDocumentSearchForm.do?lang=EN&company_search=Eastmain Resources Inc&document_selection=0&industry_group=A&FromDate=13&FromMonth=05&FromYear=2000&ToDate=13&ToMonth=11&ToYear=2020&Variable=Issuer,1620591734,16:22:14,20210509
1,2020-04-30,ER.TO,CAD,2020-04-30,2020-04-30,Q2,0.0,21059.0,-21059.0,0.0,0.0,563276.0,34156.0,55571.0,597432.0,618491.0,18334.0,21059.0,-597432.0,0.0,-618491.0,0.0,-28698.0,-658511.0,0.0,-163892.0,-494619.0,0.0,-0.001769,-0.001769,279658787,279658787,https://www.sedar.com/ModifyCompanyDocumentSearchForm.do?lang=EN&company_search=Eastmain Resources Inc&document_selection=0&industry_group=A&FromDate=13&FromMonth=05&FromYear=2000&ToDate=13&ToMonth=11&ToYear=2020&Variable=Issuer,https://www.sedar.com/ModifyCompanyDocumentSearchForm.do?lang=EN&company_search=Eastmain Resources Inc&document_selection=0&industry_group=A&FromDate=13&FromMonth=05&FromYear=2000&ToDate=13&ToMonth=11&ToYear=2020&Variable=Issuer,1620591734,16:22:14,20210509
2,2020-01-31,ER.TO,CAD,2020-01-31,2020-01-31,Q1,0.0,20470.0,-20470.0,0.0,0.0,598636.0,37443.0,42045.0,636079.0,656549.0,18334.0,20470.0,-636079.0,0.0,-656549.0,0.0,52399.0,-618856.0,0.0,-145040.0,-473816.0,0.0,-0.001803,-0.001803,262847631,262847631,https://www.sedar.com/ModifyCompanyDocumentSearchForm.do?lang=EN&company_search=Eastmain Resources Inc&document_selection=0&industry_group=A&FromDate=13&FromMonth=05&FromYear=2000&ToDate=13&ToMonth=11&ToYear=2020&Variable=Issuer,https://www.sedar.com/ModifyCompanyDocumentSearchForm.do?lang=EN&company_search=Eastmain Resources Inc&document_selection=0&industry_group=A&FromDate=13&FromMonth=05&FromYear=2000&ToDate=13&ToMonth=11&ToYear=2020&Variable=Issuer,1620591734,16:22:14,20210509
3,2019-10-31,ER.TO,CAD,2019-10-31,2019-10-31,Q4,0.0,2100.0,-2100.0,0.0,0.0,96929.0,117081.0,271747.0,214010.0,216110.0,0.0,2100.0,-214010.0,0.0,-216110.0,0.0,-20170474.0,-20372918.0,0.0,-5008353.0,-15364565.0,0.0,-0.052867666969137465,-0.052867666969137465,290623095,290623095,https://www.sedar.com/ModifyCompanyDocumentSearchForm.do?lang=EN&company_search=Eastmain Resources Inc&document_selection=0&industry_group=A&FromDate=13&FromMonth=05&FromYear=2000&ToDate=13&ToMonth=11&ToYear=2020&Variable=Issuer,https://www.sedar.com/ModifyCompanyDocumentSearchForm.do?lang=EN&company_search=Eastmain Resources Inc&document_selection=0&industry_group=A&FromDate=13&FromMonth=05&FromYear=2000&ToDate=13&ToMonth=11&ToYear=2020&Variable=Issuer,1620591734,16:22:14,20210509
4,2019-07-31,ER.TO,CAD,2019-07-31,2019-07-31,Q3,0.0,2100.0,-2100.0,0.0,0.0,693101.0,26126.0,543349.0,719227.0,721327.0,0.0,2100.0,-719227.0,0.0,-721327.0,0.0,497762.0,-210653.0,0.0,470738.0,-681391.0,0.0,-0.002831,-0.002831,240700174,240700174,https://www.sedar.com/ModifyCompanyDocumentSearchForm.do?lang=EN&company_search=Eastmain Resources Inc&document_selection=0&industry_group=A&FromDate=13&FromMonth=05&FromYear=2000&ToDate=13&ToMonth=11&ToYear=2020&Variable=Issuer,https://www.sedar.com/ModifyCompanyDocumentSearchForm.do?lang=EN&company_search=Eastmain Resources Inc&document_selection=0&industry_group=A&FromDate=13&FromMonth=05&FromYear=2000&ToDate=13&ToMonth=11&ToYear=2020&Variable=Issuer,1620591734,16:22:14,20210509
5,2019-04-30,ER.TO,CAD,2019-04-30,2019-04-30,Q2,0.0,3000.0,-3000.0,0.0,0.0,682627.0,44129.0,379496.0,726756.0,729756.0,0.0,3000.0,-726756.0,0.0,-729756.0,0.0,255570.0,-463273.0,0.0,301958.0,-765231.0,0.0,-0.003841,-0.003841,199241813,199241813,https://www.sedar.com/ModifyCompanyDocumentSearchForm.do?lang=EN&company_search=Eastmain Resources Inc&document_selection=0&industry_group=A&FromDate=13&FromMonth=05&FromYear=2000&ToDate=13&ToMonth=11&ToYear=2020&Variable=Issuer,https://www.sedar.com/ModifyCompanyDocumentSearchForm.do?lang=EN&company_search=Eastmain Resources Inc&document_selection=0&industry_group=A&FromDate=13&FromMonth=05&FromYear=2000&ToDate=13&ToMonth=11&ToYear=2020&Variable=Issuer,1620591734,16:22:14,20210509
6,2019-01-31,ER.TO,CAD,2019-01-31,2019-01-31,Q1,0.0,2100.0,-2100.0,0.0,0.0,889151.0,168781.0,443999.0,1057932.0,1060032.0,0.0,2100.0,-1057932.0,0.0,-1060032.0,0.0,369777.0,-667042.0,0.0,-459217.0,-207825.0,0.0,-0.000937,-0.000937,221884037,221884037,https://www.sedar.com/ModifyCompanyDocumentSearchForm.do?lang=EN&company_search=Eastmain Resources Inc&document_selection=0&industry_group=A&FromDate=13&FromMonth=05&FromYear=2000&ToDate=13&ToMonth=11&ToYear=2020&Variable=Issuer,https://www.sedar.com/ModifyCompanyDocumentSearchForm.do?lang=EN&company_search=Eastmain Resources Inc&document_selection=0&industry_group=A&FromDate=13&FromMonth=05&FromYear=2000&ToDate=13&ToMonth=11&ToYear=2020&Variable=Issuer,1620591734,16:22:14,20210509
7,2018-10-31,ER.TO,CAD,2018-10-31,2018-10-31,Q4,0.0,3000.0,-3000.0,0.0,0.0,341063.0,97338.0,355350.0,438401.0,441401.0,0.0,3000.0,-438401.0,0.0,-441401.0,0.0,316206.0,-149919.0,0.0,-78616.0,-71303.0,0.0,-0.0002453452641126129,-0.0002453452641126129,290623095,290623095,https://www.sedar.com/ModifyCompanyDocumentSearchForm.do?lang=EN&company_search=Eastmain Resources Inc&document_selection=0&industry_group=A&FromDate=13&FromMonth=05&FromYear=2000&ToDate=13&ToMonth=11&ToYear=2020&Variable=Issuer,https://www.sedar.com/ModifyCompanyDocumentSearchForm.do?lang=EN&company_search=Eastmain Resources Inc&document_selection=0&industry_group=A&FromDate=13&FromMonth=05&FromYear=2000&ToDate=13&ToMonth=11&ToYear=2020&Variable=Issuer,1620591734,16:22:14,20210509
8,2018-07-31,ER.TO,CAD,2018-07-31,2018-07-31,Q3,0.0,3000.0,-3000.0,0.0,0.0,530112.0,81441.0,145176.0,611553.0,614553.0,0.0,3000.0,-611553.0,0.0,-614553.0,0.0,101183.0,-503996.0,0.0,106744.0,-610740.0,0.0,-0.002972,-0.002972,205528005,205528005,https://www.sedar.com/ModifyCompanyDocumentSearchForm.do?lang=EN&company_search=Eastmain Resources Inc&document_selection=0&industry_group=A&FromDate=13&FromMonth=05&FromYear=2000&ToDate=13&ToMonth=11&ToYear=2020&Variable=Issuer,https://www.sedar.com/ModifyCompanyDocumentSearchForm.do?lang=EN&company_search=Eastmain Resources Inc&document_selection=0&industry_group=A&FromDate=13&FromMonth=05&FromYear=2000&ToDate=13&ToMonth=11&ToYear=2020&Variable=Issuer,1620591734,16:22:14,20210509
9,2018-04-30,ER.TO,CAD,2018-04-30,2018-04-30,Q2,0.0,3000.0,-3000.0,0.0,0.0,726756.0,0.0,379496.0,726756.0,729756.0,0.0,3000.0,-726756.0,0.0,-729756.0,0.0,255570.0,-463273.0,0.0,301958.0,-765231.0,0.0,-0.003841,-0.003841,199241813,199241813,https://www.sedar.com/ModifyCompanyDocumentSearchForm.do?lang=EN&company_search=Eastmain Resources Inc&document_selection=0&industry_group=A&FromDate=13&FromMonth=05&FromYear=2000&ToDate=13&ToMonth=11&ToYear=2020&Variable=Issuer,https://www.sedar.com/ModifyCompanyDocumentSearchForm.do?lang=EN&company_search=Eastmain Resources Inc&document_selection=0&industry_group=A&FromDate=13&FromMonth=05&FromYear=2000&ToDate=13&ToMonth=11&ToYear=2020&Variable=Issuer,1620591734,16:22:14,20210509
10,2018-01-31,ER.TO,CAD,2018-01-31,2018-01-31,Q1,0.0,0.0,0.0,0.0,0.0,1257053.0,0.0,0.0,1260053.0,1260053.0,0.0,3000.0,-1257053.0,0.0,-1260053.0,0.0,727072.0,-494262.0,0.0,565959.0,-1060221.0,0.0,-0.01,-0.01,196249627,196249627,https://www.sedar.com/ModifyCompanyDocumentSearchForm.do?lang=EN&company_search=Eastmain Resources Inc&document_selection=0&industry_group=A&FromDate=13&FromMonth=05&FromYear=2000&ToDate=13&ToMonth=11&ToYear=2020&Variable=Issuer,https://www.sedar.com/ModifyCompanyDocumentSearchForm.do?lang=EN&company_search=Eastmain Resources Inc&document_selection=0&industry_group=A&FromDate=13&FromMonth=05&FromYear=2000&ToDate=13&ToMonth=11&ToYear=2020&Variable=Issuer,1620591734,16:22:14,20210509
11,2017-10-31,ER.TO,CAD,2017-10-31,2017-10-31,Q4,0.0,0.0,0.0,0.0,0.0,854985.0,0.0,0.0,842158.0,859268.0,0.0,4283.0,-854985.0,0.0,-859268.0,0.0,1763011.0,969529.0,0.0,887376.0,82153.0,0.0,0.00028267884216152885,0.00028267884216152885,290623095,290623095,https://www.sedar.com/ModifyCompanyDocumentSearchForm.do?lang=EN&company_search=Eastmain Resources Inc&document_selection=0&industry_group=A&FromDate=13&FromMonth=05&FromYear=2000&ToDate=13&ToMonth=11&ToYear=2020&Variable=Issuer,https://www.sedar.com/ModifyCompanyDocumentSearchForm.do?lang=EN&company_search=Eastmain Resources Inc&document_selection=0&industry_group=A&FromDate=13&FromMonth=05&FromYear=2000&ToDate=13&ToMonth=11&ToYear=2020&Variable=Issuer,1620591734,16:22:14,20210509
12,2017-07-31,ER.TO,CAD,2017-07-31,2017-07-31,Q3,0.0,0.0,0.0,0.0,0.0,532380.0,0.0,0.0,536664.0,536664.0,0.0,4284.0,-532380.0,0.0,-536664.0,0.0,926418.0,412864.0,0.0,668000.0,-255136.0,0.0,-0.001375,-0.001375,185531126,185531126,https://www.sedar.com/ModifyCompanyDocumentSearchForm.do?lang=EN&company_search=Eastmain Resources Inc&document_selection=0&industry_group=A&FromDate=13&FromMonth=05&FromYear=2000&ToDate=13&ToMonth=11&ToYear=2020&Variable=Issuer,https://www.sedar.com/ModifyCompanyDocumentSearchForm.do?lang=EN&company_search=Eastmain Resources Inc&document_selection=0&industry_group=A&FromDate=13&FromMonth=05&FromYear=2000&ToDate=13&ToMonth=11&ToYear=2020&Variable=Issuer,1620591734,16:22:14,20210509
13,2017-04-30,ER.TO,CAD,2017-04-30,2017-04-30,Q2,0.0,0.0,0.0,0.0,0.0,769630.0,0.0,0.0,773913.0,773913.0,0.0,4283.0,-769630.0,0.0,-773913.0,0.0,1397778.0,780875.0,0.0,1119000.0,-338125.0,0.0,-0.001927,-0.001927,175429814,175429814,https://www.sedar.com/ModifyCompanyDocumentSearchForm.do?lang=EN&company_search=Eastmain Resources Inc&document_selection=0&industry_group=A&FromDate=13&FromMonth=05&FromYear=2000&ToDate=13&ToMonth=11&ToYear=2020&Variable=Issuer,https://www.sedar.com/ModifyCompanyDocumentSearchForm.do?lang=EN&company_search=Eastmain Resources Inc&document_selection=0&industry_group=A&FromDate=13&FromMonth=05&FromYear=2000&ToDate=13&ToMonth=11&ToYear=2020&Variable=Issuer,1620591734,16:22:14,20210509
14,2017-01-31,ER.TO,CAD,2017-01-31,2017-01-31,Q1,0.0,0.0,0.0,0.0,0.0,1148561.0,0.0,0.0,1152821.0,1152821.0,0.0,4260.0,-1148561.0,0.0,-1152821.0,0.0,274979.0,-848069.0,0.0,246000.0,-1094069.0,0.0,-0.01,-0.01,175425681,175425681,https://www.sedar.com/ModifyCompanyDocumentSearchForm.do?lang=EN&company_search=Eastmain Resources Inc&document_selection=0&industry_group=A&FromDate=13&FromMonth=05&FromYear=2000&ToDate=13&ToMonth=11&ToYear=2020&Variable=Issuer,https://www.sedar.com/ModifyCompanyDocumentSearchForm.do?lang=EN&company_search=Eastmain Resources Inc&document_selection=0&industry_group=A&FromDate=13&FromMonth=05&FromYear=2000&ToDate=13&ToMonth=11&ToYear=2020&Variable=Issuer,1620591734,16:22:14,20210509
15,2016-10-31,ER.TO,CAD,2016-10-31,2016-10-31,Q4,0.0,0.0,0.0,0.0,0.0,634027.0,0.0,0.0,639479.0,639479.0,0.0,5452.0,-634027.0,0.0,-639479.0,0.0,-2400520.0,-3028298.0,0.0,-599266.0,-2429032.0,0.0,-0.008358014355328505,-0.008358014355328505,290623095,290623095,https://www.sedar.com/ModifyCompanyDocumentSearchForm.do?lang=EN&company_search=Eastmain Resources Inc&document_selection=0&industry_group=A&FromDate=13&FromMonth=05&FromYear=2000&ToDate=13&ToMonth=11&ToYear=2020&Variable=Issuer,https://www.sedar.com/ModifyCompanyDocumentSearchForm.do?lang=EN&company_search=Eastmain Resources Inc&document_selection=0&industry_group=A&FromDate=13&FromMonth=05&FromYear=2000&ToDate=13&ToMonth=11&ToYear=2020&Variable=Issuer,1620591734,16:22:14,20210509
16,2016-07-31,ER.TO,CAD,2016-07-31,2016-07-31,Q3,0.0,0.0,0.0,0.0,0.0,1069736.0,0.0,0.0,1074028.0,1074028.0,0.0,4292.0,-1069736.0,0.0,-1074028.0,0.0,171799.0,-872807.0,0.0,0.0,-872807.0,0.0,-0.01,-0.01,160757456,160757456,https://www.sedar.com/ModifyCompanyDocumentSearchForm.do?lang=EN&company_search=Eastmain Resources Inc&document_selection=0&industry_group=A&FromDate=13&FromMonth=05&FromYear=2000&ToDate=13&ToMonth=11&ToYear=2020&Variable=Issuer,https://www.sedar.com/ModifyCompanyDocumentSearchForm.do?lang=EN&company_search=Eastmain Resources Inc&document_selection=0&industry_group=A&FromDate=13&FromMonth=05&FromYear=2000&ToDate=13&ToMonth=11&ToYear=2020&Variable=Issuer,1620591734,16:22:14,20210509
17,2016-04-30,ER.TO,CAD,2016-04-30,2016-04-30,Q2,0.0,0.0,0.0,0.0,0.0,3309380.0,0.0,0.0,3313446.0,3313446.0,0.0,4066.0,-3309380.0,0.0,-3313446.0,0.0,71859.0,-3233928.0,0.0,-386765.0,-2847163.0,0.0,-0.021,-0.021,135579190,135579190,https://www.sedar.com/ModifyCompanyDocumentSearchForm.do?lang=EN&company_search=Eastmain Resources Inc&document_selection=0&industry_group=A&FromDate=13&FromMonth=05&FromYear=2000&ToDate=13&ToMonth=11&ToYear=2020&Variable=Issuer,https://www.sedar.com/ModifyCompanyDocumentSearchForm.do?lang=EN&company_search=Eastmain Resources Inc&document_selection=0&industry_group=A&FromDate=13&FromMonth=05&FromYear=2000&ToDate=13&ToMonth=11&ToYear=2020&Variable=Issuer,1620591734,16:22:14,20210509
18,2016-01-31,ER.TO,CAD,2016-01-31,2016-01-31,Q1,0.0,0.0,0.0,0.0,0.0,397386.0,0.0,0.0,401450.0,401450.0,0.0,4064.0,-397386.0,0.0,-401450.0,0.0,229195.0,-152967.0,0.0,39644.0,-192611.0,0.0,-0.001,-0.001,133565902,133565902,https://www.sedar.com/ModifyCompanyDocumentSearchForm.do?lang=EN&company_search=Eastmain Resources Inc&document_selection=0&industry_group=A&FromDate=13&FromMonth=05&FromYear=2000&ToDate=13&ToMonth=11&ToYear=2020&Variable=Issuer,https://www.sedar.com/ModifyCompanyDocumentSearchForm.do?lang=EN&company_search=Eastmain Resources Inc&document_selection=0&industry_group=A&FromDate=13&FromMonth=05&FromYear=2000&ToDate=13&ToMonth=11&ToYear=2020&Variable=Issuer,1620591734,16:22:14,20210509
19,2015-10-31,ER.TO,CAD,2015-10-31,2015-10-31,Q4,0.0,0.0,0.0,0.0,0.0,403481.0,0.0,0.0,410350.0,410350.0,0.0,6869.0,-403481.0,0.0,-410350.0,0.0,937207.0,631503.0,0.0,673044.0,-41541.0,0.0,-0.00014293771112719035,-0.00014293771112719035,290623095,290623095,https://www.sedar.com/ModifyCompanyDocumentSearchForm.do?lang=EN&company_search=Eastmain Resources Inc&document_selection=0&industry_group=A&FromDate=13&FromMonth=05&FromYear=2000&ToDate=13&ToMonth=11&ToYear=2020&Variable=Issuer,https://www.sedar.com/ModifyCompanyDocumentSearchForm.do?lang=EN&company_search=Eastmain Resources Inc&document_selection=0&industry_group=A&FromDate=13&FromMonth=05&FromYear=2000&ToDate=13&ToMonth=11&ToYear=2020&Variable=Issuer,1620591734,16:22:14,20210509
20,2015-07-31,ER.TO,CAD,2015-07-31,2015-07-31,Q3,0.0,0.0,0.0,0.0,0.0,329720.0,0.0,0.0,335025.0,335025.0,0.0,5305.0,-329720.0,0.0,-335025.0,0.0,27976.0,-279235.0,0.0,36454.0,-315689.0,0.0,-0.002,-0.002,157844500,157844500,https://www.sedar.com/ModifyCompanyDocumentSearchForm.do?lang=EN&company_search=Eastmain Resources Inc&document_selection=0&industry_group=A&FromDate=13&FromMonth=05&FromYear=2000&ToDate=13&ToMonth=11&ToYear=2020&Variable=Issuer,https://www.sedar.com/ModifyCompanyDocumentSearchForm.do?lang=EN&company_search=Eastmain Resources Inc&document_selection=0&industry_group=A&FromDate=13&FromMonth=05&FromYear=2000&ToDate=13&ToMonth=11&ToYear=2020&Variable=Issuer,1620591734,16:22:14,20210509
21,2015-04-30,ER.TO,CAD,2015-04-30,2015-04-30,Q2,0.0,0.0,0.0,0.0,0.0,181919.0,0.0,0.0,187240.0,187240.0,0.0,5321.0,-181919.0,0.0,-187240.0,0.0,-50849.0,-217957.0,0.0,20479.0,-238436.0,0.0,-0.002,-0.002,119218000,119218000,https://www.sedar.com/ModifyCompanyDocumentSearchForm.do?lang=EN&company_search=Eastmain Resources Inc&document_selection=0&industry_group=A&FromDate=13&FromMonth=05&FromYear=2000&ToDate=13&ToMonth=11&ToYear=2020&Variable=Issuer,https://www.sedar.com/ModifyCompanyDocumentSearchForm.do?lang=EN&company_search=Eastmain Resources Inc&document_selection=0&industry_group=A&FromDate=13&FromMonth=05&FromYear=2000&ToDate=13&ToMonth=11&ToYear=2020&Variable=Issuer,1620591734,16:22:14,20210509
22,2015-01-31,ER.TO,CAD,2015-01-31,2015-01-31,Q1,0.0,0.0,0.0,0.0,0.0,199017.0,0.0,0.0,204335.0,204335.0,0.0,5318.0,-199017.0,0.0,-204335.0,0.0,-30402.0,-204505.0,0.0,53325.0,-257830.0,0.0,-0.002,-0.002,132661815,132661815,https://www.sedar.com/ModifyCompanyDocumentSearchForm.do?lang=EN&company_search=Eastmain Resources Inc&document_selection=0&industry_group=A&FromDate=13&FromMonth=05&FromYear=2000&ToDate=13&ToMonth=11&ToYear=2020&Variable=Issuer,https://www.sedar.com/ModifyCompanyDocumentSearchForm.do?lang=EN&company_search=Eastmain Resources Inc&document_selection=0&industry_group=A&FromDate=13&FromMonth=05&FromYear=2000&ToDate=13&ToMonth=11&ToYear=2020&Variable=Issuer,1620591734,16:22:14,20210509
23,2014-10-31,ER.TO,CAD,2014-10-31,2014-10-31,Q4,0.0,0.0,0.0,0.0,0.0,158873.0,0.0,0.0,166902.0,166902.0,0.0,8029.0,-158873.0,0.0,-166902.0,0.0,-9939757.0,-10096254.0,0.0,-523585.0,-9572669.0,0.0,-0.032938431820086427,-0.032938431820086427,290623095,290623095,https://www.sedar.com/ModifyCompanyDocumentSearchForm.do?lang=EN&company_search=Eastmain Resources Inc&document_selection=0&industry_group=A&FromDate=13&FromMonth=05&FromYear=2000&ToDate=13&ToMonth=11&ToYear=2020&Variable=Issuer,https://www.sedar.com/ModifyCompanyDocumentSearchForm.do?lang=EN&company_search=Eastmain Resources Inc&document_selection=0&industry_group=A&FromDate=13&FromMonth=05&FromYear=2000&ToDate=13&ToMonth=11&ToYear=2020&Variable=Issuer,1620591734,16:22:14,20210509
24,2014-07-31,ER.TO,CAD,2014-07-31,2014-07-31,Q3,0.0,0.0,0.0,0.0,0.0,249393.0,0.0,0.0,256958.0,256958.0,0.0,7565.0,-249393.0,0.0,-256958.0,0.0,148063.0,-98317.0,0.0,108619.0,-206936.0,0.0,-0.002,-0.002,120172333,120172333,https://www.sedar.com/ModifyCompanyDocumentSearchForm.do?lang=EN&company_search=Eastmain Resources Inc&document_selection=0&industry_group=A&FromDate=13&FromMonth=05&FromYear=2000&ToDate=13&ToMonth=11&ToYear=2020&Variable=Issuer,https://www.sedar.com/ModifyCompanyDocumentSearchForm.do?lang=EN&company_search=Eastmain Resources Inc&document_selection=0&industry_group=A&FromDate=13&FromMonth=05&FromYear=2000&ToDate=13&ToMonth=11&ToYear=2020&Variable=Issuer,1620591734,16:22:14,20210509
25,2014-04-30,ER.TO,CAD,2014-04-30,2014-04-30,Q2,0.0,0.0,0.0,0.0,0.0,228314.0,0.0,0.0,235675.0,235675.0,0.0,7361.0,-228314.0,0.0,-235675.0,0.0,202946.0,-3695.0,0.0,-23036.0,19341.0,0.0,0.00016095434902420897,0.00015942858342572335,120164507,121314507,https://www.sedar.com/ModifyCompanyDocumentSearchForm.do?lang=EN&company_search=Eastmain Resources Inc&document_selection=0&industry_group=A&FromDate=13&FromMonth=05&FromYear=2000&ToDate=13&ToMonth=11&ToYear=2020&Variable=Issuer,https://www.sedar.com/ModifyCompanyDocumentSearchForm.do?lang=EN&company_search=Eastmain Resources Inc&document_selection=0&industry_group=A&FromDate=13&FromMonth=05&FromYear=2000&ToDate=13&ToMonth=11&ToYear=2020&Variable=Issuer,1620591734,16:22:14,20210509
26,2014-01-31,ER.TO,CAD,2014-01-31,2014-01-31,Q1,0.0,0.0,0.0,0.0,0.0,235564.0,0.0,0.0,242925.0,242925.0,0.0,7361.0,-235564.0,0.0,-242925.0,0.0,1089782.0,859859.0,0.0,293255.0,566604.0,0.0,0.005,0.005,116191545,116191545,https://www.sedar.com/ModifyCompanyDocumentSearchForm.do?lang=EN&company_search=Eastmain Resources Inc&document_selection=0&industry_group=A&FromDate=13&FromMonth=05&FromYear=2000&ToDate=13&ToMonth=11&ToYear=2020&Variable=Issuer,https://www.sedar.com/ModifyCompanyDocumentSearchForm.do?lang=EN&company_search=Eastmain Resources Inc&document_selection=0&industry_group=A&FromDate=13&FromMonth=05&FromYear=2000&ToDate=13&ToMonth=11&ToYear=2020&Variable=Issuer,1620591734,16:22:14,20210509
27,2013-10-31,ER.TO,CAD,2013-10-31,2013-10-31,Q4,0.0,0.0,0.0,0.0,0.0,189367.0,0.0,0.0,197556.0,197556.0,0.0,8189.0,-189367.0,0.0,-197556.0,0.0,624323.0,454743.0,0.0,1400557.0,-945814.0,0.0,-0.003254435095738004,-0.003254435095738004,290623095,290623095,https://www.sedar.com/ModifyCompanyDocumentSearchForm.do?lang=EN&company_search=Eastmain Resources Inc&document_selection=0&industry_group=A&FromDate=13&FromMonth=05&FromYear=2000&ToDate=13&ToMonth=11&ToYear=2020&Variable=Issuer,https://www.sedar.com/ModifyCompanyDocumentSearchForm.do?lang=EN&company_search=Eastmain Resources Inc&document_selection=0&industry_group=A&FromDate=13&FromMonth=05&FromYear=2000&ToDate=13&ToMonth=11&ToYear=2020&Variable=Issuer,1620591734,16:22:14,20210509
28,2013-07-31,ER.TO,CAD,2013-07-31,2013-07-31,Q3,0.0,0.0,0.0,0.0,0.0,213603.0,0.0,0.0,221266.0,221266.0,0.0,7663.0,-213603.0,0.0,-221266.0,0.0,96050.0,-94768.0,0.0,-27058.0,-67710.0,0.0,-0.001,-0.001,106627007,106627007,https://www.sedar.com/ModifyCompanyDocumentSearchForm.do?lang=EN&company_search=Eastmain Resources Inc&document_selection=0&industry_group=A&FromDate=13&FromMonth=05&FromYear=2000&ToDate=13&ToMonth=11&ToYear=2020&Variable=Issuer,https://www.sedar.com/ModifyCompanyDocumentSearchForm.do?lang=EN&company_search=Eastmain Resources Inc&document_selection=0&industry_group=A&FromDate=13&FromMonth=05&FromYear=2000&ToDate=13&ToMonth=11&ToYear=2020&Variable=Issuer,1620591734,16:22:14,20210509
29,2013-04-30,ER.TO,CAD,2013-04-30,2013-04-30,Q2,0.0,0.0,0.0,0.0,0.0,281609.0,0.0,0.0,289005.0,289005.0,0.0,7396.0,-281609.0,0.0,-289005.0,0.0,-181143.0,-418052.0,0.0,-3601.0,-414451.0,0.0,-0.004,-0.004,106627007,106627007,https://www.sedar.com/ModifyCompanyDocumentSearchForm.do?lang=EN&company_search=Eastmain Resources Inc&document_selection=0&industry_group=A&FromDate=13&FromMonth=05&FromYear=2000&ToDate=13&ToMonth=11&ToYear=2020&Variable=Issuer,https://www.sedar.com/ModifyCompanyDocumentSearchForm.do?lang=EN&company_search=Eastmain Resources Inc&document_selection=0&industry_group=A&FromDate=13&FromMonth=05&FromYear=2000&ToDate=13&ToMonth=11&ToYear=2020&Variable=Issuer,1620591734,16:22:14,20210509
30,2013-01-31,ER.TO,CAD,2013-01-31,2013-01-31,Q1,0.0,0.0,0.0,0.0,0.0,254799.0,0.0,0.0,262194.0,262194.0,0.0,7395.0,-254799.0,0.0,-262194.0,0.0,-8658.0,-253336.0,0.0,-43119.0,-210217.0,0.0,-0.002,-0.002,101985285,101985285,https://www.sedar.com/ModifyCompanyDocumentSearchForm.do?lang=EN&company_search=Eastmain Resources Inc&document_selection=0&industry_group=A&FromDate=13&FromMonth=05&FromYear=2000&ToDate=13&ToMonth=11&ToYear=2020&Variable=Issuer,https://www.sedar.com/ModifyCompanyDocumentSearchForm.do?lang=EN&company_search=Eastmain Resources Inc&document_selection=0&industry_group=A&FromDate=13&FromMonth=05&FromYear=2000&ToDate=13&ToMonth=11&ToYear=2020&Variable=Issuer,1620591734,16:22:14,20210509
31,2012-10-31,ER.TO,CAD,2012-10-31,2012-10-31,Q4,0.0,0.0,0.0,0.0,0.0,324723.0,0.0,0.0,336232.0,336232.0,0.0,11509.0,-324723.0,0.0,-336232.0,0.0,216708.0,-57445.0,0.0,-342610.0,285165.0,0.0,0.0009812193349602858,0.0009812193349602858,290623095,290623095,https://www.sedar.com/ModifyCompanyDocumentSearchForm.do?lang=EN&company_search=Eastmain Resources Inc&document_selection=0&industry_group=A&FromDate=13&FromMonth=05&FromYear=2000&ToDate=13&ToMonth=11&ToYear=2020&Variable=Issuer,https://www.sedar.com/ModifyCompanyDocumentSearchForm.do?lang=EN&company_search=Eastmain Resources Inc&document_selection=0&industry_group=A&FromDate=13&FromMonth=05&FromYear=2000&ToDate=13&ToMonth=11&ToYear=2020&Variable=Issuer,1620591734,16:22:14,20210509
32,2012-07-31,ER.TO,CAD,2012-07-31,2012-07-31,Q3,0.0,0.0,0.0,0.0,0.0,378594.0,0.0,0.0,388924.0,388924.0,0.0,10330.0,-378594.0,0.0,-388924.0,0.0,1077746.0,743701.0,0.0,-242225.0,985926.0,0.0,0.01,0.01,97437202,97437202,https://www.sedar.com/ModifyCompanyDocumentSearchForm.do?lang=EN&company_search=Eastmain Resources Inc&document_selection=0&industry_group=A&FromDate=13&FromMonth=05&FromYear=2000&ToDate=13&ToMonth=11&ToYear=2020&Variable=Issuer,https://www.sedar.com/ModifyCompanyDocumentSearchForm.do?lang=EN&company_search=Eastmain Resources Inc&document_selection=0&industry_group=A&FromDate=13&FromMonth=05&FromYear=2000&ToDate=13&ToMonth=11&ToYear=2020&Variable=Issuer,1620591734,16:22:14,20210509
33,2012-04-30,ER.TO,CAD,2012-04-30,2012-04-30,Q2,0.0,0.0,0.0,0.0,0.0,478149.0,0.0,0.0,488492.0,488492.0,0.0,10343.0,-478149.0,0.0,-488492.0,0.0,586221.0,300431.0,0.0,206263.0,94168.0,0.0,0.001,0.001,97216753,97216753,https://www.sedar.com/ModifyCompanyDocumentSearchForm.do?lang=EN&company_search=Eastmain Resources Inc&document_selection=0&industry_group=A&FromDate=13&FromMonth=05&FromYear=2000&ToDate=13&ToMonth=11&ToYear=2020&Variable=Issuer,https://www.sedar.com/ModifyCompanyDocumentSearchForm.do?lang=EN&company_search=Eastmain Resources Inc&document_selection=0&industry_group=A&FromDate=13&FromMonth=05&FromYear=2000&ToDate=13&ToMonth=11&ToYear=2020&Variable=Issuer,1620591734,16:22:14,20210509
34,2012-01-31,ER.TO,CAD,2012-01-31,2012-01-31,Q1,0.0,0.0,0.0,0.0,0.0,254005.0,0.0,0.0,262568.0,262568.0,0.0,8563.0,-254005.0,0.0,-262568.0,0.0,-202061.0,-419621.0,0.0,35962.0,-455583.0,0.0,-0.005,-0.005,96719460,96719460,https://www.sedar.com/ModifyCompanyDocumentSearchForm.do?lang=EN&company_search=Eastmain Resources Inc&document_selection=0&industry_group=A&FromDate=13&FromMonth=05&FromYear=2000&ToDate=13&ToMonth=11&ToYear=2020&Variable=Issuer,https://www.sedar.com/ModifyCompanyDocumentSearchForm.do?lang=EN&company_search=Eastmain Resources Inc&document_selection=0&industry_group=A&FromDate=13&FromMonth=05&FromYear=2000&ToDate=13&ToMonth=11&ToYear=2020&Variable=Issuer,1620591734,16:22:14,20210509
35,2011-10-31,ER.TO,CAD,2011-10-31,2011-10-31,Q4,0.0,0.0,0.0,0.0,0.0,177454.0,0.0,0.0,188777.0,188777.0,0.0,11323.0,-177454.0,0.0,-188777.0,0.0,-634142.0,-742330.0,0.0,0.0,-742330.0,0.0,-0.00255427050627205,-0.00255427050627205,290623095,290623095,https://www.sedar.com/ModifyCompanyDocumentSearchForm.do?lang=EN&company_search=Eastmain Resources Inc&document_selection=0&industry_group=A&FromDate=13&FromMonth=05&FromYear=2000&ToDate=13&ToMonth=11&ToYear=2020&Variable=Issuer,https://www.sedar.com/ModifyCompanyDocumentSearchForm.do?lang=EN&company_search=Eastmain Resources Inc&document_selection=0&industry_group=A&FromDate=13&FromMonth=05&FromYear=2000&ToDate=13&ToMonth=11&ToYear=2020&Variable=Issuer,1620591734,16:22:14,20210509
36,2011-07-31,ER.TO,CAD,2011-07-31,2011-07-31,Q3,0.0,0.0,0.0,0.0,0.0,378017.0,0.0,0.0,388149.0,388149.0,0.0,10132.0,-378017.0,0.0,-388149.0,0.0,0.0,-327661.0,0.0,0.0,-327661.0,0.0,-0.0034891668706160794,-0.0034891668706160794,93908091,93908091,https://www.sedar.com/ModifyCompanyDocumentSearchForm.do?lang=EN&company_search=Eastmain Resources Inc&document_selection=0&industry_group=A&FromDate=13&FromMonth=05&FromYear=2000&ToDate=13&ToMonth=11&ToYear=2020&Variable=Issuer,https://www.sedar.com/ModifyCompanyDocumentSearchForm.do?lang=EN&company_search=Eastmain Resources Inc&document_selection=0&industry_group=A&FromDate=13&FromMonth=05&FromYear=2000&ToDate=13&ToMonth=11&ToYear=2020&Variable=Issuer,1620591734,16:22:14,20210509
37,2011-04-30,ER.TO,CAD,2011-04-30,2011-04-30,Q2,0.0,0.0,0.0,0.0,0.0,437521.0,0.0,0.0,445394.0,445394.0,0.0,7873.0,-437521.0,0.0,-445394.0,0.0,0.0,-377246.0,0.0,-660883.0,283637.0,0.0,0.0030378109502397577,0.002895980190158785,93368878,97941623,https://www.sedar.com/ModifyCompanyDocumentSearchForm.do?lang=EN&company_search=Eastmain Resources Inc&document_selection=0&industry_group=A&FromDate=13&FromMonth=05&FromYear=2000&ToDate=13&ToMonth=11&ToYear=2020&Variable=Issuer,https://www.sedar.com/ModifyCompanyDocumentSearchForm.do?lang=EN&company_search=Eastmain Resources Inc&document_selection=0&industry_group=A&FromDate=13&FromMonth=05&FromYear=2000&ToDate=13&ToMonth=11&ToYear=2020&Variable=Issuer,1620591734,16:22:14,20210509
38,2011-01-31,ER.TO,CAD,2011-01-31,2011-01-31,Q1,0.0,0.0,0.0,0.0,0.0,282758.0,0.0,0.0,288058.0,288058.0,0.0,7091.0,-280967.0,0.0,-288058.0,0.0,0.0,0.0,0.0,0.0,-211032.0,0.0,-0.0022862143103612627,-0.0022862143103612627,92306307,92306307,https://www.sedar.com/ModifyCompanyDocumentSearchForm.do?lang=EN&company_search=Eastmain Resources Inc&document_selection=0&industry_group=A&FromDate=13&FromMonth=05&FromYear=2000&ToDate=13&ToMonth=11&ToYear=2020&Variable=Issuer,https://www.sedar.com/ModifyCompanyDocumentSearchForm.do?lang=EN&company_search=Eastmain Resources Inc&document_selection=0&industry_group=A&FromDate=13&FromMonth=05&FromYear=2000&ToDate=13&ToMonth=11&ToYear=2020&Variable=Issuer,1620591734,16:22:14,20210509
39,2010-10-31,ER.TO,CAD,2010-10-31,2010-10-31,Q4,0.0,0.0,0.0,0.0,0.0,215283.0,0.0,0.0,223109.0,223109.0,0.0,8734.0,-214375.0,0.0,-223109.0,0.0,-695103.0,0.0,0.0,0.0,-593371.0,0.0,-0.0020417200498122835,-0.0020417200498122835,290623095,290623095,https://www.sedar.com/ModifyCompanyDocumentSearchForm.do?lang=EN&company_search=Eastmain Resources Inc&document_selection=0&industry_group=A&FromDate=13&FromMonth=05&FromYear=2000&ToDate=13&ToMonth=11&ToYear=2020&Variable=Issuer,https://www.sedar.com/ModifyCompanyDocumentSearchForm.do?lang=EN&company_search=Eastmain Resources Inc&document_selection=0&industry_group=A&FromDate=13&FromMonth=05&FromYear=2000&ToDate=13&ToMonth=11&ToYear=2020&Variable=Issuer,1620591734,16:22:14,20210509
40,2010-07-31,ER.TO,CAD,2010-07-31,2010-07-31,Q3,0.0,0.0,0.0,0.0,0.0,396003.0,0.0,0.0,403194.0,403194.0,0.0,7191.0,-396003.0,0.0,-403194.0,0.0,-976390.0,0.0,0.0,0.0,-1327632.0,0.0,-0.02,-0.02,88451283,88451283,https://www.sedar.com/ModifyCompanyDocumentSearchForm.do?lang=EN&company_search=Eastmain Resources Inc&document_selection=0&industry_group=A&FromDate=13&FromMonth=05&FromYear=2000&ToDate=13&ToMonth=11&ToYear=2020&Variable=Issuer,https://www.sedar.com/ModifyCompanyDocumentSearchForm.do?lang=EN&company_search=Eastmain Resources Inc&document_selection=0&industry_group=A&FromDate=13&FromMonth=05&FromYear=2000&ToDate=13&ToMonth=11&ToYear=2020&Variable=Issuer,1620591734,16:22:14,20210509
41,2010-04-30,ER.TO,CAD,2010-04-30,2010-04-30,Q2,0.0,0.0,0.0,0.0,0.0,493783.0,0.0,0.0,499613.0,499613.0,0.0,5830.0,-493783.0,0.0,-499613.0,0.0,0.0,0.0,0.0,0.0,-402065.0,0.0,-0.004581084535431495,-0.004581084535431495,87766335,87766335,https://www.sedar.com/ModifyCompanyDocumentSearchForm.do?lang=EN&company_search=Eastmain Resources Inc&document_selection=0&industry_group=A&FromDate=13&FromMonth=05&FromYear=2000&ToDate=13&ToMonth=11&ToYear=2020&Variable=Issuer,https://www.sedar.com/ModifyCompanyDocumentSearchForm.do?lang=EN&company_search=Eastmain Resources Inc&document_selection=0&industry_group=A&FromDate=13&FromMonth=05&FromYear=2000&ToDate=13&ToMonth=11&ToYear=2020&Variable=Issuer,1620591734,16:22:14,20210509
42,2010-01-31,ER.TO,CAD,2010-01-31,2010-01-31,Q1,0.0,0.0,0.0,0.0,0.0,221007.0,0.0,0.0,226098.0,226098.0,0.0,5091.0,-221007.0,0.0,-226098.0,0.0,0.0,0.0,0.0,0.0,-198621.0,0.0,-0.0022879229000358392,-0.0022879229000358392,86812803,86812803,https://www.sedar.com/ModifyCompanyDocumentSearchForm.do?lang=EN&company_search=Eastmain Resources Inc&document_selection=0&industry_group=A&FromDate=13&FromMonth=05&FromYear=2000&ToDate=13&ToMonth=11&ToYear=2020&Variable=Issuer,https://www.sedar.com/ModifyCompanyDocumentSearchForm.do?lang=EN&company_search=Eastmain Resources Inc&document_selection=0&industry_group=A&FromDate=13&FromMonth=05&FromYear=2000&ToDate=13&ToMonth=11&ToYear=2020&Variable=Issuer,1620591734,16:22:14,20210509
43,2009-10-31,ER.TO,CAD,2009-10-31,2009-10-31,Q4,0.0,0.0,0.0,0.0,0.0,167781.0,0.0,0.0,174904.0,174904.0,0.0,7268.0,-167636.0,0.0,-174904.0,0.0,0.0,0.0,0.0,0.0,-2064055.0,0.0,-0.007102171284770056,-0.007102171284770056,290623095,290623095,https://www.sedar.com/ModifyCompanyDocumentSearchForm.do?lang=EN&company_search=Eastmain Resources Inc&document_selection=0&industry_group=A&FromDate=13&FromMonth=05&FromYear=2000&ToDate=13&ToMonth=11&ToYear=2020&Variable=Issuer,https://www.sedar.com/ModifyCompanyDocumentSearchForm.do?lang=EN&company_search=Eastmain Resources Inc&document_selection=0&industry_group=A&FromDate=13&FromMonth=05&FromYear=2000&ToDate=13&ToMonth=11&ToYear=2020&Variable=Issuer,1620591734,16:22:14,20210509
44,2009-07-31,ER.TO,CAD,2009-07-31,2009-07-31,Q3,0.0,0.0,0.0,0.0,0.0,628568.0,0.0,0.0,635837.0,635837.0,0.0,7269.0,-628568.0,0.0,-635837.0,0.0,0.0,-623596.0,0.0,9363.0,-632959.0,0.0,-0.01,-0.01,85886662,85886662,https://www.sedar.com/ModifyCompanyDocumentSearchForm.do?lang=EN&company_search=Eastmain Resources Inc&document_selection=0&industry_group=A&FromDate=13&FromMonth=05&FromYear=2000&ToDate=13&ToMonth=11&ToYear=2020&Variable=Issuer,https://www.sedar.com/ModifyCompanyDocumentSearchForm.do?lang=EN&company_search=Eastmain Resources Inc&document_selection=0&industry_group=A&FromDate=13&FromMonth=05&FromYear=2000&ToDate=13&ToMonth=11&ToYear=2020&Variable=Issuer,1620591734,16:22:14,20210509
45,2009-04-30,ER.TO,CAD,2009-04-30,2009-04-30,Q2,0.0,0.0,0.0,0.0,0.0,317836.0,0.0,0.0,322855.0,322855.0,0.0,5019.0,-317836.0,0.0,-322855.0,0.0,0.0,-273908.0,0.0,2684.0,-276592.0,0.0,-0.003223625198886295,-0.003223625198886295,85801538,85801538,https://www.sedar.com/ModifyCompanyDocumentSearchForm.do?lang=EN&company_search=Eastmain Resources Inc&document_selection=0&industry_group=A&FromDate=13&FromMonth=05&FromYear=2000&ToDate=13&ToMonth=11&ToYear=2020&Variable=Issuer,https://www.sedar.com/ModifyCompanyDocumentSearchForm.do?lang=EN&company_search=Eastmain Resources Inc&document_selection=0&industry_group=A&FromDate=13&FromMonth=05&FromYear=2000&ToDate=13&ToMonth=11&ToYear=2020&Variable=Issuer,1620591734,16:22:14,20210509
46,2009-01-31,ER.TO,CAD,2009-01-31,2009-01-31,Q1,0.0,0.0,0.0,0.0,0.0,172667.0,0.0,0.0,182194.0,182194.0,0.0,9527.0,-172667.0,0.0,-182194.0,0.0,0.0,-132453.0,0.0,0.0,-132453.0,0.0,-0.001543713587045491,-0.001543713587045491,85801538,85801538,https://www.sedar.com/ModifyCompanyDocumentSearchForm.do?lang=EN&company_search=Eastmain Resources Inc&document_selection=0&industry_group=A&FromDate=13&FromMonth=05&FromYear=2000&ToDate=13&ToMonth=11&ToYear=2020&Variable=Issuer,https://www.sedar.com/ModifyCompanyDocumentSearchForm.do?lang=EN&company_search=Eastmain Resources Inc&document_selection=0&industry_group=A&FromDate=13&FromMonth=05&FromYear=2000&ToDate=13&ToMonth=11&ToYear=2020&Variable=Issuer,1620591734,16:22:14,20210509
47,2008-10-31,ER.TO,CAD,2008-10-31,2008-10-31,Q4,0.0,0.0,0.0,0.0,0.0,541853.0,0.0,0.0,551792.0,551792.0,0.0,9939.0,-541853.0,0.0,-551792.0,0.0,-847522.0,-1275820.0,0.0,0.0,-1329520.0,0.0,-0.004574722459686144,-0.004574722459686144,290623095,290623095,https://www.sedar.com/ModifyCompanyDocumentSearchForm.do?lang=EN&company_search=Eastmain Resources Inc&document_selection=0&industry_group=A&FromDate=13&FromMonth=05&FromYear=2000&ToDate=13&ToMonth=11&ToYear=2020&Variable=Issuer,https://www.sedar.com/ModifyCompanyDocumentSearchForm.do?lang=EN&company_search=Eastmain Resources Inc&document_selection=0&industry_group=A&FromDate=13&FromMonth=05&FromYear=2000&ToDate=13&ToMonth=11&ToYear=2020&Variable=Issuer,1620591734,16:22:14,20210509
48,2008-07-31,ER.TO,CAD,2008-07-31,2008-07-31,Q3,0.0,0.0,0.0,0.0,0.0,241786.0,0.0,0.0,251228.0,251228.0,0.0,9442.0,-241786.0,0.0,-251228.0,0.0,-2211.0,-174903.0,0.0,0.0,-174903.0,0.0,-0.01,-0.01,72178356,72178356,https://www.sedar.com/ModifyCompanyDocumentSearchForm.do?lang=EN&company_search=Eastmain Resources Inc&document_selection=0&industry_group=A&FromDate=13&FromMonth=05&FromYear=2000&ToDate=13&ToMonth=11&ToYear=2020&Variable=Issuer,https://www.sedar.com/ModifyCompanyDocumentSearchForm.do?lang=EN&company_search=Eastmain Resources Inc&document_selection=0&industry_group=A&FromDate=13&FromMonth=05&FromYear=2000&ToDate=13&ToMonth=11&ToYear=2020&Variable=Issuer,1620591734,16:22:14,20210509
49,2008-04-30,ER.TO,CAD,2008-04-30,2008-04-30,Q2,75156.0,0.0,0.0,0.0,0.0,202471.0,0.0,0.0,211859.0,211859.0,0.0,9388.0,-127315.0,-1.6940097929639684,-136703.0,-1.8189233061897918,0.0,-136703.0,-1.8189233061897918,0.0,-136703.0,-1.8189233061897918,-0.0019085147360979235,-0.0019085147360979235,71627951,71627951,https://www.sedar.com/ModifyCompanyDocumentSearchForm.do?lang=EN&company_search=Eastmain Resources Inc&document_selection=0&industry_group=A&FromDate=13&FromMonth=05&FromYear=2000&ToDate=13&ToMonth=11&ToYear=2020&Variable=Issuer,https://www.sedar.com/ModifyCompanyDocumentSearchForm.do?lang=EN&company_search=Eastmain Resources Inc&document_selection=0&industry_group=A&FromDate=13&FromMonth=05&FromYear=2000&ToDate=13&ToMonth=11&ToYear=2020&Variable=Issuer,1620591734,16:22:14,20210509
50,2008-01-31,ER.TO,CAD,2008-01-31,2008-01-31,Q1,31748.0,0.0,0.0,0.0,0.0,277868.0,0.0,0.0,287256.0,287256.0,0.0,9388.0,-246120.0,-7.7522993574398384,-255508.0,-8.048003023812523,0.0,-255508.0,-8.048003023812523,-53700.0,-201808.0,-6.356557893410608,-0.002882,-0.002882,70027929,70027929,https://www.sedar.com/ModifyCompanyDocumentSearchForm.do?lang=EN&company_search=Eastmain Resources Inc&document_selection=0&industry_group=A&FromDate=13&FromMonth=05&FromYear=2000&ToDate=13&ToMonth=11&ToYear=2020&Variable=Issuer,https://www.sedar.com/ModifyCompanyDocumentSearchForm.do?lang=EN&company_search=Eastmain Resources Inc&document_selection=0&industry_group=A&FromDate=13&FromMonth=05&FromYear=2000&ToDate=13&ToMonth=11&ToYear=2020&Variable=Issuer,1620591734,16:22:14,20210509
51,2007-10-31,ER.TO,CAD,2007-10-31,2007-10-31,Q4,52452.0,0.0,0.0,0.0,0.0,158143.0,0.0,0.0,166407.0,166407.0,0.0,8264.0,-105691.0,-2.0150041943109893,-113955.0,-2.17255776710135,0.0,-109326.0,-2.0843056508808053,0.0,-109326.0,-2.0843056508808053,-0.0003761779496567539,-0.0003761779496567539,290623095,290623095,https://www.sedar.com/ModifyCompanyDocumentSearchForm.do?lang=EN&company_search=Eastmain Resources Inc&document_selection=0&industry_group=A&FromDate=13&FromMonth=05&FromYear=2000&ToDate=13&ToMonth=11&ToYear=2020&Variable=Issuer,https://www.sedar.com/ModifyCompanyDocumentSearchForm.do?lang=EN&company_search=Eastmain Resources Inc&document_selection=0&industry_group=A&FromDate=13&FromMonth=05&FromYear=2000&ToDate=13&ToMonth=11&ToYear=2020&Variable=Issuer,1620591734,16:22:14,20210509
52,2007-07-31,ER.TO,CAD,2007-07-31,2007-07-31,Q3,12702.0,0.0,0.0,0.0,0.0,421375.0,0.0,0.0,428965.0,428965.0,0.0,7590.0,-408673.0,-32.1739096205322,-416263.0,-32.77145331443867,11371.0,-420892.0,-33.135884112738154,0.0,-420892.0,-33.135884112738154,-0.006308266771285867,-0.005550563016348004,66720704,75828704,https://www.sedar.com/ModifyCompanyDocumentSearchForm.do?lang=EN&company_search=Eastmain Resources Inc&document_selection=0&industry_group=A&FromDate=13&FromMonth=05&FromYear=2000&ToDate=13&ToMonth=11&ToYear=2020&Variable=Issuer,https://www.sedar.com/ModifyCompanyDocumentSearchForm.do?lang=EN&company_search=Eastmain Resources Inc&document_selection=0&industry_group=A&FromDate=13&FromMonth=05&FromYear=2000&ToDate=13&ToMonth=11&ToYear=2020&Variable=Issuer,1620591734,16:22:14,20210509
53,2007-04-30,ER.TO,CAD,2007-04-30,2007-04-30,Q2,72167.0,0.0,0.0,0.0,0.0,259451.0,0.0,0.0,266146.0,266146.0,0.0,6695.0,-187284.0,-2.595147366524866,-193979.0,-2.6879183006083114,0.0,-193979.0,-2.6879183006083114,0.0,-193979.0,-2.6879183006083114,-0.002947835026034785,-0.0025672333600817716,65803886,75559551,https://www.sedar.com/ModifyCompanyDocumentSearchForm.do?lang=EN&company_search=Eastmain Resources Inc&document_selection=0&industry_group=A&FromDate=13&FromMonth=05&FromYear=2000&ToDate=13&ToMonth=11&ToYear=2020&Variable=Issuer,https://www.sedar.com/ModifyCompanyDocumentSearchForm.do?lang=EN&company_search=Eastmain Resources Inc&document_selection=0&industry_group=A&FromDate=13&FromMonth=05&FromYear=2000&ToDate=13&ToMonth=11&ToYear=2020&Variable=Issuer,1620591734,16:22:14,20210509
54,2007-01-31,ER.TO,CAD,2007-01-31,2007-01-31,Q1,62061.0,0.0,62061.0,1.0,0.0,197327.0,0.0,0.0,204022.0,204022.0,0.0,6695.0,-135266.0,-2.1795652664314145,-141961.0,-2.287442999629397,-62061.0,-141961.0,-2.287442999629397,-768600.0,626639.0,10.097146356004576,0.0096,0.0082,65803886,75945881,https://www.sedar.com/ModifyCompanyDocumentSearchForm.do?lang=EN&company_search=Eastmain Resources Inc&document_selection=0&industry_group=A&FromDate=13&FromMonth=05&FromYear=2000&ToDate=13&ToMonth=11&ToYear=2020&Variable=Issuer,https://www.sedar.com/ModifyCompanyDocumentSearchForm.do?lang=EN&company_search=Eastmain Resources Inc&document_selection=0&industry_group=A&FromDate=13&FromMonth=05&FromYear=2000&ToDate=13&ToMonth=11&ToYear=2020&Variable=Issuer,1620591734,16:22:14,20210509
55,2006-10-31,ER.TO,CAD,2006-10-31,2006-10-31,Q4,93911.0,0.0,0.0,0.0,0.0,120938.0,0.0,0.0,131828.0,131828.0,0.0,10890.0,-27027.0,-0.2877937621790845,-37917.0,-0.4037546187347595,-598655.0,-636572.0,-6.77846045724143,718882.0,-1355454.0,-14.433389059854543,-0.0046639583134299775,-0.0046639583134299775,290623095,290623095,https://www.sedar.com/ModifyCompanyDocumentSearchForm.do?lang=EN&company_search=Eastmain Resources Inc&document_selection=0&industry_group=A&FromDate=13&FromMonth=05&FromYear=2000&ToDate=13&ToMonth=11&ToYear=2020&Variable=Issuer,https://www.sedar.com/ModifyCompanyDocumentSearchForm.do?lang=EN&company_search=Eastmain Resources Inc&document_selection=0&industry_group=A&FromDate=13&FromMonth=05&FromYear=2000&ToDate=13&ToMonth=11&ToYear=2020&Variable=Issuer,1620591734,16:22:14,20210509
56,2006-07-31,ER.TO,CAD,2006-07-31,2006-07-31,Q3,71835.0,0.0,0.0,0.0,0.0,310372.0,0.0,0.0,320683.0,320683.0,0.0,10311.0,-238537.0,-3.320623651423401,-248848.0,-3.4641609243405025,693897.0,445049.0,6.195433980650101,-720000.0,1165049.0,16.218403285306607,0.02,0.02,59262216,59262216,https://www.sedar.com/ModifyCompanyDocumentSearchForm.do?lang=EN&company_search=Eastmain Resources Inc&document_selection=0&industry_group=A&FromDate=13&FromMonth=05&FromYear=2000&ToDate=13&ToMonth=11&ToYear=2020&Variable=Issuer,https://www.sedar.com/ModifyCompanyDocumentSearchForm.do?lang=EN&company_search=Eastmain Resources Inc&document_selection=0&industry_group=A&FromDate=13&FromMonth=05&FromYear=2000&ToDate=13&ToMonth=11&ToYear=2020&Variable=Issuer,1620591734,16:22:14,20210509
57,2006-04-30,ER.TO,CAD,2006-04-30,2006-04-30,Q2,49989.0,0.0,0.0,0.0,0.0,162026.0,0.0,0.0,170202.0,170202.0,0.0,8175.0,-112038.0,-2.241253075676649,-120213.0,-2.40478905359179,704.0,0.0,0.0,0.0,-119508.0,-2.3906859509092,-0.002072,-0.002072,57679934,57679934,https://www.sedar.com/ModifyCompanyDocumentSearchForm.do?lang=EN&company_search=Eastmain Resources Inc&document_selection=0&industry_group=A&FromDate=13&FromMonth=05&FromYear=2000&ToDate=13&ToMonth=11&ToYear=2020&Variable=Issuer,https://www.sedar.com/ModifyCompanyDocumentSearchForm.do?lang=EN&company_search=Eastmain Resources Inc&document_selection=0&industry_group=A&FromDate=13&FromMonth=05&FromYear=2000&ToDate=13&ToMonth=11&ToYear=2020&Variable=Issuer,1620591734,16:22:14,20210509
58,2006-01-31,ER.TO,CAD,2006-01-31,2006-01-31,Q1,29144.0,0.0,0.0,0.0,0.0,581401.0,0.0,0.0,589262.0,589262.0,0.0,7861.0,-552257.0,-18.949251990118036,-560118.0,-19.21898160856437,-12013.0,-560118.0,-19.21898160856437,-365607.0,-206524.0,-7.086329947845183,-0.003846,-0.003846,53698959,53698959,https://www.sedar.com/ModifyCompanyDocumentSearchForm.do?lang=EN&company_search=Eastmain Resources Inc&document_selection=0&industry_group=A&FromDate=13&FromMonth=05&FromYear=2000&ToDate=13&ToMonth=11&ToYear=2020&Variable=Issuer,https://www.sedar.com/ModifyCompanyDocumentSearchForm.do?lang=EN&company_search=Eastmain Resources Inc&document_selection=0&industry_group=A&FromDate=13&FromMonth=05&FromYear=2000&ToDate=13&ToMonth=11&ToYear=2020&Variable=Issuer,1620591734,16:22:14,20210509
59,2005-10-31,ER.TO,CAD,2005-10-31,2005-10-31,Q4,40442.0,0.0,0.0,0.0,0.0,165618.0,0.0,0.0,175554.0,175554.0,0.0,9936.0,-125176.0,-3.0951980614212946,-135112.0,-3.340883240195836,-428285.0,-578218.0,-14.297463033480046,0.0,-563397.0,-13.930987587161862,-0.00193858302967973,-0.00193858302967973,290623095,290623095,https://www.sedar.com/ModifyCompanyDocumentSearchForm.do?lang=EN&company_search=Eastmain Resources Inc&document_selection=0&industry_group=A&FromDate=13&FromMonth=05&FromYear=2000&ToDate=13&ToMonth=11&ToYear=2020&Variable=Issuer,https://www.sedar.com/ModifyCompanyDocumentSearchForm.do?lang=EN&company_search=Eastmain Resources Inc&document_selection=0&industry_group=A&FromDate=13&FromMonth=05&FromYear=2000&ToDate=13&ToMonth=11&ToYear=2020&Variable=Issuer,1620591734,16:22:14,20210509
60,2005-07-31,ER.TO,CAD,2005-07-31,2005-07-31,Q3,40019.0,0.0,0.0,0.0,0.0,127628.0,0.0,0.0,133065.0,133065.0,0.0,5437.0,-87609.0,-2.1891851370598965,-93046.0,-2.325045603338414,-443.0,0.0,0.0,0.0,-93489.0,-2.3361153452110246,-0.001872,-0.001872,49952980,49952980,https://www.sedar.com/ModifyCompanyDocumentSearchForm.do?lang=EN&company_search=Eastmain Resources Inc&document_selection=0&industry_group=A&FromDate=13&FromMonth=05&FromYear=2000&ToDate=13&ToMonth=11&ToYear=2020&Variable=Issuer,https://www.sedar.com/ModifyCompanyDocumentSearchForm.do?lang=EN&company_search=Eastmain Resources Inc&document_selection=0&industry_group=A&FromDate=13&FromMonth=05&FromYear=2000&ToDate=13&ToMonth=11&ToYear=2020&Variable=Issuer,1620591734,16:22:14,20210509
61,2005-04-30,ER.TO,CAD,2005-04-30,2005-04-30,Q2,17459.0,0.0,0.0,0.0,0.0,393178.0,0.0,0.0,398614.0,398614.0,0.0,5436.0,-375719.0,-21.520075605704793,-381155.0,-21.831433644538635,0.0,-381155.0,-21.831433644538635,-1083600.0,702445.0,40.23397674551807,0.01,0.01,48951925,48951925,https://www.sedar.com/ModifyCompanyDocumentSearchForm.do?lang=EN&company_search=Eastmain Resources Inc&document_selection=0&industry_group=A&FromDate=13&FromMonth=05&FromYear=2000&ToDate=13&ToMonth=11&ToYear=2020&Variable=Issuer,https://www.sedar.com/ModifyCompanyDocumentSearchForm.do?lang=EN&company_search=Eastmain Resources Inc&document_selection=0&industry_group=A&FromDate=13&FromMonth=05&FromYear=2000&ToDate=13&ToMonth=11&ToYear=2020&Variable=Issuer,1620591734,16:22:14,20210509
62,2005-01-31,ER.TO,CAD,2005-01-31,2005-01-31,Q1,19980.0,0.0,0.0,0.0,0.0,523181.0,0.0,0.0,528024.0,528024.0,0.0,4843.0,-503201.0,-25.185235235235236,-508044.0,-25.42762762762763,0.0,-508302.0,-25.44054054054054,0.0,-508302.0,-25.44054054054054,-0.01,-0.01,47219349,47219349,https://www.sedar.com/ModifyCompanyDocumentSearchForm.do?lang=EN&company_search=Eastmain Resources Inc&document_selection=0&industry_group=A&FromDate=13&FromMonth=05&FromYear=2000&ToDate=13&ToMonth=11&ToYear=2020&Variable=Issuer,https://www.sedar.com/ModifyCompanyDocumentSearchForm.do?lang=EN&company_search=Eastmain Resources Inc&document_selection=0&industry_group=A&FromDate=13&FromMonth=05&FromYear=2000&ToDate=13&ToMonth=11&ToYear=2020&Variable=Issuer,1620591734,16:22:14,20210509
63,2004-07-31,ER.TO,CAD,2004-07-31,2004-07-31,Q3,33766.0,0.0,33766.0,1.0,0.0,184620.0,0.0,0.0,200797.0,200797.0,0.0,16177.0,-150854.0,-4.467630160516496,-167031.0,-4.946721554226144,-1875849.0,-2042880.0,-60.50109577681692,0.0,-2042880.0,-60.50109577681692,-0.0070293105921262035,-0.0070293105921262035,290623095,290623095,https://www.sedar.com/ModifyCompanyDocumentSearchForm.do?lang=EN&company_search=Eastmain Resources Inc&document_selection=0&industry_group=A&FromDate=13&FromMonth=05&FromYear=2000&ToDate=13&ToMonth=11&ToYear=2020&Variable=Issuer,https://www.sedar.com/ModifyCompanyDocumentSearchForm.do?lang=EN&company_search=Eastmain Resources Inc&document_selection=0&industry_group=A&FromDate=13&FromMonth=05&FromYear=2000&ToDate=13&ToMonth=11&ToYear=2020&Variable=Issuer,1620591734,16:22:14,20210509
64,2004-04-30,ER.TO,CAD,2004-04-30,2004-04-30,Q2,15836.0,0.0,0.0,0.0,0.0,77214.0,0.0,0.0,86218.0,86218.0,0.0,9004.0,-61378.0,-3.8758524880020206,-70382.0,-4.444430411720131,0.0,0.0,0.0,0.0,-70382.0,-4.444430411720131,-0.001655,-0.001655,42520767,42520767,https://www.sedar.com/ModifyCompanyDocumentSearchForm.do?lang=EN&company_search=Eastmain Resources Inc&document_selection=0&industry_group=A&FromDate=13&FromMonth=05&FromYear=2000&ToDate=13&ToMonth=11&ToYear=2020&Variable=Issuer,https://www.sedar.com/ModifyCompanyDocumentSearchForm.do?lang=EN&company_search=Eastmain Resources Inc&document_selection=0&industry_group=A&FromDate=13&FromMonth=05&FromYear=2000&ToDate=13&ToMonth=11&ToYear=2020&Variable=Issuer,1620591734,16:22:14,20210509
65,2004-01-31,ER.TO,CAD,2004-01-31,2004-01-31,Q1,32783.0,0.0,0.0,0.0,0.0,358040.0,0.0,0.0,363026.0,363026.0,0.0,4986.0,-325257.0,-9.921514199432632,-330243.0,-10.073605222218832,121588.0,-208655.0,-6.364731720708904,-677000.0,468345.0,14.286215416526858,-0.0002,-0.002,42197736,42197736,https://www.sedar.com/ModifyCompanyDocumentSearchForm.do?lang=EN&company_search=Eastmain Resources Inc&document_selection=0&industry_group=A&FromDate=13&FromMonth=05&FromYear=2000&ToDate=13&ToMonth=11&ToYear=2020&Variable=Issuer,https://www.sedar.com/ModifyCompanyDocumentSearchForm.do?lang=EN&company_search=Eastmain Resources Inc&document_selection=0&industry_group=A&FromDate=13&FromMonth=05&FromYear=2000&ToDate=13&ToMonth=11&ToYear=2020&Variable=Issuer,1620591734,16:22:14,20210509
66,2003-10-31,ER.TO,CAD,2003-10-31,2003-10-31,Q4,61072.0,0.0,0.0,0.0,0.0,181113.0,0.0,0.0,186099.0,186099.0,0.0,4986.0,-120041.0,-1.9655652344773382,-125027.0,-2.0472065758449043,0.0,0.0,0.0,0.0,-125027.0,-2.0472065758449043,-0.003,-0.003,37291505,37291505,https://www.sedar.com/ModifyCompanyDocumentSearchForm.do?lang=EN&company_search=Eastmain Resources Inc&document_selection=0&industry_group=A&FromDate=13&FromMonth=05&FromYear=2000&ToDate=13&ToMonth=11&ToYear=2020&Variable=Issuer,https://www.sedar.com/ModifyCompanyDocumentSearchForm.do?lang=EN&company_search=Eastmain Resources Inc&document_selection=0&industry_group=A&FromDate=13&FromMonth=05&FromYear=2000&ToDate=13&ToMonth=11&ToYear=2020&Variable=Issuer,1620591734,16:22:14,20210509
67,2003-07-31,ER.TO,CAD,2003-07-31,2003-07-31,Q3,-102609.0,0.0,0.0,0.0,0.0,105921.0,0.0,0.0,116944.0,116944.0,0.0,11023.0,-208530.0,2.032277870362249,-219553.0,2.13970509409506,-1287868.0,0.0,0.0,0.0,-1507421.0,14.690923798107379,-0.005186858945260355,-0.005186858945260355,290623095,290623095,https://www.sedar.com/ModifyCompanyDocumentSearchForm.do?lang=EN&company_search=Eastmain Resources Inc&document_selection=0&industry_group=A&FromDate=13&FromMonth=05&FromYear=2000&ToDate=13&ToMonth=11&ToYear=2020&Variable=Issuer,https://www.sedar.com/ModifyCompanyDocumentSearchForm.do?lang=EN&company_search=Eastmain Resources Inc&document_selection=0&industry_group=A&FromDate=13&FromMonth=05&FromYear=2000&ToDate=13&ToMonth=11&ToYear=2020&Variable=Issuer,1620591734,16:22:14,20210509
68,2003-04-30,ER.TO,CAD,2003-04-30,2003-04-30,Q2,8307.0,0.0,0.0,0.0,0.0,120370.0,0.0,0.0,120975.0,120975.0,0.0,605.0,-112063.0,-13.49018899723125,-112668.0,-13.563019140483929,0.0,0.0,0.0,0.0,-112668.0,-13.563019140483929,-0.003778,-0.003778,29818560,29818560,https://www.sedar.com/ModifyCompanyDocumentSearchForm.do?lang=EN&company_search=Eastmain Resources Inc&document_selection=0&industry_group=A&FromDate=13&FromMonth=05&FromYear=2000&ToDate=13&ToMonth=11&ToYear=2020&Variable=Issuer,https://www.sedar.com/ModifyCompanyDocumentSearchForm.do?lang=EN&company_search=Eastmain Resources Inc&document_selection=0&industry_group=A&FromDate=13&FromMonth=05&FromYear=2000&ToDate=13&ToMonth=11&ToYear=2020&Variable=Issuer,1620591734,16:22:14,20210509
69,2003-01-31,ER.TO,CAD,2003-01-31,2003-01-31,Q1,72022.0,0.0,0.0,0.0,0.0,115440.0,0.0,0.0,116044.0,116044.0,0.0,604.0,-43418.0,-0.6028435755741302,-44022.0,-0.6112299019743967,0.0,0.0,0.0,0.0,-44022.0,-0.6112299019743967,-0.001497,-0.001497,29400530,29400530,https://www.sedar.com/ModifyCompanyDocumentSearchForm.do?lang=EN&company_search=Eastmain Resources Inc&document_selection=0&industry_group=A&FromDate=13&FromMonth=05&FromYear=2000&ToDate=13&ToMonth=11&ToYear=2020&Variable=Issuer,https://www.sedar.com/ModifyCompanyDocumentSearchForm.do?lang=EN&company_search=Eastmain Resources Inc&document_selection=0&industry_group=A&FromDate=13&FromMonth=05&FromYear=2000&ToDate=13&ToMonth=11&ToYear=2020&Variable=Issuer,1620591734,16:22:14,20210509
70,2002-10-31,ER.TO,CAD,2002-10-31,2002-10-31,Q4,68598.0,0.0,0.0,0.0,0.0,90903.0,0.0,0.0,93323.0,93323.0,0.0,2420.0,-22305.0,-0.32515525233971837,-24725.0,-0.36043324878276334,-20125.0,0.0,0.0,0.0,-17318.0,-0.2524563398349806,-0.0006,-0.0006,29703560,29703560,https://www.sedar.com/ModifyCompanyDocumentSearchForm.do?lang=EN&company_search=Eastmain Resources Inc&document_selection=0&industry_group=A&FromDate=13&FromMonth=05&FromYear=2000&ToDate=13&ToMonth=11&ToYear=2020&Variable=Issuer,https://www.sedar.com/ModifyCompanyDocumentSearchForm.do?lang=EN&company_search=Eastmain Resources Inc&document_selection=0&industry_group=A&FromDate=13&FromMonth=05&FromYear=2000&ToDate=13&ToMonth=11&ToYear=2020&Variable=Issuer,1620591734,16:22:14,20210509
71,2002-07-31,ER.TO,CAD,2002-07-31,2002-07-31,Q3,47689.0,0.0,0.0,0.0,0.0,68781.0,0.0,0.0,73378.0,73378.0,0.0,4597.0,-21092.0,-0.442282287319927,-25689.0,-0.5386776824844304,3963.0,0.0,0.0,0.0,-21726.0,-0.4555767577428757,-7.475661904983842e-05,-7.475661904983842e-05,290623095,290623095,https://www.sedar.com/ModifyCompanyDocumentSearchForm.do?lang=EN&company_search=Eastmain Resources Inc&document_selection=0&industry_group=A&FromDate=13&FromMonth=05&FromYear=2000&ToDate=13&ToMonth=11&ToYear=2020&Variable=Issuer,https://www.sedar.com/ModifyCompanyDocumentSearchForm.do?lang=EN&company_search=Eastmain Resources Inc&document_selection=0&industry_group=A&FromDate=13&FromMonth=05&FromYear=2000&ToDate=13&ToMonth=11&ToYear=2020&Variable=Issuer,1620591734,16:22:14,20210509
72,2002-04-30,ER.TO,CAD,2002-04-30,2002-04-30,Q2,12347.0,0.0,0.0,0.0,0.0,40443.0,0.0,0.0,40685.0,40685.0,0.0,242.0,-28096.0,-2.275532518020572,-28338.0,-2.295132420830971,36518.0,0.0,0.0,0.0,8180.0,0.6625091115250669,0.0004,0.0004,22494469,22494469,https://www.sedar.com/ModifyCompanyDocumentSearchForm.do?lang=EN&company_search=Eastmain Resources Inc&document_selection=0&industry_group=A&FromDate=13&FromMonth=05&FromYear=2000&ToDate=13&ToMonth=11&ToYear=2020&Variable=Issuer,https://www.sedar.com/ModifyCompanyDocumentSearchForm.do?lang=EN&company_search=Eastmain Resources Inc&document_selection=0&industry_group=A&FromDate=13&FromMonth=05&FromYear=2000&ToDate=13&ToMonth=11&ToYear=2020&Variable=Issuer,1620591734,16:22:14,20210509
73,2002-01-31,ER.TO,CAD,2002-01-31,2002-01-31,Q1,3530.0,0.0,0.0,0.0,0.0,98399.0,0.0,0.0,98641.0,98641.0,0.0,242.0,-94869.0,-26.875070821529746,-95111.0,-26.943626062322945,11556.0,0.0,0.0,0.0,-78541.0,-22.24957507082153,-0.004,-0.004,20334469,20334469,https://www.sedar.com/ModifyCompanyDocumentSearchForm.do?lang=EN&company_search=Eastmain Resources Inc&document_selection=0&industry_group=A&FromDate=13&FromMonth=05&FromYear=2000&ToDate=13&ToMonth=11&ToYear=2020&Variable=Issuer,https://www.sedar.com/ModifyCompanyDocumentSearchForm.do?lang=EN&company_search=Eastmain Resources Inc&document_selection=0&industry_group=A&FromDate=13&FromMonth=05&FromYear=2000&ToDate=13&ToMonth=11&ToYear=2020&Variable=Issuer,1620591734,16:22:14,20210509
74,2001-10-31,ER.TO,CAD,2001-10-31,2001-10-31,Q4,45365.0,0.0,0.0,0.0,0.0,28441.0,0.0,0.0,28683.0,28683.0,0.0,242.0,16924.0,0.3730629339799405,16682.0,0.36772842499724456,-605.0,0.0,0.0,0.0,16077.0,0.35439215254050477,0.0009,0.0009,20334469,20334469,https://www.sedar.com/ModifyCompanyDocumentSearchForm.do?lang=EN&company_search=Eastmain Resources Inc&document_selection=0&industry_group=A&FromDate=13&FromMonth=05&FromYear=2000&ToDate=13&ToMonth=11&ToYear=2020&Variable=Issuer,https://www.sedar.com/ModifyCompanyDocumentSearchForm.do?lang=EN&company_search=Eastmain Resources Inc&document_selection=0&industry_group=A&FromDate=13&FromMonth=05&FromYear=2000&ToDate=13&ToMonth=11&ToYear=2020&Variable=Issuer,1620591734,16:22:14,20210509
75,2001-07-31,ER.TO,CAD,2001-07-31,2001-07-31,Q3,60393.0,0.0,0.0,0.0,0.0,47432.0,0.0,0.0,63245.0,63245.0,0.0,15813.0,12961.0,0.21461096484691936,-2852.0,-0.04722401602834766,83934.0,0.0,0.0,0.0,48499.0,0.8030566456377395,0.00016687937343726932,0.00016687937343726932,290623095,290623095,https://www.sedar.com/ModifyCompanyDocumentSearchForm.do?lang=EN&company_search=Eastmain Resources Inc&document_selection=0&industry_group=A&FromDate=13&FromMonth=05&FromYear=2000&ToDate=13&ToMonth=11&ToYear=2020&Variable=Issuer,https://www.sedar.com/ModifyCompanyDocumentSearchForm.do?lang=EN&company_search=Eastmain Resources Inc&document_selection=0&industry_group=A&FromDate=13&FromMonth=05&FromYear=2000&ToDate=13&ToMonth=11&ToYear=2020&Variable=Issuer,1620591734,16:22:14,20210509
76,2001-04-30,ER.TO,CAD,2001-04-30,2001-04-30,Q2,5048.0,0.0,0.0,0.0,0.0,68451.0,0.0,0.0,70463.0,70463.0,0.0,2012.0,-63403.0,-12.560023771790808,-65415.0,-12.958597464342313,635.0,0.0,0.0,0.0,-49561.0,-9.817947702060222,-0.002437,-0.002437,20334469,20334469,https://www.sedar.com/ModifyCompanyDocumentSearchForm.do?lang=EN&company_search=Eastmain Resources Inc&document_selection=0&industry_group=A&FromDate=13&FromMonth=05&FromYear=2000&ToDate=13&ToMonth=11&ToYear=2020&Variable=Issuer,https://www.sedar.com/ModifyCompanyDocumentSearchForm.do?lang=EN&company_search=Eastmain Resources Inc&document_selection=0&industry_group=A&FromDate=13&FromMonth=05&FromYear=2000&ToDate=13&ToMonth=11&ToYear=2020&Variable=Issuer,1620591734,16:22:14,20210509
77,2001-01-31,ER.TO,CAD,2001-01-31,2001-01-31,Q1,2101.0,0.0,0.0,0.0,0.0,43643.0,0.0,0.0,45656.0,45656.0,0.0,2013.0,-41542.0,-19.772489290813898,-43555.0,-20.730604474059973,-131429.0,0.0,0.0,0.0,-171075.0,-81.42551166111376,-0.008413,-0.008413,20334469,20334469,https://www.sedar.com/ModifyCompanyDocumentSearchForm.do?lang=EN&company_search=Eastmain Resources Inc&document_selection=0&industry_group=A&FromDate=13&FromMonth=05&FromYear=2000&ToDate=13&ToMonth=11&ToYear=2020&Variable=Issuer,https://www.sedar.com/ModifyCompanyDocumentSearchForm.do?lang=EN&company_search=Eastmain Resources Inc&document_selection=0&industry_group=A&FromDate=13&FromMonth=05&FromYear=2000&ToDate=13&ToMonth=11&ToYear=2020&Variable=Issuer,1620591734,16:22:14,20210509
78,2000-10-31,ER.TO,CAD,2000-10-31,2000-10-31,Q4,12256.0,0.0,0.0,0.0,0.0,28580.0,0.0,0.0,30592.0,30592.0,0.0,2012.0,-16324.0,-1.3319190600522193,-18336.0,-1.4960835509138382,0.0,0.0,0.0,0.0,-4881.0,-0.39825391644908614,-0.000273,-0.000273,17884757,17884757,https://www.sedar.com/ModifyCompanyDocumentSearchForm.do?lang=EN&company_search=Eastmain Resources Inc&document_selection=0&industry_group=A&FromDate=13&FromMonth=05&FromYear=2000&ToDate=13&ToMonth=11&ToYear=2020&Variable=Issuer,https://www.sedar.com/ModifyCompanyDocumentSearchForm.do?lang=EN&company_search=Eastmain Resources Inc&document_selection=0&industry_group=A&FromDate=13&FromMonth=05&FromYear=2000&ToDate=13&ToMonth=11&ToYear=2020&Variable=Issuer,1620591734,16:22:14,20210509
79,2000-01-31,ER.TO,CAD,2000-01-31,2000-01-31,Q1,2681.0,0.0,0.0,0.0,0.0,-34318.0,0.0,0.0,-32306.0,-32306.0,0.0,2012.0,36999.0,13.800447594181275,34987.0,13.049981350242447,-151447.0,0.0,0.0,0.0,-111777.0,-41.692279000373,-0.00625,-0.00625,17884757,17884757,https://www.sedar.com/ModifyCompanyDocumentSearchForm.do?lang=EN&company_search=Eastmain Resources Inc&document_selection=0&industry_group=A&FromDate=13&FromMonth=05&FromYear=2000&ToDate=13&ToMonth=11&ToYear=2020&Variable=Issuer,https://www.sedar.com/ModifyCompanyDocumentSearchForm.do?lang=EN&company_search=Eastmain Resources Inc&document_selection=0&industry_group=A&FromDate=13&FromMonth=05&FromYear=2000&ToDate=13&ToMonth=11&ToYear=2020&Variable=Issuer,1620591734,16:22:14,20210509
80,1999-10-31,ER.TO,CAD,1999-10-31,1999-10-31,Q4,6077.0,0.0,0.0,0.0,0.0,142412.0,0.0,0.0,144425.0,144425.0,0.0,2013.0,-136335.0,-22.434589435576765,-138348.0,-22.76583840710877,0.0,0.0,0.0,0.0,-112713.0,-18.54747408260655,-0.01,-0.01,17884757,17884757,https://www.sedar.com/ModifyCompanyDocumentSearchForm.do?lang=EN&company_search=Eastmain Resources Inc&document_selection=0&industry_group=A&FromDate=13&FromMonth=05&FromYear=2000&ToDate=13&ToMonth=11&ToYear=2020&Variable=Issuer,https://www.sedar.com/ModifyCompanyDocumentSearchForm.do?lang=EN&company_search=Eastmain Resources Inc&document_selection=0&industry_group=A&FromDate=13&FromMonth=05&FromYear=2000&ToDate=13&ToMonth=11&ToYear=2020&Variable=Issuer,1620591734,16:22:14,20210509
81,1999-07-31,ER.TO,CAD,1999-07-31,1999-07-31,Q3,599.0,0.0,0.0,0.0,0.0,49291.0,0.0,0.0,51303.0,51303.0,0.0,2012.0,-48692.0,-81.28881469115191,-50704.0,-84.64774624373956,0.0,0.0,0.0,0.0,-42777.0,-71.41402337228715,-0.002392,-0.002392,17884757,17884757,https://www.sedar.com/ModifyCompanyDocumentSearchForm.do?lang=EN&company_search=Eastmain Resources Inc&document_selection=0&industry_group=A&FromDate=13&FromMonth=05&FromYear=2000&ToDate=13&ToMonth=11&ToYear=2020&Variable=Issuer,https://www.sedar.com/ModifyCompanyDocumentSearchForm.do?lang=EN&company_search=Eastmain Resources Inc&document_selection=0&industry_group=A&FromDate=13&FromMonth=05&FromYear=2000&ToDate=13&ToMonth=11&ToYear=2020&Variable=Issuer,1620591734,16:22:14,20210509
82,1999-04-30,ER.TO,CAD,1999-04-30,1999-04-30,Q2,0.0,0.0,0.0,0.0,0.0,-13260.0,0.0,0.0,-18356.0,-18356.0,0.0,2581.0,20937.0,0.0,18356.0,0.0,-47295.0,0.0,0.0,0.0,12714.0,0.0,4.374738353123657e-05,4.374738353123657e-05,290623095,290623095,https://www.sedar.com/ModifyCompanyDocumentSearchForm.do?lang=EN&company_search=Eastmain Resources Inc&document_selection=0&industry_group=A&FromDate=13&FromMonth=05&FromYear=2000&ToDate=13&ToMonth=11&ToYear=2020&Variable=Issuer,https://www.sedar.com/ModifyCompanyDocumentSearchForm.do?lang=EN&company_search=Eastmain Resources Inc&document_selection=0&industry_group=A&FromDate=13&FromMonth=05&FromYear=2000&ToDate=13&ToMonth=11&ToYear=2020&Variable=Issuer,1620591734,16:22:14,20210509
83,1999-01-31,ER.TO,CAD,1999-01-31,1999-01-31,Q1,1.0,0.0,0.0,0.0,0.0,134256.0,0.0,0.0,136928.0,136928.0,0.0,2672.0,-134255.0,-134255.0,-136927.0,-136927.0,0.0,0.0,0.0,0.0,-108986.0,-108986.0,-0.01,-0.01,16301187,16301187,https://www.sedar.com/ModifyCompanyDocumentSearchForm.do?lang=EN&company_search=Eastmain Resources Inc&document_selection=0&industry_group=A&FromDate=13&FromMonth=05&FromYear=2000&ToDate=13&ToMonth=11&ToYear=2020&Variable=Issuer,https://www.sedar.com/ModifyCompanyDocumentSearchForm.do?lang=EN&company_search=Eastmain Resources Inc&document_selection=0&industry_group=A&FromDate=13&FromMonth=05&FromYear=2000&ToDate=13&ToMonth=11&ToYear=2020&Variable=Issuer,1620591734,16:22:14,20210509
84,1998-10-31,ER.TO,CAD,1998-10-31,1998-10-31,Q4,1.0,0.0,0.0,0.0,0.0,83428.0,0.0,0.0,93624.0,93624.0,0.0,2536.0,-91087.0,-91087.0,-93623.0,-93623.0,-5232.0,0.0,0.0,0.0,-68511.0,-68511.0,-0.004203,-0.004203,16301187,16301187,https://www.sedar.com/ModifyCompanyDocumentSearchForm.do?lang=EN&company_search=Eastmain Resources Inc&document_selection=0&industry_group=A&FromDate=13&FromMonth=05&FromYear=2000&ToDate=13&ToMonth=11&ToYear=2020&Variable=Issuer,https://www.sedar.com/ModifyCompanyDocumentSearchForm.do?lang=EN&company_search=Eastmain Resources Inc&document_selection=0&industry_group=A&FromDate=13&FromMonth=05&FromYear=2000&ToDate=13&ToMonth=11&ToYear=2020&Variable=Issuer,1620591734,16:22:14,20210509
85,1998-07-31,ER.TO,CAD,1998-07-31,1998-07-31,Q3,1.0,0.0,0.0,0.0,0.0,179086.0,0.0,0.0,181640.0,181640.0,0.0,2537.0,-179102.0,-179102.0,-181639.0,-181639.0,0.0,0.0,0.0,0.0,-169530.0,-169530.0,-0.01,-0.01,16301187,16301187,https://www.sedar.com/ModifyCompanyDocumentSearchForm.do?lang=EN&company_search=Eastmain Resources Inc&document_selection=0&industry_group=A&FromDate=13&FromMonth=05&FromYear=2000&ToDate=13&ToMonth=11&ToYear=2020&Variable=Issuer,https://www.sedar.com/ModifyCompanyDocumentSearchForm.do?lang=EN&company_search=Eastmain Resources Inc&document_selection=0&industry_group=A&FromDate=13&FromMonth=05&FromYear=2000&ToDate=13&ToMonth=11&ToYear=2020&Variable=Issuer,1620591734,16:22:14,20210509
86,1998-04-30,ER.TO,CAD,1998-04-30,1998-04-30,Q2,0.0,0.0,0.0,0.0,0.0,84794.0,0.0,0.0,74627.0,74627.0,0.0,2541.0,-72086.0,0.0,-74627.0,0.0,-94907.0,0.0,0.0,0.0,-115324.0,0.0,-0.00039681636450812695,-0.00039681636450812695,290623095,290623095,https://www.sedar.com/ModifyCompanyDocumentSearchForm.do?lang=EN&company_search=Eastmain Resources Inc&document_selection=0&industry_group=A&FromDate=13&FromMonth=05&FromYear=2000&ToDate=13&ToMonth=11&ToYear=2020&Variable=Issuer,https://www.sedar.com/ModifyCompanyDocumentSearchForm.do?lang=EN&company_search=Eastmain Resources Inc&document_selection=0&industry_group=A&FromDate=13&FromMonth=05&FromYear=2000&ToDate=13&ToMonth=11&ToYear=2020&Variable=Issuer,1620591734,16:22:14,20210509
87,1998-01-31,ER.TO,CAD,1998-01-31,1998-01-31,Q1,1.0,0.0,0.0,0.0,0.0,92346.0,0.0,0.0,100651.0,100651.0,0.0,3842.0,-96808.0,-96808.0,-100650.0,-100650.0,0.0,0.0,0.0,0.0,-69453.0,-69453.0,-0.01,-0.01,15304187,15304187,https://www.sedar.com/ModifyCompanyDocumentSearchForm.do?lang=EN&company_search=Eastmain Resources Inc&document_selection=0&industry_group=A&FromDate=13&FromMonth=05&FromYear=2000&ToDate=13&ToMonth=11&ToYear=2020&Variable=Issuer,https://www.sedar.com/ModifyCompanyDocumentSearchForm.do?lang=EN&company_search=Eastmain Resources Inc&document_selection=0&industry_group=A&FromDate=13&FromMonth=05&FromYear=2000&ToDate=13&ToMonth=11&ToYear=2020&Variable=Issuer,1620591734,16:22:14,20210509
88,1997-10-31,ER.TO,CAD,1997-10-31,1997-10-31,Q4,1.0,0.0,0.0,0.0,0.0,47033.0,0.0,0.0,57029.0,57029.0,0.0,1751.0,-55277.0,-55277.0,-57028.0,-57028.0,42610.0,0.0,0.0,0.0,3660.0,3660.0,0.000239,0.000239,15304187,15304187,https://www.sedar.com/ModifyCompanyDocumentSearchForm.do?lang=EN&company_search=Eastmain Resources Inc&document_selection=0&industry_group=A&FromDate=13&FromMonth=05&FromYear=2000&ToDate=13&ToMonth=11&ToYear=2020&Variable=Issuer,https://www.sedar.com/ModifyCompanyDocumentSearchForm.do?lang=EN&company_search=Eastmain Resources Inc&document_selection=0&industry_group=A&FromDate=13&FromMonth=05&FromYear=2000&ToDate=13&ToMonth=11&ToYear=2020&Variable=Issuer,1620591734,16:22:14,20210509
89,1997-07-31,ER.TO,CAD,1997-07-31,1997-07-31,Q3,1.0,0.0,0.0,0.0,0.0,70938.0,0.0,0.0,72688.0,72688.0,0.0,1750.0,-70937.0,-70937.0,-72687.0,-72687.0,30483.0,0.0,0.0,0.0,-24263.0,-24263.0,-0.001585,-0.001585,15304187,15304187,https://www.sedar.com/ModifyCompanyDocumentSearchForm.do?lang=EN&company_search=Eastmain Resources Inc&document_selection=0&industry_group=A&FromDate=13&FromMonth=05&FromYear=2000&ToDate=13&ToMonth=11&ToYear=2020&Variable=Issuer,https://www.sedar.com/ModifyCompanyDocumentSearchForm.do?lang=EN&company_search=Eastmain Resources Inc&document_selection=0&industry_group=A&FromDate=13&FromMonth=05&FromYear=2000&ToDate=13&ToMonth=11&ToYear=2020&Variable=Issuer,1620591734,16:22:14,20210509
