,date,symbol,reportedCurrency,fillingDate,acceptedDate,period,revenue,costOfRevenue,grossProfit,grossProfitRatio,researchAndDevelopmentExpenses,generalAndAdministrativeExpenses,sellingAndMarketingExpenses,otherExpenses,operatingExpenses,costAndExpenses,interestExpense,depreciationAndAmortization,ebitda,ebitdaratio,operatingIncome,operatingIncomeRatio,totalOtherIncomeExpensesNet,incomeBeforeTax,incomeBeforeTaxRatio,incomeTaxExpense,netIncome,netIncomeRatio,eps,epsdiluted,weightedAverageShsOut,weightedAverageShsOutDil,link,finalLink,timestamp,est_time,est_date
0,2020-12-31,PNC,USD,2021-02-26,2021-02-26 13:29:49,Q4,8308000000,0.0,16901000.0,0.0020343042850264805,0.0,-2742000000,-105000000.0,0.0,-9452000000.0,0.0,-2378000000,-712000000,-711574000.0,-0.08564925373134329,426000.0,5.1275878671160326e-05,0.0,3271000.0,0.0003937168993740973,13000.0,3002000000.0,0.3613384689455946,7.020267254324929,7.020267254324929,427619048,427619048,https://www.sec.gov/Archives/edgar/data/713676/000071367621000025/0000713676-21-000025-index.htm,https://www.sec.gov/Archives/edgar/data/713676/000071367621000025/pnc-20201231.htm,1620596667,17:44:27,20210509
1,2020-06-30,PNC,USD,2020-08-04 00:00:00,2020-08-04 11:29:48,Q2,4076000000,0.0,0.0,0.0,0.0,1373000000,47000000.0,0.0,5306000000.0,0.0,328000000,384000000,0.0,0.0,0.0,-0.22129538763493622,0.0,-902000000.0,-0.22129538763493622,-158000000.0,3648000000.0,0.8949950932286556,8.4,8.4,427619048,427619048,https://www.sec.gov/Archives/edgar/data/713676/000071367620000115/0000713676-20-000115-index.htm,https://www.sec.gov/Archives/edgar/data/713676/000071367620000115/pncq2202010-q.htm,1620596667,17:44:27,20210509
2,2020-03-31,PNC,USD,2020-05-05,2020-05-05 11:56:20,Q1,4517000000,0.0,4517000000.0,1.0,0.0,1369000000,58000000.0,0.0,4146000000.0,0.0,689000000,328000000,329060000.0,0.07284923621872924,1060000.0,0.2346690281160062,0.0,1060000000.0,0.2346690281160062,145000000.0,908000000.0,0.20101837502767322,1.990566,1.95,424000000,430000000,https://www.sec.gov/Archives/edgar/data/713676/000071367620000078/0000713676-20-000078-index.htm,https://www.sec.gov/Archives/edgar/data/713676/000071367620000078/pncq1202010-q.htm,1620596667,17:44:27,20210509
3,2019-12-31,PNC,USD,2020-03-02 00:00:00,2020-02-28 19:05:36,Q4,4609000000,0.0,0.0,0.0,0.0,1468000000,77000000.0,0.0,3829000000.0,0.0,846000000,411000000,0.0,0.0,0.0,0.35278802343241483,0.0,1626000000.0,0.35278802343241483,245000000.0,1367000000.0,0.29659362117596005,2.98,2.97,437000000,438000000,https://www.sec.gov/Archives/edgar/data/713676/000071367620000042/0000713676-20-000042-index.html,https://www.sec.gov/Archives/edgar/data/713676/000071367620000042/pnc201910-k.htm,1620596667,17:44:27,20210509
4,2019-09-30,PNC,USD,2019-11-04 00:00:00,2019-11-04 10:49:53,Q3,4493000000,0.0,0.0,0.0,0.0,1400000000,76000000.0,0.0,3805000000.0,0.0,999000000,325000000,0.0,0.0,0.0,0.37547295793456487,0.0,1687000000.0,0.37547295793456487,295000000.0,1379000000.0,0.30692187847763186,2.995444,2.94,439000000,445000000,https://www.sec.gov/Archives/edgar/data/713676/000071367619000073/0000713676-19-000073-index.html,https://www.sec.gov/Archives/edgar/data/713676/000071367619000073/pncq3201910-q.htm,1620596667,17:44:27,20210509
5,2019-06-30,PNC,USD,2019-08-01,2019-08-01 14:56:35,Q2,4439000000,0.0,0.0,0.0,0.0,1365000000,83000000.0,0.0,3790000000.0,0.0,999000000,307000000,0.0,0.0,0.0,0.3712547871142149,0.0,1648000000.0,0.3712547871142149,274000000.0,1362000000.0,0.3068258616805587,2.89,2.88,451000000,452000000,https://www.sec.gov/Archives/edgar/data/713676/000071367619000055/pncq2201910-q.htm,https://www.sec.gov/Archives/edgar/data/713676/000071367619000055/pncq2201910-q.htm,1620596667,17:44:27,20210509
6,2019-03-31,PNC,USD,2019-05-03 00:00:00,2019-05-03 09:09:59,Q1,4286000000,0.0,0.0,0.0,0.0,1414000000,65000000.0,0.0,3720000000.0,0.0,953000000,272000000,0.0,0.0,0.0,0.3544097060195987,0.0,1519000000.0,0.3544097060195987,248000000.0,1261000000.0,0.2942137190853943,2.62,2.61,455000000,456000000,https://www.sec.gov/Archives/edgar/data/713676/000071367619000035/0000713676-19-000035-index.html,https://www.sec.gov/Archives/edgar/data/713676/000071367619000035/pncq1201910-q.htm,1620596667,17:44:27,20210509
7,2018-12-31,PNC,USD,2019-03-01 00:00:00,2019-03-01 09:19:59,Q4,4340000000,0.0,0.0,0.0,0.0,1348000000,84000000.0,0.0,3603000000.0,0.0,878000000,290000000,0.0,0.0,0.0,0.3721198156682028,0.0,1615000000.0,0.3721198156682028,264000000.0,1337000000.0,0.30806451612903224,2.77,2.75,461000000,463000000,https://www.sec.gov/Archives/edgar/data/713676/000071367619000015/0000713676-19-000015-index.html,https://www.sec.gov/Archives/edgar/data/713676/000071367619000015/pnc201810k.htm,1620596667,17:44:27,20210509
8,2018-09-30,PNC,USD,2018-11-01 00:00:00,2018-11-01 12:49:07,Q3,4357000000,0.0,0.0,0.0,0.0,1413000000,71000000.0,0.0,3453000000.0,0.0,757000000,272000000,0.0,0.0,0.0,0.3812256139545559,0.0,1661000000.0,0.3812256139545559,261000000.0,1389000000.0,0.3187973376176268,2.84,2.82,465000000,467000000,https://www.sec.gov/Archives/edgar/data/713676/000071367618000081/0000713676-18-000081-index.html,https://www.sec.gov/Archives/edgar/data/713676/000071367618000081/pncq3201810-q.htm,1620596667,17:44:27,20210509
9,2018-06-30,PNC,USD,2018-08-02 00:00:00,2018-08-02 15:30:43,Q2,4324000000,0.0,0.0,0.0,0.0,1356000000,75000000.0,0.0,3333000000.0,0.0,669000000,287000000,0.0,0.0,0.0,0.38390379278445885,0.0,1660000000.0,0.38390379278445885,304000000.0,1346000000.0,0.3112858464384829,2.894624,2.72,465000000,472000000,https://www.sec.gov/Archives/edgar/data/713676/000071367618000065/0000713676-18-000065-index.html,https://www.sec.gov/Archives/edgar/data/713676/000071367618000065/pncq2201810-q.htm,1620596667,17:44:27,20210509
10,2018-03-31,PNC,USD,2018-05-03 00:00:00,2018-05-03 13:12:52,Q1,4111000000,0.0,0.0,0.0,0.0,1354000000,55000000.0,0.0,3176000000.0,0.0,557000000,280000000,0.0,0.0,0.0,0.36292872780345414,0.0,1492000000.0,0.36292872780345414,253000000.0,1229000000.0,0.29895402578448066,2.614894,2.43,470000000,476000000,https://www.sec.gov/Archives/edgar/data/713676/000071367618000052/0000713676-18-000052-index.html,https://www.sec.gov/Archives/edgar/data/713676/000071367618000052/pncq1201810-q.htm,1620596667,17:44:27,20210509
11,2017-12-31,PNC,USD,2018-02-28 00:00:00,2018-02-28 17:20:39,Q4,4260000000,0.0,0.0,0.0,0.0,1438000000,60000000.0,0.0,3666000000.0,0.0,480000000,258000000,0.0,0.0,0.0,0.252112676056338,0.0,1074000000.0,0.252112676056338,-1017000000.0,2080000000.0,0.48826291079812206,4.23,4.18,476000000,480000000,https://www.sec.gov/Archives/edgar/data/713676/000071367618000032/0000713676-18-000032-index.html,https://www.sec.gov/Archives/edgar/data/713676/000071367618000032/pnc-12312017x10k.htm,1620596667,17:44:27,20210509
12,2017-09-30,PNC,USD,2017-10-31 00:00:00,2017-10-31 16:51:47,Q3,4125000000,0.0,0.0,0.0,0.0,1274000000,62000000.0,0.0,3036000000.0,0.0,450000000,291000000,0.0,0.0,0.0,0.3730909090909091,0.0,1539000000.0,0.3730909090909091,413000000.0,1114000000.0,0.27006060606060606,2.18,2.16,479000000,483000000,https://www.sec.gov/Archives/edgar/data/713676/000071367617000013/0000713676-17-000013-index.html,https://www.sec.gov/Archives/edgar/data/713676/000071367617000013/pnc3q1710-q.htm,1620596667,17:44:27,20210509
13,2017-06-30,PNC,USD,2017-08-02 00:00:00,2017-08-02 12:10:55,Q2,4060000000,0.0,0.0,0.0,0.0,1263000000,67000000.0,0.0,2993000000.0,0.0,416000000,289000000,0.0,0.0,0.0,0.3652709359605911,0.0,1483000000.0,0.3652709359605911,386000000.0,1087000000.0,0.26773399014778326,2.12,2.1,484000000,488000000,https://www.sec.gov/Archives/edgar/data/713676/000119312517245392/0001193125-17-245392-index.html,https://www.sec.gov/Archives/edgar/data/713676/000119312517245392/d366657d10q.htm,1620596667,17:44:27,20210509
14,2017-03-31,PNC,USD,2017-05-03 00:00:00,2017-05-03 13:51:11,Q1,3884000000,0.0,0.0,0.0,0.0,1249000000,55000000.0,0.0,2850000000.0,0.0,360000000,279000000,0.0,0.0,0.0,0.358908341915551,0.0,1394000000.0,0.358908341915551,320000000.0,1057000000.0,0.27214212152420186,1.99,1.96,487000000,492000000,https://www.sec.gov/Archives/edgar/data/713676/000119312517155839/0001193125-17-155839-index.html,https://www.sec.gov/Archives/edgar/data/713676/000119312517155839/d324114d10q.htm,1620596667,17:44:27,20210509
15,2016-12-31,PNC,USD,2017-02-28 00:00:00,2017-02-28 16:56:13,Q4,3874000000,0.0,0.0,0.0,0.0,1231000000,60000000.0,0.0,2831000000.0,0.0,323000000,276000000,0.0,0.0,0.0,0.35260712441920494,0.0,1366000000.0,0.35260712441920494,319000000.0,1025000000.0,0.2645844088797109,2.01,1.97,487000000,494000000,https://www.sec.gov/Archives/edgar/data/713676/000119312517062524/0001193125-17-062524-index.html,https://www.sec.gov/Archives/edgar/data/713676/000119312517062524/d300732d10k.htm,1620596667,17:44:27,20210509
16,2016-09-30,PNC,USD,2016-11-04 00:00:00,2016-11-04 07:51:53,Q3,3829000000,0.0,0.0,0.0,0.0,1239000000,72000000.0,0.0,2794000000.0,0.0,313000000,356000000,0.0,0.0,0.0,0.35205014364063725,0.0,1348000000.0,0.35205014364063725,342000000.0,988000000.0,0.2580308174458083,1.87,1.84,490000000,496000000,https://www.sec.gov/Archives/edgar/data/713676/000119312516759559/0001193125-16-759559-index.html,https://www.sec.gov/Archives/edgar/data/713676/000119312516759559/d249048d10q.htm,1620596667,17:44:27,20210509
17,2016-06-30,PNC,USD,2016-08-03,2016-08-03 12:45:43,Q2,3794000000,0.0,0.0,0.0,0.0,1226000000,61000000.0,0.0,2803000000.0,0.0,316000000,291000000,0.0,0.0,0.0,0.3444913020558777,0.0,1307000000.0,0.3444913020558777,318000000.0,966000000.0,0.25461254612546125,1.84,1.82,497000000,503000000,https://www.sec.gov/Archives/edgar/data/713676/000119312516669661/d209081d10q.htm,https://www.sec.gov/Archives/edgar/data/713676/000119312516669661/d209081d10q.htm,1620596667,17:44:27,20210509
18,2016-03-31,PNC,USD,2016-05-04 00:00:00,2016-05-04 14:17:45,Q1,3665000000,0.0,0.0,0.0,0.0,1145000000,54000000.0,0.0,2742000000.0,0.0,309000000,270000000,0.0,0.0,0.0,0.33615279672578446,0.0,1232000000.0,0.33615279672578446,289000000.0,924000000.0,0.25211459754433835,1.7,1.68,501000000,507000000,https://www.sec.gov/Archives/edgar/data/713676/000119312516577177/0001193125-16-577177-index.html,https://www.sec.gov/Archives/edgar/data/713676/000119312516577177/d170252d10q.htm,1620596667,17:44:27,20210509
19,2015-12-31,PNC,USD,2016-02-29 00:00:00,2016-02-26 18:10:56,Q4,3853000000,0.0,0.0,0.0,0.0,1252000000,56000000.0,0.0,2736000000.0,0.0,266000000,286000000,0.0,0.0,0.0,0.3589410848689333,0.0,1383000000.0,0.3589410848689333,361000000.0,1008000000.0,0.2616143264988321,1.9,1.87,506000000,513000000,https://www.sec.gov/Archives/edgar/data/713676/000119312516482577/0001193125-16-482577-index.html,https://www.sec.gov/Archives/edgar/data/713676/000119312516482577/d100758d10k.htm,1620596667,17:44:27,20210509
20,2015-09-30,PNC,USD,2015-11-05 00:00:00,2015-11-04 18:27:48,Q3,3775000000,0.0,0.0,0.0,0.0,1222000000,64000000.0,0.0,2712000000.0,0.0,279000000,272000000,0.0,0.0,0.0,0.35549668874172186,0.0,1342000000.0,0.35549668874172186,269000000.0,1055000000.0,0.27947019867549666,1.93,1.9,512000000,520000000,https://www.sec.gov/Archives/edgar/data/713676/000119312515366426/0001193125-15-366426-index.html,https://www.sec.gov/Archives/edgar/data/713676/000119312515366426/d83155d10q.htm,1620596667,17:44:27,20210509
21,2015-06-30,PNC,USD,2015-08-05 00:00:00,2015-08-05 09:31:49,Q2,3866000000,0.0,0.0,0.0,0.0,1200000000,67000000.0,0.0,2665000000.0,0.0,253000000,278000000,0.0,0.0,0.0,0.3760993274702535,0.0,1454000000.0,0.3760993274702535,410000000.0,1040000000.0,0.26901189860320746,1.92,1.88,517000000,525000000,https://www.sec.gov/Archives/edgar/data/713676/000119312515277885/0001193125-15-277885-index.html,https://www.sec.gov/Archives/edgar/data/713676/000119312515277885/d943118d10q.htm,1620596667,17:44:27,20210509
22,2015-03-31,PNC,USD,2015-05-07 00:00:00,2015-05-07 11:46:24,Q1,3731000000,0.0,0.0,0.0,0.0,1157000000,62000000.0,0.0,2650000000.0,0.0,247000000,252000000,0.0,0.0,0.0,0.35593674618064863,0.0,1328000000.0,0.35593674618064863,324000000.0,1003000000.0,0.2688287322433664,1.79,1.75,521000000,529000000,https://www.sec.gov/Archives/edgar/data/713676/000119312515176399/0001193125-15-176399-index.html,https://www.sec.gov/Archives/edgar/data/713676/000119312515176399/d897345d10q.htm,1620596667,17:44:27,20210509
23,2014-12-31,PNC,USD,2015-03-02,2015-02-27 17:51:38,Q4,3947000000,0.0,0.0,0.0,0.0,1170000000,67000000.0,0.0,2831000000.0,0.0,240000000,264000000,0.0,0.0,0.0,0.3435520648593869,0.0,1356000000.0,0.3435520648593869,299000000.0,1036000000.0,0.26247783126425134,1.88,1.84,524000000,532000000,https://www.sec.gov/Archives/edgar/data/713676/000119312515070443/d836469d10k.htm,https://www.sec.gov/Archives/edgar/data/713676/000119312515070443/d836469d10k.htm,1620596667,17:44:27,20210509
24,2014-09-30,PNC,USD,2014-11-05 00:00:00,2014-11-05 15:06:34,Q3,3841000000,0.0,0.0,0.0,0.0,1189000000,66000000.0,0.0,2636000000.0,0.0,224000000,248000000,0.0,0.0,0.0,0.3720385316323874,0.0,1429000000.0,0.3720385316323874,391000000.0,1037000000.0,0.2699817755792762,1.82,1.79,529000000,537000000,https://www.sec.gov/Archives/edgar/data/713676/000119312514398221/0001193125-14-398221-index.html,https://www.sec.gov/Archives/edgar/data/713676/000119312514398221/d786733d10q.htm,1620596667,17:44:27,20210509
25,2014-06-30,PNC,USD,2014-08-07 00:00:00,2014-08-07 15:45:13,Q2,3810000000,0.0,0.0,0.0,0.0,1172000000,68000000.0,0.0,2627000000.0,0.0,227000000,240000000,0.0,0.0,0.0,0.3700787401574803,0.0,1410000000.0,0.3700787401574803,358000000.0,1049000000.0,0.2753280839895013,1.971805,1.85,532000000,539000000,https://www.sec.gov/Archives/edgar/data/713676/000119312514300595/0001193125-14-300595-index.html,https://www.sec.gov/Archives/edgar/data/713676/000119312514300595/d739722d10q.htm,1620596667,17:44:27,20210509
26,2014-03-31,PNC,USD,2014-05-08 00:00:00,2014-05-08 15:30:32,Q1,3777000000,0.0,0.0,0.0,0.0,1080000000,52000000.0,0.0,2573000000.0,0.0,215000000,236000000,0.0,0.0,0.0,0.37569499602859413,0.0,1419000000.0,0.37569499602859413,359000000.0,1062000000.0,0.2811755361397935,1.988764,1.82,534000000,539000000,https://www.sec.gov/Archives/edgar/data/713676/000119312514189806/0001193125-14-189806-index.html,https://www.sec.gov/Archives/edgar/data/713676/000119312514189806/d701673d10q.htm,1620596667,17:44:27,20210509
27,2013-12-31,PNC,USD,2014-03-03,2014-02-28 17:45:46,Q4,4073000000,0.0,0.0,0.0,0.0,1207000000,66000000.0,0.0,2840000000.0,0.0,213000000,263000000,0.0,0.0,0.0,0.34691873312054994,0.0,1413000000.0,0.34691873312054994,352000000.0,1048000000.0,0.2573041983795728,1.87,1.85,530000000,535000000,https://www.sec.gov/Archives/edgar/data/713676/000119312514077944/d634352d10k.htm,https://www.sec.gov/Archives/edgar/data/713676/000119312514077944/d634352d10k.htm,1620596667,17:44:27,20210509
28,2013-09-30,PNC,USD,2013-11-06 00:00:00,2013-11-06 16:59:52,Q3,3920000000,0.0,0.0,0.0,0.0,1181000000,68000000.0,0.0,2745000000.0,0.0,214000000,300000000,0.0,0.0,0.0,0.3466836734693878,0.0,1359000000.0,0.3466836734693878,320000000.0,1037000000.0,0.2645408163265306,1.949248,1.79,532000000,534000000,https://www.sec.gov/Archives/edgar/data/713676/000119312513430324/0001193125-13-430324-index.html,https://www.sec.gov/Archives/edgar/data/713676/000119312513430324/d593875d10q.htm,1620596667,17:44:27,20210509
29,2013-06-30,PNC,USD,2013-08-08 00:00:00,2013-08-08 11:30:46,Q2,4064000000,0.0,0.0,0.0,0.0,1186000000,67000000.0,0.0,2773000000.0,0.0,211000000,300000000,0.0,0.0,0.0,0.36220472440944884,0.0,1472000000.0,0.36220472440944884,349000000.0,1122000000.0,0.27608267716535434,2.02,1.99,528000000,531000000,https://www.sec.gov/Archives/edgar/data/713676/000119312513326063/0001193125-13-326063-index.html,https://www.sec.gov/Archives/edgar/data/713676/000119312513326063/d546718d10q.htm,1620596667,17:44:27,20210509
30,2013-03-31,PNC,USD,2013-05-09 00:00:00,2013-05-09 14:48:30,Q1,3955000000,0.0,0.0,0.0,0.0,1169000000,45000000.0,0.0,2826000000.0,0.0,222000000,283000000,0.0,0.0,0.0,0.3347661188369153,0.0,1324000000.0,0.3347661188369153,320000000.0,1013000000.0,0.2561314791403287,1.78,1.76,526000000,528000000,https://www.sec.gov/Archives/edgar/data/713676/000119312513210673/0001193125-13-210673-index.html,https://www.sec.gov/Archives/edgar/data/713676/000119312513210673/d510120d10q.htm,1620596667,17:44:27,20210509
31,2012-12-31,PNC,USD,2013-03-01 00:00:00,2013-02-28 18:10:21,Q4,4069000000,0.0,0.0,0.0,0.0,1216000000,70000000.0,0.0,3298000000.0,0.0,247000000,298000000,0.0,0.0,0.0,0.22659130007372819,0.0,922000000.0,0.22659130007372819,203000000.0,718000000.0,0.17645613172769722,1.26,1.24,526000000,528000000,https://www.sec.gov/Archives/edgar/data/713676/000119312513085012/0001193125-13-085012-index.html,https://www.sec.gov/Archives/edgar/data/713676/000119312513085012/d446794d10k.htm,1620596667,17:44:27,20210509
32,2012-09-30,PNC,USD,2012-11-08 00:00:00,2012-11-08 14:52:39,Q3,4088000000,0.0,0.0,0.0,0.0,1171000000,74000000.0,0.0,3149000000.0,0.0,271000000,307000000,0.0,0.0,0.0,0.29598825831702547,0.0,1210000000.0,0.29598825831702547,285000000.0,939000000.0,0.22969667318982387,1.66,1.64,526000000,529000000,https://www.sec.gov/Archives/edgar/data/713676/000119312512460110/0001193125-12-460110-index.html,https://www.sec.gov/Archives/edgar/data/713676/000119312512460110/d407118d10q.htm,1620596667,17:44:27,20210509
33,2012-06-30,PNC,USD,2012-08-08 00:00:00,2012-08-08 12:39:02,Q2,3623000000,0.0,0.0,0.0,0.0,1119000000,67000000.0,34000000.0,3174000000.0,0.0,270000000,285000000,0.0,0.0,0.0,0.19845431962462048,0.0,719000000.0,0.19845431962462048,173000000.0,551000000.0,0.15208390836323488,1.0,0.98,527000000,530000000,https://www.sec.gov/Archives/edgar/data/713676/000119312512343279/0001193125-12-343279-index.html,https://www.sec.gov/Archives/edgar/data/713676/000119312512343279/d361658d10q.htm,1620596667,17:44:27,20210509
34,2012-03-31,PNC,USD,2012-05-09,2012-05-09 17:15:18,Q1,3732000000,0.0,0.0,0.0,0.0,1111000000,68000000.0,38000000.0,2946000000.0,0.0,306000000,269000000,0.0,0.0,0.0,0.29260450160771706,0.0,1092000000.0,0.29260450160771706,281000000.0,805000000.0,0.21570203644158628,1.45,1.44,526000000,529000000,https://www.sec.gov/Archives/edgar/data/713676/000119312512087345/d260760d10k.htm,https://www.sec.gov/Archives/edgar/data/713676/000119312512087345/d260760d10k.htm,1620596667,17:44:27,20210509
35,2011-12-31,PNC,USD,2012-02-29 00:00:00,2012-02-29 09:11:48,Q4,3549000000,0.0,0.0,0.0,0.0,1052000000,74000000.0,0.0,3244000000.0,0.0,335000000,290000000,0.0,0.0,0.0,0.1803324880247957,0.0,640000000.0,0.1803324880247957,147000000.0,476000000.0,0.1341222879684418,0.9049429657794676,0.9049429657794676,526000000,526000000,https://www.sec.gov/Archives/edgar/data/713676/000119312512087345/0001193125-12-087345-index.html,https://www.sec.gov/Archives/edgar/data/713676/000119312512087345/d260760d10k.htm,1620596667,17:44:27,20210509
36,2011-09-30,PNC,USD,2011-11-08 00:00:00,2011-11-08 10:35:22,Q3,3544000000,0.0,0.0,0.0,0.0,949000000,72000000.0,35000000.0,2756000000.0,0.0,355000000,281000000,0.0,0.0,0.0,0.32251693002257337,0.0,1143000000.0,0.32251693002257337,309000000.0,830000000.0,0.23419864559819414,1.57,1.55,524000000,526000000,https://www.sec.gov/Archives/edgar/data/713676/000119312511301292/0001193125-11-301292-index.html,https://www.sec.gov/Archives/edgar/data/713676/000119312511301292/d250585d10q.htm,1620596667,17:44:27,20210509
37,2011-06-30,PNC,USD,2011-08-08 00:00:00,2011-08-08 15:29:09,Q2,3602000000,0.0,0.0,0.0,0.0,976000000,63000000.0,39000000.0,2853000000.0,0.0,397000000,290000000,0.0,0.0,0.0,0.3181565796779567,0.0,1146000000.0,0.3181565796779567,234000000.0,911000000.0,0.2529150471960022,1.69,1.67,524000000,527000000,https://www.sec.gov/Archives/edgar/data/713676/000119312511214122/0001193125-11-214122-index.html,https://www.sec.gov/Archives/edgar/data/713676/000119312511214122/d10q.htm,1620596667,17:44:27,20210509
38,2011-03-31,PNC,USD,2011-05-09 00:00:00,2011-05-09 08:14:55,Q1,3665000000,0.0,0.0,0.0,0.0,989000000,40000000.0,34000000.0,2898000000.0,0.0,407000000,279000000,0.0,0.0,0.0,0.31105047748976805,0.0,1140000000.0,0.31105047748976805,308000000.0,837000000.0,0.22837653478854025,1.58365,1.57,526000000,530573248,https://www.sec.gov/Archives/edgar/data/713676/000119312511131571/0001193125-11-131571-index.html,https://www.sec.gov/Archives/edgar/data/713676/000119312511131571/d10q.htm,1620596667,17:44:27,20210509
39,2010-12-31,PNC,USD,2011-03-01 00:00:00,2011-03-01 14:09:01,Q4,3622000000,0.0,0.0,0.0,0.0,1032000000,70000000.0,0.0,3252000000.0,0.0,470000000,306000000,0.0,0.0,0.0,0.3094975151849807,0.0,1121000000.0,0.3094975151849807,301000000.0,823000000.0,0.22722252898950857,1.564638783269962,1.564638783269962,526000000,526000000,https://www.sec.gov/Archives/edgar/data/713676/000119312511051725/0001193125-11-051725-index.html,https://www.sec.gov/Archives/edgar/data/713676/000119312511051725/d10k.htm,1620596667,17:44:27,20210509
40,2010-09-30,PNC,USD,2010-11-09 00:00:00,2010-11-09 08:50:15,Q3,3669000000,0.0,0.0,0.0,0.0,959000000,81000000.0,71000000.0,3130000000.0,0.0,486000000,311000000,0.0,0.0,0.0,0.26001635322976285,0.0,954000000.0,0.26001635322976285,179000000.0,1101000000.0,0.3000817661488144,2.08,2.07,523000000,526000000,https://www.sec.gov/Archives/edgar/data/713676/000119312510253305/0001193125-10-253305-index.html,https://www.sec.gov/Archives/edgar/data/713676/000119312510253305/d10q.htm,1620596667,17:44:27,20210509
41,2010-06-30,PNC,USD,2010-08-09 00:00:00,2010-08-09 12:24:32,Q2,4006000000,0.0,0.0,0.0,0.0,959000000,65000000.0,94000000.0,3263000000.0,0.0,438000000,216000000,0.0,0.0,0.0,0.27134298552171743,0.0,1087000000.0,0.27134298552171743,306000000.0,812000000.0,0.20269595606590116,1.49,1.47,524000000,527000000,https://www.sec.gov/Archives/edgar/data/713676/000119312510182882/0001193125-10-182882-index.html,https://www.sec.gov/Archives/edgar/data/713676/000119312510182882/d10q.htm,1620596667,17:44:27,20210509
42,2010-03-31,PNC,USD,2010-05-07 00:00:00,2010-05-07 14:44:59,Q1,3879000000,0.0,0.0,0.0,0.0,956000000,50000000.0,116000000.0,3390000000.0,0.0,526000000,226000000,0.0,0.0,0.0,0.23176076308326887,0.0,899000000.0,0.23176076308326887,251000000.0,676000000.0,0.174271719515339,0.67,0.66,498000000,500000000,https://www.sec.gov/Archives/edgar/data/713676/000119312510112660/0001193125-10-112660-index.html,https://www.sec.gov/Archives/edgar/data/713676/000119312510112660/d10q.htm,1620596667,17:44:27,20210509
43,2009-12-31,PNC,USD,2010-03-11 00:00:00,2010-03-10 17:38:28,Q4,4466000000,0.0,0.0,0.0,0.0,699000000,59000000.0,144000000.0,3851000000.0,0.0,563000000,231000000,0.0,0.0,0.0,0.35042543663233316,0.0,1565000000.0,0.35042543663233316,503000000.0,1144000000.0,0.2561576354679803,2.2971887550200805,2.2971887550200805,498000000,498000000,https://www.sec.gov/Archives/edgar/data/713676/000119312510052794/0001193125-10-052794-index.html,https://www.sec.gov/Archives/edgar/data/713676/000119312510052794/d10k.htm,1620596667,17:44:27,20210509
44,2009-09-30,PNC,USD,2009-11-06 00:00:00,2009-11-06 13:59:48,Q3,4177000000,0.0,0.0,0.0,0.0,1158000000,58000000.0,129000000.0,3792000000.0,0.0,666000000,242000000,0.0,0.0,0.0,0.18075173569547523,0.0,755000000.0,0.18075173569547523,196000000.0,579000000.0,0.13861623174527174,1.01,1.0,460000000,461000000,https://www.sec.gov/Archives/edgar/data/713676/000119312509227195/0001193125-09-227195-index.html,https://www.sec.gov/Archives/edgar/data/713676/000119312509227195/d10q.htm,1620596667,17:44:27,20210509
45,2009-06-30,PNC,USD,2009-08-10 00:00:00,2009-08-10 15:49:18,Q2,4142000000,0.0,0.0,0.0,0.0,1174000000,59000000.0,155000000.0,4386000000.0,0.0,819000000,-143000000,0.0,0.0,0.0,0.05842588121680348,0.0,242000000.0,0.05842588121680348,35000000.0,198000000.0,0.04780299372283921,0.43902439024390244,0.4370860927152318,451000000,453000000,https://www.sec.gov/Archives/edgar/data/713676/000119312509170563/0001193125-09-170563-index.html,https://www.sec.gov/Archives/edgar/data/713676/000119312509170563/d10q.htm,1620596667,17:44:27,20210509
46,2009-03-31,PNC,USD,2009-05-11 00:00:00,2009-05-11 16:18:52,Q1,4020000000,0.0,0.0,0.0,0.0,1088000000,57000000.0,149000000.0,3977000000.0,0.0,955000000,648000000,0.0,0.0,0.0,0.16492537313432837,0.0,663000000.0,0.16492537313432837,133000000.0,526000000.0,0.13084577114427862,1.04,1.03,443000000,444000000,https://www.sec.gov/Archives/edgar/data/713676/000119312509107165/0001193125-09-107165-index.html,https://www.sec.gov/Archives/edgar/data/713676/000119312509107165/d10q.htm,1620596667,17:44:27,20210509
47,2008-12-31,PNC,USD,2009-03-02 00:00:00,2009-03-02 16:04:51,Q4,1676000000,0.0,0.0,0.0,0.0,494000000,31000000.0,0.0,1914000000.0,0.0,551000000,75000000,0.0,0.0,0.0,-0.26551312649164677,0.0,-445000000.0,-0.26551312649164677,-197000000.0,-248000000.0,-0.14797136038186157,-0.5598194130925508,-0.5598194130925508,443000000,443000000,https://www.sec.gov/Archives/edgar/data/713676/000119312509042518/0001193125-09-042518-index.html,https://www.sec.gov/Archives/edgar/data/713676/000119312509042518/d10k.htm,1620596667,17:44:27,20210509
48,2008-09-30,PNC,USD,2008-11-06 00:00:00,2008-11-06 15:24:06,Q3,1654000000,0.0,0.0,0.0,0.0,569000000,38000000.0,0.0,1895000000.0,0.0,574000000,82000000,0.0,0.0,0.0,0.1946795646916566,0.0,322000000.0,0.1946795646916566,74000000.0,248000000.0,0.14993954050785974,0.72,0.71,345000000,348000000,https://www.sec.gov/Archives/edgar/data/713676/000119312508227816/0001193125-08-227816-index.html,https://www.sec.gov/Archives/edgar/data/713676/000119312508227816/d10q.htm,1620596667,17:44:27,20210509
49,2008-06-30,PNC,USD,2008-08-08 00:00:00,2008-08-08 13:42:38,Q2,2039000000,0.0,0.0,0.0,0.0,547000000,34000000.0,0.0,1889000000.0,0.0,600000000,76000000,0.0,0.0,0.0,0.36194212849435997,0.0,738000000.0,0.36194212849435997,233000000.0,505000000.0,0.24767042667974498,1.47,1.45,344000000,347000000,https://www.sec.gov/Archives/edgar/data/713676/000119312508171626/0001193125-08-171626-index.html,https://www.sec.gov/Archives/edgar/data/713676/000119312508171626/d10q.htm,1620596667,17:44:27,20210509
50,2008-03-31,PNC,USD,2008-05-12 00:00:00,2008-05-12 10:40:56,Q1,1821000000,0.0,0.0,0.0,0.0,544000000,22000000.0,0.0,1951000000.0,0.0,765000000,92000000,0.0,0.0,0.0,0.34486545853926415,0.0,628000000.0,0.34486545853926415,251000000.0,377000000.0,0.2070291048874245,1.11,1.09,339000000,342000000,https://www.sec.gov/Archives/edgar/data/713676/000119312508110916/0001193125-08-110916-index.html,https://www.sec.gov/Archives/edgar/data/713676/000119312508110916/d10q.htm,1620596667,17:44:27,20210509
51,2007-12-31,PNC,USD,2008-02-29,2008-02-29 14:33:37,Q4,1627000000,0.0,0.0,0.0,0.0,553000000,29000000.0,0.0,1580000000.0,0.0,877000000,94000000,0.0,0.0,0.0,0.1389059618930547,0.0,226000000.0,0.1389059618930547,48000000.0,178000000.0,0.10940381069452981,0.5250737463126843,0.5250737463126843,339000000,339000000,https://www.sec.gov/Archives/edgar/data/713676/000119312508043429/d10k.htm,https://www.sec.gov/Archives/edgar/data/713676/000119312508043429/d10k.htm,1620596667,17:44:27,20210509
52,2007-09-30,PNC,USD,2007-11-08 00:00:00,2007-11-08 13:05:09,Q3,1751000000,0.0,0.0,0.0,0.0,553000000,36000000.0,0.0,2030000000.0,0.0,866000000,83000000,0.0,0.0,0.0,0.33523700742432894,0.0,587000000.0,0.33523700742432894,180000000.0,407000000.0,0.2324386065105654,1.21,1.19,337000000,340000000,https://www.sec.gov/Archives/edgar/data/713676/000119312507239957/0001193125-07-239957-index.html,https://www.sec.gov/Archives/edgar/data/713676/000119312507239957/d10q.htm,1620596667,17:44:27,20210509
53,2007-06-30,PNC,USD,2007-08-08 00:00:00,2007-08-08 14:54:18,Q2,1713000000,0.0,0.0,0.0,0.0,544000000,29000000.0,0.0,1910000000.0,0.0,816000000,78000000,0.0,0.0,0.0,0.3613543490951547,0.0,619000000.0,0.3613543490951547,196000000.0,423000000.0,0.2469352014010508,1.24,1.22,342000000,346000000,https://www.sec.gov/Archives/edgar/data/713676/000119312507175385/0001193125-07-175385-index.html,https://www.sec.gov/Archives/edgar/data/713676/000119312507175385/d10q.htm,1620596667,17:44:27,20210509
54,2007-03-31,PNC,USD,2007-05-09 00:00:00,2007-05-09 15:35:04,Q1,1614000000,0.0,0.0,0.0,0.0,490000000,21000000.0,0.0,1644000000.0,0.0,692000000,77000000,0.0,0.0,0.0,0.41016109045848825,0.0,662000000.0,0.41016109045848825,203000000.0,459000000.0,0.2843866171003718,1.49,1.46,308000000,312000000,https://www.sec.gov/Archives/edgar/data/713676/000119312507108115/0001193125-07-108115-index.html,https://www.sec.gov/Archives/edgar/data/713676/000119312507108115/d10q.htm,1620596667,17:44:27,20210509
55,2006-12-31,PNC,USD,2007-03-01,2007-03-01 12:07:50,Q4,1535000000,0.0,0.0,0.0,0.0,497000000,23000000.0,0.0,1662000000.0,0.0,651000000,77000000,0.0,0.0,0.0,0.34136807817589576,0.0,524000000.0,0.34136807817589576,148000000.0,376000000.0,0.24495114006514657,1.2207792207792207,1.2207792207792207,308000000,308000000,https://www.sec.gov/Archives/edgar/data/713676/000119312507043840/d10k.htm,https://www.sec.gov/Archives/edgar/data/713676/000119312507043840/d10k.htm,1620596667,17:44:27,20210509
56,2006-09-30,PNC,USD,2006-11-09,2006-11-09 13:58:48,Q3,3510000000,0.0,0.0,0.0,0.0,659000000,39000000.0,0.0,1819000000.0,0.0,636000000,86000000,0.0,0.0,0.0,0.6612535612535613,0.0,2321000000.0,0.6612535612535613,837000000.0,1484000000.0,0.42279202279202277,5.09,5.01,291000000,296000000,https://www.sec.gov/Archives/edgar/data/713676/000119312506230017/d10q.htm,https://www.sec.gov/Archives/edgar/data/713676/000119312506230017/d10q.htm,1620596667,17:44:27,20210509
57,2006-06-30,PNC,USD,2006-08-09,2006-08-09 12:02:52,Q2,1786000000,0.0,0.0,0.0,0.0,634000000,22000000.0,0.0,1759000000.0,0.0,570000000,89000000,0.0,0.0,0.0,0.3236282194848824,0.0,578000000.0,0.3236282194848824,197000000.0,381000000.0,0.21332586786114222,1.3,1.28,293000000,297000000,https://www.sec.gov/Archives/edgar/data/713676/000119312506167183/d10q.htm,https://www.sec.gov/Archives/edgar/data/713676/000119312506167183/d10q.htm,1620596667,17:44:27,20210509
58,2006-03-31,PNC,USD,2006-05-09,2006-05-09 16:14:46,Q1,1741000000,0.0,0.0,0.0,0.0,642000000,20000000.0,0.0,1694000000.0,0.0,510000000,93000000,0.0,0.0,0.0,0.30729465824238944,0.0,535000000.0,0.30729465824238944,181000000.0,354000000.0,0.20333141872487076,1.21,1.19,292000000,296000000,https://www.sec.gov/Archives/edgar/data/713676/000119312506054637/d10k.htm,https://www.sec.gov/Archives/edgar/data/713676/000119312506054637/d10k.htm,1620596667,17:44:27,20210509
59,2005-12-31,PNC,USD,2006-03-15,2006-03-15 11:46:36,Q4,1706000000,0.0,0.0,0.0,0.0,633000000,31000000.0,0.0,1610000000.0,0.0,479000000,98000000,0.0,0.0,0.0,0.3141852286049238,0.0,536000000.0,0.3141852286049238,181000000.0,355000000.0,0.20808909730363423,1.2157534246575343,1.2157534246575343,292000000,292000000,https://www.sec.gov/Archives/edgar/data/713676/000119312506054637/d10k.htm,https://www.sec.gov/Archives/edgar/data/713676/000119312506054637/d10k.htm,1620596667,17:44:27,20210509
60,2005-09-30,PNC,USD,2005-11-07,2005-11-07 11:28:04,Q3,1672000000,0.0,0.0,0.0,0.0,631000000,30000000.0,0.0,1611000000.0,0.0,436000000,111000000,0.0,0.0,0.0,0.29066985645933013,0.0,486000000.0,0.29066985645933013,152000000.0,334000000.0,0.19976076555023922,1.16,1.14,289000000,292000000,https://www.sec.gov/Archives/edgar/data/713676/000119312505217775/d10q.htm,https://www.sec.gov/Archives/edgar/data/713676/000119312505217775/d10q.htm,1620596667,17:44:27,20210509
61,2005-06-30,PNC,USD,2005-08-05,2005-08-05 15:55:42,Q2,1459000000,0.0,0.0,0.0,0.0,567000000,25000000.0,0.0,1380000000.0,0.0,367000000,86000000,0.0,0.0,0.0,0.3022618231665524,0.0,441000000.0,0.3022618231665524,159000000.0,282000000.0,0.19328307059629884,0.99,0.98,285000000,288000000,https://www.sec.gov/Archives/edgar/data/713676/000119312505159076/d10q.htm,https://www.sec.gov/Archives/edgar/data/713676/000119312505159076/d10q.htm,1620596667,17:44:27,20210509
62,2005-03-31,PNC,USD,2005-05-09,2005-05-09 15:27:05,Q1,1479000000,0.0,0.0,0.0,0.0,562000000,20000000.0,0.0,1306000000.0,0.0,298000000,80000000,0.0,0.0,0.0,0.31507775524002707,0.0,466000000.0,0.31507775524002707,112000000.0,354000000.0,0.23935091277890466,1.26,1.24,281000000,284000000,https://www.sec.gov/Archives/edgar/data/713676/000119312505052209/d10k.htm,https://www.sec.gov/Archives/edgar/data/713676/000119312505052209/d10k.htm,1620596667,17:44:27,20210509
63,2004-12-31,PNC,USD,2005-03-16,2005-03-16 11:13:58,Q4,1407000000,0.0,0.0,0.0,0.0,534000000,24000000.0,0.0,0.0,0.0,240000000,76000000,0.0,0.0,0.0,0.30845771144278605,0.0,434000000.0,0.30845771144278605,127000000.0,307000000.0,0.21819474058280028,1.092526690391459,1.092526690391459,281000000,281000000,https://www.sec.gov/Archives/edgar/data/713676/000119312505052209/d10k.htm,https://www.sec.gov/Archives/edgar/data/713676/000119312505052209/d10k.htm,1620596667,17:44:27,20210509
64,2004-09-30,PNC,USD,2004-11-05,2004-11-05 14:59:20,Q3,1329000000,0.0,0.0,0.0,0.0,576000000,19000000.0,0.0,0.0,0.0,194000000,76000000,0.0,0.0,0.0,0.2618510158013544,0.0,348000000.0,0.2618510158013544,90000000.0,258000000.0,0.19413092550790068,0.92,0.91,281000000,283000000,https://www.sec.gov/Archives/edgar/data/713676/000119312504187756/d10q.htm,https://www.sec.gov/Archives/edgar/data/713676/000119312504187756/d10q.htm,1620596667,17:44:27,20210509
65,2004-06-30,PNC,USD,2004-08-09,2004-08-09 12:51:37,Q2,1391000000,0.0,0.0,0.0,0.0,491000000,24000000.0,0.0,0.0,0.0,177000000,77000000,0.0,0.0,0.0,0.3321351545650611,0.0,462000000.0,0.3321351545650611,158000000.0,304000000.0,0.21854780733285406,1.08,1.07,281000000,283000000,https://www.sec.gov/Archives/edgar/data/713676/000119312504135559/d10q.htm,https://www.sec.gov/Archives/edgar/data/713676/000119312504135559/d10q.htm,1620596667,17:44:27,20210509
66,2004-03-31,PNC,USD,2004-05-10,2004-05-10 11:10:25,Q1,1405000000,0.0,0.0,0.0,0.0,463000000,20000000.0,0.0,0.0,0.0,172000000,73000000,0.0,0.0,0.0,0.3494661921708185,0.0,491000000.0,0.3494661921708185,163000000.0,328000000.0,0.23345195729537366,1.16,1.15,282000000,284000000,https://www.sec.gov/Archives/edgar/data/713676/000119312504083199/d10q.htm,https://www.sec.gov/Archives/edgar/data/713676/000119312504083199/d10q.htm,1620596667,17:44:27,20210509
67,2003-12-31,PNC,USD,2003-12-31,2003-12-31,Q4,1240000000,0.0,0.0,0.0,0.0,468000000,15000000.0,0.0,0.0,0.0,150000000,74000000,0.0,0.0,0.0,0.36129032258064514,0.0,448000000.0,0.36129032258064514,146000000.0,274000000.0,0.22096774193548388,0.9716312056737588,0.9716312056737588,282000000,282000000,,,1620596667,17:44:27,20210509
68,2003-09-30,PNC,USD,2003-09-30,2003-09-30,Q3,1418000000,0.0,0.0,0.0,0.0,452000000,16000000.0,0.0,0.0,0.0,206000000,73000000,0.0,0.0,0.0,0.3053596614950635,0.0,433000000.0,0.3053596614950635,152000000.0,281000000.0,0.19816643159379407,1.01,1.0,278000000,280000000,,,1620596667,17:44:27,20210509
69,2003-06-30,PNC,USD,2003-06-30,2003-06-30,Q2,1297000000,0.0,0.0,0.0,0.0,446000000,18000000.0,0.0,0.0,0.0,171000000,68000000,0.0,0.0,0.0,0.2251349267540478,0.0,292000000.0,0.2251349267540478,108000000.0,184000000.0,0.14186584425597532,0.6548042704626335,0.6524822695035462,281000000,282000000,,,1620596667,17:44:27,20210509
70,2003-03-31,PNC,USD,2003-03-31,2003-03-31,Q1,1298000000,0.0,0.0,0.0,0.0,438000000,15000000.0,0.0,0.0,0.0,189000000,74000000,0.0,0.0,0.0,0.30431432973805855,0.0,395000000.0,0.30431432973805855,133000000.0,262000000.0,0.20184899845916796,0.93,0.92,283000000,284000000,,,1620596667,17:44:27,20210509
71,2002-12-31,PNC,USD,2003-03-13,2003-03-13,Q4,1334000000,0.0,0.0,0.0,0.0,408000000,11000000.0,0.0,0.0,0.0,217000000,177000000,0.0,0.0,0.0,0.31709145427286356,0.0,423000000.0,0.31709145427286356,145000000.0,262000000.0,0.19640179910044978,0.9257950530035336,0.9257950530035336,283000000,283000000,https://www.sec.gov/Archives/edgar/data/713676/000095012803000346/0000950128-03-000346-index.htm,https://www.sec.gov/Archives/edgar/data/713676/000095012803000346/j9925001e10vk.txt,1620596667,17:44:27,20210509
72,2002-09-30,PNC,USD,2002-11-14,2002-11-14,Q3,1286000000,0.0,0.0,0.0,0.0,422000000,14000000.0,0.0,0.0,0.0,241000000,21000000,0.0,0.0,0.0,0.3359253499222395,0.0,432000000.0,0.3359253499222395,147000000.0,285000000.0,0.22161741835147744,1.0035211267605635,1.0,284000000,285000000,https://www.sec.gov/Archives/edgar/data/713676/000095015202008594/0000950152-02-008594-index.htm,https://www.sec.gov/Archives/edgar/data/713676/000095015202008594/j9708901e10vq.txt,1620596667,17:44:27,20210509
73,2002-06-30,PNC,USD,2002-08-14 00:00:00,2002-08-14 13:25:54,Q2,1410000000,0.0,0.0,0.0,0.0,441000000,13000000.0,0.0,0.0,0.0,249000000,34000000,0.0,0.0,0.0,0.34397163120567376,0.0,485000000.0,0.34397163120567376,165000000.0,320000000.0,0.22695035460992907,1.13,1.12,283000000,285000000,https://www.sec.gov/Archives/edgar/data/713676/000095012802000611/0000950128-02-000611-index.html,https://www.sec.gov/Archives/edgar/data/713676/000095012802000611/j9560501e10vq.txt,1620596667,17:44:27,20210509
74,2002-03-31,PNC,USD,2002-05-15 00:00:00,2002-05-15 17:25:23,Q1,1364000000,0.0,0.0,0.0,0.0,430000000,13000000.0,0.0,0.0,0.0,268000000,10000000,0.0,0.0,0.0,0.3526392961876833,0.0,481000000.0,0.3526392961876833,164000000.0,317000000.0,0.23240469208211142,1.12,1.11,283000000,285000000,https://www.sec.gov/Archives/edgar/data/713676/000095015202004363/0000950152-02-004363-index.html,https://www.sec.gov/Archives/edgar/data/713676/000095015202004363/j9423401e10-q.txt,1620596667,17:44:27,20210509
75,2001-12-31,PNC,USD,2001-12-31,2001-12-31,Q4,915000000,0.0,0.0,0.0,0.0,409000000,19000000.0,0.0,0.0,0.0,324000000,39000000,0.0,0.0,0.0,-0.8098360655737705,0.0,-741000000.0,-0.8098360655737705,-260000000.0,-521000000.0,-0.5693989071038251,-1.8409893992932862,-1.8409893992932862,283000000,283000000,,,1620596667,17:44:27,20210509
76,2001-09-30,PNC,USD,2001-11-14 00:00:00,2001-11-14 00:00:00,Q3,1350000000,0.0,0.0,0.0,0.0,419000000,13000000.0,0.0,0.0,0.0,419000000,54000000,0.0,0.0,0.0,0.3362962962962963,0.0,454000000.0,0.3362962962962963,156000000.0,298000000.0,0.22074074074074074,1.03,1.02,286000000,289000000,https://www.sec.gov/Archives/edgar/data/713676/000095012801500710/0000950128-01-500710-index.html,https://www.sec.gov/Archives/edgar/data/713676/000095012801500710/j9126301e10-q.txt,1620596667,17:44:27,20210509
77,2001-06-30,PNC,USD,2001-08-14 00:00:00,2001-08-14 00:00:00,Q2,1285000000,0.0,0.0,0.0,0.0,418000000,16000000.0,0.0,0.0,0.0,514000000,67000000,0.0,0.0,0.0,0.35097276264591437,0.0,451000000.0,0.35097276264591437,156000000.0,295000000.0,0.22957198443579765,1.01,1.0,288000000,291000000,https://www.sec.gov/Archives/edgar/data/713676/000095012801500466/0000950128-01-500466-index.html,https://www.sec.gov/Archives/edgar/data/713676/000095012801500466/j8936801e10-q.txt,1620596667,17:44:27,20210509
78,2001-03-31,PNC,USD,2001-05-10 00:00:00,2001-05-10 00:00:00,Q1,1255000000,0.0,0.0,0.0,0.0,421000000,9000000.0,0.0,0.0,0.0,618000000,100000000,0.0,0.0,0.0,0.3187250996015936,0.0,400000000.0,0.3187250996015936,135000000.0,300000000.0,0.23904382470119523,1.02,1.01,289200000,292800000,https://www.sec.gov/Archives/edgar/data/713676/000095012801500061/0000950128-01-500061-index.html,https://www.sec.gov/Archives/edgar/data/713676/000095012801500061/j8790701e10-q.txt,1620596667,17:44:27,20210509
79,2000-12-31,PNC,USD,2000-12-31,2000-12-31,Q4,1268000000,0.0,0.0,0.0,0.0,410000000,22000000.0,0.0,0.0,0.0,657000000,88000000,0.0,0.0,0.0,0.3753943217665615,0.0,476000000.0,0.3753943217665615,162000000.0,334000000.0,0.2634069400630915,1.1549100968188104,1.1549100968188104,289200000,289200000,,,1620596667,17:44:27,20210509
80,2000-09-30,PNC,USD,2000-11-07 00:00:00,2000-11-07 00:00:00,Q3,1231000000,0.0,0.0,0.0,0.0,399000000,16000000.0,0.0,0.0,0.0,670000000,-20000000,0.0,0.0,0.0,0.3688058489033306,0.0,454000000.0,0.3688058489033306,155000000.0,322000000.0,0.26157595450852966,1.1,1.09,289000000,292000000,https://www.sec.gov/Archives/edgar/data/713676/000095012800001271/0000950128-00-001271-index.html,https://www.sec.gov/Archives/edgar/data/713676/000095012800001271/j8482501e10-q.txt,1620596667,17:44:27,20210509
81,2000-06-30,PNC,USD,2000-08-14 00:00:00,2000-08-14 00:00:00,Q2,1346000000,0.0,0.0,0.0,0.0,428000000,21000000.0,0.0,0.0,0.0,715000000,141000000,0.0,0.0,0.0,0.35958395245170877,0.0,484000000.0,0.35958395245170877,169000000.0,315000000.0,0.23402674591381872,1.07,1.06,289800000,292200000,https://www.sec.gov/Archives/edgar/data/713676/000095012800001087/0000950128-00-001087-index.html,https://www.sec.gov/Archives/edgar/data/713676/000095012800001087/e10-q.txt,1620596667,17:44:27,20210509
82,2000-03-31,PNC,USD,2000-05-15 00:00:00,2000-05-15 00:00:00,Q1,1349000000,0.0,0.0,0.0,0.0,444000000,15000000.0,0.0,0.0,0.0,677000000,131000000,0.0,0.0,0.0,0.3491475166790215,0.0,471000000.0,0.3491475166790215,163000000.0,308000000.0,0.22831727205337288,1.04,1.03,291900000,294100000,https://www.sec.gov/Archives/edgar/data/713676/000095012800000827/0000950128-00-000827-index.html,https://www.sec.gov/Archives/edgar/data/713676/0000950128-00-000827.txt,1620596667,17:44:27,20210509
83,1999-12-31,PNC,USD,1999-12-31,1999-12-31,Q4,1273000000,0.0,0.0,0.0,0.0,397000000,25000000.0,0.0,0.0,0.0,641000000,71000000,0.0,0.0,0.0,0.3401413982717989,0.0,433000000.0,0.3401413982717989,129000000.0,304000000.0,0.23880597014925373,1.041452552243919,1.041452552243919,291900000,291900000,,,1620596667,17:44:27,20210509
84,1999-09-30,PNC,USD,1999-11-15 00:00:00,1999-11-15 00:00:00,Q3,1245000000,0.0,0.0,0.0,0.0,362000000,18000000.0,0.0,0.0,0.0,618000000,39000000,0.0,0.0,0.0,0.39437751004016064,0.0,491000000.0,0.39437751004016064,171000000.0,320000000.0,0.2570281124497992,1.07,1.06,294500000,297600000,https://www.sec.gov/Archives/edgar/data/713676/000095012899001138/0000950128-99-001138-index.html,https://www.sec.gov/Archives/edgar/data/713676/0000950128-99-001138.txt,1620596667,17:44:27,20210509
85,1999-06-30,PNC,USD,1999-08-16 00:00:00,1999-08-16 00:00:00,Q2,1271000000,0.0,0.0,0.0,0.0,364000000,17000000.0,0.0,0.0,0.0,597000000,87000000,0.0,0.0,0.0,0.3768686073957514,0.0,479000000.0,0.3768686073957514,164000000.0,315000000.0,0.24783634933123525,1.04,1.03,297400000,300900000,https://www.sec.gov/Archives/edgar/data/713676/000095012899000941/0000950128-99-000941-index.html,https://www.sec.gov/Archives/edgar/data/713676/0000950128-99-000941.txt,1620596667,17:44:27,20210509
86,1999-03-31,PNC,USD,1999-03-31,1999-03-31,Q1,1389000000,0.0,0.0,0.0,0.0,412000000,15000000.0,0.0,0.0,0.0,632000000,130000000,0.0,0.0,0.0,0.3513318934485241,0.0,488000000.0,0.3513318934485241,163000000.0,325000000.0,0.2339812814974802,1.06,1.05,302300000,305500000,,,1620596667,17:44:27,20210509
87,1998-12-31,PNC,USD,1998-12-31,1998-12-31,Q4,1456100000,0.0,0.0,0.0,0.0,392800000,17500000.0,0.0,0.0,0.0,695100000,201000000,0.0,0.0,0.0,0.3056795549756198,0.0,445100000.0,0.3056795549756198,160400000.0,284700000.0,0.19552228555731063,0.9417796890506119,0.9417796890506119,302300000,302300000,,,1620596667,17:44:27,20210509
88,1998-09-30,PNC,USD,1998-11-16 00:00:00,1998-11-16 00:00:00,Q3,1321900000,0.0,0.0,0.0,0.0,335300000,14400000.0,0.0,0.0,0.0,708300000,220000000,0.0,0.0,0.0,0.32808835766699446,0.0,433700000.0,0.32808835766699446,153100000.0,280600000.0,0.2122702171117331,0.92,0.91,300640000,304186000,https://www.sec.gov/Archives/edgar/data/713676/000095012898001159/0000950128-98-001159-index.html,https://www.sec.gov/Archives/edgar/data/713676/0000950128-98-001159.txt,1620596667,17:44:27,20210509
89,1998-06-30,PNC,USD,1998-08-14 00:00:00,1998-08-14 00:00:00,Q2,1241700000,0.0,0.0,0.0,0.0,333700000,26700000.0,0.0,0.0,0.0,682500000,117000000,0.0,0.0,0.0,0.3429975034227269,0.0,425900000.0,0.3429975034227269,145500000.0,280400000.0,0.22581944108882984,0.92,0.9,300354000,305702000,https://www.sec.gov/Archives/edgar/data/713676/000095012898000986/0000950128-98-000986-index.html,https://www.sec.gov/Archives/edgar/data/713676/0000950128-98-000986.txt,1620596667,17:44:27,20210509
90,1998-03-31,PNC,USD,1998-05-15 00:00:00,1998-05-15 00:00:00,Q1,1176300000,0.0,0.0,0.0,0.0,354300000,37400000.0,0.0,0.0,0.0,654100000,94000000,0.0,0.0,0.0,0.3443849358156933,0.0,405100000.0,0.3443849358156933,135800000.0,269300000.0,0.22893819603842558,0.88,0.87,300567000,306148000,https://www.sec.gov/Archives/edgar/data/713676/000095012898000814/0000950128-98-000814-index.html,https://www.sec.gov/Archives/edgar/data/713676/0000950128-98-000814.txt,1620596667,17:44:27,20210509
91,1997-12-31,PNC,USD,1997-12-31,1997-12-31,Q4,1135800000,0.0,0.0,0.0,0.0,312200000,0.0,0.0,0.0,0.0,649300000,90000000,0.0,0.0,0.0,0.36045078358865995,0.0,409400000.0,0.36045078358865995,144400000.0,265000000.0,0.2333157245994013,0.8816669827359623,0.8816669827359623,300567000,300567000,,,1620596667,17:44:27,20210509
92,1997-09-30,PNC,USD,1997-11-14 00:00:00,1997-11-14 00:00:00,Q3,1065600000,0.0,0.0,0.0,0.0,299000000,0.0,0.0,0.0,0.0,650400000,96000000,0.0,0.0,0.0,0.3819444444444444,0.0,407000000.0,0.3819444444444444,145400000.0,261600000.0,0.24549549549549549,0.84,0.83,308049000,312253000,https://www.sec.gov/Archives/edgar/data/713676/000095012897001078/0000950128-97-001078-index.html,https://www.sec.gov/Archives/edgar/data/713676/0000950128-97-001078.txt,1620596667,17:44:27,20210509
93,1997-06-30,PNC,USD,1997-08-14 00:00:00,1997-08-14 00:00:00,Q2,1046600000,0.0,0.0,0.0,0.0,294200000,0.0,0.0,0.0,0.0,644000000,87000000,0.0,0.0,0.0,0.3753105293330785,0.0,392800000.0,0.3753105293330785,133700000.0,259100000.0,0.24756353907892223,0.82,0.81,311968000,315877000,https://www.sec.gov/Archives/edgar/data/713676/000095012897000903/0000950128-97-000903-index.html,https://www.sec.gov/Archives/edgar/data/713676/0000950128-97-000903.txt,1620596667,17:44:27,20210509
94,1997-03-31,PNC,USD,1997-05-15 00:00:00,1997-05-15 00:00:00,Q1,1055000000,0.0,0.0,0.0,0.0,302700000,0.0,0.0,0.0,0.0,612300000,73000000,0.0,0.0,0.0,0.38748815165876777,0.0,408800000.0,0.38748815165876777,142500000.0,266300000.0,0.2524170616113744,0.81,0.8,323972000,327917000,https://www.sec.gov/Archives/edgar/data/713676/000095012897000766/0000950128-97-000766-index.html,https://www.sec.gov/Archives/edgar/data/713676/0000950128-97-000766.txt,1620596667,17:44:27,20210509
95,1996-12-31,PNC,USD,1997-03-21 00:00:00,1997-03-21 00:00:00,Q4,1005900000,0.0,0.0,0.0,0.0,269300000,0.0,0.0,0.0,0.0,605500000,79000000,0.0,0.0,0.0,0.41684064022268613,0.0,419300000.0,0.41684064022268613,147600000.0,271700000.0,0.27010637240282337,0.8386527230748336,0.8386527230748336,323972000,323972000,https://www.sec.gov/Archives/edgar/data/713676/000095012897000649/0000950128-97-000649-index.html,https://www.sec.gov/Archives/edgar/data/713676/0000950128-97-000649.txt,1620596667,17:44:27,20210509
96,1996-09-30,PNC,USD,1996-11-14 00:00:00,1996-11-14 00:00:00,Q3,957300000,0.0,0.0,0.0,0.0,277800000,0.0,0.0,0.0,0.0,607700000,77000000,0.0,0.0,0.0,0.37814687140917164,0.0,362000000.0,0.37814687140917164,128000000.0,234000000.0,0.24443748041366342,0.69,0.68,340535000,345173000,https://www.sec.gov/Archives/edgar/data/713676/000095012896000606/0000950128-96-000606-index.html,https://www.sec.gov/Archives/edgar/data/713676/0000950128-96-000606.txt,1620596667,17:44:27,20210509
97,1996-06-30,PNC,USD,1996-08-14 00:00:00,1996-08-14 00:00:00,Q2,947400000,0.0,0.0,0.0,0.0,284300000,0.0,0.0,0.0,0.0,632400000,73000000,0.0,0.0,0.0,0.40436985433818873,0.0,383100000.0,0.40436985433818873,135000000.0,248100000.0,0.2618746041798607,0.73,0.72,343022000,347343000,https://www.sec.gov/Archives/edgar/data/713676/000095012896000464/0000950128-96-000464-index.html,https://www.sec.gov/Archives/edgar/data/713676/0000950128-96-000464.txt,1620596667,17:44:27,20210509
98,1996-03-31,PNC,USD,1996-05-15 00:00:00,1996-05-15 00:00:00,Q1,928500000,0.0,0.0,0.0,0.0,278700000,0.0,0.0,0.0,0.0,648500000,61000000,0.0,0.0,0.0,0.3907377490576198,0.0,362800000.0,0.3907377490576198,124500000.0,238300000.0,0.25665051157781366,0.7,0.69,342872000,347367000,https://www.sec.gov/Archives/edgar/data/713676/000095012896000303/0000950128-96-000303-index.html,https://www.sec.gov/Archives/edgar/data/713676/0000950128-96-000303.txt,1620596667,17:44:27,20210509
99,1995-12-31,PNC,USD,1996-03-27 00:00:00,1996-03-27 00:00:00,Q4,1201800000,0.0,0.0,0.0,0.0,453800000,0.0,0.0,0.0,0.0,1012500000,111000000,0.0,0.0,0.0,0.019221168247628557,0.0,23100000.0,0.019221168247628557,26700000.0,-3600000.0,-0.0029955067398901645,-0.010499545019715813,-0.010499545019715813,342872000,342872000,https://www.sec.gov/Archives/edgar/data/713676/000095012896000238/0000950128-96-000238-index.html,https://www.sec.gov/Archives/edgar/data/713676/0000950128-96-000238.txt,1620596667,17:44:27,20210509
100,1995-09-30,PNC,USD,1995-11-08 00:00:00,1995-11-08 00:00:00,Q3,652100000,0.0,0.0,0.0,0.0,204800000,0.0,0.0,0.0,0.0,674700000,73000000,0.0,0.0,0.0,0.3361447630731483,0.0,219200000.0,0.3361447630731483,70200000.0,149000000.0,0.22849256249041558,0.65,0.64,229837000,231875000,https://www.sec.gov/Archives/edgar/data/713676/000095012895000190/0000950128-95-000190-index.html,https://www.sec.gov/Archives/edgar/data/713676/0000950128-95-000190.txt,1620596667,17:44:27,20210509
101,1995-06-30,PNC,USD,1995-08-14 00:00:00,1995-08-14 00:00:00,Q2,627300000,0.0,0.0,0.0,0.0,204600000,0.0,0.0,0.0,0.0,680300000,50000000,0.0,0.0,0.0,0.3204208512673362,0.0,201000000.0,0.3204208512673362,64000000.0,137000000.0,0.21839630161007492,0.595191547411134,0.5906190722538369,230178000,231960000,https://www.sec.gov/Archives/edgar/data/713676/000095015295001816/0000950152-95-001816-index.html,https://www.sec.gov/Archives/edgar/data/713676/0000950152-95-001816.txt,1620596667,17:44:27,20210509
102,1995-03-31,PNC,USD,1995-05-15 00:00:00,1995-05-15 00:00:00,Q1,621100000,0.0,0.0,0.0,0.0,201900000,0.0,0.0,0.0,0.0,640100000,62000000,0.0,0.0,0.0,0.29592658187087423,0.0,183800000.0,0.29592658187087423,58100000.0,125700000.0,0.202382869103204,0.5404382838397345,0.5361187052967845,232589000,234463000,https://www.sec.gov/Archives/edgar/data/713676/000095012895000098/0000950128-95-000098-index.html,https://www.sec.gov/Archives/edgar/data/713676/0000950128-95-000098.txt,1620596667,17:44:27,20210509
103,1994-12-31,PNC,USD,1995-03-31 00:00:00,1995-03-31 00:00:00,Q4,529000000,0.0,0.0,0.0,0.0,216700000,0.0,0.0,0.0,0.0,599800000,61000000,0.0,0.0,0.0,0.07637051039697543,0.0,40400000.0,0.07637051039697543,11800000.0,28600000.0,0.05406427221172023,0.12296368271930315,0.12296368271930315,232589000,232589000,https://www.sec.gov/Archives/edgar/data/713676/000095012895000076/0000950128-95-000076-index.html,https://www.sec.gov/Archives/edgar/data/713676/0000950128-95-000076.txt,1620596667,17:44:27,20210509
104,1994-09-30,PNC,USD,1994-11-14 00:00:00,1994-11-14 00:00:00,Q3,726100000,0.0,0.0,0.0,0.0,208100000,0.0,0.0,0.0,0.0,512600000,59000000,0.0,0.0,0.0,0.3857595372538218,0.0,280100000.0,0.3857595372538218,92100000.0,188000000.0,0.2589175044759675,0.793536895244688,0.7874840304102876,236914000,238735000,https://www.sec.gov/Archives/edgar/data/713676/000095012894000160/0000950128-94-000160-index.html,https://www.sec.gov/Archives/edgar/data/713676/0000950128-94-000160.txt,1620596667,17:44:27,20210509
105,1994-06-30,PNC,USD,1994-08-15 00:00:00,1994-08-15 00:00:00,Q2,721100000,0.0,0.0,0.0,0.0,204000000,0.0,0.0,0.0,0.0,442000000,70000000,0.0,0.0,0.0,0.385244764942449,0.0,277800000.0,0.385244764942449,90000000.0,187800000.0,0.2604354458466232,0.7916001028490016,0.7854914131316765,237241000,239086000,https://www.sec.gov/Archives/edgar/data/713676/000095012894000135/0000950128-94-000135-index.html,https://www.sec.gov/Archives/edgar/data/713676/0000950128-94-000135.txt,1620596667,17:44:27,20210509
106,1994-03-31,PNC,USD,1994-05-16 00:00:00,1994-05-16 00:00:00,Q1,755900000,0.0,0.0,0.0,0.0,206900000,0.0,0.0,0.0,0.0,397800000,56000000,0.0,0.0,0.0,0.4023018917846276,0.0,304100000.0,0.4023018917846276,98400000.0,205700000.0,0.272125942584998,0.87,0.86,236698000,238592000,https://www.sec.gov/Archives/edgar/data/713676/000095012894000097/0000950128-94-000097-index.html,https://www.sec.gov/Archives/edgar/data/713676/0000950128-94-000097.txt,1620596667,17:44:27,20210509
