,date,symbol,reportedCurrency,fillingDate,acceptedDate,period,revenue,costOfRevenue,grossProfit,grossProfitRatio,researchAndDevelopmentExpenses,generalAndAdministrativeExpenses,sellingAndMarketingExpenses,otherExpenses,operatingExpenses,costAndExpenses,interestExpense,depreciationAndAmortization,ebitda,ebitdaratio,operatingIncome,operatingIncomeRatio,totalOtherIncomeExpensesNet,incomeBeforeTax,incomeBeforeTaxRatio,incomeTaxExpense,netIncome,netIncomeRatio,eps,epsdiluted,weightedAverageShsOut,weightedAverageShsOutDil,link,finalLink,timestamp,est_time,est_date
0,2020-06-30,MJCO,USD,2020-07-08 00:00:00,2020-07-08 09:16:10,Q1,41247000,21878000,19369000,0.469585666836376,3818000.0,11627000.0,0.0,21000.0,15445000,37323000,136000.0,1395000.0,5319000.0,0.12895483307876937,3924000.0,0.09513419157756928,-1798000.0,2026000.0,0.04911872378597231,739000.0,1287000.0,0.031202269255945887,0.029689289474632452,0.02856787130225032,43348966,45050609,https://www.sec.gov/Archives/edgar/data/1626853/000121390020016927/0001213900-20-016927-index.htm,https://www.sec.gov/Archives/edgar/data/1626853/000121390020016927/f10k2020_majesco.htm,1620595038,17:17:18,20210509
1,2020-03-31,MJCO,USD,2020-03-31,2020-03-31,Q4,37911000,19674000,18237000,0.48104771702144494,4429000.0,10611000.0,0.0,-276000.0,15040000,34714000,81000.0,2134000.0,5331000.0,0.1406188177573791,3197000.0,0.0843290865448023,1395000.0,4636000.0,0.12228640763894384,1021000.0,3615000.0,0.09535491018437921,0.08358279077736157,0.08017674280951018,43250530,45087888,,,1620595038,17:17:18,20210509
2,2019-12-31,MJCO,USD,2020-02-10 00:00:00,2020-02-10 16:16:41,Q3,37175000,19323000,17852000,0.4802151983860121,4712000.0,10027000.0,0.0,138000.0,14739000,34062000,79000.0,1852000.0,4965000.0,0.1335574983187626,3113000.0,0.08373907195696033,1497000.0,4672000.0,0.12567585743106927,797000.0,3875000.0,0.10423671822461332,0.08990272038439666,0.08555031359654114,43102144,45294983,https://www.sec.gov/Archives/edgar/data/1626853/000121390020003098/0001213900-20-003098-index.html,https://www.sec.gov/Archives/edgar/data/1626853/000121390020003098/f10q1219_majesco.htm,1620595038,17:17:18,20210509
3,2019-09-30,MJCO,USD,2019-11-13 00:00:00,2019-11-13 16:03:29,Q2,34055000,18372000,15683000,0.46051974746733226,4457000.0,9876000.0,0.0,451000.0,14333000,32705000,102000.0,1855000.0,3205000.0,0.09411246512993687,1350000.0,0.03964175598296873,451000.0,1860000.0,0.05461753046542358,952000.0,908000.0,0.026662751431507856,0.021134698696938754,0.020243385691096592,42962524,44854157,https://www.sec.gov/Archives/edgar/data/1626853/000121390019023168/0001213900-19-023168-index.html,https://www.sec.gov/Archives/edgar/data/1626853/000121390019023168/f10q0919_majesco.htm,1620595038,17:17:18,20210509
4,2019-06-30,MJCO,USD,2019-08-13 00:00:00,2019-08-13 06:08:49,Q1,37304000,17434000,19870000,0.5326506540853527,5470000.0,11826000.0,0.0,-11000.0,17296000,34730000,89000.0,1854000.0,4428000.0,0.11870040746300665,2574000.0,0.06900064336264207,-11000.0,2663000.0,0.0713864464936736,1381000.0,1282000.0,0.03436628779755522,0.02987440956678331,0.028567656265581155,42912982,44875925,https://www.sec.gov/Archives/edgar/data/1626853/000121390019015415/0001213900-19-015415-index.html,https://www.sec.gov/Archives/edgar/data/1626853/000121390019015415/f10q0619_majesco.htm,1620595038,17:17:18,20210509
5,2019-03-31,MJCO,USD,2019-05-30 00:00:00,2019-05-30 16:16:40,Q4,36871000,18982000,17889000,0.48517805321255186,4984000.0,10516000.0,0.0,-470000.0,15500000,34482000,108000.0,1250000.0,3639000.0,0.09869545171001601,2389000.0,0.06479346912207426,7000.0,2239000.0,0.06072523121152125,1007000.0,1232000.0,0.03341379403867538,0.03161239833130671,0.02989110200850494,38972051,41216279,https://www.sec.gov/Archives/edgar/data/1626853/000121390019009815/0001213900-19-009815-index.html,https://www.sec.gov/Archives/edgar/data/1626853/000121390019009815/f10k2019_majesco.htm,1620595038,17:17:18,20210509
6,2018-12-31,MJCO,USD,2019-02-05 00:00:00,2019-02-05 16:16:41,Q3,35401000,17950000,17451000,0.4929521764921895,4820000.0,9684000.0,0.0,-57000.0,14504000,32454000,114000.0,1157000.0,4104000.0,0.11592892856134007,2947000.0,0.0832462359820344,-499000.0,2341000.0,0.06612807547809384,512000.0,1829000.0,0.05166520719753679,0.04988446931461467,0.04722963827390727,36664718,38725683,https://www.sec.gov/Archives/edgar/data/1626853/000114420419005024/0001144204-19-005024-index.html,https://www.sec.gov/Archives/edgar/data/1626853/000114420419005024/tv512028_10q.htm,1620595038,17:17:18,20210509
7,2018-09-30,MJCO,USD,2018-11-07 00:00:00,2018-11-07 16:17:02,Q2,34039000,16971000,17068000,0.5014248362172802,4664000.0,9456000.0,0.0,430000.0,14120000,31091000,104000.0,806000.0,3754000.0,0.1102852610241194,2948000.0,0.08660653955756632,1265000.0,4128000.0,0.12127265783366138,1299000.0,2829000.0,0.08311054966362114,0.08,0.07,36634019,38664803,https://www.sec.gov/Archives/edgar/data/1626853/000114420418057977/0001144204-18-057977-index.html,https://www.sec.gov/Archives/edgar/data/1626853/000114420418057977/tv506087_10q.htm,1620595038,17:17:18,20210509
8,2018-06-30,MJCO,USD,2018-08-08 00:00:00,2018-08-08 16:16:59,Q1,33549000,17470000,16079000,0.47926912873707117,4822000.0,9491000.0,0.0,179000.0,14313000,31783000,124000.0,1032000.0,2798000.0,0.08340039941577991,1766000.0,0.05263942293361948,179000.0,1827000.0,0.054457658946615396,792000.0,1035000.0,0.030850397925422518,0.028278061926004863,0.026682340930710986,36600811,38789700,https://www.sec.gov/Archives/edgar/data/1626853/000114420418042821/0001144204-18-042821-index.html,https://www.sec.gov/Archives/edgar/data/1626853/000114420418042821/tv499892_10q.htm,1620595038,17:17:18,20210509
9,2018-03-31,MJCO,USD,2018-06-22 00:00:00,2018-06-22 16:18:01,Q4,32948000,17503000,15445000,0.46876896928493383,4581000.0,10004000.0,0.0,91000.0,14585000,32088000,138000.0,1099000.0,1959000.0,0.05945732669661284,860000.0,0.026101736068957146,91000.0,846000.0,0.02567682408643924,412000.0,434000.0,0.013172271458055117,0.011871546258779302,0.01115291999892274,36558001,38913576,https://www.sec.gov/Archives/edgar/data/1626853/000157104918000368/0001571049-18-000368-index.html,https://www.sec.gov/Archives/edgar/data/1626853/000157104918000368/tv494305-10k.htm,1620595038,17:17:18,20210509
10,2017-12-31,MJCO,USD,2018-02-07 00:00:00,2018-02-07 16:16:49,Q3,31769000,16864000,14905000,0.469168056910825,4533000.0,10274000.0,0.0,-122000.0,14807000,31671000,111000.0,1185000.0,1283000.0,0.04038528124901634,98000.0,0.0030847681702288396,-122000.0,-130000.0,-0.004092039409487236,2939000.0,-3069000.0,-0.0966036072901256,-0.08,-0.08,36536797,36536797,https://www.sec.gov/Archives/edgar/data/1626853/000114420418006302/0001144204-18-006302-index.html,https://www.sec.gov/Archives/edgar/data/1626853/000114420418006302/tv484694_10q.htm,1620595038,17:17:18,20210509
11,2017-09-30,MJCO,USD,2017-11-07 00:00:00,2017-11-07 16:18:01,Q2,30347000,16738000,13609000,0.44844630441229777,4206000.0,10432000.0,0.0,0.0,14638000,31376000,146000.0,1296000.0,267000.0,0.008798233762810163,-1029000.0,-0.03390779978251557,0.0,-1167000.0,-0.0384552015026197,-451000.0,-716000.0,-0.023593765446337366,-0.02,-0.02,36527666,36527666,https://www.sec.gov/Archives/edgar/data/1626853/000114420417056904/0001144204-17-056904-index.html,https://www.sec.gov/Archives/edgar/data/1626853/000114420417056904/tv478444_10q.htm,1620595038,17:17:18,20210509
12,2017-06-30,MJCO,USD,2017-08-09 00:00:00,2017-08-09 16:43:26,Q1,27922000,16016000,11906000,0.42640212019196333,3930000.0,10312000.0,0.0,-43000.0,14242000,30258000,121000.0,1268000.0,-1068000.0,-0.03824940906811833,-2336000.0,-0.0836616288231502,-43000.0,-2494000.0,-0.0893202492658119,-844000.0,-1650000.0,-0.05909318816703674,-0.05,-0.05,36509773,36509773,https://www.sec.gov/Archives/edgar/data/1626853/000157104917007332/0001571049-17-007332-index.html,https://www.sec.gov/Archives/edgar/data/1626853/000157104917007332/t1702265_10q.htm,1620595038,17:17:18,20210509
13,2017-03-31,MJCO,USD,2017-06-16 00:00:00,2017-06-16 16:17:19,Q4,28156000,14760000,13396000,0.47577780934791875,4225000.0,9439000.0,0.0,-129000.0,13664000,28424000,127000.0,1254000.0,986000.0,0.03501917886063361,-268000.0,-0.009518397499644836,-237000.0,-618000.0,-0.021949140502912346,181000.0,-799000.0,-0.028377610456030686,-0.02,-0.02,36498141,36498141,https://www.sec.gov/Archives/edgar/data/1626853/000157104917006007/0001571049-17-006007-index.html,https://www.sec.gov/Archives/edgar/data/1626853/000157104917006007/t1701520_10k.htm,1620595038,17:17:18,20210509
14,2016-12-31,MJCO,USD,2017-02-02 00:00:00,2017-02-02 16:17:53,Q3,30012000,15310000,14702000,0.48987071837931495,3952000.0,10558000.0,0.0,208000.0,14510000,29820000,143000.0,1229000.0,1421000.0,0.04734772757563641,192000.0,0.006397441023590564,208000.0,266000.0,0.008863121418099426,57000.0,209000.0,0.006963881114220978,0.0057279896652814985,0.005466752934992408,36487496,38231104,https://www.sec.gov/Archives/edgar/data/1626853/000157104917000982/0001571049-17-000982-index.html,https://www.sec.gov/Archives/edgar/data/1626853/000157104917000982/t1700145_10q.htm,1620595038,17:17:18,20210509
15,2016-09-30,MJCO,USD,2016-11-03 00:00:00,2016-11-03 16:17:12,Q2,31046000,15589000,15457000,0.49787412227017974,4532000.0,10654000.0,0.0,16000.0,15186000,30775000,134000.0,1125000.0,1396000.0,0.04496553501256201,271000.0,0.00872898279971655,16000.0,163000.0,0.005250273787283386,-54000.0,217000.0,0.006989628293499968,0.0059494207663133595,0.00565300932611075,36474139,38386634,https://www.sec.gov/Archives/edgar/data/1626853/000157104916019408/0001571049-16-019408-index.html,https://www.sec.gov/Archives/edgar/data/1626853/000157104916019408/t1602566_10q.htm,1620595038,17:17:18,20210509
16,2016-06-30,MJCO,USD,2016-08-08 00:00:00,2016-08-08 17:27:56,Q1,32554000,17802000,14752000,0.45315475824783435,4528000.0,10659000.0,0.0,-2000.0,15187000,32989000,208000.0,1112000.0,677000.0,0.020796215518830253,-435000.0,-0.01336241322110954,-2000.0,-637000.0,-0.01956748786631443,-87000.0,-550000.0,-0.016895005222092523,-0.02,-0.02,36451606,36451606,https://www.sec.gov/Archives/edgar/data/1626853/000157104916017232/0001571049-16-017232-index.html,https://www.sec.gov/Archives/edgar/data/1626853/000157104916017232/t1601919_10q.htm,1620595038,17:17:18,20210509
17,2016-03-31,MJCO,USD,2016-05-23 00:00:00,2016-05-23 16:17:18,Q4,32306000,17881000,14425000,0.4465114839348728,4634000.0,10520000.0,0.0,-186000.0,15154000,33035000,355000.0,0.0,-782000.0,-0.024206029839658267,-729000.0,-0.022565467714975546,-64000.0,-1137000.0,-0.03519470067479725,401000.0,-1538000.0,-0.04760725561815143,-0.04,-0.04,36451357,36451357,https://www.sec.gov/Archives/edgar/data/1626853/000157104916015473/0001571049-16-015473-index.html,https://www.sec.gov/Archives/edgar/data/1626853/000157104916015473/t1601284_10k.htm,1620595038,17:17:18,20210509
18,2015-12-31,MJCO,USD,2016-01-29 00:00:00,2016-01-29 16:16:26,Q3,29625000,17067000,12558000,0.4238987341772152,4244000.0,10602000.0,0.0,-22000.0,14846000,31913000,113000.0,0.0,-2307000.0,-0.07787341772151898,-2288000.0,-0.07723206751054852,-22000.0,-2420000.0,-0.08168776371308017,-1290000.0,-1130000.0,-0.03814345991561181,-0.03,-0.03,36451357,36451357,https://www.sec.gov/Archives/edgar/data/1626853/000157104916011384/0001571049-16-011384-index.html,https://www.sec.gov/Archives/edgar/data/1626853/000157104916011384/t1600241_10q.htm,1620595038,17:17:18,20210509
19,2015-09-30,MJCO,USD,2015-11-03 00:00:00,2015-11-03 16:06:29,Q2,28208000,15777000,12431000,0.4406905842314237,4238000.0,9496000.0,0.0,239000.0,13734000,29511000,73000.0,0.0,-1064000.0,-0.03771979580260919,-1303000.0,-0.04619256948383437,2000.0,-1374000.0,-0.048709585933068636,-398000.0,-976000.0,-0.03460011344299489,-0.03,-0.03,36415357,36415357,https://www.sec.gov/Archives/edgar/data/1626853/000157104915008758/0001571049-15-008758-index.html,https://www.sec.gov/Archives/edgar/data/1626853/000157104915008758/t1502481_10q.htm,1620595038,17:17:18,20210509
20,2015-06-30,MJCO,USD,2015-08-10 00:00:00,2015-08-10 13:58:16,Q1,23163000,12107000,11056000,0.4773129560074256,3151000.0,7586000.0,0.0,136000.0,10737000,22844000,55000.0,0.0,465000.0,0.020075119803134308,319000.0,0.013771963907956654,-92000.0,182000.0,0.007857358718646117,100000.0,82000.0,0.0035401286534559426,0.002659,0.002649,30836171,30951441,https://www.sec.gov/Archives/edgar/data/1626853/000157104915006525/0001571049-15-006525-index.html,https://www.sec.gov/Archives/edgar/data/1626853/000157104915006525/t1501771_10q.htm,1620595038,17:17:18,20210509
