,date,symbol,reportedCurrency,fillingDate,acceptedDate,period,revenue,costOfRevenue,grossProfit,grossProfitRatio,researchAndDevelopmentExpenses,generalAndAdministrativeExpenses,sellingAndMarketingExpenses,otherExpenses,operatingExpenses,costAndExpenses,interestExpense,depreciationAndAmortization,ebitda,ebitdaratio,operatingIncome,operatingIncomeRatio,totalOtherIncomeExpensesNet,incomeBeforeTax,incomeBeforeTaxRatio,incomeTaxExpense,netIncome,netIncomeRatio,eps,epsdiluted,weightedAverageShsOut,weightedAverageShsOutDil,link,finalLink,timestamp,est_time,est_date
0,2020-03-31,BZT,USD,2020-04-30,2020-04-30 16:48:32,Q2,489413000.0,410568000.0,78845000.0,0.16110115587448637,0.0,40050000.0,0.0,-1786000.0,40050000.0,450618000.0,1928000.0,3627000.0,20051000.0,0.04096948793759054,16424000.0,0.033558569143034615,0.0,14785000.0,0.030209659326581026,4159000.0,10614000.0,0.021687204876045384,0.3560789049919485,0.3528825054857371,29808000.0,30078000.0,https://www.sec.gov/Archives/edgar/data/915840/000091584020000041/0000915840-20-000041-index.htm,https://www.sec.gov/Archives/edgar/data/915840/000091584020000041/bzh-33120document.htm,1620589837,15:50:37,20210509
1,2019-12-31,BZT,USD,2020-01-30,2020-01-30 16:47:30,Q1,417804000.0,354667000.0,63137000.0,0.15111631291227465,0.0,39699000.0,0.0,-1340000.0,39699000.0,394366000.0,1442000.0,3427000.0,7373000.0,0.017647030665096552,3946000.0,0.0094446199653426,0.0,2593000.0,0.006206259394357163,-200000.0,2746000.0,0.006572459813692545,0.09231493310024877,0.09111420797664078,29746000.0,30138000.0,https://www.sec.gov/Archives/edgar/data/915840/000091584020000012/0000915840-20-000012-index.htm,https://www.sec.gov/Archives/edgar/data/915840/000091584020000012/bzh-123119document.htm,1620589837,15:50:37,20210509
2,2019-09-30,BZT,USD,2019-11-13,2019-11-13 16:52:36,Q4,781701000.0,665404000.0,116297000.0,0.1487742755861896,0.0,44608000.0,0.0,5000.0,44608000.0,710012000.0,1309000.0,5847000.0,41852000.0,0.053539652629330144,36005000.0,0.04605981059254114,5000.0,9507000.0,0.01216193915576416,7060000.0,2429000.0,0.003107326202729688,0.07934,0.07934,30617000.0,30617000.0,https://www.sec.gov/Archives/edgar/data/915840/000091584019000058/0000915840-19-000058-index.htm,https://www.sec.gov/Archives/edgar/data/915840/000091584019000058/bzh-9301910kdocument.htm,1620589837,15:50:37,20210509
3,2019-06-30,BZT,USD,2019-08-01,2019-08-01 16:51:36,Q3,482738000.0,410974000.0,71764000.0,0.1486603499206609,0.0,40749000.0,0.0,-755000.0,40749000.0,451723000.0,961000.0,3242000.0,12785000.0,0.026484345545616877,9543000.0,0.019768487253955563,0.0,9445000.0,0.019565478582585172,-2180000.0,11602000.0,0.02403374086978858,0.37515,0.37515,30926000.0,30926000.0,https://www.sec.gov/Archives/edgar/data/915840/000091584019000033/0000915840-19-000033-index.htm,https://www.sec.gov/Archives/edgar/data/915840/000091584019000033/bzh-63019document.htm,1620589837,15:50:37,20210509
4,2019-03-31,BZT,USD,2019-05-02,2019-05-02 17:04:49,Q2,421260000.0,356329000.0,64931000.0,0.15413521340739686,0.0,37372000.0,0.0,-337000.0,37372000.0,393701000.0,597000.0,2900000.0,-136050000.0,-0.3229596923515169,-138950000.0,-0.3298438019275507,0.0,-138990000.0,-0.3299387551630822,-38158000.0,-100821000.0,-0.2393320039880359,-3.22493,-3.22493,31263000.0,31263000.0,https://www.sec.gov/Archives/edgar/data/915840/000091584019000023/0000915840-19-000023-index.htm,https://www.sec.gov/Archives/edgar/data/915840/000091584019000023/bzh-33119document.htm,1620589837,15:50:37,20210509
5,2018-12-31,BZT,USD,2019-02-04,2019-02-04 17:04:55,Q1,402040000.0,340378000.0,61662000.0,0.15337279872649487,0.0,38642000.0,0.0,-42000.0,38642000.0,379020000.0,242000.0,2770000.0,6276000.0,0.015610387026166551,3506000.0,0.008720525320863596,0.0,3400000.0,0.008456869963187742,-3922000.0,7311000.0,0.0181847577355487,0.22989843086695386,0.22807674309780065,31801000.0,32055000.0,https://www.sec.gov/Archives/edgar/data/915840/000091584019000010/0000915840-19-000010-index.htm,https://www.sec.gov/Archives/edgar/data/915840/000091584019000010/bzh-123118document.htm,1620589837,15:50:37,20210509
6,2018-09-30,BZT,USD,2018-11-13,2018-11-13 16:40:49,Q4,105299000.0,642080000.0,-536781000.0,-5.097683738686977,0.0,48048000.0,0.0,323000.0,48048000.0,27482000.0,35000.0,4578000.0,48040000.0,0.4562246555048006,43462000.0,0.4127484591496595,0.0,41582000.0,0.3948945384096715,-18902000.0,60605000.0,0.5755515247058377,1.8856,1.8856,32141000.0,32141000.0,https://www.sec.gov/Archives/edgar/data/915840/000091584018000052/0000915840-18-000052-index.htm,https://www.sec.gov/Archives/edgar/data/915840/000091584018000052/bzh-9301810kdocument.htm,1620589837,15:50:37,20210509
7,2018-06-30,BZT,USD,2018-07-26,2018-07-26 16:53:32,Q3,56379000.0,428277000.0,-371898000.0,-6.596392273718938,0.0,42473000.0,0.0,-30000.0,42473000.0,15608000.0,205000.0,3656000.0,21236000.0,0.37666507032760427,17580000.0,0.3118182301920928,0.0,17697000.0,0.3138934709732347,4268000.0,13409000.0,0.23783678319941823,0.41756,0.41756,32113000.0,32113000.0,https://www.sec.gov/Archives/edgar/data/915840/000091584018000033/0000915840-18-000033-index.htm,https://www.sec.gov/Archives/edgar/data/915840/000091584018000033/bzh-63018document.htm,1620589837,15:50:37,20210509
8,2018-03-31,BZT,USD,2018-05-02,2018-05-02 16:47:01,Q2,69393000.0,380101000.0,-310708000.0,-4.477512140994048,0.0,40852000.0,0.0,-1453000.0,40852000.0,35168000.0,1650000.0,3066000.0,16891000.0,0.2434107186603836,13825000.0,0.19922758779704006,0.0,12628000.0,0.18197800930929633,1012000.0,11558000.0,0.166558586600954,0.3601,0.3601,32097000.0,32097000.0,https://www.sec.gov/Archives/edgar/data/915840/000091584018000030/0000915840-18-000030-index.htm,https://www.sec.gov/Archives/edgar/data/915840/000091584018000030/bzh-33118document.htm,1620589837,15:50:37,20210509
9,2017-12-31,BZT,USD,2018-02-06,2018-02-06 16:46:26,Q1,14561000.0,311660000.0,-297099000.0,-20.403749742462743,0.0,37285000.0,0.0,-3145000.0,37285000.0,348945000.0,3435000.0,2507000.0,9188000.0,0.631000618089417,6681000.0,0.45882837717189756,0.0,-22469000.0,-1.5430945676807912,108106000.0,-130575000.0,-8.967447290708055,-4.068137209084961,-4.073467477772579,32097000.0,32055000.0,https://www.sec.gov/Archives/edgar/data/915840/000091584018000016/0000915840-18-000016-index.htm,https://www.sec.gov/Archives/edgar/data/915840/000091584018000016/bzh-123117document.htm,1620589837,15:50:37,20210509
10,2017-09-30,BZT,USD,2017-11-14,2017-11-14 16:50:47,Q4,94436000.0,559621000.0,-465185000.0,-4.925928671269431,0.0,44624000.0,0.0,-3223000.0,44624000.0,25700000.0,3404000.0,4870000.0,42653000.0,0.451660383751959,37783000.0,0.40009106696598756,0.0,37651000.0,0.39869329492989963,3958000.0,33654000.0,0.35636833410987334,1.0532674011016525,1.0378708443841362,31952000.0,32426000.0,https://www.sec.gov/Archives/edgar/data/915840/000091584017000037/0000915840-17-000037-index.htm,https://www.sec.gov/Archives/edgar/data/915840/000091584017000037/bzh-9301710kdocument.htm,1620589837,15:50:37,20210509
11,2017-06-30,BZT,USD,2017-08-01,2017-08-01 16:46:32,Q3,56788000.0,400145000.0,-343357000.0,-6.046294991899697,0.0,40794000.0,0.0,-2871000.0,40794000.0,19139000.0,2934000.0,3307000.0,18876000.0,0.33239416778192576,15569000.0,0.27416003380995985,0.0,12856000.0,0.2263858561667958,5742000.0,7123000.0,0.12543142917517786,0.22298,0.22298,31944000.0,31944000.0,https://www.sec.gov/Archives/edgar/data/915840/000091584017000027/0000915840-17-000027-index.htm,https://www.sec.gov/Archives/edgar/data/915840/000091584017000027/bzh-63017xq3document.htm,1620589837,15:50:37,20210509
12,2017-03-31,BZT,USD,2017-05-04,2017-05-04 16:02:24,Q2,70701000.0,3303000.0,67398000.0,0.9532821317944583,0.0,40100000.0,0.0,-3884000.0,40100000.0,43403000.0,4046000.0,3155000.0,10666000.0,0.1508606667515311,7511000.0,0.10623612112982843,5252000.0,5038000.0,0.0712578322796,7569000.0,-2531000.0,-0.03579864499794911,-0.07923240671174556,-0.07926466443268297,31944000.0,31931000.0,https://www.sec.gov/Archives/edgar/data/915840/000091584017000021/0000915840-17-000021-index.htm,https://www.sec.gov/Archives/edgar/data/915840/000091584017000021/bzh-33117xq2document.htm,1620589837,15:50:37,20210509
13,2016-12-31,BZT,USD,2017-02-09,2017-02-09 16:05:57,Q1,771000.0,52892000.0,-52121000.0,-67.6018158236057,0.0,36388000.0,0.0,-5252000.0,36388000.0,-16504000.0,5252000.0,2677000.0,3952000.0,5.125810635538262,1275000.0,1.6536964980544746,-5252000.0,-20896000.0,-27.102464332036316,-7569000.0,-13327000.0,-17.285343709468222,-0.41787,-0.41787,31893000.0,31893000.0,https://www.sec.gov/Archives/edgar/data/915840/000091584017000008/0000915840-17-000008-index.htm,https://www.sec.gov/Archives/edgar/data/915840/000091584017000008/bzh-123116xq1document.htm,1620589837,15:50:37,20210509
14,2016-09-30,BZT,USD,2016-11-15,2016-11-15 16:34:54,Q4,83761000.0,529715000.0,-445954000.0,-5.324124592590824,0.0,42604000.0,0.0,-5863000.0,42604000.0,23959000.0,5917000.0,4360000.0,35198000.0,0.4202194338654028,30838000.0,0.3681665691670348,0.0,13642000.0,0.1628681605998018,14431000.0,-854000.0,-0.010195675791836296,-0.026857035033649914,-0.02685281262773952,31798000.0,31803000.0,https://www.sec.gov/Archives/edgar/data/915840/000091584016000135/0000915840-16-000135-index.htm,https://www.sec.gov/Archives/edgar/data/915840/000091584016000135/bzh-9301610kdocument.htm,1620589837,15:50:37,20210509
15,2016-06-30,BZT,USD,2016-07-28,2016-07-28 16:02:22,Q3,40941000.0,382284000.0,-341343000.0,-8.33743679929655,0.0,40457000.0,0.0,-5344000.0,40457000.0,3745000.0,5406000.0,3387000.0,19696000.0,0.4810825334017244,16309000.0,0.3983537285361862,0.0,11456000.0,0.2798172980630664,5349000.0,5782000.0,0.14122762023399527,0.18186393231214418,0.18184105418750196,31793000.0,31797000.0,https://www.sec.gov/Archives/edgar/data/915840/000091584016000112/0000915840-16-000112-index.htm,https://www.sec.gov/Archives/edgar/data/915840/000091584016000112/bzh-63016xq3document.htm,1620589837,15:50:37,20210509
16,2016-03-31,BZT,USD,2016-04-28,2016-04-28 16:00:54,Q2,66588000.0,326041000.0,-259453000.0,-3.896392743437256,0.0,38898000.0,0.0,-6558000.0,38898000.0,364939000.0,6633000.0,3056000.0,6086000.0,0.0913978494623656,3030000.0,0.045503694359344024,0.0,-5210000.0,-0.07824232594461465,-3898000.0,-1234000.0,-0.018531867603772453,-0.03883,-0.03883,31783000.0,31783000.0,https://www.sec.gov/Archives/edgar/data/915840/000091584016000098/0000915840-16-000098-index.htm,https://www.sec.gov/Archives/edgar/data/915840/000091584016000098/bzh-33116xq2document.htm,1620589837,15:50:37,20210509
17,2015-12-31,BZT,USD,2016-02-04,2016-02-04 16:07:32,Q1,344449000.0,286867000.0,57582000.0,0.1671713374113439,0.0,31669000.0,0.0,-6565000.0,31669000.0,31669000.0,7432000.0,2991000.0,12139000.0,0.035241791963396614,9148000.0,0.026558358421711198,0.0,1815000.0,0.00526928514816417,616000.0,999000.0,0.0029002842220473856,0.03145763138835532,0.03137168697399824,31757000.0,31844000.0,https://www.sec.gov/Archives/edgar/data/915840/000091584016000069/0000915840-16-000069-index.htm,https://www.sec.gov/Archives/edgar/data/915840/000091584016000069/bzh-123115xq1document.htm,1620589837,15:50:37,20210509
18,2015-09-30,BZT,USD,2015-11-10,2015-11-10 16:04:11,Q4,79581000.0,1354969000.0,-1275388000.0,-16.026287681733077,0.0,40659000.0,0.0,-30013000.0,40659000.0,13035000.0,-53148000.0,4719000.0,41664000.0,0.5235420514947036,36945000.0,0.4642439778339051,0.0,30681000.0,0.3855317223960493,5000.0,356255000.0,4.4766338698935675,12.894708266975533,11.212860380208989,27628000.0,31772000.0,https://www.sec.gov/Archives/edgar/data/915840/000091584015000030/0000915840-15-000030-index.htm,https://www.sec.gov/Archives/edgar/data/915840/000091584015000030/bzh-9301510kdocument.htm,1620589837,15:50:37,20210509
19,2015-06-30,BZT,USD,2015-08-04,2015-08-04 16:18:46,Q3,45972000.0,30136000.0,15836000.0,0.3444705472896546,0.0,37669000.0,0.0,-1000.0,37669000.0,7533000.0,5954000.0,3497000.0,21193000.0,0.4609979987818672,17696000.0,0.38492995736535285,-1000.0,12086000.0,0.2628991560080049,-2000.0,12175000.0,0.26483511702775603,0.4599,0.4599,26473000.0,26473000.0,https://www.sec.gov/Archives/edgar/data/915840/000091584015000021/0000915840-15-000021-index.htm,https://www.sec.gov/Archives/edgar/data/915840/000091584015000021/bzh-63015xq3document.htm,1620589837,15:50:37,20210509
20,2015-03-31,BZT,USD,2015-04-30,2015-04-30 16:02:28,Q2,31313000.0,57818000.0,-26505000.0,-0.8464535496439178,0.0,32727000.0,0.0,1000.0,32727000.0,418000.0,7695000.0,2781000.0,9217000.0,0.2943505892121483,6436000.0,0.20553763612557086,1000.0,-4193000.0,-0.1339060454124485,105000.0,-4190000.0,-0.13381023855906493,-0.15827446832621916,-0.1582983867920964,26473000.0,26469000.0,https://www.sec.gov/Archives/edgar/data/915840/000162828015003158/0001628280-15-003158-index.htm,https://www.sec.gov/Archives/edgar/data/915840/000162828015003158/bzh-33115xq2document.htm,1620589837,15:50:37,20210509
21,2014-12-31,BZT,USD,2015-01-30,2015-01-30 16:46:16,Q1,265764000.0,230546000.0,35218000.0,0.1325160668864105,0.0,31441000.0,0.0,-9434000.0,31441000.0,31441000.0,9747000.0,2341000.0,-7149000.0,-0.0268998058427778,-9490000.0,-0.03570837284207041,0.0,-18782000.0,-0.07067172378501227,-696000.0,-22340000.0,-0.08405954154814045,-0.8438786688323953,-0.8443890085799599,26473000.0,26457000.0,https://www.sec.gov/Archives/edgar/data/915840/000091584015000006/0000915840-15-000006-index.htm,https://www.sec.gov/Archives/edgar/data/915840/000091584015000006/bzh-123114xq1document.htm,1620589837,15:50:37,20210509
22,2014-09-30,BZT,USD,2014-11-13,2014-11-12 18:34:07,Q4,56877000.0,30936000.0,25941000.0,0.456089456194947,0.0,39431000.0,0.0,0.0,39431000.0,8495000.0,-91896000.0,4141000.0,27593000.0,0.4851345886738049,23452000.0,0.4123283576841254,0.0,20274000.0,0.35645339944089877,-40014000.0,59847000.0,1.0522179439843873,2.3201007947276606,1.8822770875923887,25795000.0,31795000.0,https://www.sec.gov/Archives/edgar/data/915840/000091584014000043/0000915840-14-000043-index.htm,https://www.sec.gov/Archives/edgar/data/915840/000091584014000043/bzh-9301410kdocument.htm,1620589837,15:50:37,20210509
23,2014-06-30,BZT,USD,2014-07-31,2014-07-31 16:31:15,Q3,37427000.0,285867000.0,-248440000.0,-6.637988617842733,0.0,35994000.0,0.0,-10205000.0,35994000.0,4617000.0,10421000.0,3400000.0,18488000.0,0.49397493787907126,15088000.0,0.40313142918214123,0.0,-14962000.0,-0.3997648756245491,-1769000.0,-12355000.0,-0.3301092793972266,-0.4789687924016282,-0.4829567664764287,25795000.0,25582000.0,https://www.sec.gov/Archives/edgar/data/915840/000091584014000032/0000915840-14-000032-index.htm,https://www.sec.gov/Archives/edgar/data/915840/000091584014000032/bzh-63014xq3document.htm,1620589837,15:50:37,20210509
24,2014-03-31,BZT,USD,2014-05-01,2014-05-01 16:40:35,Q2,51119000.0,217849000.0,-166730000.0,-3.2616052739685832,0.0,32628000.0,0.0,-13727000.0,32628000.0,250477000.0,14659000.0,2831000.0,8448000.0,0.16526144877638452,5617000.0,0.10988086621412782,0.0,-8280000.0,-0.16197499951094504,-42000.0,-7971000.0,-0.15593028032629747,-0.3090133746850165,-0.3167746294162063,25795000.0,25163000.0,https://www.sec.gov/Archives/edgar/data/915840/000091584014000022/0000915840-14-000022-index.htm,https://www.sec.gov/Archives/edgar/data/915840/000091584014000022/bzh-33114xq2document.htm,1620589837,15:50:37,20210509
25,2013-12-31,BZT,USD,2014-01-31,2014-01-31 17:27:04,Q1,293170000.0,238500000.0,54670000.0,0.18647883480574412,0.0,28410000.0,0.0,-15757000.0,28410000.0,28410000.0,16032000.0,2907000.0,14439000.0,0.049251287648804445,11532000.0,0.039335539107002764,0.0,-3906000.0,-0.013323327762049322,42000.0,-5138000.0,-0.017525667701333698,-0.19918588873812754,-0.20544603942580672,25795000.0,25009000.0,https://www.sec.gov/Archives/edgar/data/915840/000091584014000006/0000915840-14-000006-index.htm,https://www.sec.gov/Archives/edgar/data/915840/000091584014000006/bzh-123113xq1document.htm,1620589837,15:50:37,20210509
26,2013-09-30,BZT,USD,2013-11-08,2013-11-08 07:36:42,Q4,52829000.0,27217000.0,25612000.0,0.4848094796418634,0.0,36428000.0,0.0,0.0,36428000.0,9211000.0,-106167000.0,4023000.0,26102000.0,0.49408468833405894,22079000.0,0.41793333207140015,0.0,8867000.0,0.16784341933407787,-2461000.0,11948000.0,0.22616366011092393,0.4631905408024811,0.4846862196259787,25795000.0,24651000.0,https://www.sec.gov/Archives/edgar/data/915840/000091584013000047/0000915840-13-000047-index.htm,https://www.sec.gov/Archives/edgar/data/915840/000091584013000047/bzh-9301310kdocument.htm,1620589837,15:50:37,20210509
27,2013-06-30,BZT,USD,2013-08-01,2013-08-01 17:15:17,Q3,30671000.0,260324000.0,-229653000.0,-7.4876267483942485,0.0,29612000.0,0.0,-14036000.0,29612000.0,6168000.0,14252000.0,2953000.0,11425000.0,0.372501711714649,8472000.0,0.2762218382185126,0.0,-5874000.0,-0.19151641615858628,-1028000.0,-5788000.0,-0.1887124645430537,-0.22438457065322737,-0.2355622481787473,25795000.0,24571000.0,https://www.sec.gov/Archives/edgar/data/915840/000091584013000036/0000915840-13-000036-index.htm,https://www.sec.gov/Archives/edgar/data/915840/000091584013000036/bzh-6302013xq3document.htm,1620589837,15:50:37,20210509
28,2013-03-31,BZT,USD,2013-05-02,2013-05-02 17:21:40,Q2,22408000.0,252275000.0,-229867000.0,-10.25825598000714,0.0,28795000.0,0.0,-32402000.0,28795000.0,7318000.0,16246000.0,3093000.0,3404000.0,0.15191003213138166,311000.0,0.01387897179578722,-580000.0,-43946000.0,-1.9611745805069618,-94000.0,-45234000.0,-2.0186540521242415,-1.8484,-1.8484,24472000.0,24472000.0,https://www.sec.gov/Archives/edgar/data/915840/000091584013000027/0000915840-13-000027-index.htm,https://www.sec.gov/Archives/edgar/data/915840/000091584013000027/bzh-3312013xq2document.htm,1620589837,15:50:37,20210509
29,2012-12-31,BZT,USD,2013-01-28,2013-01-28 16:09:41,Q1,16876000.0,202560000.0,-185684000.0,-11.002844275894763,0.0,26328000.0,0.0,580000.0,26328000.0,7120000.0,16211000.0,2715000.0,7399000.0,0.4384332780279687,4684000.0,0.27755392273050483,580000.0,5300000.0,0.31405546337994783,94000.0,5206000.0,0.3084854230860393,0.21429,0.21429,24294000.0,24294000.0,https://www.sec.gov/Archives/edgar/data/915840/000091584013000006/0000915840-13-000006-index.htm,https://www.sec.gov/Archives/edgar/data/915840/000091584013000006/bzh-12312012xq1document.htm,1620589837,15:50:37,20210509
30,2012-09-30,BZT,USD,2012-11-13,2012-11-13 08:46:18,Q4,27961000.0,13437000.0,14524000.0,0.5194377883480562,0.0,27671000.0,0.0,-69119000.0,27671000.0,14234000.0,-126621000.0,4174000.0,-2336000.0,-0.08354493759164551,-6510000.0,-0.23282429097671756,0.0,-64308000.0,-2.2999177425700084,-3909000.0,-66233000.0,-2.368763635063124,-2.7263110232979337,-3.585200822777958,24294000.0,18474000.0,https://www.sec.gov/Archives/edgar/data/915840/000091584012000038/0000915840-12-000038-index.htm,https://www.sec.gov/Archives/edgar/data/915840/000091584012000038/bzh-9301210kdocument.htm,1620589837,15:50:37,20210509
31,2012-06-30,BZT,USD,2012-08-03,2012-08-03 16:05:33,Q3,10924000.0,52766000.0,-41842000.0,-3.830281948004394,0.0,27867000.0,0.0,0.0,27867000.0,82380000.0,55147000.0,3753000.0,-17402000.0,-1.593006224826071,-21155000.0,-1.9365616990113512,0.0,-37911000.0,-3.4704320761625778,145000.0,-39884000.0,-3.651043573782497,-4.111752577319588,-0.47544911607281226,9700000.0,83887000.0,https://www.sec.gov/Archives/edgar/data/915840/000091584012000023/0000915840-12-000023-index.htm,https://www.sec.gov/Archives/edgar/data/915840/000091584012000023/bzh-6302012xq3document.htm,1620589837,15:50:37,20210509
32,2012-03-31,BZT,USD,2012-05-02,2012-05-02 16:53:58,Q2,14000.0,0.0,14000.0,1.0,0.0,54513000.0,0.0,19117000.0,54513000.0,54513000.0,0.0,5618000.0,18489000.0,1320.642857142857,12871000.0,919.3571428571429,19117000.0,31988000.0,2284.8571428571427,12434000.0,-739000.0,-52.785714285714285,-0.07618556701030928,-0.00967948969835095,9700000.0,76347000.0,https://www.sec.gov/Archives/edgar/data/915840/000091584012000010/0000915840-12-000010-index.htm,https://www.sec.gov/Archives/edgar/data/915840/000091584012000010/bzh-3312012xq2document.htm,1620589837,15:50:37,20210509
33,2011-12-31,BZT,USD,2012-02-02,2012-02-02 16:35:10,Q1,0.0,0.0,-12871000.0,0.0,0.0,0.0,0.0,-19117000.0,0.0,0.0,0.0,2424000.0,-10447000.0,0.0,-12871000.0,0.0,-19117000.0,-31988000.0,0.0,-12434000.0,739000.0,0.0,0.07618556701030928,0.00967948969835095,9700000.0,76347000.0,https://www.sec.gov/Archives/edgar/data/915840/000119312512036842/0001193125-12-036842-index.htm,https://www.sec.gov/Archives/edgar/data/915840/000119312512036842/d290513d10q.htm,1620589837,15:50:37,20210509
34,2011-09-30,BZT,USD,2011-11-15,2011-11-15 17:15:41,Q4,42806000.0,41063000.0,1743000.0,0.04071859085174975,0.0,4270000.0,0.0,55000.0,4270000.0,45333000.0,0.0,3675000.0,-1000000.0,-0.02336121104518058,-4675000.0,-0.10921366163621922,55000.0,-4612000.0,-0.10774190534037284,63000.0,-4675000.0,-0.10921366163621922,-0.48195876288659795,-0.0612335782676464,9700000.0,76347000.0,https://www.sec.gov/Archives/edgar/data/915840/000095012311098933/0000950123-11-098933-index.htm,https://www.sec.gov/Archives/edgar/data/915840/000095012311098933/g28012e10vk.htm,1620589837,15:50:37,20210509
35,2011-06-30,BZT,USD,2011-08-09,2011-08-09 16:56:05,Q3,400721000.0,379095000.0,21626000.0,0.053967723178969904,0.0,123459000.0,0.0,-46616000.0,123459000.0,502554000.0,0.0,2942000.0,-155138000.0,-0.387147167231066,-158080000.0,-0.39448893369701116,-26000.0,-157187000.0,-0.3922604505379054,564000.0,-157751000.0,-0.39366791358576164,-16.26298969072165,-2.0662370492619226,9700000.0,76347000.0,https://www.sec.gov/Archives/edgar/data/915840/000095012311075156/0000950123-11-075156-index.htm,https://www.sec.gov/Archives/edgar/data/915840/000095012311075156/g26138e10vq.htm,1620589837,15:50:37,20210509
36,2011-03-31,BZT,USD,2011-05-10,2011-05-10 16:07:14,Q2,6776000.0,4649000.0,2127000.0,0.31390200708382526,0.0,1749000.0,0.0,20532000.0,1749000.0,6398000.0,0.0,2124000.0,14415000.0,2.127361275088548,12291000.0,1.8139020070838252,20558000.0,32500000.0,4.796340023612751,12293000.0,-48053000.0,-7.091646989374262,-4.953917525773196,-4.953917525773196,9700000.0,9700000.0,https://www.sec.gov/Archives/edgar/data/915840/000095012311048306/0000950123-11-048306-index.htm,https://www.sec.gov/Archives/edgar/data/915840/000095012311048306/g27072e10vq.htm,1620589837,15:50:37,20210509
37,2010-12-31,BZT,USD,2011-02-08,2011-02-08 16:12:55,Q1,0.0,0.0,-12016000.0,0.0,0.0,0.0,0.0,-20532000.0,0.0,0.0,0.0,1967000.0,-10049000.0,0.0,-12016000.0,0.0,-20532000.0,-32548000.0,0.0,-12287000.0,47999000.0,0.0,0.8714573612447575,0.8714573612447575,55079000.0,55079000.0,https://www.sec.gov/Archives/edgar/data/915840/000095012311010289/0000950123-11-010289-index.htm,https://www.sec.gov/Archives/edgar/data/915840/000095012311010289/g25996e10vq.htm,1620589837,15:50:37,20210509
38,2010-09-30,BZT,USD,2010-11-05,2010-11-05 16:43:02,Q4,33167000.0,28937000.0,4230000.0,0.1275364066692797,0.0,7517000.0,0.0,395000.0,7517000.0,36454000.0,0.0,3610000.0,-523000.0,-0.01576868574185184,-4133000.0,-0.12461181294660355,395000.0,-18966000.0,-0.5718334489100612,-14833000.0,-4133000.0,-0.12461181294660355,-0.07503767316036965,-0.06331576689748146,55079000.0,65276000.0,https://www.sec.gov/Archives/edgar/data/915840/000095012310101754/0000950123-10-101754-index.htm,https://www.sec.gov/Archives/edgar/data/915840/000095012310101754/g25089e10vk.htm,1620589837,15:50:37,20210509
39,2010-06-30,BZT,USD,2010-08-05,2010-08-05 16:23:19,Q3,339942000.0,299803000.0,40139000.0,0.11807602473363103,0.0,54573000.0,0.0,-16383000.0,54573000.0,354376000.0,0.0,3624000.0,-23968000.0,-0.07050614516594007,-27592000.0,-0.08116678727547641,0.0,-55974000.0,-0.16465750039712657,-124091000.0,-30110000.0,-0.08857393320036948,-0.5466693295085241,-0.4612721367730866,55079000.0,65276000.0,https://www.sec.gov/Archives/edgar/data/915840/000095012310073372/0000950123-10-073372-index.htm,https://www.sec.gov/Archives/edgar/data/915840/000095012310073372/g24254e10vq.htm,1620589837,15:50:37,20210509
40,2010-03-31,BZT,USD,2010-05-03,2010-05-03 16:06:24,Q2,416969000.0,371606000.0,45363000.0,0.10879226033590027,0.0,90678000.0,0.0,-17036000.0,90678000.0,462284000.0,0.0,2747000.0,65542000.0,0.15718674529761206,62795000.0,0.15059872556473022,20532000.0,-12382000.0,-0.029695253124332983,12287000.0,5298000.0,0.0127059805405198,0.10932051255597053,0.09305675091774541,48463000.0,56933000.0,https://www.sec.gov/Archives/edgar/data/915840/000095012310042735/0000950123-10-042735-index.htm,https://www.sec.gov/Archives/edgar/data/915840/000095012310042735/g23124e10vq.htm,1620589837,15:50:37,20210509
41,2009-12-31,BZT,USD,2010-02-05,2010-02-05 16:33:15,Q1,0.0,0.0,-12016000.0,0.0,0.0,0.0,0.0,-20532000.0,0.0,0.0,0.0,3424000.0,-8592000.0,0.0,-12016000.0,0.0,-20532000.0,-32548000.0,0.0,-12287000.0,47999000.0,0.0,0.990425685574562,0.990425685574562,48463000.0,48463000.0,https://www.sec.gov/Archives/edgar/data/915840/000095012310009270/0000950123-10-009270-index.htm,https://www.sec.gov/Archives/edgar/data/915840/000095012310009270/g21995e10vq.htm,1620589837,15:50:37,20210509
42,2009-09-30,BZT,USD,2009-11-10,2009-11-10 16:58:59,Q4,1813000.0,1811000.0,2000.0,0.0011031439602868175,0.0,0.0,0.0,0.0,0.0,1811000.0,0.0,5805000.0,5805000.0,3.2018753447324877,0.0,0.0,0.0,0.0,0.0,0.0,0.0,0.0,0.0,0.0,38666000.0,38666000.0,https://www.sec.gov/Archives/edgar/data/915840/000095012309060840/0000950123-09-060840-index.htm,https://www.sec.gov/Archives/edgar/data/915840/000095012309060840/g21152e10vk.htm,1620589837,15:50:37,20210509
43,2009-06-30,BZT,USD,2009-08-07,2009-08-07 09:15:07,Q3,224653000.0,0.0,224653000.0,1.0,0.0,51357000.0,0.0,-25944000.0,51357000.0,51357000.0,0.0,4957000.0,-22923000.0,-0.10203736429070612,-27880000.0,-0.12410250475177273,0.0,-21890000.0,-0.09743916172942271,-7981000.0,-27976000.0,-0.12452983044962676,-0.72353,-0.72353,38666000.0,38666000.0,https://www.sec.gov/Archives/edgar/data/915840/000095012309031719/0000950123-09-031719-index.htm,https://www.sec.gov/Archives/edgar/data/915840/000095012309031719/g20085e10vq.htm,1620589837,15:50:37,20210509
44,2009-03-31,BZT,USD,2009-05-08,2009-05-08 16:21:42,Q2,420687000.0,0.0,420687000.0,1.0,0.0,123239000.0,0.0,-12777000.0,123239000.0,123239000.0,0.0,4339000.0,-177253000.0,-0.4213417576487983,-181592000.0,-0.4316558391393126,21237000.0,-174326000.0,-0.4143840907848353,12556000.0,-173287000.0,-0.411914321098584,-4.48616,-4.48616,38627000.0,38627000.0,https://www.sec.gov/Archives/edgar/data/915840/000095014409004118/0000950144-09-004118-index.htm,https://www.sec.gov/Archives/edgar/data/915840/000095014409004118/g18946e10vq.htm,1620589837,15:50:37,20210509
45,2008-12-31,BZT,USD,2009-02-09,2009-02-09 17:30:17,Q1,0.0,0.0,-13230000.0,0.0,0.0,0.0,0.0,-21237000.0,0.0,0.0,0.0,3783000.0,-9447000.0,0.0,-13230000.0,0.0,-21237000.0,-34467000.0,0.0,-12556000.0,-21911000.0,0.0,-0.5672457089600539,-0.5672457089600539,38627000.0,38627000.0,https://www.sec.gov/Archives/edgar/data/915840/000095014409000882/0000950144-09-000882-index.htm,https://www.sec.gov/Archives/edgar/data/915840/000095014409000882/g17553e10vq.htm,1620589837,15:50:37,20210509
46,2008-09-30,BZT,USD,2008-12-02,2008-12-02 16:27:18,Q4,4193000.0,0.0,4193000.0,1.0,0.0,0.0,0.0,0.0,0.0,0.0,0.0,9294000.0,9294000.0,2.216551395182447,0.0,0.0,0.0,0.0,0.0,0.0,0.0,0.0,0.0,0.0,38546000000.0,38546000000.0,https://www.sec.gov/Archives/edgar/data/915840/000095014408009069/0000950144-08-009069-index.htm,https://www.sec.gov/Archives/edgar/data/915840/000095014408009069/g16814e10vk.htm,1620589837,15:50:37,20210509
47,2008-06-30,BZT,USD,2008-08-08,2008-08-08 16:34:42,Q3,455578000.0,0.0,455578000.0,1.0,0.0,83517000.0,0.0,-13489000.0,83517000.0,83517000.0,0.0,6046000.0,-103648000.0,-0.2275087910302956,-109694000.0,-0.24077984450522194,-13489000.0,-173401000.0,-0.38061758908463533,0.0,-109842000.0,-0.2411047065486042,-0.00285,-0.00285,38546000000.0,38546000000.0,https://www.sec.gov/Archives/edgar/data/915840/000095014408006254/0000950144-08-006254-index.htm,https://www.sec.gov/Archives/edgar/data/915840/000095014408006254/g14638e10vq.htm,1620589837,15:50:37,20210509
48,2008-03-31,BZT,USD,2008-05-15,2008-05-15 16:26:13,Q2,906071000.0,0.0,906071000.0,1.0,0.0,162179000.0,0.0,-7418000.0,162179000.0,162179000.0,0.0,6311000.0,-330969000.0,-0.36527932137768454,-337280000.0,-0.3722445592012105,-7418000.0,-523344000.0,-0.5775971198725045,10800000.0,-349825000.0,-0.38609005254555107,-9.07505,-9.07505,38548000.0,38548000.0,https://www.sec.gov/Archives/edgar/data/915840/000095014408004179/0000950144-08-004179-index.htm,https://www.sec.gov/Archives/edgar/data/915840/000095014408004179/g13502e10vq.htm,1620589837,15:50:37,20210509
49,2007-12-31,BZT,USD,2008-05-15,2008-05-15 16:39:33,Q1,0.0,0.0,-29104000.0,0.0,0.0,0.0,0.0,0.0,0.0,0.0,0.0,6058000.0,-23046000.0,0.0,-29104000.0,0.0,0.0,-29104000.0,0.0,-10800000.0,-18304000.0,0.0,-0.45953,-0.45953,39832069.0,39832069.0,https://www.sec.gov/Archives/edgar/data/915840/000118811208001704/0001188112-08-001704-index.htm,https://www.sec.gov/Archives/edgar/data/915840/000118811208001704/t62754_10q.htm,1620589837,15:50:37,20210509
50,2007-09-30,BZT,USD,2008-05-12,2008-05-12 17:07:55,Q4,0.0,0.0,1260685000.0,0.0,0.0,649010000.0,0.0,0.0,649010000.0,649010000.0,0.0,10425000.0,622100000.0,0.0,611675000.0,0.0,2311000.0,613214000.0,0.0,224453000.0,388761000.0,0.0,9.76,9.76,39832069.0,39832069.0,https://www.sec.gov/Archives/edgar/data/915840/000118811208001638/0001188112-08-001638-index.htm,https://www.sec.gov/Archives/edgar/data/915840/000118811208001638/t62534_10k.htm,1620589837,15:50:37,20210509
51,2007-06-30,BZT,USD,2008-05-12,2008-05-12 17:14:04,Q3,1948936000.0,1118825000.0,830111000.0,0.425930353793044,0.0,211186000.0,0.0,0.0,211186000.0,1330011000.0,0.0,18167000.0,637092000.0,0.3268922119556517,618925000.0,0.3175707155083594,2478000.0,632264000.0,0.32441496283100113,233281000.0,398983000.0,0.20471836940771784,9.90442,9.90442,40283310.0,40283310.0,https://www.sec.gov/Archives/edgar/data/915840/000118811208001644/0001188112-08-001644-index.htm,https://www.sec.gov/Archives/edgar/data/915840/000118811208001644/t62635_10q.htm,1620589837,15:50:37,20210509
52,2007-03-31,BZT,USD,2007-04-26,2007-04-26 17:17:57,Q2,1629309000.0,1562788000.0,66521000.0,0.04082773740278854,0.0,225097000.0,0.0,0.0,225097000.0,1787885000.0,0.0,2451000.0,-137950000.0,-0.08466779475225387,-140401000.0,-0.08617211345423122,4687000.0,-166392000.0,-0.10212427476924267,-62769000.0,-192008000.0,-0.11784627716412295,-5.00634,-5.00634,38353000.0,38353000.0,https://www.sec.gov/Archives/edgar/data/915840/000118811207001222/0001188112-07-001222-index.htm,https://www.sec.gov/Archives/edgar/data/915840/000118811207001222/t14057_10q.htm,1620589837,15:50:37,20210509
53,2006-12-31,BZT,USD,2007-01-26,2007-01-26 17:06:15,Q1,0.0,0.0,-18175000.0,0.0,0.0,0.0,0.0,0.0,0.0,0.0,0.0,2551000.0,-15624000.0,0.0,-18175000.0,0.0,0.0,2451000.0,0.0,923000.0,89913000.0,0.0,2.2584396664322317,2.0275792084789717,39812000.0,44345000.0,https://www.sec.gov/Archives/edgar/data/915840/000118811207000206/0001188112-07-000206-index.htm,https://www.sec.gov/Archives/edgar/data/915840/000118811207000206/t12852_10q.htm,1620589837,15:50:37,20210509
54,2006-09-30,BZT,USD,2006-12-08,2006-12-08 16:35:24,Q4,0.0,0.0,1260685000.0,0.0,0.0,649010000.0,0.0,0.0,649010000.0,649010000.0,0.0,2653000.0,614328000.0,0.0,611675000.0,0.0,2311000.0,613214000.0,0.0,224453000.0,388761000.0,0.0,9.764920124585553,8.766738076446048,39812000.0,44345000.0,https://www.sec.gov/Archives/edgar/data/915840/000118811206003677/0001188112-06-003677-index.htm,https://www.sec.gov/Archives/edgar/data/915840/000118811206003677/t12408_10k.htm,1620589837,15:50:37,20210509
55,2006-06-30,BZT,USD,2006-08-04,2006-08-04 16:43:20,Q3,1203538000.0,894231000.0,309307000.0,0.25699811721773635,0.0,153412000.0,0.0,0.0,153412000.0,1047643000.0,0.0,2590000.0,158485000.0,0.13168258916627476,155895000.0,0.12953060061252739,1480000.0,157502000.0,0.13086583057618456,54878000.0,102624000.0,0.08526859974508491,2.5477023907052954,2.285154423389521,40281000.0,44909000.0,https://www.sec.gov/Archives/edgar/data/915840/000110465906051621/0001104659-06-051621-index.htm,https://www.sec.gov/Archives/edgar/data/915840/000110465906051621/a06-15740_110q.htm,1620589837,15:50:37,20210509
56,2006-03-31,BZT,USD,2006-05-10,2006-05-10 16:28:26,Q2,1269091000.0,1787382000.0,-518291000.0,-0.40839545785132825,0.0,149793000.0,0.0,0.0,149793000.0,1937175000.0,0.0,2619000.0,167321000.0,0.13184318539805262,164702000.0,0.12977950359745677,1582000.0,166614000.0,0.13128609374741448,62263000.0,104351000.0,0.08222499410995744,2.5637176620887896,2.2987333406762858,40703000.0,45395000.0,https://www.sec.gov/Archives/edgar/data/915840/000110465906033328/0001104659-06-033328-index.htm,https://www.sec.gov/Archives/edgar/data/915840/000110465906033328/a06-10004_110q.htm,1620589837,15:50:37,20210509
57,2005-12-31,BZT,USD,2006-01-20,2006-01-20 08:45:13,Q1,1105616000.0,0.0,1105616000.0,1.0,0.0,133078000.0,0.0,0.0,133078000.0,133078000.0,0.0,2442000.0,142194000.0,0.1286106568645895,139752000.0,0.1264019334018321,4103000.0,144207000.0,0.1304313613406463,54294000.0,89913000.0,0.08132389545737399,2.195248791444895,1.9714736772863815,40958000.0,45607000.0,https://www.sec.gov/Archives/edgar/data/915840/000110465906003003/0001104659-06-003003-index.htm,https://www.sec.gov/Archives/edgar/data/915840/000110465906003003/a06-2780_110q.htm,1620589837,15:50:37,20210509
58,2005-09-30,BZT,USD,2005-12-09,2005-12-09 11:16:50,Q4,1814051000.0,0.0,1814051000.0,1.0,0.0,191345000.0,0.0,0.0,191345000.0,191345000.0,0.0,-6082000.0,249435000.0,0.13750164686659858,255517000.0,0.1408543640724544,2408000.0,259796000.0,0.14321317316878082,95372000.0,164424000.0,0.09063912756587329,4.063062172580804,3.603102949555156,40468000.0,45634000.0,https://www.sec.gov/Archives/edgar/data/915840/000130773205000010/0001307732-05-000010-index.htm,https://www.sec.gov/Archives/edgar/data/915840/000130773205000010/body.htm,1620589837,15:50:37,20210509
59,2005-06-30,BZT,USD,2005-07-28,2005-07-28 16:14:37,Q3,1293227000.0,0.0,1293227000.0,1.0,0.0,150891000.0,0.0,0.0,150891000.0,150891000.0,0.0,5676000.0,184313000.0,0.14252176918669343,178637000.0,0.13813274854298588,987000.0,182575000.0,0.14117784426090701,69835000.0,112740000.0,0.08717727050239439,2.7905940594059406,2.4772577455504283,40400000.0,45510000.0,https://www.sec.gov/Archives/edgar/data/915840/000110465905034769/0001104659-05-034769-index.htm,https://www.sec.gov/Archives/edgar/data/915840/000110465905034769/a05-13549_110q.htm,1620589837,15:50:37,20210509
60,2005-03-31,BZT,USD,2005-04-28,2005-04-28 17:06:19,Q2,976248000.0,0.0,976248000.0,1.0,0.0,108070000.0,0.0,0.0,108070000.0,108070000.0,0.0,5142000.0,-52972000.0,-0.054260802582950234,-58114000.0,-0.05952790684334309,1436000.0,-56377000.0,-0.05774864583589416,27967000.0,-84344000.0,-0.0863960796846703,-2.09021,-2.09021,40352000.0,40352000.0,https://www.sec.gov/Archives/edgar/data/915840/000110465905018899/0001104659-05-018899-index.htm,https://www.sec.gov/Archives/edgar/data/915840/000110465905018899/a05-7277_110q.htm,1620589837,15:50:37,20210509
61,2004-12-31,BZT,USD,2005-01-27,2005-01-27 11:22:30,Q1,911827000.0,0.0,911827000.0,1.0,0.0,104594000.0,0.0,0.0,104594000.0,104594000.0,0.0,4493000.0,115371000.0,0.1265272908128406,110878000.0,0.12159982101868008,2564000.0,113340000.0,0.12429989460720071,43636000.0,69704000.0,0.07644432551350201,5.189398451459202,4.616158940397351,13432000.0,15100000.0,https://www.sec.gov/Archives/edgar/data/915840/000110465905002793/0001104659-05-002793-index.htm,https://www.sec.gov/Archives/edgar/data/915840/000110465905002793/a05-2223_110q.htm,1620589837,15:50:37,20210509
62,2004-09-30,BZT,USD,2004-12-07,2004-12-07 17:24:05,Q4,2897830000.0,0.0,2897830000.0,1.0,0.0,318266000.0,0.0,0.0,318266000.0,318266000.0,0.0,3655000.0,285352000.0,0.09847092479545039,281697000.0,0.09720963617603517,5480000.0,288738000.0,0.09963938533316309,112607000.0,176131000.0,0.060780308023590066,13.249905965545777,12.762191145569162,13293000.0,13801000.0,https://www.sec.gov/Archives/edgar/data/915840/000130773204000003/0001307732-04-000003-index.htm,https://www.sec.gov/Archives/edgar/data/915840/000130773204000003/body.htm,1620589837,15:50:37,20210509
63,2004-06-30,BZT,USD,2004-07-29,2004-07-29 10:46:50,Q3,1009279000.0,0.0,1009279000.0,1.0,0.0,111176000.0,0.0,0.0,111176000.0,111176000.0,0.0,4065000.0,100303000.0,0.09938084513796483,96238000.0,0.09535321749486515,1599000.0,97837000.0,0.09693751678178185,38157000.0,59680000.0,0.059131320477291215,4.48048048048048,4.3112042187387125,13320000.0,13843000.0,https://www.sec.gov/Archives/edgar/data/915840/000104746904024653/0001047469-04-024653-index.htm,https://www.sec.gov/Archives/edgar/data/915840/000104746904024653/a2140760z10-q.htm,1620589837,15:50:37,20210509
64,2004-03-31,BZT,USD,2004-05-06,2004-05-06 12:28:30,Q2,876581000.0,0.0,876581000.0,1.0,0.0,99717000.0,0.0,0.0,99717000.0,99717000.0,0.0,4021000.0,81865000.0,0.09339125534320274,77844000.0,0.08880411507892597,2250000.0,80094000.0,0.09137090582615867,31236000.0,48858000.0,0.05573700547924265,3.6718773485645575,3.528672540806009,13306000.0,13846000.0,https://www.sec.gov/Archives/edgar/data/915840/000110465904012872/0001104659-04-012872-index.htm,https://www.sec.gov/Archives/edgar/data/915840/000110465904012872/a04-5289_110q.htm,1620589837,15:50:37,20210509
65,2003-12-31,BZT,USD,2004-02-11,2004-02-11 15:02:30,Q1,810108000.0,0.0,810108000.0,1.0,0.0,89507000.0,0.0,0.0,89507000.0,89507000.0,0.0,4014000.0,79666000.0,0.09833997442316333,75652000.0,0.0933850795202615,1702000.0,77354000.0,0.09548603396090398,30168000.0,47186000.0,0.058246554780350276,3.55289511331978,3.4121049967459687,13281000.0,13829000.0,https://www.sec.gov/Archives/edgar/data/915840/000110465904003518/0001104659-04-003518-index.htm,https://www.sec.gov/Archives/edgar/data/915840/000110465904003518/a04-1882_110q.htm,1620589837,15:50:37,20210509
66,2003-09-30,BZT,USD,2003-12-19,2003-12-19 15:45:31,Q4,1039923000.0,0.0,1039923000.0,1.0,0.0,117306000.0,0.0,0.0,117306000.0,117306000.0,0.0,3623000.0,96257000.0,0.0925616608152719,92634000.0,0.08907774902564901,1851000.0,94485000.0,0.09085768850193716,37321000.0,57164000.0,0.054969454469225125,4.436132236535776,4.229983720586059,12886000.0,13514000.0,https://www.sec.gov/Archives/edgar/data/915840/000104746903041568/0001047469-03-041568-index.htm,https://www.sec.gov/Archives/edgar/data/915840/000104746903041568/a2124468z10-k.htm,1620589837,15:50:37,20210509
67,2003-06-30,BZT,USD,2003-08-12,2003-08-12 08:19:18,Q3,771758000.0,0.0,771758000.0,1.0,0.0,85618000.0,0.0,0.0,85618000.0,85618000.0,0.0,3913000.0,69881000.0,0.09054781421119056,65968000.0,0.08547757198500049,1287000.0,67255000.0,0.08714519318231881,26566000.0,40689000.0,0.05272248554598721,3.171889616463985,3.024305039393489,12828000.0,13454000.0,https://www.sec.gov/Archives/edgar/data/915840/000110465903017577/0001104659-03-017577-index.htm,https://www.sec.gov/Archives/edgar/data/915840/000110465903017577/a03-1704_110q.htm,1620589837,15:50:37,20210509
68,2003-03-31,BZT,USD,2003-05-15,2003-05-14 17:52:43,Q2,665567000.0,0.0,665567000.0,1.0,0.0,76347000.0,0.0,0.0,76347000.0,76347000.0,0.0,2953000.0,64440000.0,0.09681970410191611,61487000.0,0.0923828855697473,1277000.0,62764000.0,0.094301550407397,24792000.0,37972000.0,0.05705210745124082,2.963552641848123,2.833097067820637,12813000.0,13403000.0,https://www.sec.gov/Archives/edgar/data/915840/000110465903009916/0001104659-03-009916-index.htm,https://www.sec.gov/Archives/edgar/data/915840/000110465903009916/j1011_10q.htm,1620589837,15:50:37,20210509
69,2002-12-31,BZT,USD,2003-02-14,2003-02-14 13:47:04,Q1,700160000.0,0.0,700160000.0,1.0,0.0,77377000.0,0.0,0.0,77377000.0,77377000.0,0.0,2731000.0,61797000.0,0.08826125457038392,59066000.0,0.08436071755027422,1959000.0,61025000.0,0.08715864945155392,24105000.0,36920000.0,0.05273080438756855,2.881898368589493,2.7502979737783075,12811000.0,13424000.0,https://www.sec.gov/Archives/edgar/data/915840/000104746903005547/0001047469-03-005547-index.htm,https://www.sec.gov/Archives/edgar/data/915840/000104746903005547/a2103373z10-q.htm,1620589837,15:50:37,20210509
70,2002-09-30,BZT,USD,2002-12-20,2002-12-20 14:36:20,Q4,904331000.0,0.0,904331000.0,1.0,0.0,105394000.0,0.0,3103000.0,105394000.0,105394000.0,0.0,3131000.0,67231000.0,0.07434335436914138,64100000.0,0.07088112649018999,3103000.0,67203000.0,0.0743123922546059,26545000.0,40658000.0,0.04495920188515046,0.003859326056003797,0.0035618046430135786,10535000000.0,11415000000.0,https://www.sec.gov/Archives/edgar/data/915840/000104746902007825/0001047469-02-007825-index.htm,https://www.sec.gov/Archives/edgar/data/915840/000104746902007825/a2096348z10-k.htm,1620589837,15:50:37,20210509
71,2002-06-20,BZT,USD,2002-08-14,2002-08-14 17:27:09,Q3,743813000.0,0.0,743813000.0,1.0,0.0,79499000.0,0.0,3550000.0,79499000.0,79499000.0,0.0,2485000.0,56206000.0,0.07556469166309274,53721000.0,0.07222379818583434,3550000.0,57271000.0,0.07699650315334634,22622000.0,34649000.0,0.04658294490685159,3.5273338084088364,3.2255632098305718,9823000.0,10742000.0,https://www.sec.gov/Archives/edgar/data/915840/000110465902004193/0001104659-02-004193-index.htm,https://www.sec.gov/Archives/edgar/data/915840/000110465902004193/j4196_10q.htm,1620589837,15:50:37,20210509
72,2002-03-31,BZT,USD,2002-05-15,2002-05-15 16:00:35,Q2,503312000.0,0.0,503312000.0,1.0,0.0,55139000.0,0.0,2232000.0,55139000.0,55139000.0,0.0,1870000.0,40125000.0,0.07972192198874654,38255000.0,0.07600653272721493,1378000.0,39633000.0,0.07874439711352005,15456000.0,24177000.0,0.048035810789331466,2.8564508506616257,2.566832997133454,8464000.0,9419000.0,https://www.sec.gov/Archives/edgar/data/915840/000110465902002547/0001104659-02-002547-index.htm,https://www.sec.gov/Archives/edgar/data/915840/000110465902002547/j3957_10q.htm,1620589837,15:50:37,20210509
73,2001-12-31,BZT,USD,2002-02-14,2002-02-14 00:00:00,Q1,489717000.0,0.0,489717000.0,1.0,0.0,52552000.0,0.0,0.0,52552000.0,52552000.0,0.0,-7286000.0,29812000.0,0.060875975308188196,37098000.0,0.07575395585613733,854000.0,37952000.0,0.07749782016960816,14802000.0,23150000.0,0.047272200066569056,2.7552963580099976,2.472498130940938,8402000.0,9363000.0,https://www.sec.gov/Archives/edgar/data/915840/000091205702006246/0000912057-02-006246-index.htm,https://www.sec.gov/Archives/edgar/data/915840/000091205702006246/a2070820z10-q.htm,1620589837,15:50:37,20210509
74,2001-09-30,BZT,USD,2001-12-21,2001-12-21 00:00:00,Q4,617005000.0,0.0,617005000.0,1.0,0.0,72756000.0,0.0,812000.0,72756000.0,72756000.0,0.0,3082000.0,41360000.0,0.06703349243523148,38278000.0,0.06203839515076863,812000.0,39090000.0,0.06335442986685683,15245000.0,23845000.0,0.03864636429202357,2.92756292203806,2.6043031891655746,8145000.0,9156000.0,https://www.sec.gov/Archives/edgar/data/915840/000091205701544372/0000912057-01-544372-index.htm,https://www.sec.gov/Archives/edgar/data/915840/000091205701544372/a2066261z10-k405.htm,1620589837,15:50:37,20210509
75,2001-06-30,BZT,USD,2001-08-10,2001-08-10 00:00:00,Q3,813875000.0,0.0,813875000.0,1.0,0.0,91314000.0,0.0,1284000.0,91314000.0,91314000.0,0.0,2043000.0,56920000.0,0.06993702964214406,54877000.0,0.0674268161572723,1284000.0,56161000.0,0.06900445400092152,21904000.0,33524000.0,0.04119060052219321,4.1138790035587185,3.6742656729504604,8149000.0,9124000.0,https://www.sec.gov/Archives/edgar/data/915840/000110465901501356/0001104659-01-501356-index.htm,https://www.sec.gov/Archives/edgar/data/915840/000110465901501356/j1496_10q.htm,1620589837,15:50:37,20210509
76,2001-03-31,BZT,USD,2001-05-09,2001-05-09 00:00:00,Q2,9247000.0,0.0,9247000.0,1.0,0.0,1332000.0,0.0,-879000.0,1332000.0,1332000.0,0.0,2044000.0,8126000.0,0.8787714934573375,6082000.0,0.6577268303233481,-879000.0,5203000.0,0.5626689737212068,2028000.0,3175000.0,0.3433546014923759,0.3895227579438106,0.34767849321068767,8151000.0,9132000.0,https://www.sec.gov/Archives/edgar/data/915840/000091205701514025/0000912057-01-514025-index.htm,https://www.sec.gov/Archives/edgar/data/915840/000091205701514025/a2048291z10-q.htm,1620589837,15:50:37,20210509
77,2000-12-31,BZT,USD,2001-02-12,2001-02-12 00:00:00,Q1,365050000.0,0.0,365050000.0,1.0,0.0,40096000.0,0.0,504000.0,40096000.0,40096000.0,0.0,2084000.0,25076000.0,0.0686919600054787,22992000.0,0.06298315299274072,504000.0,23496000.0,0.06436378578276948,9164000.0,14332000.0,0.03926037529105602,1.7689459392742533,1.6072670180553998,8102000.0,8917000.0,https://www.sec.gov/Archives/edgar/data/915840/000091205701004570/0000912057-01-004570-index.htm,https://www.sec.gov/Archives/edgar/data/915840/000091205701004570/a2036627z10-q.htm,1620589837,15:50:37,20210509
78,2000-09-30,BZT,USD,2000-12-22,2000-12-22 00:00:00,Q4,1138308000.0,0.0,1138308000.0,1.0,0.0,126170000.0,0.0,-530000.0,126170000.0,126170000.0,0.0,3403000.0,58083000.0,0.05102573292992758,54680000.0,0.04803620812644732,-4138000.0,54150000.0,0.047570604792376056,21118000.0,33032000.0,0.02901850817177776,4.001938454082869,3.8275782155272307,8254000.0,8630000.0,https://www.sec.gov/Archives/edgar/data/915840/000091205700054647/0000912057-00-054647-index.htm,https://www.sec.gov/Archives/edgar/data/915840/000091205700054647/a2033517z10-k.htm,1620589837,15:50:37,20210509
