,date,symbol,reportedCurrency,fillingDate,acceptedDate,period,revenue,costOfRevenue,grossProfit,grossProfitRatio,researchAndDevelopmentExpenses,generalAndAdministrativeExpenses,sellingAndMarketingExpenses,otherExpenses,operatingExpenses,costAndExpenses,interestExpense,depreciationAndAmortization,ebitda,ebitdaratio,operatingIncome,operatingIncomeRatio,totalOtherIncomeExpensesNet,incomeBeforeTax,incomeBeforeTaxRatio,incomeTaxExpense,netIncome,netIncomeRatio,eps,epsdiluted,weightedAverageShsOut,weightedAverageShsOutDil,link,finalLink,timestamp,est_time,est_date
0,2018-06-30,RMGN,USD,2018-08-14,2018-08-14 16:02:15,Q2,8595000.0,3947000.0,4648000.0,0.5407795229784759,735000.0,2498000.0,2021000.0,0.0,6000000.0,9947000.0,0.0,745000.0,-607000.0,-0.07062245491564863,-1352000.0,-0.15730075625363585,-870000.0,-2143000.0,-0.24933100639906922,0.0,-2143000.0,-0.24933100639906922,-0.19,-0.19,11156257.0,11156257.0,https://www.sec.gov/Archives/edgar/data/1512074/000155837018007076/0001558370-18-007076-index.htm,https://www.sec.gov/Archives/edgar/data/1512074/000155837018007076/rmgn-20180630x10q.htm,1620597325,17:55:25,20210509
1,2018-03-31,RMGN,USD,2018-05-10,2018-05-10 16:42:57,Q1,7485000.0,3410000.0,4075000.0,0.5444221776887107,707000.0,2739000.0,2167000.0,0.0,6366000.0,9776000.0,0.0,753000.0,-1538000.0,-0.20547762191048763,-2291000.0,-0.30607882431529726,-420000.0,-2859000.0,-0.3819639278557114,0.0,-2859000.0,-0.3819639278557114,-0.26,-0.26,11156257.0,11156257.0,https://www.sec.gov/Archives/edgar/data/1512074/000104746918003668/0001047469-18-003668-index.htm,https://www.sec.gov/Archives/edgar/data/1512074/000104746918003668/a2235681z10-q.htm,1620597325,17:55:25,20210509
2,2017-12-31,RMGN,USD,2018-04-04,2018-04-04 17:27:15,Q4,10205000.0,4475000.0,5730000.0,0.5614894659480647,701000.0,2742000.0,2274000.0,0.0,6472000.0,10947000.0,0.0,755000.0,13000.0,0.0012738853503184713,-742000.0,-0.0727094561489466,57000.0,-746000.0,-0.07310142087212151,64000.0,-810000.0,-0.07937285644292014,-0.07260499646073051,-0.07260499646073051,11156257.0,11156257.0,https://www.sec.gov/Archives/edgar/data/1512074/000155837018002782/0001558370-18-002782-index.htm,https://www.sec.gov/Archives/edgar/data/1512074/000155837018002782/rmgn-20171231x10k.htm,1620597325,17:55:25,20210509
3,2017-09-30,RMGN,USD,2017-11-08,2017-11-07 18:40:17,Q3,8781000.0,3943000.0,4838000.0,0.5509623049766541,716000.0,2930000.0,2177000.0,0.0,6580000.0,10523000.0,0.0,757000.0,-985000.0,-0.11217401207151804,-1742000.0,-0.198382872110238,0.0,-1922000.0,-0.21888167634665756,0.0,-1922000.0,-0.21888167634665756,-0.17,-0.17,11156257.0,11156257.0,https://www.sec.gov/Archives/edgar/data/1512074/000155837017008439/0001558370-17-008439-index.htm,https://www.sec.gov/Archives/edgar/data/1512074/000155837017008439/rmgn-20170930x10q.htm,1620597325,17:55:25,20210509
4,2017-06-30,RMGN,USD,2017-08-03,2017-08-03 16:16:24,Q2,9087000.0,3466000.0,5621000.0,0.6185759876747001,644000.0,2706000.0,2398000.0,0.0,6536000.0,10002000.0,0.0,789000.0,-126000.0,-0.013865962363816441,-915000.0,-0.10069329811819082,0.0,-1198000.0,-0.13183668977660393,-12000.0,-1186000.0,-0.13051612193243095,-0.12,-0.12,11155987.0,11155987.0,https://www.sec.gov/Archives/edgar/data/1512074/000155837017005849/0001558370-17-005849-index.htm,https://www.sec.gov/Archives/edgar/data/1512074/000155837017005849/rmgn-20170630x10q.htm,1620597325,17:55:25,20210509
5,2017-03-31,RMGN,USD,2017-05-04,2017-05-04 16:24:02,Q1,8969000.0,4025000.0,4944000.0,0.5512320214070688,668000.0,2847000.0,2136000.0,0.0,6424000.0,10449000.0,0.0,773000.0,-707000.0,-0.07882707102241053,-1480000.0,-0.1650128219422455,231000.0,-1274000.0,-0.14204482105028432,0.0,-1274000.0,-0.14204482105028432,-0.12,-0.12,11155987.0,11155987.0,https://www.sec.gov/Archives/edgar/data/1512074/000155837017003531/0001558370-17-003531-index.htm,https://www.sec.gov/Archives/edgar/data/1512074/000155837017003531/rmgn-20170331x10q.htm,1620597325,17:55:25,20210509
6,2016-12-31,RMGN,USD,2017-03-02,2017-03-02 17:18:39,Q4,10695000.0,4738000.0,5957000.0,0.556989247311828,575000.0,2919000.0,2387000.0,0.0,6618000.0,11356000.0,0.0,737000.0,76000.0,0.0071061243571762505,-661000.0,-0.06180458158017765,-241000.0,-851000.0,-0.07956989247311828,116000.0,-967000.0,-0.09041608228143992,-0.0866799145606749,-0.0866799145606749,11155987.0,11155987.0,https://www.sec.gov/Archives/edgar/data/1512074/000155837017001298/0001558370-17-001298-index.htm,https://www.sec.gov/Archives/edgar/data/1512074/000155837017001298/rmgn-20161231x10k.htm,1620597325,17:55:25,20210509
7,2016-09-30,RMGN,USD,2016-11-03,2016-11-03 16:05:20,Q3,9528000.0,3469000.0,6059000.0,0.6359151973131822,595000.0,3287000.0,2239000.0,0.0,6922000.0,10391000.0,0.0,801000.0,-62000.0,-0.006507136859781696,-863000.0,-0.09057514693534845,0.0,-860000.0,-0.09026028547439127,27000.0,-887000.0,-0.09309403862300587,-0.077296,-0.077296,9543034.0,9543034.0,https://www.sec.gov/Archives/edgar/data/1512074/000139843216000759/0001398432-16-000759-index.htm,https://www.sec.gov/Archives/edgar/data/1512074/000139843216000759/a12998.htm,1620597325,17:55:25,20210509
8,2016-06-30,RMGN,USD,2016-08-12,2016-08-11 17:49:39,Q2,8711000.0,3631000.0,5080000.0,0.5831707037079554,697000.0,3076000.0,2034000.0,0.0,6597000.0,10228000.0,0.0,791000.0,-726000.0,-0.08334289978188497,-1517000.0,-0.1741476294340489,48000.0,-1340000.0,-0.1538284927103662,0.0,-1600000.0,-0.18367581219148205,-0.193241,-0.193241,9543034.0,9543034.0,https://www.sec.gov/Archives/edgar/data/1512074/000139843216000709/0001398432-16-000709-index.htm,https://www.sec.gov/Archives/edgar/data/1512074/000139843216000709/a12970.htm,1620597325,17:55:25,20210509
9,2016-03-31,RMGN,USD,2016-05-12,2016-05-12 16:26:24,Q1,8667000.0,3643000.0,5024000.0,0.5796700126918195,701000.0,3213000.0,1863000.0,0.0,6595000.0,10238000.0,0.0,818000.0,-753000.0,-0.08688127379716165,-1571000.0,-0.18126225914387908,0.0,-1317000.0,-0.15195569401176878,0.0,-1317000.0,-0.15195569401176878,-0.154593,-0.154593,9543034.0,9543034.0,https://www.sec.gov/Archives/edgar/data/1512074/000139843216000652/0001398432-16-000652-index.htm,https://www.sec.gov/Archives/edgar/data/1512074/000139843216000652/a12945.htm,1620597325,17:55:25,20210509
10,2015-12-31,RMGN,USD,2016-03-10,2016-03-10 16:06:19,Q4,11759000.0,5669000.0,6090000.0,0.5179011820733056,678000.0,3090000.0,2210000.0,0.0,6853000.0,12522000.0,0.0,873000.0,110000.0,0.009354536950420954,-763000.0,-0.0648864699379199,48000.0,-814000.0,-0.06922357343311505,93000.0,-907000.0,-0.07713240921847096,-0.09504314875122524,-0.09504314875122524,9543034.0,9543034.0,https://www.sec.gov/Archives/edgar/data/1512074/000139843216000497/0001398432-16-000497-index.htm,https://www.sec.gov/Archives/edgar/data/1512074/000139843216000497/a12865.htm,1620597325,17:55:25,20210509
11,2015-09-30,RMGN,USD,2015-11-16,2015-11-16 06:32:58,Q3,10194000.0,4764000.0,5430000.0,0.5326662742789876,1118000.0,3876000.0,2191000.0,0.0,8048000.0,12812000.0,0.0,864824.0,-1753176.0,-0.1719811653914067,-2618000.0,-0.25681773592309204,246000.0,-2493000.0,-0.24455562095350206,29000.0,-1201000.0,-0.11781440062782028,-0.115944,-0.115944,9543034.0,9543034.0,https://www.sec.gov/Archives/edgar/data/1512074/000139843215000397/0001398432-15-000397-index.htm,https://www.sec.gov/Archives/edgar/data/1512074/000139843215000397/a12829.htm,1620597325,17:55:25,20210509
12,2015-06-30,RMGN,USD,2015-08-14,2015-08-14 16:48:21,Q2,9338779.0,2669189.0,6669590.0,0.7141822287474626,868443.0,5051650.0,2019799.0,0.0,9045930.0,11715119.0,0.0,1176009.0,-1200331.0,-0.12853189908445203,-2376340.0,-0.25445938917710764,767073.0,-1700822.0,-0.1821246653336587,16546.0,-2721226.0,-0.2913899129639967,-0.425129,-0.425129,6591638.0,6591638.0,https://www.sec.gov/Archives/edgar/data/1512074/000139843215000310/0001398432-15-000310-index.htm,https://www.sec.gov/Archives/edgar/data/1512074/000139843215000310/i12795.htm,1620597325,17:55:25,20210509
13,2015-03-31,RMGN,USD,2015-05-15,2015-05-15 15:04:15,Q1,9310514.0,4956910.0,4353604.0,0.4676008220383966,681396.0,4065424.0,2685118.0,0.0,8344516.0,13301426.0,0.0,983167.0,-3007745.0,-0.3230482226867389,-3990912.0,-0.42864572245957633,289462.0,-4945897.0,-0.5312163216767625,-16546.0,-6901214.0,-0.7412280353157731,-2.202943,-2.202943,3148342.0,3148342.0,https://www.sec.gov/Archives/edgar/data/1512074/000139843215000243/0001398432-15-000243-index.htm,https://www.sec.gov/Archives/edgar/data/1512074/000139843215000243/a12772.htm,1620597325,17:55:25,20210509
14,2014-12-31,RMGN,USD,2015-04-10,2015-04-10 11:12:44,Q4,18427882.0,12698722.0,5729160.0,0.31089628205780784,860144.0,5263375.0,4060885.0,0.0,11590513.0,24289235.0,0.0,1406109.0,-4455244.0,-0.24176647104642845,-5861353.0,-0.3180698139916459,-26204498.0,-32590705.0,-1.7685540313314356,-6107849.0,-26482856.0,-1.4371079649847986,-8.411683355874299,-8.411683355874299,3148342.0,3148342.0,https://www.sec.gov/Archives/edgar/data/1512074/000139843215000158/0001398432-15-000158-index.htm,https://www.sec.gov/Archives/edgar/data/1512074/000139843215000158/a12722.htm,1620597325,17:55:25,20210509
15,2014-09-30,RMGN,USD,2014-11-14,2014-11-14 15:32:37,Q3,13913416.0,5028270.0,8885146.0,0.6386027701608289,994182.0,3126949.0,4140374.0,0.0,9859665.0,14887935.0,0.0,1598160.0,623641.0,0.04482299673926231,-974519.0,-0.070041677759078,-16782785.0,-18837580.0,-1.3539148114309238,-1274355.0,-17563225.0,-1.2623229981767239,-5.603978,-5.603978,3139343.0,3139343.0,https://www.sec.gov/Archives/edgar/data/1512074/000139843214000407/0001398432-14-000407-index.htm,https://www.sec.gov/Archives/edgar/data/1512074/000139843214000407/rmgn20140930_10q.htm,1620597325,17:55:25,20210509
16,2014-06-30,RMGN,USD,2014-08-14,2014-08-14 12:26:51,Q2,8197401.0,8767664.0,-570263.0,-0.06956631742182674,832956.0,4485181.0,3429864.0,0.0,9894711.0,18662375.0,0.0,1880785.0,-8584189.0,-1.047184223389828,-10464974.0,-1.2766209680360885,4052462.0,-6268458.0,-0.7646884665029806,685060.0,-16027170.0,-1.9551526148348726,-5.024257,-5.024257,3200091.0,3200091.0,https://www.sec.gov/Archives/edgar/data/1512074/000139843214000310/0001398432-14-000310-index.htm,https://www.sec.gov/Archives/edgar/data/1512074/000139843214000310/rmgn20140630_10q.htm,1620597325,17:55:25,20210509
17,2014-03-31,RMGN,USD,2014-05-09,2014-05-09 13:00:28,Q1,11775129.0,6615642.0,5159487.0,0.4381681933166083,1091926.0,5405768.0,5233280.0,0.0,13651007.0,20266649.0,248739.0,1920033.0,-6571487.0,-0.5580819539216938,-8491520.0,-0.7211402949385948,-4641471.0,-13381730.0,-1.1364402037548804,-950079.0,-12431651.0,-1.055754973045306,-4.019405,-4.019405,3092561.0,3092561.0,https://www.sec.gov/Archives/edgar/data/1512074/000139843214000197/0001398432-14-000197-index.htm,https://www.sec.gov/Archives/edgar/data/1512074/000139843214000197/rmgn20140331_10q.htm,1620597325,17:55:25,20210509
18,2013-12-31,RMGN,USD,2014-03-31,2014-03-31 15:16:37,Q4,41662036.0,12138629.0,29523407.0,0.7086405234732167,912781000.0,1361218000.0,5005903000.0,13422672.0,13422672.0,25561301.0,0.0,1985002000.0,-4740012000.0,-113.7729322686006,-6725014000.0,-161.4182753814528,0.0,-4566630000.0,-109.61130176163257,-3003088000.0,-1563542000.0,-37.529178842819874,-140.14933503235,-130.81655786078045,11156257.0,11952172.0,https://www.sec.gov/Archives/edgar/data/1512074/000139843214000123/0001398432-14-000123-index.htm,https://www.sec.gov/Archives/edgar/data/1512074/000139843214000123/rmgn20131231_10k.htm,1620597325,17:55:25,20210509
19,2013-09-30,RMGN,USD,2013-11-14,2013-11-14 17:08:44,Q3,15582823.0,9299480.0,6283343.0,0.40322238146451383,904610.0,3888646.0,4324370.0,0.0,10796970.0,20096450.0,949671.0,2971620.0,-1542007.0,-0.09895556151796116,-4513627.0,-0.28965399915021817,1301014.0,-4162284.0,-0.26710718590591703,0.0,-4162284.0,-0.26710718590591703,-1.777814,-1.777814,2335969.0,2335969.0,https://www.sec.gov/Archives/edgar/data/1512074/000139843213000751/0001398432-13-000751-index.htm,https://www.sec.gov/Archives/edgar/data/1512074/000139843213000751/rmgn20130930_10q.htm,1620597325,17:55:25,20210509
20,2013-06-30,RMGN,USD,2013-08-14,2013-08-14,Q2,32920646.0,17228975.0,15691671.0,0.47665136947798653,806401000.0,-532017000.0,3351286000.0,25041396.0,24640914.0,41869889.0,0.0,1292276000.0,361227000.0,10.972658312962631,-931049000.0,-28.281613914866675,0.0,-7274477000.0,-220.97005629840922,0.0,-7274477000.0,-220.97005629840922,-652.0535516526735,-608.6322218254556,11156257.0,11952172.0,https://www.sec.gov/Archives/edgar/data/1512074/000139843213000597/0001398432-13-000597-index.htm,https://www.sec.gov/Archives/edgar/data/1512074/000139843213000597/rmgn20130807_10q.htm,1620597325,17:55:25,20210509
21,2013-03-31,RMGN,USD,2013-05-15,2013-05-15 11:11:21,Q1,0.0,0.0,0.0,0.0,0.0,1433286.0,0.0,0.0,1433286.0,1433286.0,0.0,0.0,500976.0,0.0,-1433286.0,0.0,-1934262.0,-3357555.0,0.0,0.0,-3357555.0,0.0,-4.637775,-4.637775,721659.0,721659.0,https://www.sec.gov/Archives/edgar/data/1512074/000114420413029117/0001144204-13-029117-index.htm,https://www.sec.gov/Archives/edgar/data/1512074/000114420413029117/v344231_10q.htm,1620597325,17:55:25,20210509
22,2012-12-31,RMGN,USD,2013-03-14,2013-03-14,Q4,0.0,0.0,0.0,0.0,0.0,-256533.0,0.0,0.0,-256533.0,-256533.0,0.0,0.0,256533.0,0.0,256533.0,0.0,600000.0,-386495.0,0.0,0.0,-386495.0,0.0,-0.5355645810555955,-0.5355645810555955,721659.0,721659.0,https://www.sec.gov/Archives/edgar/data/1512074/000114420413014995/0001144204-13-014995-index.htm,https://www.sec.gov/Archives/edgar/data/1512074/000114420413014995/v335500_10k.htm,1620597325,17:55:25,20210509
23,2012-09-30,RMGN,USD,2012-11-09,2012-11-09,Q3,0.0,0.0,0.0,0.0,0.0,110746.0,0.0,0.0,110746.0,110746.0,0.0,0.0,-110746.0,0.0,-110746.0,0.0,0.0,-95108.0,0.0,0.0,-95108.0,0.0,-0.154593,-0.154593,590740.0,590740.0,https://www.sec.gov/Archives/edgar/data/1512074/000114420412060645/0001144204-12-060645-index.htm,https://www.sec.gov/Archives/edgar/data/1512074/000114420412060645/v326422_10q.htm,1620597325,17:55:25,20210509
24,2012-06-30,RMGN,USD,2012-08-14,2012-08-14,Q2,0.0,0.0,0.0,0.0,0.0,508839.0,0.0,0.0,508839.0,508839.0,0.0,0.0,-508839.0,0.0,-508839.0,0.0,0.0,0.0,0.0,0.0,-495640.0,0.0,-0.850259,-0.850259,588279.0,588279.0,https://www.sec.gov/Archives/edgar/data/1512074/000114420412045164/0001144204-12-045164-index.htm,https://www.sec.gov/Archives/edgar/data/1512074/000114420412045164/v318699_10q.htm,1620597325,17:55:25,20210509
25,2012-03-31,RMGN,USD,2012-05-14,2012-05-14 10:06:45,Q1,0.0,0.0,0.0,0.0,0.0,238223.0,0.0,0.0,238223.0,238223.0,0.0,0.0,-238223.0,0.0,-238223.0,0.0,0.0,0.0,0.0,0.0,-230860.0,0.0,-0.077296,-0.077296,2464235.0,2464235.0,https://www.sec.gov/Archives/edgar/data/1512074/000114420412028312/0001144204-12-028312-index.htm,https://www.sec.gov/Archives/edgar/data/1512074/000114420412028312/v312480_10q.htm,1620597325,17:55:25,20210509
26,2011-12-31,RMGN,USD,2012-03-22,2012-03-22,Q4,0.0,0.0,0.0,0.0,0.0,158633.0,0.0,0.0,158633.0,158633.0,0.0,0.0,-158633.0,0.0,-158633.0,0.0,0.0,0.0,0.0,0.0,-149325.0,0.0,-0.060596899240535095,-0.060596899240535095,2464235.0,2464235.0,https://www.sec.gov/Archives/edgar/data/1512074/000114420412016570/0001144204-12-016570-index.htm,https://www.sec.gov/Archives/edgar/data/1512074/000114420412016570/v305834_10k.htm,1620597325,17:55:25,20210509
27,2011-09-30,RMGN,USD,2011-11-10,2011-11-10,Q3,0.0,0.0,0.0,0.0,0.0,118560.0,0.0,0.0,118560.0,118560.0,0.0,0.0,-118560.0,0.0,-118560.0,0.0,0.0,-101992.0,0.0,0.0,-101992.0,0.0,-0.038648,-0.038648,2464235.0,2464235.0,https://www.sec.gov/Archives/edgar/data/1512074/000114420411062790/0001144204-11-062790-index.htm,https://www.sec.gov/Archives/edgar/data/1512074/000114420411062790/v239307_10q.htm,1620597325,17:55:25,20210509
28,2011-06-30,RMGN,USD,2011-08-09,2011-08-09,Q2,0.0,0.0,0.0,0.0,0.0,123289.0,0.0,0.0,123289.0,123289.0,0.0,-1750000.0,-1873289.0,0.0,-123289.0,0.0,0.0,0.0,0.0,0.0,-111187.0,0.0,-0.038648,-0.038648,2117834.0,2117834.0,https://www.sec.gov/Archives/edgar/data/1512074/000114420411044735/0001144204-11-044735-index.htm,https://www.sec.gov/Archives/edgar/data/1512074/000114420411044735/v228974_10q.htm,1620597325,17:55:25,20210509
