,date,symbol,reportedCurrency,fillingDate,acceptedDate,period,revenue,costOfRevenue,grossProfit,grossProfitRatio,researchAndDevelopmentExpenses,generalAndAdministrativeExpenses,sellingAndMarketingExpenses,otherExpenses,operatingExpenses,costAndExpenses,interestExpense,depreciationAndAmortization,ebitda,ebitdaratio,operatingIncome,operatingIncomeRatio,totalOtherIncomeExpensesNet,incomeBeforeTax,incomeBeforeTaxRatio,incomeTaxExpense,netIncome,netIncomeRatio,eps,epsdiluted,weightedAverageShsOut,weightedAverageShsOutDil,link,finalLink,timestamp,est_time,est_date
0,2021-03-31,JMFINANCIL.NS,INR,2021-03-31,2021-03-31,Q1,5305200000,0.0,0.0,0.0,0.0,929900000,0.0,0.0,2181200000,0.0,2711000000,97100000,0.0,0.0,0.0,0.5888562165422604,0.0,3124000000,0.5888562165422604,790600000,156200000,0.02944281082711302,0.16400825352531068,0.16400825352531068,952391094,952391094,https://www.nseindia.com/companies-listing/corporate-filings-annual-reports,https://www.nseindia.com/companies-listing/corporate-filings-annual-reports,1620593952,16:59:12,20210509
1,2020-12-31,JMFINANCIL.NS,INR,2020-12-31,2020-12-31,Q4,5436700000,0.0,0.0,0.0,0.0,854400000,0.0,0.0,2129100000,0.0,2782500000,99400000,0.0,0.0,0.0,0.6083837622086927,0.0,3307600000,0.6083837622086927,805700000,2510000000,0.46167712031195396,1.96,1.95,952391094,952391094,,,1620593952,16:59:12,20210509
2,2020-09-30,JMFINANCIL.NS,INR,2020-09-30,2020-09-30,Q3,4353200000,0.0,0.0,0.0,0.0,691300000,0.0,0.0,1958000000,0.0,2888700000,100400000,0.0,0.0,0.0,0.5502159331066802,0.0,2395200000,0.5502159331066802,559500000,1390600000,0.31944316824405034,1.53,1.53,908888889,908888889,https://www.nseindia.com/companies-listing/corporate-filings-annual-reports,https://www.nseindia.com/companies-listing/corporate-filings-annual-reports,1620593952,16:59:12,20210509
3,2020-06-30,JMFINANCIL.NS,INR,2020-06-30,2020-06-30,Q2,3494900000,0.0,0.0,0.0,0.0,640100000,0.0,0.0,1653200000,0.0,2726500000,100600000,0.0,0.0,0.0,0.526967867464019,0.0,1841700000,0.526967867464019,452100000,936100000,0.2678474348336147,1.01,1.0,926831683,936100000,https://www.nseindia.com/companies-listing/corporate-filings-annual-reports,https://www.nseindia.com/companies-listing/corporate-filings-annual-reports,1620593952,16:59:12,20210509
4,2020-03-31,JMFINANCIL.NS,INR,2020-03-31,2020-03-31,Q1,6208900000,0.0,0.0,0.0,0.0,2907800000,0.0,0.0,4058700000,0.0,3333200000,109400000,0.0,0.0,0.0,0.34630933015509996,0.0,2150200000,0.34630933015509996,509700000,1305600000,0.21027879334503696,1.4364792174283032,1.4364792174283032,908888889,908888889,https://www.nseindia.com/companies-listing/corporate-filings-annual-reports,https://www.nseindia.com/companies-listing/corporate-filings-annual-reports,1620593952,16:59:12,20210509
5,2019-12-31,JMFINANCIL.NS,INR,2019-12-31,2019-12-31,Q4,5093000000,0.0,0.0,0.0,0.0,752000000,0.0,0.0,2046200000,0.0,3535800000,103100000,0.0,0.0,0.0,0.5982328686432358,0.0,3046800000,0.5982328686432358,825300000,1575400000,0.3093265266051443,1.87,1.87,842459893,842459893,https://www.nseindia.com/companies-listing/corporate-filings-annual-reports,https://www.nseindia.com/companies-listing/corporate-filings-annual-reports,1620593952,16:59:12,20210509
6,2019-09-30,JMFINANCIL.NS,INR,2019-09-30,2019-09-30,Q3,4521700000,0.0,0.0,0.0,0.0,648300000,0.0,0.0,1807200000,0.0,3493900000,98200000,0.0,0.0,0.0,0.6003273105248026,0.0,2714500000,0.6003273105248026,747700000,1295900000,0.2865957493862928,1.54,1.54,841493506,841493506,https://www.nseindia.com/companies-listing/corporate-filings-annual-reports,https://www.nseindia.com/companies-listing/corporate-filings-annual-reports,1620593952,16:59:12,20210509
7,2019-06-30,JMFINANCIL.NS,INR,2019-06-30,2019-06-30,Q2,4829100000,0.0,0.0,0.0,0.0,653600000,0.0,0.0,1805400000,0.0,3495700000,99700000,0.0,0.0,0.0,0.626141517052867,0.0,3023700000,0.626141517052867,1077100000,1272900000,0.2635894887246071,1.51,1.51,842980132,842980132,https://www.nseindia.com/companies-listing/corporate-filings-annual-reports,https://www.nseindia.com/companies-listing/corporate-filings-annual-reports,1620593952,16:59:12,20210509
8,2019-03-31,JMFINANCIL.NS,INR,2019-03-31,2019-03-31,Q1,4326233000,0.0,0.0,0.0,0.0,781717000,0.0,0.0,1877789000,0.0,3515295000,69900000,0.0,0.0,0.0,0.5659528740130271,0.0,2448444000,0.5659528740130271,685651000,1286431000,0.29735592142170797,1.4153886306338155,1.4153886306338155,908888889,908888889,https://www.nseindia.com/companies-listing/corporate-filings-annual-reports,https://www.nseindia.com/companies-listing/corporate-filings-annual-reports,1620593952,16:59:12,20210509
9,2018-12-31,JMFINANCIL.NS,INR,2018-12-31,2018-12-31,Q4,5155983000,0.0,0.0,0.0,0.0,675618000,0.0,0.0,1735913000,0.0,3784220000,68783000,0.0,0.0,0.0,0.6633206509796483,0.0,3420070000,0.6633206509796483,1210609000,1374615000,0.266605805333338,1.64,1.63,838179878,843322086,https://www.nseindia.com/companies-listing/corporate-filings-annual-reports,https://www.nseindia.com/companies-listing/corporate-filings-annual-reports,1620593952,16:59:12,20210509
10,2018-09-30,JMFINANCIL.NS,INR,2018-09-30,2018-09-30,Q3,5942119000,0.0,0.0,0.0,0.0,947368000,0.0,0.0,2146669000,0.0,3814912000,68160000,0.0,0.0,0.0,0.6387367873312534,0.0,3795450000,0.6387367873312534,1393535000,1633581000,0.2749155646327514,1.95,1.94,837733846,842052062,https://www.nseindia.com/companies-listing/corporate-filings-annual-reports,https://www.nseindia.com/companies-listing/corporate-filings-annual-reports,1620593952,16:59:12,20210509
11,2018-06-30,JMFINANCIL.NS,INR,2018-06-30,2018-06-30,Q2,5205757000,0.0,0.0,0.0,0.0,930289000,0.0,0.0,2041821000,0.0,3347673000,64257000,0.0,0.0,0.0,0.6077763522192834,0.0,3163936000,0.6077763522192834,1173305000,1427173000,0.2741528273409612,1.7,1.69,839513529,844481065,https://www.nseindia.com/companies-listing/corporate-filings-annual-reports,https://www.nseindia.com/companies-listing/corporate-filings-annual-reports,1620593952,16:59:12,20210509
12,2018-03-31,JMFINANCIL.NS,INR,2018-03-31,2018-03-31,Q1,6257513000,0.0,0.0,0.0,0.0,1280443000,0.0,0.0,2240474000,0.0,3068790000,67653000,0.0,0.0,0.0,0.6419545592634006,0.0,4017039000,0.6419545592634006,1406422000,1887980000,0.3017141154960445,2.35,2.34,803395745,806829060,https://www.nseindia.com/companies-listing/corporate-filings-annual-reports,https://www.nseindia.com/companies-listing/corporate-filings-annual-reports,1620593952,16:59:12,20210509
13,2017-12-31,JMFINANCIL.NS,INR,2017-12-31,2017-12-31,Q4,5435478000,0.0,0.0,0.0,0.0,873975000,0.0,0.0,1927476000,0.0,2941783000,65881000,0.0,0.0,0.0,0.6453897890857069,0.0,3508002000,0.6453897890857069,1135050000,1680976000,0.30926001356274463,2.11,2.1,796671090,800464762,https://www.nseindia.com/companies-listing/corporate-filings-annual-reports,https://www.nseindia.com/companies-listing/corporate-filings-annual-reports,1620593952,16:59:12,20210509
14,2017-09-30,JMFINANCIL.NS,INR,2017-09-30,2017-09-30,Q3,4922542000,0.0,0.0,0.0,0.0,700719000,0.0,0.0,1767561000,0.0,2762546000,64509000,0.0,0.0,0.0,0.6409251561489978,0.0,3154981000,0.6409251561489978,1050254000,1510291000,0.30681119632905113,1.9,1.89,794890000,799095767,https://www.nseindia.com/companies-listing/corporate-filings-annual-reports,https://www.nseindia.com/companies-listing/corporate-filings-annual-reports,1620593952,16:59:12,20210509
15,2017-06-30,JMFINANCIL.NS,INR,2017-06-30,2017-06-30,Q2,4474364000,0.0,0.0,0.0,0.0,733185000,0.0,0.0,1775979000,0.0,2616548000,63636000,0.0,0.0,0.0,0.6030767724753731,0.0,2698385000,0.6030767724753731,917476000,1281914000,0.28650194753935976,1.61,1.6,796219876,801196250,https://www.nseindia.com/companies-listing/corporate-filings-annual-reports,https://www.nseindia.com/companies-listing/corporate-filings-annual-reports,1620593952,16:59:12,20210509
16,2017-03-31,JMFINANCIL.NS,INR,2017-03-31,2017-03-31,Q1,5111473000,0.0,0.0,0.0,0.0,987699000,0.0,0.0,1849009000,0.0,2138134000,62726000,0.0,0.0,0.0,0.638262982118853,0.0,3262464000,0.638262982118853,1159901000,1508470000,0.2951145393901132,1.9,1.89,793931579,798132275,https://www.nseindia.com/companies-listing/corporate-filings-annual-reports,https://www.nseindia.com/companies-listing/corporate-filings-annual-reports,1620593952,16:59:12,20210509
17,2016-12-31,JMFINANCIL.NS,INR,2016-12-31,2016-12-31,Q4,3948575000,0.0,0.0,0.0,0.0,626657000,0.0,0.0,1494535000,0.0,1991083000,60112000,0.0,0.0,0.0,0.6215001614506499,0.0,2454040000,0.6215001614506499,817357000,1186027000,0.3003683607377345,1.5,1.49,790684667,795991275,https://www.nseindia.com/companies-listing/corporate-filings-annual-reports,https://www.nseindia.com/companies-listing/corporate-filings-annual-reports,1620593952,16:59:12,20210509
18,2016-09-30,JMFINANCIL.NS,INR,2016-09-30,2016-09-30,Q3,3704498000,0.0,0.0,0.0,0.0,567724000,0.0,0.0,1414602000,0.0,1933482000,57264000,0.0,0.0,0.0,0.6181393538341767,0.0,2289896000,0.6181393538341767,783387000,1146544000,0.3095005045218003,1.45,1.44,790720000,796211111,https://www.nseindia.com/companies-listing/corporate-filings-annual-reports,https://www.nseindia.com/companies-listing/corporate-filings-annual-reports,1620593952,16:59:12,20210509
19,2016-06-30,JMFINANCIL.NS,INR,2016-06-30,2016-06-30,Q2,2997418000,0.0,0.0,0.0,0.0,571282000,0.0,0.0,1286525000,0.0,1756913000,53052000,0.0,0.0,0.0,0.5707889256686922,0.0,1710893000,0.5707889256686922,587734000,860927000,0.28722286981662215,1.09,1.08,789841284,797154630,https://www.nseindia.com/companies-listing/corporate-filings-annual-reports,https://www.nseindia.com/companies-listing/corporate-filings-annual-reports,1620593952,16:59:12,20210509
20,2016-03-31,JMFINANCIL.NS,INR,2016-03-31,2016-03-31,Q1,3354179000,0.0,0.0,0.0,0.0,573435000,0.0,0.0,1340711000,0.0,1391294000,51519000,0.0,0.0,0.0,0.6002863890090541,0.0,2013468000,0.6002863890090541,580688000,1137374000,0.3390916227190022,1.44,1.43,789843056,795366434,https://www.nseindia.com/companies-listing/corporate-filings-annual-reports,https://www.nseindia.com/companies-listing/corporate-filings-annual-reports,1620593952,16:59:12,20210509
21,2015-12-31,JMFINANCIL.NS,INR,2015-12-31,2015-12-31,Q4,2916825000,0.0,0.0,0.0,0.0,448118000,0.0,0.0,1135488000,0.0,1343141000,52355000,0.0,0.0,0.0,0.6107109614049523,0.0,1781337000,0.6107109614049523,608959000,1171092000,0.40149546167493766,1.49,1.47,785967785,796661224,https://www.nseindia.com/companies-listing/corporate-filings-annual-reports,https://www.nseindia.com/companies-listing/corporate-filings-annual-reports,1620593952,16:59:12,20210509
22,2015-09-30,JMFINANCIL.NS,INR,2015-09-30,2015-09-30,Q3,2829361000,0.0,0.0,0.0,0.0,467807000,0.0,0.0,1153893000,0.0,1186846000,50704000,0.0,0.0,0.0,0.5921718720234004,0.0,1675468000,0.5921718720234004,550896000,972599000,0.34375217584465184,1.23,1.22,790730894,797212295,https://www.nseindia.com/companies-listing/corporate-filings-annual-reports,https://www.nseindia.com/companies-listing/corporate-filings-annual-reports,1620593952,16:59:12,20210509
23,2015-06-30,JMFINANCIL.NS,INR,2015-06-30,2015-06-30,Q2,2630634000,0.0,0.0,0.0,0.0,471089000,0.0,0.0,1172362000,0.0,1199583000,48279000,0.0,0.0,0.0,0.5543424132737583,0.0,1458272000,0.5543424132737583,483942000,723523000,0.2750375004656672,0.92,0.92,786438043,786438043,https://www.nseindia.com/companies-listing/corporate-filings-annual-reports,https://www.nseindia.com/companies-listing/corporate-filings-annual-reports,1620593952,16:59:12,20210509
24,2015-03-31,JMFINANCIL.NS,INR,2015-03-31,2015-03-31,Q1,2803065000,0.0,0.0,0.0,0.0,325338000,0.0,0.0,1218544000,0.0,1125525000,43176000,0.0,0.0,0.0,0.5652815757037386,0.0,1584521000,0.5652815757037386,513891000,929515000,0.33160665200414546,1.0226937651561498,1.0226937651561498,908888889,908888889,https://www.nseindia.com/companies-listing/corporate-filings-annual-reports,https://www.nseindia.com/companies-listing/corporate-filings-annual-reports,1620593952,16:59:12,20210509
25,2014-12-31,JMFINANCIL.NS,INR,2014-12-31,2014-12-31,Q4,2514306000,0.0,0.0,0.0,0.0,507537000,0.0,0.0,1141034000,0.0,1151274000,49930000,0.0,0.0,0.0,0.5461833205663909,0.0,1373272000,0.5461833205663909,390293000,870256000,0.346121752881312,1.14,1.12,763382456,777014286,https://www.nseindia.com/companies-listing/corporate-filings-annual-reports,https://www.nseindia.com/companies-listing/corporate-filings-annual-reports,1620593952,16:59:12,20210509
26,2014-09-30,JMFINANCIL.NS,INR,2014-09-30,2014-09-30,Q3,2670150000,0.0,0.0,0.0,0.0,498661000,0.0,0.0,1296787000,0.0,1102130000,45942000,0.0,0.0,0.0,0.5143392693294384,0.0,1373363000,0.5143392693294384,396283000,921949000,0.34527985319176824,1.22,1.19,755695902,774747059,https://www.nseindia.com/companies-listing/corporate-filings-annual-reports,https://www.nseindia.com/companies-listing/corporate-filings-annual-reports,1620593952,16:59:12,20210509
27,2014-06-30,JMFINANCIL.NS,INR,2014-06-30,2014-06-30,Q2,1840879000,0.0,0.0,0.0,0.0,458164000,0.0,0.0,1002935000,0.0,823071000,41452000,0.0,0.0,0.0,0.45518689712903454,0.0,837944000,0.45518689712903454,263433000,583480000,0.31695727964738585,0.77,0.74,757766234,788486486,https://www.nseindia.com/companies-listing/corporate-filings-annual-reports,https://www.nseindia.com/companies-listing/corporate-filings-annual-reports,1620593952,16:59:12,20210509
28,2014-03-31,JMFINANCIL.NS,INR,2014-03-31,2014-03-31,Q1,1890563000,0.0,0.0,0.0,0.0,211889000,0.0,0.0,1178962000,0.0,661030000,40904000,0.0,0.0,0.0,0.37639634331148974,0.0,711601000,0.37639634331148974,191906000,594323000,0.314362970184014,0.6539006111670048,0.6539006111670048,908888889,908888889,https://www.nseindia.com/companies-listing/corporate-filings-annual-reports,https://www.nseindia.com/companies-listing/corporate-filings-annual-reports,1620593952,16:59:12,20210509
29,2013-12-31,JMFINANCIL.NS,INR,2013-12-31,2013-12-31,Q4,1548936000,0.0,0.0,0.0,0.0,469242000,0.0,0.0,932411000,0.0,670379000,41554000,0.0,0.0,0.0,0.3980312937397026,0.0,616525000,0.3980312937397026,183828000,441583000,0.2850879571525228,0.59,0.57,748445763,774707018,https://www.nseindia.com/companies-listing/corporate-filings-annual-reports,https://www.nseindia.com/companies-listing/corporate-filings-annual-reports,1620593952,16:59:12,20210509
30,2013-09-30,JMFINANCIL.NS,INR,2013-09-30,2013-09-30,Q3,1712607000,0.0,0.0,0.0,0.0,501295000,0.0,0.0,1029980000,0.0,764059000,36598000,0.0,0.0,0.0,0.39858940200524695,0.0,682627000,0.39858940200524695,190749000,504042000,0.29431270571707346,0.67,0.66,752301493,763700000,https://www.nseindia.com/companies-listing/corporate-filings-annual-reports,https://www.nseindia.com/companies-listing/corporate-filings-annual-reports,1620593952,16:59:12,20210509
31,2013-06-30,JMFINANCIL.NS,INR,2013-06-30,2013-06-30,Q2,1836294000,0.0,0.0,0.0,0.0,443974000,0.0,0.0,1045447000,0.0,982832000,33344000,0.0,0.0,0.0,0.4306755889852061,0.0,790847000,0.4306755889852061,233317000,555352000,0.302430874358899,0.74,0.72,750475676,771322222,https://www.nseindia.com/companies-listing/corporate-filings-annual-reports,https://www.nseindia.com/companies-listing/corporate-filings-annual-reports,1620593952,16:59:12,20210509
32,2013-03-31,JMFINANCIL.NS,INR,2013-03-31,2013-03-31,Q1,1807941000,0.0,0.0,0.0,0.0,274143000,0.0,0.0,1028309000,0.0,975300000,34114000,0.0,0.0,0.0,0.43122646148297983,0.0,779632000,0.43122646148297983,210728000,697575000,0.38583947153142717,0.7675030561408921,0.7675030561408921,908888889,908888889,https://www.nseindia.com/companies-listing/corporate-filings-annual-reports,https://www.nseindia.com/companies-listing/corporate-filings-annual-reports,1620593952,16:59:12,20210509
33,2012-12-31,JMFINANCIL.NS,INR,2012-12-31,2012-12-31,Q4,1716524000,0.0,0.0,0.0,0.0,543728000,0.0,0.0,1086809000,0.0,967254000,35262000,0.0,0.0,0.0,0.3668547599684013,0.0,629715000,0.3668547599684013,163067000,441348000,0.25711729052433874,0.59,0.59,751394191,751394191,https://www.nseindia.com/companies-listing/corporate-filings-annual-reports,https://www.nseindia.com/companies-listing/corporate-filings-annual-reports,1620593952,16:59:12,20210509
34,2012-09-30,JMFINANCIL.NS,INR,2012-09-30,2012-09-30,Q3,1529926000,0.0,0.0,0.0,0.0,478062000,0.0,0.0,977939000,0.0,920414000,26026000,0.0,0.0,0.0,0.3607932671253381,0.0,551987000,0.3607932671253381,180774000,337217000,0.22041392851680408,0.45,0.45,749371111,749371111,https://www.nseindia.com/companies-listing/corporate-filings-annual-reports,https://www.nseindia.com/companies-listing/corporate-filings-annual-reports,1620593952,16:59:12,20210509
35,2012-06-30,JMFINANCIL.NS,INR,2012-06-30,2012-06-30,Q2,1598409000,0.0,0.0,0.0,0.0,509367000,0.0,0.0,1020443000,0.0,906232000,26198000,0.0,0.0,0.0,0.3615883043701581,0.0,577966000,0.3615883043701581,194731000,353060000,0.22088213967764195,0.47,0.47,751191489,751191489,https://www.nseindia.com/companies-listing/corporate-filings-annual-reports,https://www.nseindia.com/companies-listing/corporate-filings-annual-reports,1620593952,16:59:12,20210509
36,2012-03-31,JMFINANCIL.NS,INR,2012-03-31,2012-03-31,Q1,1777815000,0.0,0.0,0.0,0.0,344923000,0.0,0.0,1195115000,0.0,824039000,27072000,0.0,0.0,0.0,0.3277618874854808,0.0,582700000,0.3277618874854808,162298000,407774000,0.2293680726059798,0.44865110018965143,0.44865110018965143,908888889,908888889,https://www.nseindia.com/companies-listing/corporate-filings-annual-reports,https://www.nseindia.com/companies-listing/corporate-filings-annual-reports,1620593952,16:59:12,20210509
37,2011-12-31,JMFINANCIL.NS,INR,2011-12-31,2011-12-31,Q4,1251075000,0.0,0.0,0.0,0.0,349242000,0.0,0.0,806393000,0.0,653664000,28464000,0.0,0.0,0.0,0.35543992166736604,0.0,444682000,0.35543992166736604,148569000,286902000,0.2293243810323122,0.38,0.38,749869500,749869500,https://www.nseindia.com/companies-listing/corporate-filings-annual-reports,https://www.nseindia.com/companies-listing/corporate-filings-annual-reports,1620593952,16:59:12,20210509
