,date,symbol,reportedCurrency,fillingDate,acceptedDate,period,revenue,costOfRevenue,grossProfit,grossProfitRatio,researchAndDevelopmentExpenses,generalAndAdministrativeExpenses,sellingAndMarketingExpenses,otherExpenses,operatingExpenses,costAndExpenses,interestExpense,depreciationAndAmortization,ebitda,ebitdaratio,operatingIncome,operatingIncomeRatio,totalOtherIncomeExpensesNet,incomeBeforeTax,incomeBeforeTaxRatio,incomeTaxExpense,netIncome,netIncomeRatio,eps,epsdiluted,weightedAverageShsOut,weightedAverageShsOutDil,link,finalLink,timestamp,est_time,est_date
0,2020-09-30,FBEN.DE,EUR,2020-09-30,2020-09-30,Q3,55492000.0,48245000.0,7247000.0,0.13059540113890292,3088000.0,1998000.0,3687000.0,0.0,8773000.0,57018000.0,2333000.0,2525000.0,999000.0,0.01800259496864413,-1526000.0,-0.027499459381532473,0.0,-3779000.0,-0.06809990629279897,258000.0,-4037000.0,-0.07274922511352988,-0.01,-0.01,403700000,403700000,,,1620591951,16:25:51,20210509
1,2020-06-30,FBEN.DE,EUR,2020-06-30,2020-06-30,Q2,34477000.0,30081000.0,4396000.0,0.12750529338399513,2494000.0,2035000.0,3607000.0,0.0,8136000.0,38217000.0,2782000.0,2449000.0,-1291000.0,-0.03744525335731067,-3740000.0,-0.10847811584534617,0.0,-6521000.0,-0.18914058647794182,3000.0,-6524000.0,-0.18922760100936856,-0.02,-0.02,326200000,326200000,https://www.bundesanzeiger.de/pub/de/suche;wwwsid=627BFD7A56A5CB624C47FDDEAB2FC509.web07-pub?0,https://www.bundesanzeiger.de/pub/de/suche;wwwsid=627BFD7A56A5CB624C47FDDEAB2FC509.web07-pub?0,1620591951,16:25:51,20210509
2,2020-03-31,FBEN.DE,EUR,2020-03-31,2020-03-31,Q1,30728000.0,26218000.0,4510000.0,0.14677167404321792,3191000.0,1130000.0,3790000.0,0.0,8472000.0,34690000.0,2443000.0,2851000.0,-1111000.0,-0.03615594897162197,-3962000.0,-0.1289377766206717,0.0,-6308000.0,-0.20528508200989326,-95000.0,-6213000.0,-0.20219343920853944,-0.02,-0.02,310650000,310650000,https://www.bundesanzeiger.de/pub/de/suche;wwwsid=627BFD7A56A5CB624C47FDDEAB2FC509.web07-pub?0,https://www.bundesanzeiger.de/pub/de/suche;wwwsid=627BFD7A56A5CB624C47FDDEAB2FC509.web07-pub?0,1620591951,16:25:51,20210509
3,2019-12-31,FBEN.DE,EUR,2019-12-31,2019-12-31,Q4,90177000.0,84592000.0,5585000.0,0.06193375250895461,-9476000.0,-9000.0,-10680000.0,0.0,13351000.0,97943000.0,-21034000.0,6899000.0,-867000.0,-0.009614424964237001,-7766000.0,-0.08611952049857502,0.0,-2410000.0,-0.026725218182019804,-306000.0,-2104000.0,-0.023331891724053807,-0.00645003065603924,-0.00645003065603924,326200000,326200000,https://www.bundesanzeiger.de/pub/de/suche;wwwsid=627BFD7A56A5CB624C47FDDEAB2FC509.web07-pub?0,https://www.bundesanzeiger.de/pub/de/suche;wwwsid=627BFD7A56A5CB624C47FDDEAB2FC509.web07-pub?0,1620591951,16:25:51,20210509
4,2019-09-30,FBEN.DE,EUR,2019-09-30,2019-09-30,Q3,9107000.0,5116000.0,3991000.0,0.43823432524431755,3111000.0,2688000.0,3880000.0,0.0,9442000.0,14558000.0,2734000.0,6090000.0,639000.0,0.07016580652245526,-5451000.0,-0.5985505654990666,0.0,-8185000.0,-0.8987591962226859,57000.0,-8242000.0,-0.9050181179312616,-0.02,-0.02,412100000,412100000,https://www.bundesanzeiger.de/pub/de/suche;wwwsid=627BFD7A56A5CB624C47FDDEAB2FC509.web07-pub?0,https://www.bundesanzeiger.de/pub/de/suche;wwwsid=627BFD7A56A5CB624C47FDDEAB2FC509.web07-pub?0,1620591951,16:25:51,20210509
5,2019-06-30,FBEN.DE,EUR,2019-06-30,2019-06-30,Q2,9830000.0,4891000.0,4939000.0,0.502441505595117,3193000.0,1949000.0,4022000.0,0.0,9164000.0,14055000.0,25912000.0,1258000.0,-2967000.0,-0.30183112919633776,-4225000.0,-0.42980671414038657,0.0,-30137000.0,-3.0658189216683622,-486000.0,-29651000.0,-3.016378433367243,-0.11,-0.11,269554545,269554545,https://www.bundesanzeiger.de/pub/de/suche;wwwsid=627BFD7A56A5CB624C47FDDEAB2FC509.web07-pub?0,https://www.bundesanzeiger.de/pub/de/suche;wwwsid=627BFD7A56A5CB624C47FDDEAB2FC509.web07-pub?0,1620591951,16:25:51,20210509
6,2019-03-31,FBEN.DE,EUR,2019-03-31,2019-03-31,Q1,9859000.0,4921000.0,4938000.0,0.500862156405315,3418000.0,1605000.0,4322000.0,0.0,9345000.0,14266000.0,4091000.0,3027000.0,-1380000.0,-0.1399736281570139,-4407000.0,-0.44700273861446393,0.0,-8498000.0,-0.8619535449842783,274000.0,-8772000.0,-0.8897454102850187,-0.08,-0.08,109650000,109650000,https://www.bundesanzeiger.de/pub/de/suche;wwwsid=627BFD7A56A5CB624C47FDDEAB2FC509.web07-pub?0,https://www.bundesanzeiger.de/pub/de/suche;wwwsid=627BFD7A56A5CB624C47FDDEAB2FC509.web07-pub?0,1620591951,16:25:51,20210509
7,2018-12-31,FBEN.DE,EUR,2018-12-31,2018-12-31,Q4,13537000.0,4978000.0,8559000.0,0.6322671197458817,-10258000.0,1170000.0,-12832000.0,0.0,11424000.0,16402000.0,3109000.0,2333000.0,-532000.0,-0.03929969712639433,-2865000.0,-0.2116421659156386,0.0,-7023000.0,-0.518800325035089,562000.0,-7585000.0,-0.5603161704956785,-0.023252605763335377,-0.023252605763335377,326200000,326200000,https://www.bundesanzeiger.de/pub/de/suche;wwwsid=627BFD7A56A5CB624C47FDDEAB2FC509.web07-pub?0,https://www.bundesanzeiger.de/pub/de/suche;wwwsid=627BFD7A56A5CB624C47FDDEAB2FC509.web07-pub?0,1620591951,16:25:51,20210509
8,2018-09-30,FBEN.DE,EUR,2018-09-30,2018-09-30,Q3,11300000.0,5999000.0,5301000.0,0.4691150442477876,3830000.0,2241000.0,4551000.0,0.0,10622000.0,16621000.0,3381000.0,3228000.0,-2093000.0,-0.1852212389380531,-5321000.0,-0.4708849557522124,0.0,-8702000.0,-0.7700884955752212,-70000.0,-8632000.0,-0.7638938053097345,-0.08,-0.08,107900000,107900000,https://www.bundesanzeiger.de/pub/de/suche;wwwsid=627BFD7A56A5CB624C47FDDEAB2FC509.web07-pub?0,https://www.bundesanzeiger.de/pub/de/suche;wwwsid=627BFD7A56A5CB624C47FDDEAB2FC509.web07-pub?0,1620591951,16:25:51,20210509
9,2018-06-30,FBEN.DE,EUR,2018-06-30,2018-06-30,Q2,11044000.0,6075000.0,4969000.0,0.44992756247736326,3097000.0,2807000.0,4958000.0,0.0,10862000.0,16937000.0,3741000.0,3688000.0,-2205000.0,-0.19965592176747554,-5893000.0,-0.5335929011227816,0.0,-9634000.0,-0.8723288663527707,-655000.0,-8979000.0,-0.8130206446939515,-0.08,-0.08,112237500,112237500,https://www.bundesanzeiger.de/pub/de/suche;wwwsid=627BFD7A56A5CB624C47FDDEAB2FC509.web07-pub?0,https://www.bundesanzeiger.de/pub/de/suche;wwwsid=627BFD7A56A5CB624C47FDDEAB2FC509.web07-pub?0,1620591951,16:25:51,20210509
10,2018-03-31,FBEN.DE,EUR,2018-03-31,2018-03-31,Q1,10205000.0,6062000.0,4143000.0,0.40597746202841745,3377000.0,2552000.0,5719000.0,0.0,11648000.0,17710000.0,2786000.0,3291000.0,-4214000.0,-0.41293483586477214,-7505000.0,-0.7354238118569328,0.0,-10291000.0,-1.0084272415482607,-67000.0,-10224000.0,-1.0018618324350808,-0.09,-0.09,113600000,113600000,https://www.bundesanzeiger.de/pub/de/suche;wwwsid=627BFD7A56A5CB624C47FDDEAB2FC509.web07-pub?0,https://www.bundesanzeiger.de/pub/de/suche;wwwsid=627BFD7A56A5CB624C47FDDEAB2FC509.web07-pub?0,1620591951,16:25:51,20210509
11,2017-12-31,FBEN.DE,EUR,2017-12-31,2017-12-31,Q4,17680000.0,0.0,0.0,0.0,0.0,9089000.0,1243000.0,0.0,-7077000.0,20085000.0,3331000.0,-7377000.0,-9782000.0,-0.5532805429864254,-2405000.0,-0.13602941176470587,0.0,-85583000.0,-4.84066742081448,-2707000.0,-82876000.0,-4.687556561085973,-0.25406499080318823,-0.25406499080318823,326200000,326200000,https://www.bundesanzeiger.de/pub/de/suche;wwwsid=627BFD7A56A5CB624C47FDDEAB2FC509.web07-pub?0,https://www.bundesanzeiger.de/pub/de/suche;wwwsid=627BFD7A56A5CB624C47FDDEAB2FC509.web07-pub?0,1620591951,16:25:51,20210509
12,2017-09-30,FBEN.DE,EUR,2017-09-30,2017-09-30,Q3,17245000.0,0.0,0.0,0.0,0.0,0.0,0.0,0.0,21579000.0,21579000.0,3549000.0,2263000.0,-2071000.0,-0.12009278051609162,-4334000.0,-0.2513192229631777,0.0,-7792000.0,-0.4518411133661931,-415000.0,-7377000.0,-0.427776167004929,-0.07,-0.07,105385714,105385714,https://www.bundesanzeiger.de/pub/de/suche;wwwsid=627BFD7A56A5CB624C47FDDEAB2FC509.web07-pub?0,https://www.bundesanzeiger.de/pub/de/suche;wwwsid=627BFD7A56A5CB624C47FDDEAB2FC509.web07-pub?0,1620591951,16:25:51,20210509
13,2017-06-30,FBEN.DE,EUR,2017-06-30,2017-06-30,Q2,20336000.0,0.0,0.0,0.0,0.0,0.0,0.0,0.0,23387000.0,23387000.0,2988000.0,3310000.0,259000.0,0.0127360346184107,-3051000.0,-0.15002950432730133,0.0,-2670000.0,-0.131294256490952,-2122000.0,-548000.0,-0.026947285601888277,-0.00487,-0.00487,112533333,112533333,https://www.bundesanzeiger.de/pub/de/suche;wwwsid=627BFD7A56A5CB624C47FDDEAB2FC509.web07-pub?0,https://www.bundesanzeiger.de/pub/de/suche;wwwsid=627BFD7A56A5CB624C47FDDEAB2FC509.web07-pub?0,1620591951,16:25:51,20210509
14,2017-03-31,FBEN.DE,EUR,2017-03-31,2017-03-31,Q1,14636000.0,6233000.0,8403000.0,0.5741322765783001,5647000.0,4428000.0,6576000.0,0.0,16651000.0,22884000.0,2816000.0,2811000.0,-5437000.0,-0.3714812790379885,-8248000.0,-0.5635419513528287,0.0,-11064000.0,-0.7559442470620388,146000.0,-11210000.0,-0.7659196501776442,-0.1,-0.1,112100000,112100000,https://www.bundesanzeiger.de/pub/de/suche;wwwsid=627BFD7A56A5CB624C47FDDEAB2FC509.web07-pub?0,https://www.bundesanzeiger.de/pub/de/suche;wwwsid=627BFD7A56A5CB624C47FDDEAB2FC509.web07-pub?0,1620591951,16:25:51,20210509
15,2016-12-31,FBEN.DE,EUR,2016-12-31,2016-12-31,Q4,18682000.0,0.0,0.0,0.0,0.0,0.0,0.0,0.0,12625000.0,12625000.0,2756000.0,3735000.0,9792000.0,0.5241408842736324,6057000.0,0.32421582271705385,0.0,878000.0,0.04699710951718231,1655000.0,977000.0,0.05229632801627235,0.0029950950337216432,0.0029950950337216432,326200000,326200000,https://www.bundesanzeiger.de/pub/de/suche;wwwsid=627BFD7A56A5CB624C47FDDEAB2FC509.web07-pub?0,https://www.bundesanzeiger.de/pub/de/suche;wwwsid=627BFD7A56A5CB624C47FDDEAB2FC509.web07-pub?0,1620591951,16:25:51,20210509
16,2016-09-30,FBEN.DE,EUR,2016-09-30,2016-09-30,Q3,12937000.0,0.0,0.0,0.0,0.0,0.0,0.0,0.0,22514000.0,22514000.0,2746000.0,2315000.0,-7262000.0,-0.5613357037953157,-9577000.0,-0.740279817577491,0.0,-12281000.0,-0.9492927262889387,161000.0,-12442000.0,-0.9617376516966839,-0.11,-0.11,113109091,113109091,https://www.bundesanzeiger.de/pub/de/suche;wwwsid=627BFD7A56A5CB624C47FDDEAB2FC509.web07-pub?0,https://www.bundesanzeiger.de/pub/de/suche;wwwsid=627BFD7A56A5CB624C47FDDEAB2FC509.web07-pub?0,1620591951,16:25:51,20210509
17,2016-06-30,FBEN.DE,EUR,2016-06-30,2016-06-30,Q2,9338000.0,0.0,0.0,0.0,0.0,0.0,0.0,0.0,14508000.0,14508000.0,1814000.0,1664000.0,-3506000.0,-0.3754551295780681,-5170000.0,-0.5536517455557936,0.0,-7992000.0,-0.8558577853930178,226000.0,-6589000.0,-0.7056114799742985,-0.16,-0.16,41181250,41181250,https://www.bundesanzeiger.de/pub/de/suche;wwwsid=627BFD7A56A5CB624C47FDDEAB2FC509.web07-pub?0,https://www.bundesanzeiger.de/pub/de/suche;wwwsid=627BFD7A56A5CB624C47FDDEAB2FC509.web07-pub?0,1620591951,16:25:51,20210509
18,2015-12-31,FBEN.DE,EUR,2015-12-31,2015-12-31,Q4,5956000.0,0.0,0.0,0.0,0.0,0.0,0.0,0.0,7152000.0,7152000.0,1740000.0,-7860000.0,-9056000.0,-1.5204835460040296,-1196000.0,-0.2008059100067159,0.0,-1838000.0,-0.30859637340496976,377000.0,-16440000.0,-2.7602417730020146,-0.050398528510116496,-0.050398528510116496,326200000,326200000,https://www.bundesanzeiger.de/pub/de/suche;wwwsid=627BFD7A56A5CB624C47FDDEAB2FC509.web07-pub?0,https://www.bundesanzeiger.de/pub/de/suche;wwwsid=627BFD7A56A5CB624C47FDDEAB2FC509.web07-pub?0,1620591951,16:25:51,20210509
19,2015-09-30,FBEN.DE,EUR,2015-09-30,2015-09-30,Q3,6300000.0,0.0,0.0,0.0,0.0,0.0,0.0,0.0,18576000.0,18576000.0,1327000.0,5860000.0,-6416000.0,-1.0184126984126984,-12276000.0,-1.9485714285714286,0.0,-13548000.0,-2.1504761904761907,-3611000.0,-9961000.0,-1.5811111111111111,-0.09,-0.09,110677778,110677778,https://www.bundesanzeiger.de/pub/de/suche;wwwsid=627BFD7A56A5CB624C47FDDEAB2FC509.web07-pub?0,https://www.bundesanzeiger.de/pub/de/suche;wwwsid=627BFD7A56A5CB624C47FDDEAB2FC509.web07-pub?0,1620591951,16:25:51,20210509
20,2015-06-30,FBEN.DE,EUR,2015-06-30,2015-06-30,Q2,5981000.0,0.0,0.0,0.0,0.0,0.0,0.0,0.0,12435000.0,12435000.0,279000.0,1468000.0,-4986000.0,-0.8336398595552583,-6454000.0,-1.079083765256646,0.0,-6731000.0,-1.1253970907874937,362000.0,-7150000.0,-1.1954522655074402,-0.04,-0.04,178750000,178750000,https://www.bundesanzeiger.de/pub/de/suche;wwwsid=627BFD7A56A5CB624C47FDDEAB2FC509.web07-pub?0,https://www.bundesanzeiger.de/pub/de/suche;wwwsid=627BFD7A56A5CB624C47FDDEAB2FC509.web07-pub?0,1620591951,16:25:51,20210509
21,2015-03-31,FBEN.DE,EUR,2015-03-31,2015-03-31,Q1,6100000.0,0.0,0.0,0.0,0.0,0.0,0.0,0.0,10407000.0,10407000.0,188000.0,1059000.0,-3248000.0,-0.5324590163934426,-4307000.0,-0.7060655737704918,0.0,-4494000.0,-0.7367213114754099,-215000.0,-4383000.0,-0.7185245901639344,-0.0646307656010381,-0.06250445645508607,67816000,70123000,https://www.bundesanzeiger.de/pub/de/suche;wwwsid=627BFD7A56A5CB624C47FDDEAB2FC509.web07-pub?0,https://www.bundesanzeiger.de/pub/de/suche;wwwsid=627BFD7A56A5CB624C47FDDEAB2FC509.web07-pub?0,1620591951,16:25:51,20210509
22,2014-12-31,FBEN.DE,EUR,2014-12-31,2014-12-31,Q4,5458000.0,-4520000.0,9978000.0,1.8281421766214732,0.0,0.0,-5185000.0,0.0,12354000.0,7834000.0,506000.0,2607000.0,231000.0,0.04232319530963723,-2376000.0,-0.4353242946134115,0.0,-3452000.0,-0.6324661048002932,-1342000.0,-9507000.0,-1.7418468303407841,-0.029144696505211527,-0.029144696505211527,326200000,326200000,https://www.bundesanzeiger.de/pub/de/suche;wwwsid=627BFD7A56A5CB624C47FDDEAB2FC509.web07-pub?0,https://www.bundesanzeiger.de/pub/de/suche;wwwsid=627BFD7A56A5CB624C47FDDEAB2FC509.web07-pub?0,1620591951,16:25:51,20210509
23,2014-09-30,FBEN.DE,EUR,2014-09-30,2014-09-30,Q3,-317000.0,0.0,0.0,0.0,0.0,0.0,0.0,0.0,4591000.0,4591000.0,83000.0,544000.0,-4364000.0,13.766561514195583,-4908000.0,15.482649842271293,0.0,-5171000.0,16.312302839116718,-19000.0,-5638000.0,17.785488958990538,-0.1,-0.1,56380000,56380000,https://www.bundesanzeiger.de/pub/de/suche;wwwsid=627BFD7A56A5CB624C47FDDEAB2FC509.web07-pub?0,https://www.bundesanzeiger.de/pub/de/suche;wwwsid=627BFD7A56A5CB624C47FDDEAB2FC509.web07-pub?0,1620591951,16:25:51,20210509
24,2014-06-30,FBEN.DE,EUR,2014-06-30,2014-06-30,Q2,497000.0,0.0,0.0,0.0,0.0,0.0,0.0,0.0,3125000.0,3125000.0,48000.0,317000.0,-2311000.0,-4.649899396378269,-2628000.0,-5.287726358148894,0.0,-2675000.0,-5.382293762575452,-16000.0,-3007000.0,-6.050301810865191,-0.05,-0.05,60140000,60140000,https://www.bundesanzeiger.de/pub/de/suche;wwwsid=627BFD7A56A5CB624C47FDDEAB2FC509.web07-pub?0,https://www.bundesanzeiger.de/pub/de/suche;wwwsid=627BFD7A56A5CB624C47FDDEAB2FC509.web07-pub?0,1620591951,16:25:51,20210509
25,2014-03-31,FBEN.DE,EUR,2014-03-31,2014-03-31,Q1,993000.0,714000.0,279000.0,0.2809667673716012,0.0,0.0,997000.0,0.0,1111000.0,1825000.0,44000.0,359000.0,-473000.0,-0.47633434038267874,-832000.0,-0.837865055387714,0.0,-876000.0,-0.8821752265861027,-18000.0,-858000.0,-0.8640483383685801,-0.02,-0.02,52212000,52212000,https://www.bundesanzeiger.de/pub/de/suche;wwwsid=627BFD7A56A5CB624C47FDDEAB2FC509.web07-pub?0,https://www.bundesanzeiger.de/pub/de/suche;wwwsid=627BFD7A56A5CB624C47FDDEAB2FC509.web07-pub?0,1620591951,16:25:51,20210509
26,2013-12-31,FBEN.DE,EUR,2013-12-31,2013-12-31,Q4,917000.0,3000.0,914000.0,0.9967284623773174,0.0,0.0,-3455000.0,0.0,2589000.0,2592000.0,44000.0,1266000.0,-409000.0,-0.44601962922573607,-1675000.0,-1.826608505997819,0.0,-3164000.0,-3.450381679389313,72000.0,-3236000.0,-3.5288985823336967,-0.009920294297976702,-0.009920294297976702,326200000,326200000,https://www.bundesanzeiger.de/pub/de/suche;wwwsid=627BFD7A56A5CB624C47FDDEAB2FC509.web07-pub?0,https://www.bundesanzeiger.de/pub/de/suche;wwwsid=627BFD7A56A5CB624C47FDDEAB2FC509.web07-pub?0,1620591951,16:25:51,20210509
27,2013-09-30,FBEN.DE,EUR,2013-09-30,2013-09-30,Q3,216000.0,332000.0,-116000.0,-0.5370370370370371,0.0,0.0,1410000.0,0.0,1337000.0,1669000.0,43000.0,113000.0,-1340000.0,-6.203703703703703,-1453000.0,-6.726851851851852,0.0,-1494000.0,-6.916666666666667,-4000.0,-1490000.0,-6.898148148148148,-0.004567749846719804,-0.004567749846719804,326200000,326200000,https://www.bundesanzeiger.de/pub/de/suche;wwwsid=627BFD7A56A5CB624C47FDDEAB2FC509.web07-pub?0,https://www.bundesanzeiger.de/pub/de/suche;wwwsid=627BFD7A56A5CB624C47FDDEAB2FC509.web07-pub?0,1620591951,16:25:51,20210509
28,2013-06-30,FBEN.DE,EUR,2013-06-30,2013-06-30,Q2,211000.0,358000.0,-147000.0,-0.6966824644549763,0.0,0.0,1499000.0,0.0,1704000.0,2062000.0,91000.0,-535000.0,-2386000.0,-11.308056872037914,-1851000.0,-8.772511848341232,0.0,-1943000.0,-9.208530805687204,6000.0,-1949000.0,-9.236966824644549,-0.0059748620478234215,-0.0059748620478234215,326200000,326200000,https://www.bundesanzeiger.de/pub/de/suche;wwwsid=627BFD7A56A5CB624C47FDDEAB2FC509.web07-pub?0,https://www.bundesanzeiger.de/pub/de/suche;wwwsid=627BFD7A56A5CB624C47FDDEAB2FC509.web07-pub?0,1620591951,16:25:51,20210509
29,2013-03-31,FBEN.DE,EUR,2013-03-31,2013-03-31,Q1,1393000.0,454000.0,939000.0,0.6740847092605886,0.0,0.0,915000.0,0.0,925000.0,1379000.0,70000.0,682000.0,696000.0,0.4996410624551328,14000.0,0.010050251256281407,0.0,-55000.0,-0.03948312993539124,0.0,-55000.0,-0.03948312993539124,-0.0011,-0.0011,50000000,50000000,https://www.bundesanzeiger.de/pub/de/suche;wwwsid=627BFD7A56A5CB624C47FDDEAB2FC509.web07-pub?0,https://www.bundesanzeiger.de/pub/de/suche;wwwsid=627BFD7A56A5CB624C47FDDEAB2FC509.web07-pub?0,1620591951,16:25:51,20210509
