,date,symbol,reportedCurrency,fillingDate,acceptedDate,period,revenue,costOfRevenue,grossProfit,grossProfitRatio,researchAndDevelopmentExpenses,generalAndAdministrativeExpenses,sellingAndMarketingExpenses,otherExpenses,operatingExpenses,costAndExpenses,interestExpense,depreciationAndAmortization,ebitda,ebitdaratio,operatingIncome,operatingIncomeRatio,totalOtherIncomeExpensesNet,incomeBeforeTax,incomeBeforeTaxRatio,incomeTaxExpense,netIncome,netIncomeRatio,eps,epsdiluted,weightedAverageShsOut,weightedAverageShsOutDil,link,finalLink,timestamp,est_time,est_date
0,2020-12-31,SGA,USD,2021-03-16,2021-03-16 16:24:40,Q4,28753000.0,21119000.0,7634000.0,0.2655027301498974,0.0,2651000.0,0.0,20000.0,2638000.0,23757000.0,75000.0,0.0,5023000.0,0.17469481445414392,4996000.0,0.17375578200535596,20000.0,4948000.0,0.1720863909852885,2680000.0,2268000.0,0.07887872569818802,0.38643721247231216,0.38643721247231216,5869000.0,5869000.0,https://www.sec.gov/Archives/edgar/data/886136/000155837021003081/0001558370-21-003081-index.htm,https://www.sec.gov/Archives/edgar/data/886136/000155837021003081/sga-20201231x10k.htm,1620597808,18:03:28,20210509
1,2020-09-30,SGA,USD,2020-11-09,2020-11-09 16:24:25,Q3,24143000.0,19616000.0,4527000.0,0.18750776622623536,0.0,2838000.0,0.0,16778.0,2888000.0,22504000.0,75000.0,0.0,1647000.0,0.06821853125129437,1639000.0,0.06788717226525287,-1392000.0,180000.0,0.0074555771859338114,1130000.0,-950000.0,-0.03934887959242845,-0.16,-0.16,5869000.0,5869000.0,https://www.sec.gov/Archives/edgar/data/886136/000155837020013375/0001558370-20-013375-index.htm,https://www.sec.gov/Archives/edgar/data/886136/000155837020013375/sga-20200930x10q.htm,1620597808,18:03:28,20210509
2,2020-06-30,SGA,USD,2020-08-07,2020-08-07 18:34:05,Q2,16866000.0,18652000.0,-1786000.0,-0.10589351357761176,0.0,3070000.0,0.0,0.0,3116000.0,21768000.0,82000.0,0.0,-4877000.0,-0.28916162694177633,-4902000.0,-0.29064389896833864,-3757000.0,-8716000.0,-0.5167793193406854,-3805000.0,-4911000.0,-0.2911775168979011,-0.82,-0.82,5868000.0,5868000.0,https://www.sec.gov/Archives/edgar/data/886136/000155837020009957/0001558370-20-009957-index.htm,https://www.sec.gov/Archives/edgar/data/886136/000155837020009957/sga-20200630x10q.htm,1620597808,18:03:28,20210509
3,2020-03-31,SGA,USD,2020-05-11,2020-05-11 16:06:42,Q1,26051000.0,22199000.0,3852000.0,0.14786380561206863,0.0,3015000.0,0.0,213000.0,1685000.0,23884000.0,108000.0,0.0,2488000.0,0.09550497101838701,2167000.0,0.0831829872173813,213000.0,2380000.0,0.0913592568423477,700000.0,1680000.0,0.06448888718283367,0.28,0.28,5866000.0,5866000.0,https://www.sec.gov/Archives/edgar/data/886136/000110465920059523/0001104659-20-059523-index.htm,https://www.sec.gov/Archives/edgar/data/886136/000110465920033098/tm205286-1_10k.htm,1620597808,18:03:28,20210509
4,2019-12-31,SGA,USD,2020-03-13,2020-03-13 16:04:10,Q4,31791000.0,23050000.0,8741000.0,0.2749520304488692,0.0,3281000.0,0.0,5000.0,3307000.0,26357000.0,163000.0,0.0,5564000.0,0.17501808687993456,5434000.0,0.17092887924255293,5000.0,5401000.0,0.16989084961152529,1560000.0,3841000.0,0.12082035796294549,0.64,0.64,5817000.0,5817000.0,https://www.sec.gov/Archives/edgar/data/886136/000110465920033098/0001104659-20-033098-index.htm,https://www.sec.gov/Archives/edgar/data/886136/000110465920033098/tm205286-1_10k.htm,1620597808,18:03:28,20210509
5,2019-09-30,SGA,USD,2019-11-12,2019-11-12 16:01:53,Q3,31274000.0,23600000.0,7674000.0,0.24537954850674681,0.0,2788000.0,0.0,11000.0,2873000.0,26473000.0,180000.0,0.0,4974000.0,0.15904585278506106,4801000.0,0.1535141011703012,11000.0,4794000.0,0.15329027307028203,1460000.0,3334000.0,0.10660612649485196,0.56,0.56,5834000.0,5834000.0,https://www.sec.gov/Archives/edgar/data/886136/000110465919062588/0001104659-19-062588-index.htm,https://www.sec.gov/Archives/edgar/data/886136/000110465919062588/tm1919597-1_10q.htm,1620597808,18:03:28,20210509
6,2019-06-30,SGA,USD,2019-08-09,2019-08-09 16:02:30,Q2,32191000.0,22879000.0,9312000.0,0.2892733993973471,0.0,2706000.0,0.0,0.0,2704000.0,25583000.0,184000.0,0.0,6768000.0,0.21024509956198936,6608000.0,0.2052747662390109,0.0,6584000.0,0.20452921624056414,1850000.0,4734000.0,0.14705973719362556,0.8,0.8,5844000.0,5844000.0,https://www.sec.gov/Archives/edgar/data/886136/000114420419038874/0001144204-19-038874-index.htm,https://www.sec.gov/Archives/edgar/data/886136/000114420419038874/tv526574_10q.htm,1620597808,18:03:28,20210509
7,2019-03-31,SGA,USD,2019-05-10,2019-05-10 16:02:33,Q1,27816000.0,23163000.0,4653000.0,0.16727782571182054,0.0,2685000.0,0.0,0.0,2688000.0,25851000.0,208000.0,0.0,2128000.0,0.07650273224043716,1965000.0,0.0706427955133736,0.0,1920000.0,0.06902502157031924,550000.0,1370000.0,0.04925222893298821,0.23,0.23,5841000.0,5841000.0,https://www.sec.gov/Archives/edgar/data/886136/000114420419025258/0001144204-19-025258-index.htm,https://www.sec.gov/Archives/edgar/data/886136/000114420419014293/tv515409_10k.htm,1620597808,18:03:28,20210509
8,2018-12-31,SGA,USD,2019-03-15,2019-03-15 16:02:07,Q4,32938000.0,23761000.0,9177000.0,0.27861436638533,0.0,3154000.0,0.0,-2000.0,3168000.0,26929000.0,229000.0,0.0,6194000.0,0.18805027627664095,6009000.0,0.18243366324609872,-2000.0,5965000.0,0.18109782014694273,1670000.0,4295000.0,0.13039650251988585,0.72,0.72,5820000.0,5820000.0,https://www.sec.gov/Archives/edgar/data/886136/000114420419014293/0001144204-19-014293-index.htm,https://www.sec.gov/Archives/edgar/data/886136/000114420419014293/tv515409_10k.htm,1620597808,18:03:28,20210509
9,2018-09-30,SGA,USD,2018-11-09,2018-11-09 16:01:39,Q3,31648000.0,23429000.0,8219000.0,0.2597004550050556,0.0,2813000.0,0.0,25000.0,2898000.0,26327000.0,243000.0,0.0,5513000.0,0.1741974216380182,5321000.0,0.16813068756319516,25000.0,5270000.0,0.16651921132457026,1575000.0,3695000.0,0.1167530333670374,0.62,0.62,5822000.0,5822000.0,https://www.sec.gov/Archives/edgar/data/886136/000114420418058724/0001144204-18-058724-index.htm,https://www.sec.gov/Archives/edgar/data/886136/000114420418058724/tv505917_10q.htm,1620597808,18:03:28,20210509
10,2018-06-30,SGA,USD,2018-08-09,2018-08-09 16:02:00,Q2,32234000.0,23140000.0,9094000.0,0.2821244648507787,0.0,2848000.0,0.0,188000.0,3061000.0,26201000.0,255000.0,0.0,6221000.0,0.1929949742507911,6033000.0,0.1871626233169945,188000.0,5966000.0,0.1850840727182478,1795000.0,4171000.0,0.12939753055779613,0.7,0.7,5834000.0,5834000.0,https://www.sec.gov/Archives/edgar/data/886136/000114420418043269/0001144204-18-043269-index.htm,https://www.sec.gov/Archives/edgar/data/886136/000114420418043269/tv499690_10q.htm,1620597808,18:03:28,20210509
11,2018-03-31,SGA,USD,2018-05-10,2018-05-10 16:01:12,Q1,28009000.0,23397000.0,4612000.0,0.16466135884894142,0.0,2544000.0,0.0,89000.0,2293000.0,25690000.0,219000.0,0.0,2408000.0,0.08597236602520618,2319000.0,0.08279481595201542,89000.0,2189000.0,0.07815345067656825,660000.0,1529000.0,0.05458959620122104,0.26,0.26,5842000.0,5842000.0,https://www.sec.gov/Archives/edgar/data/886136/000114420418027104/0001144204-18-027104-index.htm,https://www.sec.gov/Archives/edgar/data/886136/000114420418014378/tv487714_10k.htm,1620597808,18:03:28,20210509
12,2017-12-31,SGA,USD,2018-03-13,2018-03-13 16:29:22,Q4,31464000.0,23238000.0,8226000.0,0.261441647597254,0.0,2782000.0,0.0,0.0,2906000.0,26144000.0,212000.0,0.0,3871000.0,0.12302949402491736,5320000.0,0.16908212560386474,-1449000.0,3659000.0,0.11629163488431223,-11200000.0,14829000.0,0.47130053394355453,2.51,2.51,5815000.0,5815000.0,https://www.sec.gov/Archives/edgar/data/886136/000114420418014378/0001144204-18-014378-index.htm,https://www.sec.gov/Archives/edgar/data/886136/000114420418014378/tv487714_10k.htm,1620597808,18:03:28,20210509
13,2017-09-30,SGA,USD,2017-11-09,2017-11-09 14:15:18,Q3,30269000.0,21755000.0,8514000.0,0.2812778750536853,0.0,3132000.0,0.0,0.0,3005000.0,24760000.0,254000.0,0.0,5509000.0,0.1820013875582279,5509000.0,0.1820013875582279,127000.0,5255000.0,0.17360996398956027,2290000.0,33416000.0,1.1039677557897518,5.66,5.66,5807000.0,5807000.0,https://www.sec.gov/Archives/edgar/data/886136/000114420417057626/0001144204-17-057626-index.htm,https://www.sec.gov/Archives/edgar/data/886136/000114420417057626/tv478658_10q.htm,1620597808,18:03:28,20210509
14,2017-06-30,SGA,USD,2017-08-09,2017-08-09 16:31:15,Q2,30261000.0,21426000.0,8835000.0,0.29195994844849804,0.0,2880000.0,0.0,0.0,2959000.0,24385000.0,229000.0,0.0,5876000.0,0.19417732394831633,5876000.0,0.19417732394831633,0.0,5647000.0,0.18660982783120186,2272000.0,4534000.0,0.14982981395195136,0.7813200068929864,0.7809162934894937,5803000.0,5806000.0,https://www.sec.gov/Archives/edgar/data/886136/000114420417041707/0001144204-17-041707-index.htm,https://www.sec.gov/Archives/edgar/data/886136/000114420417041707/v472075_10q.htm,1620597808,18:03:28,20210509
15,2017-03-31,SGA,USD,2017-05-04,2017-05-04 16:21:59,Q1,31410000.0,25052000.0,6358000.0,0.20241961158866603,0.0,2863000.0,0.0,0.0,2873000.0,27925000.0,217000.0,0.0,3485000.0,0.11095192613817256,3485000.0,0.11095192613817256,0.0,3268000.0,0.10404329831263928,1330000.0,1938000.0,0.061700095510983766,0.32289236921026326,0.3222480877951447,6002000.0,6014000.0,https://www.sec.gov/Archives/edgar/data/886136/000114420417024546/0001144204-17-024546-index.htm,https://www.sec.gov/Archives/edgar/data/886136/000114420417013932/v460751_10k.htm,1620597808,18:03:28,20210509
16,2016-12-31,SGA,USD,2017-03-10,2017-03-10 13:25:15,Q4,37289000.0,25978000.0,11311000.0,0.3033334227252005,0.0,2915000.0,0.0,0.0,2907000.0,28885000.0,202000.0,0.0,8404000.0,0.22537477540293385,8404000.0,0.22537477540293385,8000.0,8202000.0,0.21995762825498136,3265000.0,4937000.0,0.1323982944031752,0.8534140017286085,0.851647403829567,5785000.0,5797000.0,https://www.sec.gov/Archives/edgar/data/886136/000114420417013932/0001144204-17-013932-index.htm,https://www.sec.gov/Archives/edgar/data/886136/000114420417013932/v460751_10k.htm,1620597808,18:03:28,20210509
17,2016-09-30,SGA,USD,2016-11-09,2016-11-09 13:47:59,Q3,36119000.0,25459000.0,10660000.0,0.29513552423932005,0.0,2728000.0,0.0,0.0,1335000.0,26794000.0,196000.0,0.0,9325000.0,0.25817436806113125,9325000.0,0.25817436806113125,1393000.0,9129000.0,0.25274786123646836,3715000.0,5414000.0,0.1498934079016584,0.9407471763683753,0.9392782789729355,5755000.0,5764000.0,https://www.sec.gov/Archives/edgar/data/886136/000114420416132698/0001144204-16-132698-index.htm,https://www.sec.gov/Archives/edgar/data/886136/000114420416132698/v451892_10q.htm,1620597808,18:03:28,20210509
18,2016-06-30,SGA,USD,2016-08-05,2016-08-05 16:16:13,Q2,36438000.0,25420000.0,11018000.0,0.30237663977166696,0.0,2620000.0,0.0,0.0,2628000.0,28048000.0,189000.0,0.0,8390000.0,0.2302541303035293,8390000.0,0.2302541303035293,0.0,8201000.0,0.2250672374993139,3390000.0,4811000.0,0.13203249355068883,0.8361140076468544,0.8348082595870207,5754000.0,5763000.0,https://www.sec.gov/Archives/edgar/data/886136/000114420416116913/0001144204-16-116913-index.htm,https://www.sec.gov/Archives/edgar/data/886136/000114420416116913/v445348_10q.htm,1620597808,18:03:28,20210509
19,2016-03-31,SGA,USD,2016-05-09,2016-05-09 16:26:03,Q1,32745000.0,24685000.0,8060000.0,0.24614444953428005,0.0,2717000.0,0.0,0.0,2717000.0,27402000.0,189000.0,0.0,5343000.0,0.16316994961062758,5343000.0,0.16316994961062758,0.0,5154000.0,0.15739807604214384,2130000.0,3024000.0,0.0923499770957398,0.5258215962441315,0.5250911616600105,5751000.0,5759000.0,https://www.sec.gov/Archives/edgar/data/886136/000114420416099923/0001144204-16-099923-index.htm,https://www.sec.gov/Archives/edgar/data/886136/000114420416087815/v433140_10k.htm,1620597808,18:03:28,20210509
20,2015-12-31,SGA,USD,2016-03-14,2016-03-14 15:53:01,Q4,35606000.0,25868000.0,9738000.0,0.2734932314778408,0.0,2449000.0,0.0,0.0,2543000.0,28411000.0,174000.0,0.0,7195000.0,0.20207268437903725,7195000.0,0.20207268437903725,-874000.0,6147000.0,0.17263944279054091,2450000.0,3697000.0,0.10383081503117451,0.6449755757152826,0.6439644661208849,5732000.0,5741000.0,https://www.sec.gov/Archives/edgar/data/886136/000114420416087815/0001144204-16-087815-index.htm,https://www.sec.gov/Archives/edgar/data/886136/000114420416087815/v433140_10k.htm,1620597808,18:03:28,20210509
21,2015-09-30,SGA,USD,2015-11-09,2015-11-09 15:08:09,Q3,33831000.0,24324000.0,9507000.0,0.2810144541988117,0.0,2577000.0,0.0,0.0,3010000.0,27334000.0,229000.0,0.0,6497000.0,0.19204280098134846,6497000.0,0.19204280098134846,-557000.0,5711000.0,0.1688096716029677,2599000.0,3112000.0,0.09198663947267299,0.54,0.53,5724000.0,5752000.0,https://www.sec.gov/Archives/edgar/data/886136/000114420415063681/0001144204-15-063681-index.htm,https://www.sec.gov/Archives/edgar/data/886136/000114420415063681/v423463_10q.htm,1620597808,18:03:28,20210509
22,2015-06-30,SGA,USD,2015-08-07,2015-08-07 13:10:22,Q2,34358000.0,24311000.0,10047000.0,0.29242097910239245,0.0,2583000.0,0.0,409000.0,2597000.0,26908000.0,244000.0,0.0,7859000.0,0.22873857616857793,7450000.0,0.21683450724722045,409000.0,7615000.0,0.22163688223994413,3141000.0,4474000.0,0.1302171255602771,0.7832633053221288,0.777140871981935,5712000.0,5757000.0,https://www.sec.gov/Archives/edgar/data/886136/000114420415047218/0001144204-15-047218-index.htm,https://www.sec.gov/Archives/edgar/data/886136/000114420415047218/v416850_10q.htm,1620597808,18:03:28,20210509
23,2015-03-31,SGA,USD,2015-05-08,2015-05-08 16:25:54,Q1,29061000.0,22765000.0,6296000.0,0.21664774095867315,0.0,2482000.0,0.0,8000.0,2482000.0,25247000.0,241000.0,0.0,3822000.0,0.13151646536595438,3814000.0,0.13124118234059393,8000.0,3581000.0,0.12322356422697085,1450000.0,2131000.0,0.07332851588038952,0.37,0.36,5710000.0,5762000.0,https://www.sec.gov/Archives/edgar/data/886136/000114420415028817/0001144204-15-028817-index.htm,https://www.sec.gov/Archives/edgar/data/886136/000114420415015932/v403047_10k.htm,1620597808,18:03:28,20210509
24,2014-12-31,SGA,USD,2015-03-13,2015-03-13 15:13:38,Q4,36371000.0,25612000.0,10759000.0,0.29581259794891535,0.0,2321000.0,0.0,33000.0,1111000.0,26723000.0,252000.0,0.0,7745000.0,0.21294437876330044,9648000.0,0.26526628357757553,-1903000.0,7493000.0,0.20601578180418464,3050000.0,4443000.0,0.12215776305298177,0.77,0.76,5709000.0,5757000.0,https://www.sec.gov/Archives/edgar/data/886136/000114420415015932/0001144204-15-015932-index.htm,https://www.sec.gov/Archives/edgar/data/886136/000114420415015932/v403047_10k.htm,1620597808,18:03:28,20210509
25,2014-09-30,SGA,USD,2014-11-10,2014-11-10 11:48:26,Q3,34373000.0,26366000.0,8007000.0,0.23294446222325663,0.0,2307000.0,0.0,-7000.0,2307000.0,28673000.0,268000.0,0.0,5693000.0,0.16562418177057575,5700000.0,0.16582782998283538,-7000.0,5425000.0,0.15782736450120735,2180000.0,3245000.0,0.09440549268321066,0.5693981400245657,0.5651340996168582,5699000.0,5742000.0,https://www.sec.gov/Archives/edgar/data/886136/000114420414066314/0001144204-14-066314-index.htm,https://www.sec.gov/Archives/edgar/data/886136/000114420414066314/v393059_10q.htm,1620597808,18:03:28,20210509
26,2014-06-30,SGA,USD,2014-08-11,2014-08-11 16:24:17,Q2,33831000.0,23499000.0,10332000.0,0.3054003724394786,0.0,2120000.0,0.0,30000.0,2120000.0,25619000.0,272000.0,0.0,8242000.0,0.2436227128964559,8212000.0,0.24273595223315894,30000.0,7970000.0,0.23558274954923,3193000.0,4777000.0,0.14120185628565518,0.83,0.82,5699000.0,5754000.0,https://www.sec.gov/Archives/edgar/data/886136/000114420414048518/0001144204-14-048518-index.htm,https://www.sec.gov/Archives/edgar/data/886136/000114420414048518/v384935_10q.htm,1620597808,18:03:28,20210509
27,2014-03-31,SGA,USD,2014-05-12,2014-05-12 12:33:56,Q1,29423000.0,22947000.0,6476000.0,0.220099921829861,0.0,2153000.0,0.0,15000.0,2153000.0,25100000.0,272000.0,0.0,4338000.0,0.1474356795704041,4323000.0,0.14692587431601128,15000.0,4066000.0,0.13819121095741427,1627000.0,2439000.0,0.08289433436427285,0.43,0.42,5690000.0,5757000.0,https://www.sec.gov/Archives/edgar/data/886136/000114420414029395/0001144204-14-029395-index.htm,https://www.sec.gov/Archives/edgar/data/886136/000114420414016135/v370809_10k.htm,1620597808,18:03:28,20210509
28,2013-12-31,SGA,USD,2014-03-17,2014-03-17 16:14:12,Q4,33760000.0,23798000.0,9962000.0,0.2950829383886256,0.0,2191000.0,0.0,53000.0,2191000.0,25989000.0,282000.0,0.0,5736000.0,0.16990521327014219,7771000.0,0.2301836492890995,-2035000.0,5454000.0,0.1615521327014218,2230000.0,3224000.0,0.09549763033175356,0.5670066830812522,0.5605981568422883,5686000.0,5751000.0,https://www.sec.gov/Archives/edgar/data/886136/000114420414016135/0001144204-14-016135-index.htm,https://www.sec.gov/Archives/edgar/data/886136/000114420414016135/v370809_10k.htm,1620597808,18:03:28,20210509
29,2013-09-30,SGA,USD,2013-11-12,2013-11-12 15:33:40,Q3,32929000.0,23598000.0,9331000.0,0.28336724467794344,0.0,2051000.0,0.0,144000.0,2051000.0,25649000.0,308000.0,0.0,7424000.0,0.22545476631540587,7280000.0,0.22108172127911568,144000.0,7116000.0,0.21610130887667406,2820000.0,4296000.0,0.13046251024932431,0.76,0.75,5686000.0,5754000.0,https://www.sec.gov/Archives/edgar/data/886136/000114420413060473/0001144204-13-060473-index.htm,https://www.sec.gov/Archives/edgar/data/886136/000114420413060473/v358901_10q.htm,1620597808,18:03:28,20210509
30,2013-06-30,SGA,USD,2013-08-09,2013-08-09 13:14:14,Q2,33832000.0,23493000.0,10339000.0,0.3055982501773469,0.0,1982000.0,0.0,-66000.0,1982000.0,25475000.0,357000.0,0.0,8291000.0,0.24506384488058644,8357000.0,0.2470146606762828,-66000.0,7934000.0,0.2345117048947742,3130000.0,4804000.0,0.14199574367462758,0.85,0.84,5683000.0,5745000.0,https://www.sec.gov/Archives/edgar/data/886136/000114420413044301/0001144204-13-044301-index.htm,https://www.sec.gov/Archives/edgar/data/886136/000114420413044301/v351025_10q.htm,1620597808,18:03:28,20210509
31,2013-03-31,SGA,USD,2013-05-10,2013-05-10 10:49:28,Q1,28957000.0,22088000.0,6869000.0,0.23721379977207582,0.0,1948000.0,0.0,-25000.0,1948000.0,24036000.0,358000.0,0.0,4896000.0,0.16907828849673653,4921000.0,0.16994163760058018,-25000.0,4538000.0,0.15671512932969575,1812000.0,2949000.0,0.10184066028939462,0.52,0.51,5673000.0,5738000.0,https://www.sec.gov/Archives/edgar/data/886136/000114420413027722/0001144204-13-027722-index.htm,https://www.sec.gov/Archives/edgar/data/886136/000114420413015502/v335169_10k.htm,1620597808,18:03:28,20210509
32,2012-12-31,SGA,USD,2013-03-15,2013-03-15 17:24:22,Q4,35541000.0,23590000.0,11951000.0,0.33625953124560365,0.0,2161000.0,0.0,-144000.0,2161000.0,25751000.0,366000.0,0.0,9511000.0,0.2676064263807996,9790000.0,0.27545651501083257,-144000.0,9280000.0,0.261106890633353,3489000.0,5760000.0,0.16206634591035704,0.765002,0.757502,7550647.0,7589314.0,https://www.sec.gov/Archives/edgar/data/886136/000114420413015502/0001144204-13-015502-index.htm,https://www.sec.gov/Archives/edgar/data/886136/000114420413015502/v335169_10k.htm,1620597808,18:03:28,20210509
33,2012-09-30,SGA,USD,2012-11-09,2012-11-09 13:43:07,Q3,32409000.0,22379000.0,10030000.0,0.3094819340306705,0.0,1910000.0,0.0,0.0,1910000.0,24289000.0,381000.0,0.0,8120000.0,0.2505476873707921,8120000.0,0.2505476873707921,-145000.0,7594000.0,0.23431762781943288,3227000.0,4328000.0,0.13354315159369312,0.7644861559647143,0.7634073863192387,5661319.0,5669319.0,https://www.sec.gov/Archives/edgar/data/886136/000119312512462737/0001193125-12-462737-index.htm,https://www.sec.gov/Archives/edgar/data/886136/000119312512462737/d398117d10q.htm,1620597808,18:03:28,20210509
34,2012-06-30,SGA,USD,2012-08-09,2012-08-09 11:45:02,Q2,32986000.0,21959000.0,11027000.0,0.3342933365670284,0.0,1940000.0,0.0,0.0,1940000.0,23899000.0,458000.0,0.0,9087000.0,0.2754805068817074,9087000.0,0.2754805068817074,8000.0,8637000.0,0.26183835566604013,3438000.0,5132000.0,0.15558115564178743,0.9065025305940189,0.9062891380222553,5661319.0,5662652.0,https://www.sec.gov/Archives/edgar/data/886136/000119312512346285/0001193125-12-346285-index.htm,https://www.sec.gov/Archives/edgar/data/886136/000119312512346285/d334235d10q.htm,1620597808,18:03:28,20210509
35,2012-03-31,SGA,USD,2012-05-09,2012-05-09 16:09:47,Q1,29934000.0,22968000.0,6966000.0,0.232711966325917,0.0,1949000.0,0.0,0.0,1949000.0,24917000.0,528000.0,0.0,5017000.0,0.1676020578606267,5017000.0,0.1676020578606267,2000.0,4491000.0,0.15003006614552014,1786000.0,2705000.0,0.09036547070221153,0.4780290429593479,0.4763454425451674,5658652.0,5678652.0,https://www.sec.gov/Archives/edgar/data/886136/000119312512222019/0001193125-12-222019-index.htm,https://www.sec.gov/Archives/edgar/data/886136/000119312512117469/d275547d10k.htm,1620597808,18:03:28,20210509
36,2011-12-31,SGA,USD,2012-03-15,2012-03-15 16:36:36,Q4,32910000.0,23450000.0,9460000.0,0.2874506229109693,0.0,0.0,0.0,0.0,1736000.0,25186000.0,583000.0,0.0,7188000.0,0.21841385597082955,7724000.0,0.23470069887572167,0.0,6605000.0,0.20069887572166514,2500000.0,4105000.0,0.12473412336675782,0.7254377897774947,0.7254377897774947,5658652.0,5658652.0,https://www.sec.gov/Archives/edgar/data/886136/000119312512117469/0001193125-12-117469-index.htm,https://www.sec.gov/Archives/edgar/data/886136/000119312512117469/d275547d10k.htm,1620597808,18:03:28,20210509
37,2011-09-30,SGA,USD,2011-11-09,2011-11-09 12:54:59,Q3,32494000.0,23553000.0,8941000.0,0.27515849079830124,0.0,1965000.0,0.0,0.0,1965000.0,25518000.0,646000.0,0.0,6976000.0,0.2146857881455038,6976000.0,0.2146857881455038,-27000.0,6303000.0,0.1939742721733243,2609000.0,3694000.0,0.11368252600480089,0.6531134718355865,0.6524981192545413,5655985.0,5661319.0,https://www.sec.gov/Archives/edgar/data/886136/000095012311096894/0000950123-11-096894-index.htm,https://www.sec.gov/Archives/edgar/data/886136/000095012311096894/b87828e10vq.htm,1620597808,18:03:28,20210509
38,2011-06-30,SGA,USD,2011-08-09,2011-08-09 11:21:46,Q2,33183000.0,23623000.0,9560000.0,0.28809932796914084,0.0,1949000.0,0.0,0.0,1949000.0,25572000.0,1034000.0,0.0,7611000.0,0.22936443359551578,7611000.0,0.22936443359551578,-1231000.0,5346000.0,0.161106590724166,2176000.0,3170000.0,0.09553084410692222,0.5604682473521412,0.5600721556682571,5655985.0,5659985.0,https://www.sec.gov/Archives/edgar/data/886136/000095012311074806/0000950123-11-074806-index.htm,https://www.sec.gov/Archives/edgar/data/886136/000095012311074806/b82616e10vq.htm,1620597808,18:03:28,20210509
39,2011-03-31,SGA,USD,2011-05-10,2011-05-10 14:52:22,Q1,28708000.0,22736000.0,5972000.0,0.20802563745297478,0.0,1940000.0,0.0,0.0,1940000.0,24676000.0,1157000.0,0.0,4032000.0,0.14044865542705867,4032000.0,0.14044865542705867,-68000.0,2807000.0,0.09777762296224049,1145000.0,1662000.0,0.05789327016859412,0.2941947516151947,0.2937787315864635,5649319.0,5657319.0,https://www.sec.gov/Archives/edgar/data/886136/000095012311048178/0000950123-11-048178-index.htm,https://www.sec.gov/Archives/edgar/data/886136/000095012311025982/b84105e10vk.htm,1620597808,18:03:28,20210509
40,2010-12-31,SGA,USD,2011-03-16,2011-03-16 16:42:36,Q4,34133000.0,23408000.0,10725000.0,0.31421205285207865,0.0,1754000.0,0.0,0.0,1754000.0,25162000.0,1260000.0,0.0,8971000.0,0.2628248322737527,8971000.0,0.2628248322737527,-29000.0,7682000.0,0.22506079160929307,3115000.0,4567000.0,0.13380013476694108,0.8084160232410313,0.8084160232410313,5649319.0,5649319.0,https://www.sec.gov/Archives/edgar/data/886136/000095012311025982/0000950123-11-025982-index.htm,https://www.sec.gov/Archives/edgar/data/886136/000095012311025982/b84105e10vk.htm,1620597808,18:03:28,20210509
41,2010-09-30,SGA,USD,2010-11-12,2010-11-12 10:58:04,Q3,32810000.0,23629000.0,9181000.0,0.2798232246266382,0.0,1741000.0,0.0,0.0,1741000.0,25370000.0,1375000.0,0.0,7440000.0,0.22676013410545565,7440000.0,0.22676013410545565,-13000.0,6052000.0,0.1844559585492228,2495000.0,3557000.0,0.10841206949100884,0.630002,0.630002,5647985.0,5647985.0,https://www.sec.gov/Archives/edgar/data/886136/000095012310104661/0000950123-10-104661-index.htm,https://www.sec.gov/Archives/edgar/data/886136/000095012310104661/b82941e10vq.htm,1620597808,18:03:28,20210509
42,2010-06-30,SGA,USD,2010-08-16,2010-08-16 16:18:02,Q2,32887000.0,23157000.0,9730000.0,0.2958615866451789,0.0,1897000.0,0.0,0.0,1897000.0,25054000.0,1468000.0,0.0,7833000.0,0.2381792197524858,7833000.0,0.2381792197524858,-185000.0,6180000.0,0.18791619788974367,2485000.0,3695000.0,0.11235442576093897,0.6542156184904881,0.6540611355103155,5647985.0,5649319.0,https://www.sec.gov/Archives/edgar/data/886136/000095012310078004/0000950123-10-078004-index.htm,https://www.sec.gov/Archives/edgar/data/886136/000095012310078004/b81616e10vq.htm,1620597808,18:03:28,20210509
43,2010-03-31,SGA,USD,2010-05-14,2010-05-14 12:47:00,Q1,27987000.0,22560000.0,5427000.0,0.19391145889162825,0.0,1882000.0,0.0,0.0,1882000.0,24442000.0,1519000.0,1897000.0,5442000.0,0.1944474220173652,3545000.0,0.1266659520491657,3596000.0,5622000.0,0.2008789795262086,2305000.0,3317000.0,0.11851931253796405,0.5884002661548867,0.5882611659666176,5637319.0,5638652.0,https://www.sec.gov/Archives/edgar/data/886136/000095012310049484/0000950123-10-049484-index.htm,https://www.sec.gov/Archives/edgar/data/886136/000095012310025058/b78744e10vk.htm,1620597808,18:03:28,20210509
44,2009-12-31,SGA,USD,2010-03-16,2010-03-16 12:04:43,Q4,31784000.0,23856000.0,7928000.0,0.24943367732192298,0.0,1813000.0,0.0,0.0,1318000.0,25174000.0,1359000.0,0.0,6610000.0,0.2079662723382834,6610000.0,0.2079662723382834,-17485000.0,-12234000.0,-0.38491064686634785,-4871000.0,-7363000.0,-0.23165743770450542,-1.3061173227912062,-1.3061173227912062,5637319.0,5637319.0,https://www.sec.gov/Archives/edgar/data/886136/000095012310025058/0000950123-10-025058-index.htm,https://www.sec.gov/Archives/edgar/data/886136/000095012310025058/b78744e10vk.htm,1620597808,18:03:28,20210509
45,2009-09-30,SGA,USD,2009-11-09,2009-11-09 15:41:30,Q3,31253000.0,23556000.0,7697000.0,0.24628035708571977,0.0,1906000.0,0.0,0.0,1906000.0,25462000.0,1386000.0,0.0,5791000.0,0.18529421175567146,5791000.0,0.18529421175567146,-43000.0,4362000.0,0.13957060122228265,1892000.0,2470000.0,0.07903241288836271,0.435001,0.435001,5635985.0,5635985.0,https://www.sec.gov/Archives/edgar/data/886136/000095012309060107/0000950123-09-060107-index.htm,https://www.sec.gov/Archives/edgar/data/886136/000095012309060107/b77462e10vq.htm,1620597808,18:03:28,20210509
46,2009-06-30,SGA,USD,2009-08-07,2009-08-07 16:28:44,Q2,31637000.0,23295000.0,8342000.0,0.26367860416600813,0.0,2158000.0,0.0,0.0,2158000.0,25453000.0,1430000.0,0.0,6240000.0,0.1972374118911401,6184000.0,0.19546733255365553,-28000.0,4782000.0,0.15115213199734487,2108000.0,2674000.0,0.08452128836488922,0.47456346904831037,0.4744512272477659,5634652.0,5635985.0,https://www.sec.gov/Archives/edgar/data/886136/000095012309032128/0000950123-09-032128-index.htm,https://www.sec.gov/Archives/edgar/data/886136/000095012309032128/b76217e10vq.htm,1620597808,18:03:28,20210509
47,2009-03-31,SGA,USD,2009-05-11,2009-05-11 15:57:23,Q1,26124000.0,23940000.0,2184000.0,0.08360128617363344,0.0,2067000.0,0.0,0.0,2067000.0,26007000.0,773000.0,0.0,125000.0,0.0047848721482162,117000.0,0.004478640330730363,-4000.0,-652000.0,-0.024957893125095696,-290000.0,-362000.0,-0.013856989741234114,-0.0675,-0.0675,5547986.0,5547986.0,https://www.sec.gov/Archives/edgar/data/886136/000095013509003855/0000950135-09-003855-index.htm,https://www.sec.gov/Archives/edgar/data/886136/000095013509002363/b73466sce10vk.htm,1620597808,18:03:28,20210509
48,2008-12-31,SGA,USD,2009-03-31,2009-03-31 12:32:15,Q4,34890000.0,26550000.0,8340000.0,0.23903697334479793,0.0,0.0,0.0,0.0,2368000.0,28918000.0,1413000.0,0.0,6451000.0,0.18489538549727716,5972000.0,0.17116652335912869,-116998000.0,-111933000.0,-3.2081685296646603,-37974000.0,-73959000.0,-2.1197764402407566,-13.330783459078663,-13.330783459078663,5547986.0,5547986.0,https://www.sec.gov/Archives/edgar/data/886136/000095013509002363/0000950135-09-002363-index.htm,https://www.sec.gov/Archives/edgar/data/886136/000095013509002363/b73466sce10vk.htm,1620597808,18:03:28,20210509
49,2008-09-30,SGA,USD,2008-11-10,2008-11-10 11:50:12,Q3,36192000.0,26588000.0,9604000.0,0.26536251105216624,0.0,0.0,0.0,0.0,2203000.0,28791000.0,1889000.0,0.0,7119000.0,0.19670092838196288,7401000.0,0.20449270557029178,282000.0,5512000.0,0.15229885057471265,2415000.0,3097000.0,0.08557139699381079,0.49055037154003195,0.49023976476089454,6313317.0,6317317.0,https://www.sec.gov/Archives/edgar/data/886136/000095013508007086/0000950135-08-007086-index.htm,https://www.sec.gov/Archives/edgar/data/886136/000095013508007086/b72631sce10vq.htm,1620597808,18:03:28,20210509
50,2008-06-30,SGA,USD,2008-08-08,2008-08-08 15:52:13,Q2,37342000.0,27246000.0,10096000.0,0.2703658079374431,0.0,0.0,0.0,0.0,2350000.0,29596000.0,1876000.0,0.0,7529000.0,0.20162283755556745,7746000.0,0.20743398853837502,217000.0,5863000.0,0.15700819452627068,2403000.0,3460000.0,0.09265706175352151,0.5242437745672981,0.5241643555209883,6599983.0,6600983.0,https://www.sec.gov/Archives/edgar/data/886136/000095013508005474/0000950135-08-005474-index.htm,https://www.sec.gov/Archives/edgar/data/886136/000095013508005474/b71601sce10vq.htm,1620597808,18:03:28,20210509
51,2008-03-31,SGA,USD,2008-05-12,2008-05-12 16:58:11,Q1,31532000.0,25421000.0,6111000.0,0.1938031206393505,0.0,0.0,0.0,0.0,2552000.0,27973000.0,1995000.0,0.0,3579000.0,0.11350374223011543,3559000.0,0.11286946593936319,-20000.0,1544000.0,0.04896612964607383,634000.0,910000.0,0.02885957122922745,0.13597007702032485,0.13590915533356066,6692649.0,6695649.0,https://www.sec.gov/Archives/edgar/data/886136/000095013508003632/0000950135-08-003632-index.htm,https://www.sec.gov/Archives/edgar/data/886136/000095013508001785/b68146sce10vk.htm,1620597808,18:03:28,20210509
52,2007-12-31,SGA,USD,2008-03-14,2008-03-14 14:28:19,Q4,37501000.0,27316000.0,10185000.0,0.27159275752646594,0.0,0.0,0.0,0.0,2606000.0,29922000.0,2093000.0,0.0,7710000.0,0.2055945174795339,7579000.0,0.20210127729927202,-131000.0,5355000.0,0.14279619210154396,2222000.0,3133000.0,0.08354443881496493,0.4681255508842612,0.4681255508842612,6692649.0,6692649.0,https://www.sec.gov/Archives/edgar/data/886136/000095013508001785/0000950135-08-001785-index.htm,https://www.sec.gov/Archives/edgar/data/886136/000095013508001785/b68146sce10vk.htm,1620597808,18:03:28,20210509
53,2007-09-30,SGA,USD,2007-11-09,2007-11-09 11:42:23,Q3,36218000.0,25975000.0,10243000.0,0.28281517477497375,0.0,0.0,0.0,0.0,2272000.0,28247000.0,2283000.0,0.0,8031000.0,0.22174057098680214,7971000.0,0.22008393616433816,-60000.0,5628000.0,0.1553923463471202,2307000.0,3321000.0,0.09169473742338063,0.4953771511652103,0.4950326064159863,6703983.0,6708649.0,https://www.sec.gov/Archives/edgar/data/886136/000095013507006887/0000950135-07-006887-index.htm,https://www.sec.gov/Archives/edgar/data/886136/000095013507006887/b67177sce10vq.htm,1620597808,18:03:28,20210509
54,2007-06-30,SGA,USD,2007-08-09,2007-08-09 15:28:31,Q2,38421000.0,27016000.0,11405000.0,0.2968428723874964,0.0,0.0,0.0,0.0,2606000.0,29622000.0,2281000.0,0.0,8846000.0,0.23023867155982405,8799000.0,0.22901538221285234,-47000.0,6471000.0,0.16842351838838135,2661000.0,3810000.0,0.09916451940345124,0.5691395506277266,0.5682906354652734,6694316.0,6704316.0,https://www.sec.gov/Archives/edgar/data/886136/000095013507004876/0000950135-07-004876-index.htm,https://www.sec.gov/Archives/edgar/data/886136/000095013507004876/b66148sce10vq.htm,1620597808,18:03:28,20210509
55,2007-03-31,SGA,USD,2007-05-10,2007-05-10 16:20:44,Q1,31883000.0,25995000.0,5888000.0,0.18467521876862278,0.0,0.0,0.0,0.0,2316000.0,28311000.0,0.0,0.0,3607000.0,0.11313239030204184,3572000.0,0.11203462660351912,-35000.0,1240000.0,0.03889219960480507,500000.0,740000.0,0.023209861054480443,0.10978713757633915,0.10967323895901719,6740316.0,6747316.0,https://www.sec.gov/Archives/edgar/data/886136/000095013507003077/0000950135-07-003077-index.htm,https://www.sec.gov/Archives/edgar/data/886136/000095013507001683/b63647sce10vk.htm,1620597808,18:03:28,20210509
56,2006-12-31,SGA,USD,2007-03-16,2007-03-16 14:47:37,Q4,38219000.0,27563000.0,10656000.0,0.2788142023600827,0.0,0.0,0.0,0.0,1853000.0,29416000.0,2372000.0,0.0,8636000.0,0.22596090949527722,8803000.0,0.23033046390538736,167000.0,6286000.0,0.16447316779612234,2615000.0,3671000.0,0.09605170203302023,0.544633218976677,0.544633218976677,6740316.0,6740316.0,https://www.sec.gov/Archives/edgar/data/886136/000095013507001683/0000950135-07-001683-index.htm,https://www.sec.gov/Archives/edgar/data/886136/000095013507001683/b63647sce10vk.htm,1620597808,18:03:28,20210509
57,2006-09-30,SGA,USD,2006-11-09,2006-11-09 12:48:09,Q3,35791000.0,25761000.0,10030000.0,0.28023804867145374,0.0,0.0,0.0,0.0,2225000.0,27986000.0,2375000.0,0.0,7730000.0,0.215976083372915,7805000.0,0.2180715822413456,75000.0,5505000.0,0.15380961694280684,2241000.0,3264000.0,0.0911961107541002,0.4779395183939358,0.4776131982788366,6829316.0,6833982.0,https://www.sec.gov/Archives/edgar/data/886136/000095013506006817/0000950135-06-006817-index.htm,https://www.sec.gov/Archives/edgar/data/886136/000095013506006817/b62632sce10vq.htm,1620597808,18:03:28,20210509
58,2006-06-30,SGA,USD,2006-08-09,2006-08-09 14:34:43,Q2,37745000.0,26369000.0,11376000.0,0.30139091270366936,0.0,0.0,0.0,0.0,2499000.0,28868000.0,2355000.0,0.0,8662000.0,0.22948734931779044,8877000.0,0.23518346800900783,215000.0,6737000.0,0.1784872168499139,2749000.0,3988000.0,0.1056563783282554,0.5814838511378012,0.5809755844573589,6858316.0,6864316.0,https://www.sec.gov/Archives/edgar/data/886136/000095013506004879/0000950135-06-004879-index.htm,https://www.sec.gov/Archives/edgar/data/886136/000095013506004879/b61553sce10vq.htm,1620597808,18:03:28,20210509
59,2006-03-31,SGA,USD,2006-05-10,2006-05-10 15:17:24,Q1,31191000.0,24703000.0,6488000.0,0.2080087204642365,0.0,0.0,0.0,0.0,1981000.0,26684000.0,2277000.0,0.0,4152000.0,0.13311532172742138,4507000.0,0.14449680997723702,355000.0,2585000.0,0.08287647077682665,1060000.0,1525000.0,0.048892308678785544,0.22338924998194576,0.22313864328193195,6826649.0,6834316.0,https://www.sec.gov/Archives/edgar/data/886136/000095013506003362/0000950135-06-003362-index.htm,https://www.sec.gov/Archives/edgar/data/886136/000095013506001544/b58527sce10vk.htm,1620597808,18:03:28,20210509
60,2005-12-31,SGA,USD,2006-03-13,2006-03-13 09:37:33,Q4,35445000.0,26947000.0,8498000.0,0.23975172802934122,0.0,0.0,0.0,0.0,3282000.0,30229000.0,2075000.0,0.0,7549000.0,0.21297785301170827,5216000.0,0.1471575680631965,-2333000.0,1976000.0,0.055748342502468615,87000.0,1889000.0,0.053293835519819435,0.2767097004694397,0.2767097004694397,6826649.0,6826649.0,https://www.sec.gov/Archives/edgar/data/886136/000095013506001544/0000950135-06-001544-index.htm,https://www.sec.gov/Archives/edgar/data/886136/000095013506001544/b58527sce10vk.htm,1620597808,18:03:28,20210509
61,2005-09-30,SGA,USD,2005-11-09,2005-11-09 14:05:43,Q3,35961000.0,26110000.0,9851000.0,0.27393565251244406,0.0,0.0,0.0,0.0,1934000.0,28044000.0,0.0,0.0,7882000.0,0.21918189149356246,7917000.0,0.22015516809877367,35000.0,5870000.0,0.16323239064542142,2430000.0,3440000.0,0.09565918634075804,0.5045727640129317,0.5002194276500942,6817649.0,6876982.0,https://www.sec.gov/Archives/edgar/data/886136/000095013505006337/0000950135-05-006337-index.htm,https://www.sec.gov/Archives/edgar/data/886136/000095013505006337/b57429sce10vq.htm,1620597808,18:03:28,20210509
62,2005-06-30,SGA,USD,2005-08-09,2005-08-09 11:07:42,Q2,37554000.0,26656000.0,10898000.0,0.29019545188262236,0.0,0.0,0.0,0.0,2348000.0,29004000.0,1806000.0,0.0,10021000.0,0.2668424135910955,8550000.0,0.2276721521009746,-1471000.0,5273000.0,0.14041114128987592,2201000.0,3072000.0,0.08180220482505192,0.4520317369834504,0.4474666570337039,6795983.0,6865316.0,https://www.sec.gov/Archives/edgar/data/886136/000095013505004584/0000950135-05-004584-index.htm,https://www.sec.gov/Archives/edgar/data/886136/000095013505004584/b55589sce10vq.htm,1620597808,18:03:28,20210509
63,2005-03-31,SGA,USD,2005-05-10,2005-05-10 13:43:05,Q1,31830000.0,24698000.0,7132000.0,0.22406534715677034,0.0,0.0,0.0,0.0,1778000.0,26476000.0,1623000.0,0.0,5421000.0,0.170311027332705,5354000.0,0.16820609487904492,-67000.0,3664000.0,0.11511153000314168,1499000.0,2165000.0,0.06801759346528433,0.31481833164606216,0.31015792267254416,6876982.0,6980315.0,https://www.sec.gov/Archives/edgar/data/886136/000095013505002760/0000950135-05-002760-index.htm,https://www.sec.gov/Archives/edgar/data/886136/000095013505001432/b53299sce10vk.htm,1620597808,18:03:28,20210509
64,2004-12-31,SGA,USD,2005-03-15,2005-03-15 15:39:29,Q4,36082000.0,24990000.0,11092000.0,0.3074108974003658,0.0,0.0,0.0,0.0,2405000.0,27395000.0,1306000.0,0.0,8436000.0,0.23380078709605898,8687000.0,0.24075716423701568,251000.0,7632000.0,0.21151820852502634,3500000.0,4132000.0,0.11451693365112799,0.6008449636773806,0.6008449636773806,6876982.0,6876982.0,https://www.sec.gov/Archives/edgar/data/886136/000095013505001432/0000950135-05-001432-index.htm,https://www.sec.gov/Archives/edgar/data/886136/000095013505001432/b53299sce10vk.htm,1620597808,18:03:28,20210509
65,2004-09-30,SGA,USD,2004-11-09,2004-11-09 15:44:06,Q3,34262000.0,24006000.0,10256000.0,0.2993403770941568,0.0,0.0,0.0,0.0,1927000.0,25933000.0,0.0,0.0,8539000.0,0.24922654836261748,8329000.0,0.243097308972039,-210000.0,7083000.0,0.20673048858794,2765000.0,4318000.0,0.12602883661198996,0.630002,0.600002,6916649.0,7038649.0,https://www.sec.gov/Archives/edgar/data/886136/000095013504005240/0000950135-04-005240-index.htm,https://www.sec.gov/Archives/edgar/data/886136/000095013504005240/b52074sce10vq.htm,1620597808,18:03:28,20210509
66,2004-06-30,SGA,USD,2004-08-09,2004-08-09 11:37:51,Q2,35127000.0,7820000.0,27307000.0,0.7773792239587781,0.0,0.0,0.0,0.0,18192000.0,26012000.0,1085000.0,1709000.0,10824000.0,0.308139038346571,9115000.0,0.2594870042986876,-65000.0,7965000.0,0.22674865488086088,3104000.0,4861000.0,0.1383835795826572,0.7005686553679253,0.6851321116811854,6938649.0,7094982.0,https://www.sec.gov/Archives/edgar/data/886136/000095013504003868/0000950135-04-003868-index.htm,https://www.sec.gov/Archives/edgar/data/886136/000095013504003868/b51112sce10vq.htm,1620597808,18:03:28,20210509
67,2004-03-31,SGA,USD,2004-05-10,2004-05-10 15:02:27,Q1,29173000.0,7718000.0,21455000.0,0.7354403043910465,0.0,0.0,0.0,0.0,16199000.0,23917000.0,1095000.0,1674000.0,6930000.0,0.23754841805779317,5256000.0,0.1801665923970795,-8000.0,4153000.0,0.14235765947965584,1622000.0,2531000.0,0.08675830391115072,0.360001,0.356798,6936315.0,7093648.0,https://www.sec.gov/Archives/edgar/data/886136/000095013504002538/0000950135-04-002538-index.htm,https://www.sec.gov/Archives/edgar/data/886136/000095013504002538/b50350sce10vq.htm,1620597808,18:03:28,20210509
68,2003-12-31,SGA,USD,2003-12-31,2003-12-31,Q4,32933000.0,7590000.0,25343000.0,0.7695320802842134,0.0,0.0,0.0,0.0,16777000.0,24367000.0,1006000.0,1592000.0,10158000.0,0.30844441745361795,8566000.0,0.26010384720493124,-281000.0,7279000.0,0.2210245042966022,2740000.0,4539000.0,0.13782528163240518,0.6543820457980931,0.6543820457980931,6936315.0,6936315.0,,,1620597808,18:03:28,20210509
69,2003-09-30,SGA,USD,2003-09-30,2003-09-30,Q3,30433000.0,7276000.0,23157000.0,0.7609174251634738,0.0,0.0,0.0,0.0,15038000.0,22314000.0,1081000.0,1562000.0,9681000.0,0.31810863207702167,8119000.0,0.26678276870502415,-1215000.0,5823000.0,0.19133834981763218,2356000.0,3467000.0,0.11392238688266026,0.510001,0.480001,6936649.0,7097315.0,,,1620597808,18:03:28,20210509
70,2003-06-30,SGA,USD,2003-06-30,2003-06-30,Q2,31790000.0,7029000.0,24761000.0,0.7788927335640139,0.0,0.0,0.0,0.0,17155000.0,24184000.0,0.0,1671000.0,9277000.0,0.2918213274614659,7606000.0,0.23925762818496382,357000.0,6806000.0,0.21409248191255112,2577000.0,4229000.0,0.1330292544825417,0.609513981420561,0.5941290663561667,6938315.0,7117982.0,,,1620597808,18:03:28,20210509
71,2003-03-31,SGA,USD,2003-03-31,2003-03-31,Q1,26141000.0,7174000.0,18967000.0,0.7255652040855362,0.0,0.0,0.0,0.0,14693000.0,21867000.0,0.0,1719000.0,5993000.0,0.22925672315519682,4274000.0,0.16349795340652615,8000.0,2747000.0,0.10508396771355343,1098000.0,1649000.0,0.06308098389503079,0.240001,0.232647,6934982.0,7087982.0,,,1620597808,18:03:28,20210509
72,2002-12-31,SGA,USD,2002-12-31,2002-12-31,Q4,31308000.0,-26633000.0,57941000.0,1.8506771432221796,0.0,0.0,0.0,0.0,49955000.0,23322000.0,1435000.0,1536000.0,9522000.0,0.3041395170563434,7986000.0,0.25507857416634727,-306000.0,6245000.0,0.19946978408074614,2141000.0,4104000.0,0.1310847067842085,0.5917823579066247,0.5917823579066247,6934982.0,6934982.0,,,1620597808,18:03:28,20210509
73,2002-09-30,SGA,USD,2002-09-30,2002-09-30,Q3,29783000.0,17868000.0,11915000.0,0.40006043716213946,0.0,1511000.0,0.0,0.0,5159000.0,23027000.0,1344000.0,1523000.0,8279000.0,0.2779773696403989,6756000.0,0.22684081523016486,150000.0,7562000.0,0.25390323338817444,3176000.0,4386000.0,0.14726521841318874,0.636668814056997,0.626096042790367,6888982.0,7005315.0,,,1620597808,18:03:28,20210509
74,2002-06-30,SGA,USD,2002-08-14,2002-08-14,Q2,29763000.0,6363000.0,23400000.0,0.7862110674327185,0.0,14043000.0,0.0,0.0,15702000.0,22065000.0,1367000.0,1534000.0,9232000.0,0.3101837852367033,7698000.0,0.2586432819272251,-10000.0,6321000.0,0.2123777844975305,2656000.0,3665000.0,0.1231394684675604,0.540001,0.510001,6861649.0,7083315.0,https://www.sec.gov/Archives/edgar/data/886136/000095013502003734/0000950135-02-003734-index.htm,https://www.sec.gov/Archives/edgar/data/886136/000095013502003734/b43697sce10vq.txt,1620597808,18:03:28,20210509
75,2002-03-31,SGA,USD,2002-05-15,2002-05-15,Q1,23928000.0,6401000.0,17527000.0,0.7324891340688733,0.0,11524000.0,0.0,0.0,13090000.0,19491000.0,1341000.0,1441000.0,5878000.0,0.2456536275493146,4437000.0,0.18543129388164495,7000.0,3103000.0,0.1296807087930458,1303000.0,1800000.0,0.07522567703109329,0.264001,0.256609,6838732.0,7014565.0,https://www.sec.gov/Archives/edgar/data/886136/000095013502002707/0000950135-02-002707-index.htm,https://www.sec.gov/Archives/edgar/data/886136/000095013502002707/b43066sce10-q.txt,1620597808,18:03:28,20210509
76,2001-12-31,SGA,USD,2001-12-31,2001-12-31,Q4,26898000.0,-24946000.0,51844000.0,1.9274295486653283,0.0,43516000.0,0.0,0.0,46158000.0,21212000.0,1396000.0,2642000.0,8328000.0,0.3096140977024314,5686000.0,0.2113911815004833,12000.0,4302000.0,0.159937541824671,1836000.0,2466000.0,0.09167967878652689,0.36059316259212965,0.36059316259212965,6838732.0,6838732.0,,,1620597808,18:03:28,20210509
77,2001-09-30,SGA,USD,2001-11-13 00:00:00,2001-11-13 00:00:00,Q3,26251000.0,16288000.0,9963000.0,0.37952839891813644,0.0,1191000.0,0.0,0.0,3797000.0,20085000.0,1896000.0,0.0,8457000.0,0.3221591558416822,6166000.0,0.2348862900460935,315000.0,4585000.0,0.17466001295188754,1870000.0,2715000.0,0.10342463144261171,0.408001,0.384001,6824982.0,6969982.0,https://www.sec.gov/Archives/edgar/data/886136/000095013501503476/0000950135-01-503476-index.html,https://www.sec.gov/Archives/edgar/data/886136/000095013501503476/b40942sce10-q.txt,1620597808,18:03:28,20210509
78,2001-06-30,SGA,USD,2001-08-13 00:00:00,2001-08-13 00:00:00,Q2,28014000.0,7614000.0,20400000.0,0.7282073249089741,0.0,11104000.0,0.0,0.0,3221000.0,10835000.0,1942000.0,0.0,19617000.0,0.7002570143499679,17179000.0,0.6132290997358464,48000.0,4916000.0,0.17548368672806455,2066000.0,2850000.0,0.10173484686228314,0.41743061351168703,0.4093857647807294,6827482.0,6961649.0,https://www.sec.gov/Archives/edgar/data/886136/000095013501502454/0000950135-01-502454-index.html,https://www.sec.gov/Archives/edgar/data/886136/000095013501502454/b40098sce10-q.txt,1620597808,18:03:28,20210509
79,2001-03-31,SGA,USD,2001-05-14,2001-05-14,Q1,22793000.0,6060000.0,16733000.0,0.7341288992234458,0.0,11234000.0,0.0,0.0,13610000.0,19670000.0,1803000.0,2376000.0,5499000.0,0.24125828105119992,3123000.0,0.13701575044969946,-358000.0,962000.0,0.042205940420304476,428000.0,534000.0,0.02342824551397359,0.07836635212995782,0.07695006819591718,6814149.0,6939565.0,https://www.sec.gov/Archives/edgar/data/886136/000095013501501224/0000950135-01-501224-index.htm,https://www.sec.gov/Archives/edgar/data/886136/000095013501501224/b39285sce10-q.txt,1620597808,18:03:28,20210509
80,2000-12-31,SGA,USD,2000-12-31,2000-12-31,Q4,28046000.0,5383000.0,22663000.0,0.8080653212579334,0.0,12156000.0,0.0,0.0,14951000.0,20334000.0,1873000.0,2795000.0,10507000.0,0.374634528988091,7712000.0,0.2749768237894887,-62000.0,5777000.0,0.20598302788276404,3052000.0,2725000.0,0.09716180560507737,0.39990320141223795,0.39990320141223795,6814149.0,6814149.0,,,1620597808,18:03:28,20210509
81,2000-09-30,SGA,USD,2000-11-13 00:00:00,2000-11-13 00:00:00,Q3,25478000.0,5769000.0,19709000.0,0.7735693539524295,0.0,10335000.0,0.0,0.0,12621000.0,18390000.0,1781000.0,2286000.0,9374000.0,0.3679252688594081,7088000.0,0.27820080069079206,13000.0,5320000.0,0.2088075987126148,2252000.0,3068000.0,0.12041761519742523,0.456001,0.432001,6866232.0,7029565.0,https://www.sec.gov/Archives/edgar/data/886136/000095013500004926/0000950135-00-004926-index.html,https://www.sec.gov/Archives/edgar/data/886136/000095013500004926/b37262sae10-q.txt,1620597808,18:03:28,20210509
82,2000-06-30,SGA,USD,2000-08-14 00:00:00,2000-08-14 00:00:00,Q2,26180000.0,5461000.0,20719000.0,0.791405653170359,0.0,11495000.0,0.0,0.0,13694000.0,19155000.0,0.0,2199000.0,9224000.0,0.3523300229182582,7025000.0,0.2683346065699007,-1630000.0,3826000.0,0.14614209320091673,1689000.0,2137000.0,0.08162719633307869,0.312001,0.304056,6866232.0,7028315.0,https://www.sec.gov/Archives/edgar/data/886136/000095013500003975/0000950135-00-003975-index.html,https://www.sec.gov/Archives/edgar/data/886136/000095013500003975/e10-q.txt,1620597808,18:03:28,20210509
83,2000-03-31,SGA,USD,2000-05-15 00:00:00,2000-05-15 00:00:00,Q1,22042000.0,5598000.0,16444000.0,0.7460303057798748,0.0,10932000.0,0.0,0.0,13130000.0,18728000.0,1570000.0,2198000.0,5512000.0,0.2500680519009164,3314000.0,0.15034933309137102,-425000.0,1319000.0,0.059840304872516105,599000.0,720000.0,0.032664912439887485,0.104861006735572,0.10248528233058364,6866232.0,7025399.0,https://www.sec.gov/Archives/edgar/data/886136/000095013500002841/0000950135-00-002841-index.html,https://www.sec.gov/Archives/edgar/data/886136/0000950135-00-002841.txt,1620597808,18:03:28,20210509
84,1999-12-31,SGA,USD,1999-12-31,1999-12-31,Q4,24400000.0,5400000.0,19000000.0,0.7786885245901639,0.0,11200000.0,0.0,0.0,13300000.0,18700000.0,0.0,2100000.0,7800000.0,0.319672131147541,5700000.0,0.2336065573770492,-200000.0,3900000.0,0.1598360655737705,1200000.0,2700000.0,0.11065573770491803,0.393228775258395,0.393228775258395,6866232.0,6866232.0,,,1620597808,18:03:28,20210509
85,1999-09-30,SGA,USD,1999-09-30,1999-09-30,Q3,23900000.0,5500000.0,18400000.0,0.7698744769874477,0.0,9800000.0,0.0,0.0,11900000.0,17400000.0,1600000.0,2100000.0,8600000.0,0.3598326359832636,6500000.0,0.2719665271966527,-200000.0,4700000.0,0.19665271966527198,2000000.0,2700000.0,0.11297071129707113,0.408001,0.384001,6617631.0,7031232.0,,,1620597808,18:03:28,20210509
86,1999-06-30,SGA,USD,1999-06-30,1999-06-30,Q2,23500000.0,4800000.0,18700000.0,0.7957446808510639,0.0,11100000.0,0.0,0.0,13100000.0,17900000.0,0.0,2000000.0,7600000.0,0.32340425531914896,5600000.0,0.23829787234042554,300000.0,4500000.0,0.19148936170212766,1900000.0,2600000.0,0.11063829787234042,0.384001,0.384001,6770816.0,6770816.0,,,1620597808,18:03:28,20210509
87,1999-03-31,SGA,USD,1999-03-31,1999-03-31,Q1,18300000.0,4700000.0,13600000.0,0.7431693989071039,0.0,9200000.0,0.0,0.0,11000000.0,15700000.0,1400000.0,1800000.0,4400000.0,0.24043715846994534,2600000.0,0.14207650273224043,-200000.0,1000000.0,0.0546448087431694,400000.0,600000.0,0.03278688524590164,0.072,0.072,8333312.0,8333312.0,,,1620597808,18:03:28,20210509
88,1998-12-31,SGA,USD,1998-12-31,1998-12-31,Q4,20200000.0,4400000.0,15800000.0,0.7821782178217822,0.0,9600000.0,0.0,0.0,11200000.0,15600000.0,1200000.0,1600000.0,6200000.0,0.3069306930693069,4600000.0,0.22772277227722773,-300000.0,3200000.0,0.15841584158415842,1500000.0,1700000.0,0.08415841584158416,0.20400052224133694,0.20400052224133694,8333312.0,8333312.0,,,1620597808,18:03:28,20210509
89,1998-09-30,SGA,USD,1998-11-16 00:00:00,1998-11-16 00:00:00,Q3,19900000.0,4300000.0,15600000.0,0.7839195979899497,0.0,8500000.0,0.0,0.0,10100000.0,14400000.0,1200000.0,1600000.0,7100000.0,0.35678391959798994,5500000.0,0.27638190954773867,-300000.0,4100000.0,0.20603015075376885,1700000.0,2400000.0,0.12060301507537688,0.360001,0.336001,6666650.0,7142839.0,https://www.sec.gov/Archives/edgar/data/886136/000095013598005909/0000950135-98-005909-index.html,https://www.sec.gov/Archives/edgar/data/886136/0000950135-98-005909.txt,1620597808,18:03:28,20210509
90,1998-06-30,SGA,USD,1998-06-30,1998-06-30,Q2,20200000.0,4100000.0,16100000.0,0.7970297029702971,0.0,9900000.0,0.0,0.0,11400000.0,15500000.0,0.0,1600000.0,6300000.0,0.3118811881188119,4700000.0,0.23267326732673269,-100000.0,3400000.0,0.16831683168316833,1500000.0,1900000.0,0.09405940594059406,0.288001,0.288001,6597206.0,6597206.0,,,1620597808,18:03:28,20210509
91,1998-03-31,SGA,USD,1998-03-31,1998-03-31,Q1,15600000.0,4000000.0,11600000.0,0.7435897435897436,0.0,8100000.0,0.0,0.0,9700000.0,13700000.0,0.0,1600000.0,3500000.0,0.22435897435897437,1900000.0,0.12179487179487179,0.0,700000.0,0.04487179487179487,300000.0,400000.0,0.02564102564102564,0.048,0.048,8333312.0,8333312.0,,,1620597808,18:03:28,20210509
92,1997-12-31,SGA,USD,1998-03-30,1998-03-30,Q4,18200000.0,3900000.0,14300000.0,0.7857142857142857,0.0,9200000.0,0.0,0.0,10800000.0,14700000.0,0.0,1600000.0,5100000.0,0.2802197802197802,3500000.0,0.19230769230769232,0.0,2500000.0,0.13736263736263737,1100000.0,1400000.0,0.07692307692307693,0.16800043008110102,0.16800043008110102,8333312.0,8333312.0,https://www.sec.gov/Archives/edgar/data/886136/0000950135-98-002000-index.html,https://www.sec.gov/Archives/edgar/data/886136/,1620597808,18:03:28,20210509
93,1997-09-30,SGA,USD,1997-11-14 00:00:00,1997-11-14 00:00:00,Q3,17100000.0,3900000.0,13200000.0,0.7719298245614035,0.0,7800000.0,0.0,0.0,9300000.0,13200000.0,0.0,1600000.0,5500000.0,0.3216374269005848,3900000.0,0.22807017543859648,0.0,2600000.0,0.15204678362573099,1100000.0,1500000.0,0.08771929824561403,0.216001,0.216001,6944427.0,6944427.0,https://www.sec.gov/Archives/edgar/data/886136/000095013597004587/0000950135-97-004587-index.html,https://www.sec.gov/Archives/edgar/data/886136/0000950135-97-004587.txt,1620597808,18:03:28,20210509
94,1997-06-30,SGA,USD,1997-06-30,1997-06-30,Q2,17500000.0,3700000.0,13800000.0,0.7885714285714286,0.0,8600000.0,0.0,0.0,10100000.0,13800000.0,1200000.0,1400000.0,5100000.0,0.2914285714285714,3700000.0,0.21142857142857144,100000.0,2600000.0,0.14857142857142858,1100000.0,1500000.0,0.08571428571428572,0.240001,0.240001,6249984.0,6249984.0,,,1620597808,18:03:28,20210509
95,1997-03-31,SGA,USD,1997-03-31,1997-03-31,Q1,13500000.0,3700000.0,9800000.0,0.725925925925926,0.0,7100000.0,0.0,0.0,8400000.0,12100000.0,1200000.0,1300000.0,2700000.0,0.2,1400000.0,0.1037037037037037,0.0,200000.0,0.014814814814814815,100000.0,100000.0,0.007407407407407408,0.024,0.024,6555401.0,6555401.0,,,1620597808,18:03:28,20210509
96,1996-12-31,SGA,USD,1996-12-31,1996-12-31,Q4,16200000.0,27300000.0,-11100000.0,-0.6851851851851852,0.0,-16100000.0,0.0,0.0,-14600000.0,12700000.0,1200000.0,1500000.0,5000000.0,0.30864197530864196,3500000.0,0.21604938271604937,100000.0,2400000.0,0.14814814814814814,1100000.0,1300000.0,0.08024691358024691,0.19830976015044693,0.19830976015044693,6555401.0,6555401.0,,,1620597808,18:03:28,20210509
97,1996-09-30,SGA,USD,1996-09-30,1996-09-30,Q3,15000000.0,3600000.0,11400000.0,0.76,0.0,7000000.0,0.0,0.0,8500000.0,12100000.0,1200000.0,1400000.0,4300000.0,0.2866666666666667,2900000.0,0.19333333333333333,200000.0,1900000.0,0.12666666666666668,800000.0,1100000.0,0.07333333333333333,0.144,0.144,7638870.0,7638870.0,,,1620597808,18:03:28,20210509
98,1996-06-30,SGA,USD,1996-08-14 00:00:00,1996-08-14 00:00:00,Q2,14000000.0,2900000.0,11100000.0,0.7928571428571428,0.0,6700000.0,0.0,0.0,8000000.0,10900000.0,800000.0,1300000.0,4400000.0,0.3142857142857143,3100000.0,0.22142857142857142,0.0,2300000.0,0.16428571428571428,1000000.0,1300000.0,0.09285714285714286,0.192,0.192,6770816.0,6770816.0,https://www.sec.gov/Archives/edgar/data/886136/000095013596003676/0000950135-96-003676-index.html,https://www.sec.gov/Archives/edgar/data/886136/0000950135-96-003676.txt,1620597808,18:03:28,20210509
99,1996-03-31,SGA,USD,1996-03-31,1996-03-31,Q1,11000000.0,2900000.0,8100000.0,0.7363636363636363,0.0,0.0,0.0,0.0,7000000.0,9900000.0,700000.0,1300000.0,2400000.0,0.21818181818181817,1100000.0,0.1,-100000.0,300000.0,0.02727272727272727,100000.0,200000.0,0.01818181818181818,0.048,0.048,6554568.0,6554568.0,,,1620597808,18:03:28,20210509
100,1995-12-31,SGA,USD,1995-12-31,1995-12-31,Q4,12600000.0,17100000.0,-4500000.0,-0.35714285714285715,0.0,0.0,0.0,0.0,-6400000.0,10700000.0,700000.0,1700000.0,3600000.0,0.2857142857142857,1900000.0,0.15079365079365079,0.0,1200000.0,0.09523809523809523,500000.0,700000.0,0.05555555555555555,0.0,0.0,0.0,0.0,,,1620597808,18:03:28,20210509
101,1995-09-30,SGA,USD,1995-09-30,1995-09-30,Q3,12800000.0,2900000.0,9900000.0,0.7734375,0.0,0.0,0.0,0.0,7400000.0,10300000.0,900000.0,1600000.0,4100000.0,0.3203125,2500000.0,0.1953125,200000.0,1900000.0,0.1484375,800000.0,1100000.0,0.0859375,0.168,0.168,6547603.0,6547603.0,,,1620597808,18:03:28,20210509
102,1995-06-30,SGA,USD,1995-06-30,1995-06-30,Q2,13700000.0,2700000.0,11000000.0,0.8029197080291971,0.0,0.0,0.0,0.0,8300000.0,11000000.0,800000.0,1700000.0,4400000.0,0.32116788321167883,2700000.0,0.19708029197080293,100000.0,2000000.0,0.145985401459854,800000.0,1200000.0,0.08759124087591241,0.192,0.192,6249984.0,6249984.0,,,1620597808,18:03:28,20210509
103,1995-03-31,SGA,USD,1995-03-31,1995-03-31,Q1,10600000.0,2800000.0,7800000.0,0.7358490566037735,0.0,0.0,0.0,0.0,7300000.0,10100000.0,900000.0,1600000.0,2100000.0,0.19811320754716982,500000.0,0.04716981132075472,-100000.0,-500000.0,-0.04716981132075472,-100000.0,-400000.0,-0.03773584905660377,-0.048,-0.048,5746235.0,5746235.0,,,1620597808,18:03:28,20210509
104,1994-12-31,SGA,USD,1994-12-31,1994-12-31,Q4,12600000.0,2700000.0,9900000.0,0.7857142857142857,0.0,0.0,0.0,0.0,7900000.0,10600000.0,900000.0,1700000.0,3700000.0,0.29365079365079366,2000000.0,0.15873015873015872,0.0,1100000.0,0.0873015873015873,500000.0,600000.0,0.047619047619047616,0.09600024576062914,0.09600024576062914,6249984.0,6249984.0,,,1620597808,18:03:28,20210509
105,1994-09-30,SGA,USD,1994-09-30,1994-09-30,Q3,11700000.0,2400000.0,9300000.0,0.7948717948717948,0.0,0.0,0.0,0.0,7000000.0,9400000.0,700000.0,1500000.0,3800000.0,0.3247863247863248,2300000.0,0.19658119658119658,0.0,1600000.0,0.13675213675213677,700000.0,900000.0,0.07692307692307693,0.144,0.144,6249984.0,6249984.0,,,1620597808,18:03:28,20210509
106,1994-06-30,SGA,USD,1994-06-30,1994-06-30,Q2,11800000.0,2100000.0,9700000.0,0.8220338983050848,0.0,0.0,0.0,0.0,7100000.0,9200000.0,600000.0,1400000.0,4000000.0,0.3389830508474576,2600000.0,0.22033898305084745,-100000.0,1900000.0,0.16101694915254236,800000.0,1100000.0,0.09322033898305085,0.168,0.168,6547603.0,6547603.0,,,1620597808,18:03:28,20210509
107,1994-03-31,SGA,USD,1994-03-31,1994-03-31,Q1,8300000.0,2100000.0,6200000.0,0.7469879518072289,0.0,0.0,0.0,0.0,6000000.0,8100000.0,600000.0,1200000.0,1400000.0,0.1686746987951807,200000.0,0.024096385542168676,0.0,0.0,0.0,0.0,-300000.0,-0.03614457831325301,-0.048,-0.048,6249984.0,6249984.0,,,1620597808,18:03:28,20210509
108,1993-12-31,SGA,USD,1993-12-31,1993-12-31,Q4,9400000.0,2100000.0,7300000.0,0.776595744680851,0.0,0.0,0.0,0.0,6500000.0,8600000.0,600000.0,1300000.0,2100000.0,0.22340425531914893,800000.0,0.0851063829787234,0.0,300000.0,0.031914893617021274,0.0,300000.0,0.031914893617021274,0.05760014745637749,0.05760014745637749,5208320.0,5208320.0,,,1620597808,18:03:28,20210509
109,1993-09-30,SGA,USD,1993-09-30,1993-09-30,Q3,9100000.0,1800000.0,7300000.0,0.8021978021978022,0.0,0.0,0.0,0.0,5600000.0,7400000.0,700000.0,1200000.0,2900000.0,0.31868131868131866,1700000.0,0.18681318681318682,100000.0,1100000.0,0.12087912087912088,600000.0,500000.0,0.054945054945054944,0.096,0.096,5208320.0,5208320.0,,,1620597808,18:03:28,20210509
110,1993-06-30,SGA,USD,1993-06-30,1993-06-30,Q2,9200000.0,1800000.0,7400000.0,0.8043478260869565,0.0,0.0,0.0,0.0,5600000.0,7400000.0,800000.0,1200000.0,3000000.0,0.32608695652173914,1800000.0,0.1956521739130435,100000.0,1100000.0,0.11956521739130435,500000.0,600000.0,0.06521739130434782,0.096,0.096,6249984.0,6249984.0,,,1620597808,18:03:28,20210509
111,1993-03-31,SGA,USD,1993-03-31,1993-03-31,Q1,6900000.0,1800000.0,5100000.0,0.7391304347826086,0.0,0.0,0.0,0.0,5100000.0,6900000.0,600000.0,1100000.0,1200000.0,0.17391304347826086,0.0,-0.10144927536231885,-100000.0,-700000.0,-0.10144927536231885,-100000.0,-600000.0,-0.08695652173913043,-0.096,-0.096,6249984.0,6249984.0,,,1620597808,18:03:28,20210509
112,1992-12-31,SGA,USD,1992-12-31,1992-12-31,Q4,14300000.0,0.0,0.0,0.0,0.0,0.0,0.0,0.0,0.0,0.0,0.0,0.0,-11900000.0,-0.8321678321678322,-11900000.0,-0.8321678321678322,0.0,0.0,0.0,0.0,-1000000.0,-0.06993006993006994,-2.6200987777239204,-2.6200987777239204,381665.0,381665.0,,,1620597808,18:03:28,20210509
113,1992-09-30,SGA,USD,1992-09-30,1992-09-30,Q3,5600000.0,0.0,0.0,0.0,0.0,0.0,0.0,0.0,0.0,0.0,0.0,0.0,5600000.0,1.0,5600000.0,1.0,0.0,0.0,0.0,0.0,100000.0,0.017857142857142856,-0.096,-0.096,381665.0,381665.0,,,1620597808,18:03:28,20210509
114,1992-06-30,SGA,USD,1992-06-30,1992-06-30,Q2,5600000.0,0.0,0.0,0.0,0.0,0.0,0.0,0.0,0.0,0.0,0.0,0.0,5600000.0,1.0,5600000.0,1.0,0.0,0.0,0.0,0.0,100000.0,0.017857142857142856,-0.096,-0.096,381665.0,381665.0,,,1620597808,18:03:28,20210509
115,1992-03-31,SGA,USD,1992-03-31,1992-03-31,Q1,5500000.0,0.0,0.0,0.0,0.0,0.0,0.0,0.0,0.0,0.0,0.0,0.0,5500000.0,1.0,5500000.0,1.0,0.0,0.0,0.0,0.0,100000.0,0.01818181818181818,-0.096,-0.096,381665.0,381665.0,,,1620597808,18:03:28,20210509
