,date,symbol,reportedCurrency,fillingDate,acceptedDate,period,revenue,costOfRevenue,grossProfit,grossProfitRatio,researchAndDevelopmentExpenses,generalAndAdministrativeExpenses,sellingAndMarketingExpenses,otherExpenses,operatingExpenses,costAndExpenses,interestExpense,depreciationAndAmortization,ebitda,ebitdaratio,operatingIncome,operatingIncomeRatio,totalOtherIncomeExpensesNet,incomeBeforeTax,incomeBeforeTaxRatio,incomeTaxExpense,netIncome,netIncomeRatio,eps,epsdiluted,weightedAverageShsOut,weightedAverageShsOutDil,link,finalLink,timestamp,est_time,est_date
0,2021-03-31,HFF.DE,USD,2021-03-31,2021-03-31,Q1,5299000000,0.0,0.0,0.0,0.0,0.0,0.0,0.0,0.0,4996000000.0,57000000.0,174000000.0,0.0,0.0,0.0,0.05718060011322891,12000000.0,303000000.0,0.05718060011322891,54000000.0,249000000.0,0.04698999811285148,0.68,0.67,358200000,362200000,https://www.bundesanzeiger.de/pub/de/suche;wwwsid=627BFD7A56A5CB624C47FDDEAB2FC509.web07-pub?0,https://www.bundesanzeiger.de/pub/de/suche;wwwsid=627BFD7A56A5CB624C47FDDEAB2FC509.web07-pub?0,1620593056,16:44:16,20210509
1,2020-12-31,HFF.DE,USD,2020-12-31,2020-12-31,Q4,5328000000,0.0,0.0,0.0,0.0,0.0,0.0,0.0,0.0,4676000000.0,57000000.0,151000000.0,0.0,0.0,0.0,0.12237237237237238,18000000.0,652000000.0,0.12237237237237238,115000000.0,537000000.0,0.10078828828828829,1.48,1.47,358400000,361500000,,,1620593056,16:44:16,20210509
2,2020-09-30,HFF.DE,USD,2020-09-30,2020-09-30,Q3,5171000000,0.0,0.0,0.0,0.0,0.0,0.0,0.0,0.0,4639000000.0,58000000.0,142000000.0,0.0,0.0,0.0,0.10288145426416553,3000000.0,532000000.0,0.10288145426416553,73000000.0,459000000.0,0.08876426223167666,1.2810493999441808,1.273231622746186,358300000,360500000,https://www.bundesanzeiger.de/pub/de/suche;wwwsid=627BFD7A56A5CB624C47FDDEAB2FC509.web07-pub?0,https://www.bundesanzeiger.de/pub/de/suche;wwwsid=627BFD7A56A5CB624C47FDDEAB2FC509.web07-pub?0,1620593056,16:44:16,20210509
3,2020-06-30,HFF.DE,USD,2020-06-30,2020-06-30,Q2,5068000000,0.0,0.0,0.0,0.0,0.0,0.0,0.0,0.0,4476000000.0,57000000.0,135000000.0,0.0,0.0,0.0,0.11681136543014996,88000000.0,592000000.0,0.11681136543014996,124000000.0,468000000.0,0.09234411996842937,1.3068975146607094,1.3025327024770388,358100000,359300000,https://www.bundesanzeiger.de/pub/de/suche;wwwsid=627BFD7A56A5CB624C47FDDEAB2FC509.web07-pub?0,https://www.bundesanzeiger.de/pub/de/suche;wwwsid=627BFD7A56A5CB624C47FDDEAB2FC509.web07-pub?0,1620593056,16:44:16,20210509
4,2020-03-31,HFF.DE,USD,2020-03-31,2020-03-31,Q1,4956000000,0.0,0.0,0.0,0.0,0.0,0.0,0.0,0.0,4612000000.0,64000000.0,134000000.0,0.0,0.0,0.0,0.06941081517352704,17000000.0,344000000.0,0.06941081517352704,71000000.0,273000000.0,0.05508474576271186,0.747559,0.742177,358500000,361100000,https://www.bundesanzeiger.de/pub/de/suche;wwwsid=627BFD7A56A5CB624C47FDDEAB2FC509.web07-pub?0,https://www.bundesanzeiger.de/pub/de/suche;wwwsid=627BFD7A56A5CB624C47FDDEAB2FC509.web07-pub?0,1620593056,16:44:16,20210509
5,2019-12-31,HFF.DE,USD,2019-12-31,2019-12-31,Q4,5361000000,0.0,0.0,0.0,0.0,0.0,0.0,0.0,0.0,4685000000.0,65000000.0,118000000.0,0.0,0.0,0.0,0.12609587763476962,41000000.0,676000000.0,0.12609587763476962,128000000.0,548000000.0,0.10221973512404402,1.51,1.49,360500000,364300000,https://www.bundesanzeiger.de/pub/de/suche;wwwsid=627BFD7A56A5CB624C47FDDEAB2FC509.web07-pub?0,https://www.bundesanzeiger.de/pub/de/suche;wwwsid=627BFD7A56A5CB624C47FDDEAB2FC509.web07-pub?0,1620593056,16:44:16,20210509
6,2019-09-30,HFF.DE,USD,2019-09-30,2019-09-30,Q3,5347000000,0.0,0.0,0.0,0.0,0.0,0.0,0.0,0.0,4694000000.0,67000000.0,112000000.0,0.0,0.0,0.0,0.12212455582569665,44000000.0,653000000.0,0.12212455582569665,118000000.0,535000000.0,0.10005610622779129,1.449917,1.434045,361400000,365400000,https://www.bundesanzeiger.de/pub/de/suche;wwwsid=627BFD7A56A5CB624C47FDDEAB2FC509.web07-pub?0,https://www.bundesanzeiger.de/pub/de/suche;wwwsid=627BFD7A56A5CB624C47FDDEAB2FC509.web07-pub?0,1620593056,16:44:16,20210509
7,2019-06-30,HFF.DE,USD,2019-06-30,2019-06-30,Q2,5092000000,0.0,0.0,0.0,0.0,0.0,0.0,0.0,0.0,4636000000.0,63000000.0,113000000.0,0.0,0.0,0.0,0.08955223880597014,32000000.0,456000000.0,0.08955223880597014,84000000.0,372000000.0,0.07305577376276512,1.02933,1.018899,361400000,365100000,https://www.bundesanzeiger.de/pub/de/suche;wwwsid=627BFD7A56A5CB624C47FDDEAB2FC509.web07-pub?0,https://www.bundesanzeiger.de/pub/de/suche;wwwsid=627BFD7A56A5CB624C47FDDEAB2FC509.web07-pub?0,1620593056,16:44:16,20210509
8,2019-03-31,HFF.DE,USD,2019-03-31,2019-03-31,Q1,4940000000,0.0,0.0,0.0,0.0,0.0,0.0,0.0,0.0,4165000000.0,64000000.0,108000000.0,0.0,0.0,0.0,0.15688259109311742,53000000.0,775000000.0,0.15688259109311742,145000000.0,630000000.0,0.12753036437246965,1.736111,1.713737,360000000,364700000,https://www.bundesanzeiger.de/pub/de/suche;wwwsid=627BFD7A56A5CB624C47FDDEAB2FC509.web07-pub?0,https://www.bundesanzeiger.de/pub/de/suche;wwwsid=627BFD7A56A5CB624C47FDDEAB2FC509.web07-pub?0,1620593056,16:44:16,20210509
9,2018-12-31,HFF.DE,USD,2018-12-31,2018-12-31,Q4,4633000000,0.0,0.0,0.0,0.0,0.0,0.0,0.0,0.0,4466000000.0,70000000.0,108000000.0,0.0,0.0,0.0,0.03604575868767537,32000000.0,167000000.0,0.03604575868767537,-29000000.0,196000000.0,0.042305201813080076,0.53,0.52,359100000,364000000,https://www.bundesanzeiger.de/pub/de/suche;wwwsid=627BFD7A56A5CB624C47FDDEAB2FC509.web07-pub?0,https://www.bundesanzeiger.de/pub/de/suche;wwwsid=627BFD7A56A5CB624C47FDDEAB2FC509.web07-pub?0,1620593056,16:44:16,20210509
10,2018-09-30,HFF.DE,USD,2018-09-30,2018-09-30,Q3,4842000000,0.0,0.0,0.0,0.0,0.0,0.0,0.0,0.0,4312000000.0,69000000.0,122000000.0,0.0,0.0,0.0,0.10945890128046262,29000000.0,530000000.0,0.10945890128046262,103000000.0,432000000.0,0.08921933085501858,1.2,1.19,358600000,364100000,https://www.bundesanzeiger.de/pub/de/suche;wwwsid=627BFD7A56A5CB624C47FDDEAB2FC509.web07-pub?0,https://www.bundesanzeiger.de/pub/de/suche;wwwsid=627BFD7A56A5CB624C47FDDEAB2FC509.web07-pub?0,1620593056,16:44:16,20210509
11,2018-06-30,HFF.DE,USD,2018-06-30,2018-06-30,Q2,4789000000,0.0,0.0,0.0,0.0,0.0,0.0,0.0,0.0,4252000000.0,79000000.0,121000000.0,0.0,0.0,0.0,0.11213196909584465,24000000.0,537000000.0,0.11213196909584465,103000000.0,582000000.0,0.12152850281896012,1.624337147641641,1.5980230642504119,358300000,364200000,https://www.bundesanzeiger.de/pub/de/suche;wwwsid=627BFD7A56A5CB624C47FDDEAB2FC509.web07-pub?0,https://www.bundesanzeiger.de/pub/de/suche;wwwsid=627BFD7A56A5CB624C47FDDEAB2FC509.web07-pub?0,1620593056,16:44:16,20210509
12,2018-03-31,HFF.DE,USD,2018-03-31,2018-03-31,Q1,4691000000,0.0,0.0,0.0,0.0,0.0,0.0,0.0,0.0,4172000000.0,80000000.0,116000000.0,0.0,0.0,0.0,0.11063739074824132,20000000.0,519000000.0,0.11063739074824132,91000000.0,597000000.0,0.12726497548497123,1.66993,1.640561,357500000,363900000,https://www.bundesanzeiger.de/pub/de/suche;wwwsid=627BFD7A56A5CB624C47FDDEAB2FC509.web07-pub?0,https://www.bundesanzeiger.de/pub/de/suche;wwwsid=627BFD7A56A5CB624C47FDDEAB2FC509.web07-pub?0,1620593056,16:44:16,20210509
13,2017-12-31,HFF.DE,USD,2017-12-31,2017-12-31,Q4,2866000000,0.0,0.0,0.0,0.0,0.0,0.0,0.0,0.0,2747000000.0,70000000.0,99000000.0,0.0,0.0,0.0,0.04152128401953943,19000000.0,119000000.0,0.04152128401953943,953000000.0,-3703000000.0,-1.2920446615491974,-10.372549019607844,-10.175872492442979,357000000,363900000,https://www.bundesanzeiger.de/pub/de/suche;wwwsid=627BFD7A56A5CB624C47FDDEAB2FC509.web07-pub?0,https://www.bundesanzeiger.de/pub/de/suche;wwwsid=627BFD7A56A5CB624C47FDDEAB2FC509.web07-pub?0,1620593056,16:44:16,20210509
14,2017-09-30,HFF.DE,USD,2017-09-30,2017-09-30,Q3,4684000000,0.0,0.0,0.0,0.0,0.0,0.0,0.0,0.0,4428000000.0,82000000.0,109000000.0,0.0,0.0,0.0,0.05465414175918019,24000000.0,256000000.0,0.05465414175918019,22000000.0,234000000.0,0.04995730145175064,0.649639,0.637602,360200000,367000000,https://www.bundesanzeiger.de/pub/de/suche;wwwsid=627BFD7A56A5CB624C47FDDEAB2FC509.web07-pub?0,https://www.bundesanzeiger.de/pub/de/suche;wwwsid=627BFD7A56A5CB624C47FDDEAB2FC509.web07-pub?0,1620593056,16:44:16,20210509
15,2017-06-30,HFF.DE,USD,2017-06-30,2017-06-30,Q2,4769000000,0.0,0.0,0.0,0.0,0.0,0.0,0.0,0.0,4908000000.0,81000000.0,95000000.0,0.0,0.0,0.0,-0.02914657160830363,23000000.0,-139000000.0,-0.02914657160830363,-99000000.0,-40000000.0,-0.00838750262109457,-0.10929,-0.10929,366000000,366000000,https://www.bundesanzeiger.de/pub/de/suche;wwwsid=627BFD7A56A5CB624C47FDDEAB2FC509.web07-pub?0,https://www.bundesanzeiger.de/pub/de/suche;wwwsid=627BFD7A56A5CB624C47FDDEAB2FC509.web07-pub?0,1620593056,16:44:16,20210509
16,2017-03-31,HFF.DE,USD,2017-03-31,2017-03-31,Q1,4655000000,0.0,0.0,0.0,0.0,0.0,0.0,0.0,0.0,4168000000.0,83000000.0,96000000.0,0.0,0.0,0.0,0.1046186895810956,19000000.0,487000000.0,0.1046186895810956,109000000.0,378000000.0,0.081203007518797,1.017771,0.998415,371400000,378600000,https://www.bundesanzeiger.de/pub/de/suche;wwwsid=627BFD7A56A5CB624C47FDDEAB2FC509.web07-pub?0,https://www.bundesanzeiger.de/pub/de/suche;wwwsid=627BFD7A56A5CB624C47FDDEAB2FC509.web07-pub?0,1620593056,16:44:16,20210509
17,2016-12-31,HFF.DE,USD,2016-12-31,2016-12-31,Q4,4537000000,0.0,0.0,0.0,0.0,0.0,0.0,0.0,0.0,4812000000.0,82000000.0,102000000.0,0.0,0.0,0.0,-0.06061273969583425,19000000.0,-275000000.0,-0.06061273969583425,-194000000.0,-81000000.0,-0.017853206964954817,-0.22606754116662015,-0.22606754116662015,358300000,358300000,https://www.bundesanzeiger.de/pub/de/suche;wwwsid=627BFD7A56A5CB624C47FDDEAB2FC509.web07-pub?0,https://www.bundesanzeiger.de/pub/de/suche;wwwsid=627BFD7A56A5CB624C47FDDEAB2FC509.web07-pub?0,1620593056,16:44:16,20210509
18,2016-09-30,HFF.DE,USD,2016-09-30,2016-09-30,Q3,4695000000,0.0,0.0,0.0,0.0,0.0,0.0,0.0,0.0,4167000000.0,86000000.0,112000000.0,0.0,0.0,0.0,0.11246006389776358,24000000.0,528000000.0,0.11246006389776358,90000000.0,438000000.0,0.09329073482428114,1.141219,1.121639,383800000,390500000,https://www.bundesanzeiger.de/pub/de/suche;wwwsid=627BFD7A56A5CB624C47FDDEAB2FC509.web07-pub?0,https://www.bundesanzeiger.de/pub/de/suche;wwwsid=627BFD7A56A5CB624C47FDDEAB2FC509.web07-pub?0,1620593056,16:44:16,20210509
19,2016-06-30,HFF.DE,USD,2016-06-30,2016-06-30,Q2,4677000000,0.0,0.0,0.0,0.0,0.0,0.0,0.0,0.0,4507000000.0,85000000.0,89000000.0,0.0,0.0,0.0,0.03634808638015822,23000000.0,170000000.0,0.03634808638015822,-46000000.0,216000000.0,0.046183450930083386,0.551302,0.541897,391800000,398600000,https://www.bundesanzeiger.de/pub/de/suche;wwwsid=627BFD7A56A5CB624C47FDDEAB2FC509.web07-pub?0,https://www.bundesanzeiger.de/pub/de/suche;wwwsid=627BFD7A56A5CB624C47FDDEAB2FC509.web07-pub?0,1620593056,16:44:16,20210509
20,2016-03-31,HFF.DE,USD,2016-03-31,2016-03-31,Q1,4391000000,0.0,0.0,0.0,0.0,0.0,0.0,0.0,0.0,4010000000.0,86000000.0,95000000.0,0.0,0.0,0.0,0.08676838988840811,20000000.0,381000000.0,0.08676838988840811,58000000.0,323000000.0,0.07355955363242997,0.81054,0.794979,398500000,406300000,https://www.bundesanzeiger.de/pub/de/suche;wwwsid=627BFD7A56A5CB624C47FDDEAB2FC509.web07-pub?0,https://www.bundesanzeiger.de/pub/de/suche;wwwsid=627BFD7A56A5CB624C47FDDEAB2FC509.web07-pub?0,1620593056,16:44:16,20210509
21,2015-12-31,HFF.DE,USD,2015-12-31,2015-12-31,Q4,4513000000,0.0,0.0,0.0,0.0,0.0,0.0,0.0,0.0,4009000000.0,86000000.0,128000000.0,0.0,0.0,0.0,0.11167737646798138,21000000.0,504000000.0,0.11167737646798138,83000000.0,421000000.0,0.09328606248615112,1.03,1.01,406900000,415900000,https://www.bundesanzeiger.de/pub/de/suche;wwwsid=627BFD7A56A5CB624C47FDDEAB2FC509.web07-pub?0,https://www.bundesanzeiger.de/pub/de/suche;wwwsid=627BFD7A56A5CB624C47FDDEAB2FC509.web07-pub?0,1620593056,16:44:16,20210509
22,2015-09-30,HFF.DE,USD,2015-09-30,2015-09-30,Q3,4562000000,0.0,0.0,0.0,0.0,0.0,0.0,0.0,0.0,4183000000.0,88000000.0,72000000.0,0.0,0.0,0.0,0.08307759754493643,24000000.0,379000000.0,0.08307759754493643,7000000.0,381000000.0,0.08351600175361683,0.92,0.9,413800000,423000000,https://www.bundesanzeiger.de/pub/de/suche;wwwsid=627BFD7A56A5CB624C47FDDEAB2FC509.web07-pub?0,https://www.bundesanzeiger.de/pub/de/suche;wwwsid=627BFD7A56A5CB624C47FDDEAB2FC509.web07-pub?0,1620593056,16:44:16,20210509
23,2015-06-30,HFF.DE,USD,2015-06-30,2015-06-30,Q2,4685000000,0.0,0.0,0.0,0.0,0.0,0.0,0.0,0.0,4215000000.0,89000000.0,72000000.0,0.0,0.0,0.0,0.10032017075773746,20000000.0,470000000.0,0.10032017075773746,57000000.0,413000000.0,0.08815368196371398,0.986386,0.964728,418700000,428100000,https://www.bundesanzeiger.de/pub/de/suche;wwwsid=627BFD7A56A5CB624C47FDDEAB2FC509.web07-pub?0,https://www.bundesanzeiger.de/pub/de/suche;wwwsid=627BFD7A56A5CB624C47FDDEAB2FC509.web07-pub?0,1620593056,16:44:16,20210509
24,2015-03-31,HFF.DE,USD,2015-03-31,2015-03-31,Q1,4617000000,0.0,0.0,0.0,0.0,0.0,0.0,0.0,0.0,3992000000.0,94000000.0,101000000.0,0.0,0.0,0.0,0.13536928741607104,22000000.0,625000000.0,0.13536928741607104,158000000.0,467000000.0,0.10114793155728828,1.105064,1.076781,422600000,433700000,https://www.bundesanzeiger.de/pub/de/suche;wwwsid=627BFD7A56A5CB624C47FDDEAB2FC509.web07-pub?0,https://www.bundesanzeiger.de/pub/de/suche;wwwsid=627BFD7A56A5CB624C47FDDEAB2FC509.web07-pub?0,1620593056,16:44:16,20210509
25,2014-12-31,HFF.DE,USD,2014-12-31,2014-12-31,Q4,4617000000,0.0,0.0,0.0,0.0,0.0,0.0,0.0,0.0,4173000000.0,94000000.0,124000000.0,0.0,0.0,0.0,0.09616634178037686,27000000.0,444000000.0,0.09616634178037686,99000000.0,382000000.0,0.08273770846870263,0.89,0.86,429600000,442600000,https://www.bundesanzeiger.de/pub/de/suche;wwwsid=627BFD7A56A5CB624C47FDDEAB2FC509.web07-pub?0,https://www.bundesanzeiger.de/pub/de/suche;wwwsid=627BFD7A56A5CB624C47FDDEAB2FC509.web07-pub?0,1620593056,16:44:16,20210509
26,2014-09-30,HFF.DE,USD,2014-09-30,2014-09-30,Q3,4769000000,0.0,0.0,0.0,0.0,0.0,0.0,0.0,0.0,4273000000.0,93000000.0,92000000.0,0.0,0.0,0.0,0.10400503250157266,29000000.0,496000000.0,0.10400503250157266,108000000.0,388000000.0,0.08135877542461732,0.89,0.86,437200000,450800000,https://www.bundesanzeiger.de/pub/de/suche;wwwsid=627BFD7A56A5CB624C47FDDEAB2FC509.web07-pub?0,https://www.bundesanzeiger.de/pub/de/suche;wwwsid=627BFD7A56A5CB624C47FDDEAB2FC509.web07-pub?0,1620593056,16:44:16,20210509
27,2014-06-30,HFF.DE,USD,2014-06-30,2014-06-30,Q2,4616000000,0.0,0.0,0.0,0.0,0.0,0.0,0.0,0.0,4466000000.0,94000000.0,0.0,0.0,0.0,0.0,0.03249566724436742,31000000.0,150000000.0,0.03249566724436742,0.0,-467000000.0,-0.10116984402079723,-1.0363959165557035,-0.9980765120752297,450600000,467900000,https://www.bundesanzeiger.de/pub/de/suche;wwwsid=627BFD7A56A5CB624C47FDDEAB2FC509.web07-pub?0,https://www.bundesanzeiger.de/pub/de/suche;wwwsid=627BFD7A56A5CB624C47FDDEAB2FC509.web07-pub?0,1620593056,16:44:16,20210509
28,2014-03-31,HFF.DE,USD,2014-03-31,2014-03-31,Q1,4461000000,0.0,0.0,0.0,0.0,0.0,0.0,0.0,0.0,3806000000.0,95000000.0,60000000.0,0.0,0.0,0.0,0.14682806545617574,25000000.0,655000000.0,0.14682806545617574,160000000.0,495000000.0,0.1109616677874916,1.1,1.03,449800000,478600000,https://www.bundesanzeiger.de/pub/de/suche;wwwsid=627BFD7A56A5CB624C47FDDEAB2FC509.web07-pub?0,https://www.bundesanzeiger.de/pub/de/suche;wwwsid=627BFD7A56A5CB624C47FDDEAB2FC509.web07-pub?0,1620593056,16:44:16,20210509
29,2013-12-31,HFF.DE,USD,2013-12-31,2013-12-31,Q4,6087000000,0.0,0.0,0.0,0.0,0.0,0.0,0.0,0.0,5710000000.0,96000000.0,49000000.0,0.0,0.0,0.0,0.061935271890915064,74000000.0,377000000.0,0.061935271890915064,61000000.0,314000000.0,0.051585345818958434,0.7,0.65,451100000,486100000,https://www.bundesanzeiger.de/pub/de/suche;wwwsid=627BFD7A56A5CB624C47FDDEAB2FC509.web07-pub?0,https://www.bundesanzeiger.de/pub/de/suche;wwwsid=627BFD7A56A5CB624C47FDDEAB2FC509.web07-pub?0,1620593056,16:44:16,20210509
30,2013-09-30,HFF.DE,USD,2013-09-30,2013-09-30,Q3,5641000000,0.0,0.0,0.0,0.0,0.0,0.0,0.0,0.0,5298000000.0,94000000.0,83000000.0,0.0,0.0,0.0,0.06080482184009927,68000000.0,343000000.0,0.06080482184009927,45000000.0,293000000.0,0.05194114518702358,0.65,0.6,452100000,490600000,https://www.bundesanzeiger.de/pub/de/suche;wwwsid=627BFD7A56A5CB624C47FDDEAB2FC509.web07-pub?0,https://www.bundesanzeiger.de/pub/de/suche;wwwsid=627BFD7A56A5CB624C47FDDEAB2FC509.web07-pub?0,1620593056,16:44:16,20210509
31,2013-06-30,HFF.DE,USD,2013-06-30,2013-06-30,Q2,5464000000,0.0,0.0,0.0,0.0,0.0,0.0,0.0,0.0,5684000000.0,100000000.0,5000000.0,0.0,0.0,0.0,-0.04026354319180088,65000000.0,-220000000.0,-0.04026354319180088,-156000000.0,-190000000.0,-0.03477306002928258,-0.42,-0.42,451400000,451400000,https://www.bundesanzeiger.de/pub/de/suche;wwwsid=627BFD7A56A5CB624C47FDDEAB2FC509.web07-pub?0,https://www.bundesanzeiger.de/pub/de/suche;wwwsid=627BFD7A56A5CB624C47FDDEAB2FC509.web07-pub?0,1620593056,16:44:16,20210509
32,2013-03-31,HFF.DE,USD,2013-03-31,2013-03-31,Q1,7604000000,0.0,0.0,0.0,0.0,0.0,0.0,0.0,0.0,8053000000.0,107000000.0,52000000.0,0.0,0.0,0.0,-0.059047869542346136,68000000.0,-449000000.0,-0.059047869542346136,-208000000.0,-241000000.0,-0.0316938453445555,-0.575292,-0.575292,436300000,436300000,https://www.bundesanzeiger.de/pub/de/suche;wwwsid=627BFD7A56A5CB624C47FDDEAB2FC509.web07-pub?0,https://www.bundesanzeiger.de/pub/de/suche;wwwsid=627BFD7A56A5CB624C47FDDEAB2FC509.web07-pub?0,1620593056,16:44:16,20210509
33,2012-12-31,HFF.DE,USD,2012-12-31,2012-12-31,Q4,7735000000,0.0,0.0,0.0,0.0,0.0,0.0,0.0,0.0,8526000000.0,109000000.0,101000000.0,0.0,0.0,0.0,-0.10226244343891402,74000000.0,-791000000.0,-0.10226244343891402,-358000000.0,-434000000.0,-0.056108597285067875,-0.994956441999083,-0.8877070975659644,436200000,488900000,https://www.bundesanzeiger.de/pub/de/suche;wwwsid=627BFD7A56A5CB624C47FDDEAB2FC509.web07-pub?0,https://www.bundesanzeiger.de/pub/de/suche;wwwsid=627BFD7A56A5CB624C47FDDEAB2FC509.web07-pub?0,1620593056,16:44:16,20210509
34,2012-09-30,HFF.DE,USD,2012-09-30,2012-09-30,Q3,6442000000,0.0,0.0,0.0,0.0,1275000000.0,0.0,0.0,566000000.0,5931000000.0,109000000.0,116000000.0,0.0,0.0,0.0,0.07932319155541757,64000000.0,511000000.0,0.07932319155541757,108000000.0,401000000.0,0.06224774914622788,0.9,0.83,435800000,482700000,https://www.bundesanzeiger.de/pub/de/suche;wwwsid=627BFD7A56A5CB624C47FDDEAB2FC509.web07-pub?0,https://www.bundesanzeiger.de/pub/de/suche;wwwsid=627BFD7A56A5CB624C47FDDEAB2FC509.web07-pub?0,1620593056,16:44:16,20210509
35,2012-06-30,HFF.DE,USD,2012-06-30,2012-06-30,Q2,4574000000,0.0,0.0,0.0,0.0,1309000000.0,0.0,0.0,554000000.0,4823000000.0,115000000.0,152000000.0,0.0,0.0,0.0,-0.05443812855268911,61000000.0,-249000000.0,-0.05443812855268911,-149000000.0,-101000000.0,-0.022081329252295584,-0.23048836147877683,-0.21729776247848537,438200000,464800000,https://www.bundesanzeiger.de/pub/de/suche;wwwsid=627BFD7A56A5CB624C47FDDEAB2FC509.web07-pub?0,https://www.bundesanzeiger.de/pub/de/suche;wwwsid=627BFD7A56A5CB624C47FDDEAB2FC509.web07-pub?0,1620593056,16:44:16,20210509
36,2012-03-31,HFF.DE,USD,2012-03-31,2012-03-31,Q1,7661000000,0.0,0.0,0.0,0.0,1312000000.0,0.0,0.0,321000000.0,7659000000.0,124000000.0,98000000.0,0.0,0.0,0.0,0.0002610625244746117,59000000.0,2000000.0,0.0002610625244746117,-95000000.0,96000000.0,0.01253100117478136,0.2,0.18,440700000,469000000,https://www.bundesanzeiger.de/pub/de/suche;wwwsid=627BFD7A56A5CB624C47FDDEAB2FC509.web07-pub?0,https://www.bundesanzeiger.de/pub/de/suche;wwwsid=627BFD7A56A5CB624C47FDDEAB2FC509.web07-pub?0,1620593056,16:44:16,20210509
37,2011-12-31,HFF.DE,USD,2011-12-31,2011-12-31,Q4,5638000000,0.0,0.0,0.0,0.0,995000000.0,0.0,0.0,608000000.0,5546000000.0,124000000.0,136000000.0,0.0,0.0,0.0,0.016317843206810925,94000000.0,92000000.0,0.016317843206810925,-34000000.0,127000000.0,0.022525718339836822,0.3544515768908736,0.3544515768908736,358300000,358300000,https://www.bundesanzeiger.de/pub/de/suche;wwwsid=627BFD7A56A5CB624C47FDDEAB2FC509.web07-pub?0,https://www.bundesanzeiger.de/pub/de/suche;wwwsid=627BFD7A56A5CB624C47FDDEAB2FC509.web07-pub?0,1620593056,16:44:16,20210509
38,2011-09-30,HFF.DE,USD,2011-09-30,2011-09-30,Q3,4520000000,0.0,0.0,0.0,0.0,1059000000.0,0.0,0.0,1320000000.0,4624000000.0,128000000.0,148000000.0,0.0,0.0,0.0,-0.023008849557522124,63000000.0,-104000000.0,-0.023008849557522124,-101000000.0,0.0,0.0,-0.02,-0.02,445300000,445300000,https://www.bundesanzeiger.de/pub/de/suche;wwwsid=627BFD7A56A5CB624C47FDDEAB2FC509.web07-pub?0,https://www.bundesanzeiger.de/pub/de/suche;wwwsid=627BFD7A56A5CB624C47FDDEAB2FC509.web07-pub?0,1620593056,16:44:16,20210509
39,2011-06-30,HFF.DE,USD,2011-06-30,2011-06-30,Q2,5401000000,0.0,0.0,0.0,0.0,1224000000.0,0.0,0.0,835000000.0,5566000000.0,128000000.0,256000000.0,0.0,0.0,0.0,-0.03054989816700611,61000000.0,-165000000.0,-0.03054989816700611,-269000000.0,24000000.0,0.004443621551564525,0.053920467310716695,0.04975124378109453,445100000,482400000,https://www.bundesanzeiger.de/pub/de/suche;wwwsid=627BFD7A56A5CB624C47FDDEAB2FC509.web07-pub?0,https://www.bundesanzeiger.de/pub/de/suche;wwwsid=627BFD7A56A5CB624C47FDDEAB2FC509.web07-pub?0,1620593056,16:44:16,20210509
40,2011-03-31,HFF.DE,USD,2011-03-31,2011-03-31,Q1,6308000000,0.0,0.0,0.0,0.0,1125000000.0,0.0,0.0,664000000.0,5898000000.0,128000000.0,128000000.0,0.0,0.0,0.0,0.06499682942295498,64000000.0,410000000.0,0.06499682942295498,59000000.0,511000000.0,0.08100824350031706,1.13,1.01,444600000,508200000,https://www.bundesanzeiger.de/pub/de/suche;wwwsid=627BFD7A56A5CB624C47FDDEAB2FC509.web07-pub?0,https://www.bundesanzeiger.de/pub/de/suche;wwwsid=627BFD7A56A5CB624C47FDDEAB2FC509.web07-pub?0,1620593056,16:44:16,20210509
41,2010-12-31,HFF.DE,USD,2010-12-31,2010-12-31,Q4,6055000000,0.0,0.0,0.0,0.0,1202000000.0,0.0,0.0,779000000.0,5241000000.0,128000000.0,147000000.0,0.0,0.0,0.0,0.13443435177539223,120000000.0,814000000.0,0.13443435177539223,195000000.0,619000000.0,0.10222956234516928,1.7276025676807145,1.7276025676807145,358300000,358300000,https://www.bundesanzeiger.de/pub/de/suche;wwwsid=627BFD7A56A5CB624C47FDDEAB2FC509.web07-pub?0,https://www.bundesanzeiger.de/pub/de/suche;wwwsid=627BFD7A56A5CB624C47FDDEAB2FC509.web07-pub?0,1620593056,16:44:16,20210509
42,2010-09-30,HFF.DE,USD,2010-09-30,2010-09-30,Q3,6602000000,0.0,0.0,0.0,0.0,1046000000.0,0.0,0.0,431000000.0,5685000000.0,128000000.0,134000000.0,0.0,0.0,0.0,0.138897303847319,66000000.0,917000000.0,0.138897303847319,252000000.0,666000000.0,0.100878521660103,1.48,1.34,444100000,495300000,https://www.bundesanzeiger.de/pub/de/suche;wwwsid=627BFD7A56A5CB624C47FDDEAB2FC509.web07-pub?0,https://www.bundesanzeiger.de/pub/de/suche;wwwsid=627BFD7A56A5CB624C47FDDEAB2FC509.web07-pub?0,1620593056,16:44:16,20210509
43,2010-06-30,HFF.DE,USD,2010-06-30,2010-06-30,Q2,3336000000,0.0,0.0,0.0,0.0,969000000.0,0.0,0.0,-1503000000.0,3343000000.0,132000000.0,171000000.0,0.0,0.0,0.0,-0.0020983213429256594,120000000.0,-7000000.0,-0.0020983213429256594,-83000000.0,76000000.0,0.022781774580335732,0.15,0.14,443900000,480200000,https://www.bundesanzeiger.de/pub/de/suche;wwwsid=627BFD7A56A5CB624C47FDDEAB2FC509.web07-pub?0,https://www.bundesanzeiger.de/pub/de/suche;wwwsid=627BFD7A56A5CB624C47FDDEAB2FC509.web07-pub?0,1620593056,16:44:16,20210509
44,2010-03-31,HFF.DE,USD,2010-03-31,2010-03-31,Q1,6319000000,0.0,0.0,0.0,0.0,919000000.0,0.0,0.0,911000000.0,5784000000.0,120000000.0,144000000.0,0.0,0.0,0.0,0.08466529514163633,118000000.0,535000000.0,0.08466529514163633,216000000.0,319000000.0,0.050482671308751385,-0.42,-0.42,393700000,393700000,https://www.bundesanzeiger.de/pub/de/suche;wwwsid=627BFD7A56A5CB624C47FDDEAB2FC509.web07-pub?0,https://www.bundesanzeiger.de/pub/de/suche;wwwsid=627BFD7A56A5CB624C47FDDEAB2FC509.web07-pub?0,1620593056,16:44:16,20210509
45,2009-12-31,HFF.DE,USD,2009-12-31,2009-12-31,Q4,6440000000,0.0,0.0,0.0,0.0,947000000.0,0.0,0.0,863000000.0,5712000000.0,119000000.0,110000000.0,0.0,0.0,0.0,0.11304347826086956,131000000.0,728000000.0,0.11304347826086956,171000000.0,557000000.0,0.08649068322981367,1.5545632151828077,1.5545632151828077,358300000,358300000,https://www.bundesanzeiger.de/pub/de/suche;wwwsid=627BFD7A56A5CB624C47FDDEAB2FC509.web07-pub?0,https://www.bundesanzeiger.de/pub/de/suche;wwwsid=627BFD7A56A5CB624C47FDDEAB2FC509.web07-pub?0,1620593056,16:44:16,20210509
46,2009-09-30,HFF.DE,USD,2009-09-30,2009-09-30,Q3,5230000000,0.0,0.0,0.0,0.0,945000000.0,0.0,0.0,916000000.0,5687000000.0,118000000.0,101000000.0,0.0,0.0,0.0,-0.08738049713193116,123000000.0,-457000000.0,-0.08738049713193116,-237000000.0,-220000000.0,-0.04206500956022945,-0.79,-0.79,356100000,356100000,https://www.bundesanzeiger.de/pub/de/suche;wwwsid=627BFD7A56A5CB624C47FDDEAB2FC509.web07-pub?0,https://www.bundesanzeiger.de/pub/de/suche;wwwsid=627BFD7A56A5CB624C47FDDEAB2FC509.web07-pub?0,1620593056,16:44:16,20210509
47,2009-06-30,HFF.DE,USD,2009-06-30,2009-06-30,Q2,7637000000,0.0,0.0,0.0,0.0,959000000.0,0.0,0.0,926000000.0,7619000000.0,119000000.0,122000000.0,0.0,0.0,0.0,0.0023569464449391124,120000000.0,18000000.0,0.0023569464449391124,33000000.0,-15000000.0,-0.0019641220374492603,-0.06,-0.06,325400000,325400000,https://www.bundesanzeiger.de/pub/de/suche;wwwsid=627BFD7A56A5CB624C47FDDEAB2FC509.web07-pub?0,https://www.bundesanzeiger.de/pub/de/suche;wwwsid=627BFD7A56A5CB624C47FDDEAB2FC509.web07-pub?0,1620593056,16:44:16,20210509
48,2009-03-31,HFF.DE,USD,2009-03-31,2009-03-31,Q1,5394000000,0.0,0.0,0.0,0.0,898000000.0,0.0,0.0,1064000000.0,7411000000.0,120000000.0,137000000.0,0.0,0.0,0.0,-0.3739340007415647,118000000.0,-2017000000.0,-0.3739340007415647,-808000000.0,-1209000000.0,-0.22413793103448276,-3.77,-3.77,320800000,320800000,https://www.bundesanzeiger.de/pub/de/suche;wwwsid=627BFD7A56A5CB624C47FDDEAB2FC509.web07-pub?0,https://www.bundesanzeiger.de/pub/de/suche;wwwsid=627BFD7A56A5CB624C47FDDEAB2FC509.web07-pub?0,1620593056,16:44:16,20210509
49,2008-12-31,HFF.DE,USD,2008-12-31,2008-12-31,Q4,565000000,0.0,0.0,0.0,0.0,0.0,0.0,0.0,856000000.0,1716000000.0,115000000.0,98000000.0,0.0,0.0,0.0,-2.0371681415929204,-689000000.0,-1151000000.0,-2.0371681415929204,-345000000.0,-806000000.0,-1.4265486725663716,-2.2495115824727883,-2.2495115824727883,358300000,358300000,https://www.bundesanzeiger.de/pub/de/suche;wwwsid=627BFD7A56A5CB624C47FDDEAB2FC509.web07-pub?0,https://www.bundesanzeiger.de/pub/de/suche;wwwsid=627BFD7A56A5CB624C47FDDEAB2FC509.web07-pub?0,1620593056,16:44:16,20210509
50,2008-09-30,HFF.DE,USD,2008-09-30,2008-09-30,Q3,-393000000,0.0,0.0,0.0,0.0,0.0,0.0,0.0,3706000000.0,3790000000.0,84000000.0,-213000000.0,0.0,0.0,0.0,10.643765903307887,-3317000000.0,-4183000000.0,10.643765903307887,-1552000000.0,-2631000000.0,6.694656488549619,-8.74,-8.74,301100000,301100000,https://www.bundesanzeiger.de/pub/de/suche;wwwsid=627BFD7A56A5CB624C47FDDEAB2FC509.web07-pub?0,https://www.bundesanzeiger.de/pub/de/suche;wwwsid=627BFD7A56A5CB624C47FDDEAB2FC509.web07-pub?0,1620593056,16:44:16,20210509
51,2008-06-30,HFF.DE,USD,2008-06-30,2008-06-30,Q2,7503000000,0.0,0.0,0.0,0.0,0.0,0.0,0.0,6774000000.0,6851000000.0,77000000.0,286000000.0,0.0,0.0,0.0,0.08689857390377183,-157000000.0,652000000.0,0.08689857390377183,109000000.0,543000000.0,0.07237105157936825,1.74,1.73,311700000,313100000,https://www.bundesanzeiger.de/pub/de/suche;wwwsid=627BFD7A56A5CB624C47FDDEAB2FC509.web07-pub?0,https://www.bundesanzeiger.de/pub/de/suche;wwwsid=627BFD7A56A5CB624C47FDDEAB2FC509.web07-pub?0,1620593056,16:44:16,20210509
52,2008-03-31,HFF.DE,USD,2008-03-31,2008-03-31,Q1,1544000000,0.0,0.0,0.0,0.0,0.0,0.0,0.0,-2439000000.0,1453000000.0,67000000.0,190000000.0,0.0,0.0,0.0,0.05893782383419689,1457000000.0,91000000.0,0.05893782383419689,-54000000.0,145000000.0,0.0939119170984456,0.46207775653282346,0.4592968007602154,313800000,315700000,https://www.bundesanzeiger.de/pub/de/suche;wwwsid=627BFD7A56A5CB624C47FDDEAB2FC509.web07-pub?0,https://www.bundesanzeiger.de/pub/de/suche;wwwsid=627BFD7A56A5CB624C47FDDEAB2FC509.web07-pub?0,1620593056,16:44:16,20210509
53,2007-12-31,HFF.DE,USD,2007-12-31,2007-12-31,Q4,5674000000,0.0,0.0,0.0,0.0,0.0,0.0,0.0,1247000000.0,4893000000.0,67000000.0,310000000.0,0.0,0.0,0.0,0.137645400070497,1538000000.0,781000000.0,0.137645400070497,186000000.0,595000000.0,0.10486429326753613,1.6606195925202345,1.6606195925202345,358300000,358300000,https://www.bundesanzeiger.de/pub/de/suche;wwwsid=627BFD7A56A5CB624C47FDDEAB2FC509.web07-pub?0,https://www.bundesanzeiger.de/pub/de/suche;wwwsid=627BFD7A56A5CB624C47FDDEAB2FC509.web07-pub?0,1620593056,16:44:16,20210509
54,2007-09-30,HFF.DE,USD,2007-09-30,2007-09-30,Q3,5823000000,0.0,0.0,0.0,0.0,0.0,0.0,0.0,1137000000.0,4648000000.0,67000000.0,202000000.0,0.0,0.0,0.0,0.2017860209513996,1524000000.0,1175000000.0,0.2017860209513996,324000000.0,851000000.0,0.14614459900394985,2.7,2.68,315400000,318000000,https://www.bundesanzeiger.de/pub/de/suche;wwwsid=627BFD7A56A5CB624C47FDDEAB2FC509.web07-pub?0,https://www.bundesanzeiger.de/pub/de/suche;wwwsid=627BFD7A56A5CB624C47FDDEAB2FC509.web07-pub?0,1620593056,16:44:16,20210509
55,2007-06-30,HFF.DE,USD,2007-06-30,2007-06-30,Q2,7660000000,0.0,0.0,0.0,0.0,0.0,0.0,0.0,1142000000.0,6823000000.0,66000000.0,170000000.0,0.0,0.0,0.0,0.10926892950391645,1471000000.0,837000000.0,0.10926892950391645,210000000.0,627000000.0,0.0818537859007833,1.98,1.96,316800000,319600000,https://www.bundesanzeiger.de/pub/de/suche;wwwsid=627BFD7A56A5CB624C47FDDEAB2FC509.web07-pub?0,https://www.bundesanzeiger.de/pub/de/suche;wwwsid=627BFD7A56A5CB624C47FDDEAB2FC509.web07-pub?0,1620593056,16:44:16,20210509
56,2007-03-31,HFF.DE,USD,2007-03-31,2007-03-31,Q1,6759000000,0.0,0.0,0.0,0.0,0.0,0.0,0.0,1069000000.0,5547000000.0,63000000.0,112000000.0,0.0,0.0,0.0,0.17931646693297826,1399000000.0,1212000000.0,0.17931646693297826,336000000.0,876000000.0,0.12960497114957834,2.74,2.71,319600000,322700000,https://www.bundesanzeiger.de/pub/de/suche;wwwsid=627BFD7A56A5CB624C47FDDEAB2FC509.web07-pub?0,https://www.bundesanzeiger.de/pub/de/suche;wwwsid=627BFD7A56A5CB624C47FDDEAB2FC509.web07-pub?0,1620593056,16:44:16,20210509
57,2006-12-31,HFF.DE,USD,2006-12-31,2006-12-31,Q4,7579000000,0.0,0.0,0.0,0.0,0.0,0.0,0.0,1133000000.0,6577000000.0,70000000.0,219000000.0,0.0,0.0,0.0,0.13220741522628315,1425000000.0,1002000000.0,0.13220741522628315,219000000.0,783000000.0,0.10331178255706558,2.1853195646106616,2.1853195646106616,358300000,358300000,https://www.bundesanzeiger.de/pub/de/suche;wwwsid=627BFD7A56A5CB624C47FDDEAB2FC509.web07-pub?0,https://www.bundesanzeiger.de/pub/de/suche;wwwsid=627BFD7A56A5CB624C47FDDEAB2FC509.web07-pub?0,1620593056,16:44:16,20210509
58,2006-09-30,HFF.DE,USD,2006-09-30,2006-09-30,Q3,7407000000,0.0,0.0,0.0,0.0,0.0,0.0,0.0,996000000.0,6396000000.0,70000000.0,69000000.0,0.0,0.0,0.0,0.13649250708788985,1270000000.0,1011000000.0,0.13649250708788985,253000000.0,758000000.0,0.10233562845956527,2.45,2.39,310000000,316700000,https://www.bundesanzeiger.de/pub/de/suche;wwwsid=627BFD7A56A5CB624C47FDDEAB2FC509.web07-pub?0,https://www.bundesanzeiger.de/pub/de/suche;wwwsid=627BFD7A56A5CB624C47FDDEAB2FC509.web07-pub?0,1620593056,16:44:16,20210509
59,2006-06-30,HFF.DE,USD,2006-06-30,2006-06-30,Q2,4971000000,0.0,0.0,0.0,0.0,0.0,0.0,0.0,995000000.0,4366000000.0,71000000.0,274000000.0,0.0,0.0,0.0,0.12170589418628043,1274000000.0,605000000.0,0.12170589418628043,129000000.0,476000000.0,0.09575538121102393,1.57,1.52,303300000,312300000,https://www.bundesanzeiger.de/pub/de/suche;wwwsid=627BFD7A56A5CB624C47FDDEAB2FC509.web07-pub?0,https://www.bundesanzeiger.de/pub/de/suche;wwwsid=627BFD7A56A5CB624C47FDDEAB2FC509.web07-pub?0,1620593056,16:44:16,20210509
60,2006-03-31,HFF.DE,USD,2006-03-31,2006-03-31,Q1,6543000000,0.0,0.0,0.0,0.0,0.0,0.0,0.0,897000000.0,5559000000.0,66000000.0,44000000.0,0.0,0.0,0.0,0.15038972948188903,1244000000.0,984000000.0,0.15038972948188903,256000000.0,728000000.0,0.11126394620204799,2.41,2.34,302200000,310900000,https://www.bundesanzeiger.de/pub/de/suche;wwwsid=627BFD7A56A5CB624C47FDDEAB2FC509.web07-pub?0,https://www.bundesanzeiger.de/pub/de/suche;wwwsid=627BFD7A56A5CB624C47FDDEAB2FC509.web07-pub?0,1620593056,16:44:16,20210509
61,2005-12-31,HFF.DE,USD,2005-12-31,2005-12-31,Q4,7737000000,0.0,0.0,0.0,0.0,0.0,0.0,0.0,1101000000.0,7189000000.0,63000000.0,193000000.0,0.0,0.0,0.0,0.07082848649347293,1188000000.0,548000000.0,0.07082848649347293,81000000.0,467000000.0,0.06035931239498513,1.3033770583310076,1.3033770583310076,358300000,358300000,https://www.bundesanzeiger.de/pub/de/suche;wwwsid=627BFD7A56A5CB624C47FDDEAB2FC509.web07-pub?0,https://www.bundesanzeiger.de/pub/de/suche;wwwsid=627BFD7A56A5CB624C47FDDEAB2FC509.web07-pub?0,1620593056,16:44:16,20210509
62,2005-09-30,HFF.DE,USD,2005-09-30,2005-09-30,Q3,7298000000,0.0,0.0,0.0,0.0,0.0,0.0,0.0,959000000.0,6602000000.0,62000000.0,156000000.0,0.0,0.0,0.0,0.09536859413537956,1145000000.0,696000000.0,0.09536859413537956,157000000.0,539000000.0,0.07385585091805974,1.8,1.76,299200000,307000000,https://www.bundesanzeiger.de/pub/de/suche;wwwsid=627BFD7A56A5CB624C47FDDEAB2FC509.web07-pub?0,https://www.bundesanzeiger.de/pub/de/suche;wwwsid=627BFD7A56A5CB624C47FDDEAB2FC509.web07-pub?0,1620593056,16:44:16,20210509
63,2005-06-30,HFF.DE,USD,2005-06-30,2005-06-30,Q2,6057000000,0.0,0.0,0.0,0.0,0.0,0.0,0.0,958000000.0,5230000000.0,64000000.0,183000000.0,0.0,0.0,0.0,0.13653623906224202,1079000000.0,827000000.0,0.13653623906224202,225000000.0,602000000.0,0.09938913653623906,2.03,1.98,297100000,303900000,https://www.bundesanzeiger.de/pub/de/suche;wwwsid=627BFD7A56A5CB624C47FDDEAB2FC509.web07-pub?0,https://www.bundesanzeiger.de/pub/de/suche;wwwsid=627BFD7A56A5CB624C47FDDEAB2FC509.web07-pub?0,1620593056,16:44:16,20210509
64,2005-03-31,HFF.DE,USD,2005-03-31,2005-03-31,Q1,5991000000,0.0,0.0,0.0,0.0,0.0,0.0,0.0,887000000.0,5077000000.0,63000000.0,29000000.0,0.0,0.0,0.0,0.15256217659823068,1064000000.0,914000000.0,0.15256217659823068,248000000.0,666000000.0,0.11116675012518779,2.26,2.21,294800000,301300000,https://www.bundesanzeiger.de/pub/de/suche;wwwsid=627BFD7A56A5CB624C47FDDEAB2FC509.web07-pub?0,https://www.bundesanzeiger.de/pub/de/suche;wwwsid=627BFD7A56A5CB624C47FDDEAB2FC509.web07-pub?0,1620593056,16:44:16,20210509
65,2004-12-31,HFF.DE,USD,2004-12-31,2004-12-31,Q4,6101000000,0.0,0.0,0.0,0.0,0.0,0.0,0.0,876000000.0,5280000000.0,62000000.0,84000000.0,0.0,0.0,0.0,0.13456810358957547,973000000.0,821000000.0,0.13456810358957547,201000000.0,620000000.0,0.10162268480576954,1.7303935249790678,1.7303935249790678,358300000,358300000,https://www.bundesanzeiger.de/pub/de/suche;wwwsid=627BFD7A56A5CB624C47FDDEAB2FC509.web07-pub?0,https://www.bundesanzeiger.de/pub/de/suche;wwwsid=627BFD7A56A5CB624C47FDDEAB2FC509.web07-pub?0,1620593056,16:44:16,20210509
66,2004-09-30,HFF.DE,USD,2004-09-30,2004-09-30,Q3,5416000000,0.0,0.0,0.0,0.0,0.0,0.0,0.0,874000000.0,5109000000.0,61000000.0,-8000000.0,0.0,0.0,0.0,0.05668389955686854,915000000.0,307000000.0,0.05668389955686854,-187000000.0,494000000.0,0.09121122599704579,1.68,1.66,293200000,297500000,https://www.bundesanzeiger.de/pub/de/suche;wwwsid=627BFD7A56A5CB624C47FDDEAB2FC509.web07-pub?0,https://www.bundesanzeiger.de/pub/de/suche;wwwsid=627BFD7A56A5CB624C47FDDEAB2FC509.web07-pub?0,1620593056,16:44:16,20210509
67,2004-06-30,HFF.DE,USD,2004-06-30,2004-06-30,Q2,5444000000,0.0,0.0,0.0,0.0,0.0,0.0,0.0,816000000.0,4867000000.0,62000000.0,165000000.0,0.0,0.0,0.0,0.10598824393828067,911000000.0,577000000.0,0.10598824393828067,144000000.0,433000000.0,0.07953710506980162,1.48,1.46,292300000,297500000,https://www.bundesanzeiger.de/pub/de/suche;wwwsid=627BFD7A56A5CB624C47FDDEAB2FC509.web07-pub?0,https://www.bundesanzeiger.de/pub/de/suche;wwwsid=627BFD7A56A5CB624C47FDDEAB2FC509.web07-pub?0,1620593056,16:44:16,20210509
68,2004-03-31,HFF.DE,USD,2004-03-31,2004-03-31,Q1,5732000000,0.0,0.0,0.0,0.0,0.0,0.0,0.0,872000000.0,4914000000.0,66000000.0,33000000.0,0.0,0.0,0.0,0.1427076064200977,890000000.0,818000000.0,0.1427076064200977,227000000.0,568000000.0,0.09909281228192603,1.96,1.93,289900000,294900000,https://www.bundesanzeiger.de/pub/de/suche;wwwsid=627BFD7A56A5CB624C47FDDEAB2FC509.web07-pub?0,https://www.bundesanzeiger.de/pub/de/suche;wwwsid=627BFD7A56A5CB624C47FDDEAB2FC509.web07-pub?0,1620593056,16:44:16,20210509
69,2003-12-31,HFF.DE,USD,2003-12-31,2003-12-31,Q4,4773000000,0.0,0.0,0.0,0.0,0.0,0.0,0.0,830000000.0,4163000000.0,0.0,20000000.0,0.0,0.0,0.0,0.12780222082547663,913000000.0,610000000.0,0.12780222082547663,156000000.0,454000000.0,0.09511837418814163,1.2670946134524141,1.2670946134524141,358300000,358300000,https://www.bundesanzeiger.de/pub/de/suche;wwwsid=627BFD7A56A5CB624C47FDDEAB2FC509.web07-pub?0,https://www.bundesanzeiger.de/pub/de/suche;wwwsid=627BFD7A56A5CB624C47FDDEAB2FC509.web07-pub?0,1620593056,16:44:16,20210509
70,2003-09-30,HFF.DE,USD,2003-09-30,2003-09-30,Q3,4947000000,0.0,0.0,0.0,0.0,0.0,0.0,0.0,880000000.0,4511000000.0,0.0,188000000.0,0.0,0.0,0.0,0.08813422276126946,861000000.0,436000000.0,0.08813422276126946,93000000.0,343000000.0,0.06933495047503538,1.21,1.2,282500000,284800000,https://www.bundesanzeiger.de/pub/de/suche;wwwsid=627BFD7A56A5CB624C47FDDEAB2FC509.web07-pub?0,https://www.bundesanzeiger.de/pub/de/suche;wwwsid=627BFD7A56A5CB624C47FDDEAB2FC509.web07-pub?0,1620593056,16:44:16,20210509
71,2003-06-30,HFF.DE,USD,2003-06-30,2003-06-30,Q2,4682000000,0.0,0.0,0.0,0.0,0.0,0.0,0.0,867000000.0,4053000000.0,0.0,-61000000.0,0.0,0.0,0.0,0.13434429730884237,803000000.0,629000000.0,0.13434429730884237,122000000.0,507000000.0,0.10828705681332763,1.89,1.88,268800000,270200000,https://www.bundesanzeiger.de/pub/de/suche;wwwsid=627BFD7A56A5CB624C47FDDEAB2FC509.web07-pub?0,https://www.bundesanzeiger.de/pub/de/suche;wwwsid=627BFD7A56A5CB624C47FDDEAB2FC509.web07-pub?0,1620593056,16:44:16,20210509
72,2003-03-31,HFF.DE,USD,2003-03-31,2003-03-31,Q1,4331000000,0.0,0.0,0.0,0.0,0.0,0.0,0.0,747000000.0,6556000000.0,0.0,72000000.0,0.0,0.0,0.0,-0.5137381667051489,739000000.0,-2225000000.0,-0.5137381667051489,-830000000.0,-1395000000.0,-0.32209651350727314,-5.46,-5.46,255400000,255400000,https://www.bundesanzeiger.de/pub/de/suche;wwwsid=627BFD7A56A5CB624C47FDDEAB2FC509.web07-pub?0,https://www.bundesanzeiger.de/pub/de/suche;wwwsid=627BFD7A56A5CB624C47FDDEAB2FC509.web07-pub?0,1620593056,16:44:16,20210509
73,2002-12-31,HFF.DE,USD,2002-12-31,2002-12-31,Q4,4161000000,0.0,0.0,0.0,0.0,0.0,0.0,0.0,850000000.0,3855000000.0,0.0,43000000.0,0.0,0.0,0.0,0.07354001441961067,744000000.0,306000000.0,0.07354001441961067,48000000.0,258000000.0,0.06200432588320115,0.7200669829751605,0.7200669829751605,358300000,358300000,https://www.bundesanzeiger.de/pub/de/suche;wwwsid=627BFD7A56A5CB624C47FDDEAB2FC509.web07-pub?0,https://www.bundesanzeiger.de/pub/de/suche;wwwsid=627BFD7A56A5CB624C47FDDEAB2FC509.web07-pub?0,1620593056,16:44:16,20210509
74,2002-09-30,HFF.DE,USD,2002-09-30,2002-09-30,Q3,3961000000,0.0,0.0,0.0,0.0,0.0,0.0,0.0,766000000.0,3767000000.0,0.0,26000000.0,0.0,0.0,0.0,0.0489775309265337,742000000.0,194000000.0,0.0489775309265337,-71000000.0,265000000.0,0.06690229739964655,1.064684612294094,1.0578842315369261,248900000,250500000,https://www.bundesanzeiger.de/pub/de/suche;wwwsid=627BFD7A56A5CB624C47FDDEAB2FC509.web07-pub?0,https://www.bundesanzeiger.de/pub/de/suche;wwwsid=627BFD7A56A5CB624C47FDDEAB2FC509.web07-pub?0,1620593056,16:44:16,20210509
75,2002-06-30,HFF.DE,USD,2002-06-30,2002-06-30,Q2,3885000000,0.0,0.0,0.0,0.0,0.0,0.0,0.0,737000000.0,3685000000.0,0.0,22000000.0,0.0,0.0,0.0,0.05148005148005148,792000000.0,200000000.0,0.05148005148005148,15000000.0,185000000.0,0.047619047619047616,0.75,0.74,247400000,250700000,https://www.bundesanzeiger.de/pub/de/suche;wwwsid=627BFD7A56A5CB624C47FDDEAB2FC509.web07-pub?0,https://www.bundesanzeiger.de/pub/de/suche;wwwsid=627BFD7A56A5CB624C47FDDEAB2FC509.web07-pub?0,1620593056,16:44:16,20210509
76,2002-03-31,HFF.DE,USD,2002-03-31,2002-03-31,Q1,3900000000,0.0,0.0,0.0,0.0,0.0,0.0,0.0,721000000.0,3532000000.0,0.0,13000000.0,0.0,0.0,0.0,0.09435897435897436,775000000.0,368000000.0,0.09435897435897436,76000000.0,292000000.0,0.07487179487179488,1.19,1.17,246100000,249700000,https://www.bundesanzeiger.de/pub/de/suche;wwwsid=627BFD7A56A5CB624C47FDDEAB2FC509.web07-pub?0,https://www.bundesanzeiger.de/pub/de/suche;wwwsid=627BFD7A56A5CB624C47FDDEAB2FC509.web07-pub?0,1620593056,16:44:16,20210509
77,2001-12-31,HFF.DE,USD,2001-12-31,2001-12-31,Q4,3856000000,0.0,0.0,0.0,0.0,0.0,0.0,0.0,762000000.0,3692000000.0,0.0,34000000.0,0.0,0.0,0.0,0.04253112033195021,820000000.0,164000000.0,0.04253112033195021,12000000.0,144000000.0,0.03734439834024896,0.4018978509628803,0.4018978509628803,358300000,358300000,https://www.bundesanzeiger.de/pub/de/suche;wwwsid=627BFD7A56A5CB624C47FDDEAB2FC509.web07-pub?0,https://www.bundesanzeiger.de/pub/de/suche;wwwsid=627BFD7A56A5CB624C47FDDEAB2FC509.web07-pub?0,1620593056,16:44:16,20210509
78,2001-09-30,HFF.DE,USD,2001-09-30,2001-09-30,Q3,3722000000,0.0,0.0,0.0,0.0,0.0,0.0,0.0,691000000.0,4148000000.0,0.0,34000000.0,0.0,0.0,0.0,-0.11445459430413756,775000000.0,-426000000.0,-0.11445459430413756,-323000000.0,-103000000.0,-0.027673293927995703,-0.43,-0.43,238000000,238000000,https://www.bundesanzeiger.de/pub/de/suche;wwwsid=627BFD7A56A5CB624C47FDDEAB2FC509.web07-pub?0,https://www.bundesanzeiger.de/pub/de/suche;wwwsid=627BFD7A56A5CB624C47FDDEAB2FC509.web07-pub?0,1620593056,16:44:16,20210509
79,2001-06-30,HFF.DE,USD,2001-06-30,2001-06-30,Q2,3847000000,0.0,0.0,0.0,0.0,0.0,0.0,0.0,641000000.0,3552000000.0,0.0,-11000000.0,0.0,0.0,0.0,0.07668312971146347,809000000.0,295000000.0,0.07668312971146347,58000000.0,226000000.0,0.05874707564335846,0.95,0.94,237300000,241300000,https://www.bundesanzeiger.de/pub/de/suche;wwwsid=627BFD7A56A5CB624C47FDDEAB2FC509.web07-pub?0,https://www.bundesanzeiger.de/pub/de/suche;wwwsid=627BFD7A56A5CB624C47FDDEAB2FC509.web07-pub?0,1620593056,16:44:16,20210509
80,2001-03-31,HFF.DE,USD,2001-03-31,2001-03-31,Q1,3722000000,0.0,0.0,0.0,0.0,0.0,0.0,0.0,672000000.0,3401000000.0,0.0,15000000.0,0.0,0.0,0.0,0.0862439548629769,720000000.0,321000000.0,0.0862439548629769,58000000.0,240000000.0,0.06448146157979581,1.04,1.02,231500000,235500000,https://www.bundesanzeiger.de/pub/de/suche;wwwsid=627BFD7A56A5CB624C47FDDEAB2FC509.web07-pub?0,https://www.bundesanzeiger.de/pub/de/suche;wwwsid=627BFD7A56A5CB624C47FDDEAB2FC509.web07-pub?0,1620593056,16:44:16,20210509
81,2000-12-31,HFF.DE,USD,2000-12-31,2000-12-31,Q4,3899000000,0.0,0.0,0.0,0.0,0.0,0.0,0.0,677000000.0,3402000000.0,0.0,17000000.0,0.0,0.0,0.0,0.12746858168761221,0.0,497000000.0,0.12746858168761221,224000000.0,273000000.0,0.07001795332136446,0.7619313424504605,0.7619313424504605,358300000,358300000,https://www.bundesanzeiger.de/pub/de/suche;wwwsid=627BFD7A56A5CB624C47FDDEAB2FC509.web07-pub?0,https://www.bundesanzeiger.de/pub/de/suche;wwwsid=627BFD7A56A5CB624C47FDDEAB2FC509.web07-pub?0,1620593056,16:44:16,20210509
82,2000-09-30,HFF.DE,USD,2000-09-30,2000-09-30,Q3,3791000000,0.0,0.0,0.0,0.0,0.0,0.0,0.0,727000000.0,3472000000.0,0.0,19000000.0,0.0,0.0,0.0,0.08414666314956476,0.0,319000000.0,0.08414666314956476,69000000.0,250000000.0,0.06594566077552097,1.11,1.09,224400000,229300000,https://www.bundesanzeiger.de/pub/de/suche;wwwsid=627BFD7A56A5CB624C47FDDEAB2FC509.web07-pub?0,https://www.bundesanzeiger.de/pub/de/suche;wwwsid=627BFD7A56A5CB624C47FDDEAB2FC509.web07-pub?0,1620593056,16:44:16,20210509
83,2000-06-30,HFF.DE,USD,2000-06-30,2000-06-30,Q2,3514000000,0.0,0.0,0.0,0.0,0.0,0.0,0.0,628000000.0,3256000000.0,0.0,7000000.0,0.0,0.0,0.0,0.07342060330108138,0.0,258000000.0,0.07342060330108138,19000000.0,213000000.0,0.06061468412066021,0.98,0.97,216500000,219900000,https://www.bundesanzeiger.de/pub/de/suche;wwwsid=627BFD7A56A5CB624C47FDDEAB2FC509.web07-pub?0,https://www.bundesanzeiger.de/pub/de/suche;wwwsid=627BFD7A56A5CB624C47FDDEAB2FC509.web07-pub?0,1620593056,16:44:16,20210509
84,2000-03-31,HFF.DE,USD,2000-03-31,2000-03-31,Q1,3499000000,0.0,0.0,0.0,0.0,0.0,0.0,0.0,621000000.0,3155000000.0,0.0,20000000.0,0.0,0.0,0.0,0.098313803943984,0.0,344000000.0,0.098313803943984,78000000.0,238000000.0,0.06801943412403544,1.1028730305838739,1.0952600092038656,215800000,217300000,https://www.bundesanzeiger.de/pub/de/suche;wwwsid=627BFD7A56A5CB624C47FDDEAB2FC509.web07-pub?0,https://www.bundesanzeiger.de/pub/de/suche;wwwsid=627BFD7A56A5CB624C47FDDEAB2FC509.web07-pub?0,1620593056,16:44:16,20210509
85,1999-12-31,HFF.DE,USD,1999-12-31,1999-12-31,Q4,3436000000,0.0,0.0,0.0,0.0,0.0,0.0,0.0,0.0,0.0,0.0,10000000.0,0.0,0.0,0.0,0.35942956926658903,0.0,1235000000.0,0.35942956926658903,85000000.0,223000000.0,0.0649010477299185,0.6223834775327938,0.6223834775327938,358300000,358300000,https://www.bundesanzeiger.de/pub/de/suche;wwwsid=627BFD7A56A5CB624C47FDDEAB2FC509.web07-pub?0,https://www.bundesanzeiger.de/pub/de/suche;wwwsid=627BFD7A56A5CB624C47FDDEAB2FC509.web07-pub?0,1620593056,16:44:16,20210509
86,1999-09-30,HFF.DE,USD,1999-09-30,1999-09-30,Q3,3444000000,0.0,0.0,0.0,0.0,0.0,0.0,0.0,0.0,0.0,0.0,12000000.0,0.0,0.0,0.0,0.0,632000000.0,0.0,0.0,45000000.0,186000000.0,0.05400696864111498,0.83,0.82,224096386,226829268,https://www.bundesanzeiger.de/pub/de/suche;wwwsid=627BFD7A56A5CB624C47FDDEAB2FC509.web07-pub?0,https://www.bundesanzeiger.de/pub/de/suche;wwwsid=627BFD7A56A5CB624C47FDDEAB2FC509.web07-pub?0,1620593056,16:44:16,20210509
87,1999-06-30,HFF.DE,USD,1999-06-30,1999-06-30,Q2,3349000000,0.0,0.0,0.0,0.0,0.0,0.0,0.0,0.0,0.0,0.0,21000000.0,0.0,0.0,0.0,0.0,661000000.0,0.0,0.0,71000000.0,215000000.0,0.0641982681397432,0.95,0.93,226315789,231182796,https://www.bundesanzeiger.de/pub/de/suche;wwwsid=627BFD7A56A5CB624C47FDDEAB2FC509.web07-pub?0,https://www.bundesanzeiger.de/pub/de/suche;wwwsid=627BFD7A56A5CB624C47FDDEAB2FC509.web07-pub?0,1620593056,16:44:16,20210509
88,1999-03-31,HFF.DE,USD,1999-03-31,1999-03-31,Q1,3299000000,0.0,0.0,0.0,0.0,0.0,0.0,0.0,0.0,0.0,0.0,15000000.0,0.0,0.0,0.0,0.0,694000000.0,0.0,0.0,86000000.0,238000000.0,0.07214307365868446,1.05,1.04,226666667,228846154,https://www.bundesanzeiger.de/pub/de/suche;wwwsid=627BFD7A56A5CB624C47FDDEAB2FC509.web07-pub?0,https://www.bundesanzeiger.de/pub/de/suche;wwwsid=627BFD7A56A5CB624C47FDDEAB2FC509.web07-pub?0,1620593056,16:44:16,20210509
89,1998-12-31,HFF.DE,USD,1998-12-31,1998-12-31,Q4,4161000000,0.0,0.0,0.0,0.0,0.0,0.0,0.0,0.0,0.0,0.0,25000000.0,0.0,0.0,0.0,0.3544820956500841,0.0,1475000000.0,0.3544820956500841,115000000.0,301000000.0,0.07233838019706801,0.8400781468043539,0.8400781468043539,358300000,358300000,https://www.bundesanzeiger.de/pub/de/suche;wwwsid=627BFD7A56A5CB624C47FDDEAB2FC509.web07-pub?0,https://www.bundesanzeiger.de/pub/de/suche;wwwsid=627BFD7A56A5CB624C47FDDEAB2FC509.web07-pub?0,1620593056,16:44:16,20210509
90,1998-09-30,HFF.DE,USD,1998-09-30,1998-09-30,Q3,3640000000,0.0,0.0,0.0,0.0,0.0,0.0,0.0,0.0,0.0,0.0,21000000.0,0.0,0.0,0.0,0.0,706000000.0,0.0,0.0,80000000.0,214000000.0,0.05879120879120879,0.92,0.91,232608696,235164835,https://www.bundesanzeiger.de/pub/de/suche;wwwsid=627BFD7A56A5CB624C47FDDEAB2FC509.web07-pub?0,https://www.bundesanzeiger.de/pub/de/suche;wwwsid=627BFD7A56A5CB624C47FDDEAB2FC509.web07-pub?0,1620593056,16:44:16,20210509
91,1998-06-30,HFF.DE,USD,1998-06-30,1998-06-30,Q2,3493000000,0.0,0.0,0.0,0.0,0.0,0.0,0.0,0.0,0.0,0.0,21000000.0,0.0,0.0,0.0,0.0,763000000.0,0.0,0.0,87000000.0,236000000.0,0.06756369882622387,1.0,0.99,236000000,238383838,https://www.bundesanzeiger.de/pub/de/suche;wwwsid=627BFD7A56A5CB624C47FDDEAB2FC509.web07-pub?0,https://www.bundesanzeiger.de/pub/de/suche;wwwsid=627BFD7A56A5CB624C47FDDEAB2FC509.web07-pub?0,1620593056,16:44:16,20210509
92,1998-03-31,HFF.DE,USD,1998-03-31,1998-03-31,Q1,3728000000,0.0,0.0,0.0,0.0,0.0,0.0,0.0,0.0,0.0,0.0,36000000.0,0.0,0.0,0.0,0.0,780000000.0,0.0,0.0,106000000.0,264000000.0,0.07081545064377683,1.12,1.11,235714286,237837838,https://www.bundesanzeiger.de/pub/de/suche;wwwsid=627BFD7A56A5CB624C47FDDEAB2FC509.web07-pub?0,https://www.bundesanzeiger.de/pub/de/suche;wwwsid=627BFD7A56A5CB624C47FDDEAB2FC509.web07-pub?0,1620593056,16:44:16,20210509
93,1997-12-31,HFF.DE,USD,1997-12-31,1997-12-31,Q4,3371000000,0.0,0.0,0.0,0.0,0.0,0.0,0.0,0.0,0.0,0.0,26000000.0,0.0,0.0,0.0,0.5051913378819342,0.0,1703000000.0,0.5051913378819342,70000000.0,255000000.0,0.07564520913675467,0.7116941110801005,0.7116941110801005,358300000,358300000,https://www.bundesanzeiger.de/pub/de/suche;wwwsid=627BFD7A56A5CB624C47FDDEAB2FC509.web07-pub?0,https://www.bundesanzeiger.de/pub/de/suche;wwwsid=627BFD7A56A5CB624C47FDDEAB2FC509.web07-pub?0,1620593056,16:44:16,20210509
94,1997-09-30,HFF.DE,USD,1997-09-30,1997-09-30,Q3,3306000000,0.0,0.0,0.0,0.0,0.0,0.0,0.0,0.0,0.0,0.0,21000000.0,0.0,0.0,0.0,0.0,821000000.0,0.0,0.0,130000000.0,299000000.0,0.09044162129461585,1.27,1.25,235433071,239200000,https://www.bundesanzeiger.de/pub/de/suche;wwwsid=627BFD7A56A5CB624C47FDDEAB2FC509.web07-pub?0,https://www.bundesanzeiger.de/pub/de/suche;wwwsid=627BFD7A56A5CB624C47FDDEAB2FC509.web07-pub?0,1620593056,16:44:16,20210509
95,1997-06-30,HFF.DE,USD,1997-06-30,1997-06-30,Q2,3510000000,0.0,0.0,0.0,0.0,0.0,0.0,0.0,0.0,0.0,0.0,17000000.0,0.0,0.0,0.0,0.0,1042000000.0,0.0,0.0,64000000.0,574000000.0,0.16353276353276353,2.43,2.41,236213992,238174274,https://www.bundesanzeiger.de/pub/de/suche;wwwsid=627BFD7A56A5CB624C47FDDEAB2FC509.web07-pub?0,https://www.bundesanzeiger.de/pub/de/suche;wwwsid=627BFD7A56A5CB624C47FDDEAB2FC509.web07-pub?0,1620593056,16:44:16,20210509
96,1997-03-31,HFF.DE,USD,1997-03-31,1997-03-31,Q1,3118000000,0.0,0.0,0.0,0.0,0.0,0.0,0.0,0.0,0.0,0.0,21000000.0,0.0,0.0,0.0,0.0,666000000.0,0.0,0.0,70000000.0,204000000.0,0.0654265554842848,0.87,0.86,234482759,237209302,https://www.bundesanzeiger.de/pub/de/suche;wwwsid=627BFD7A56A5CB624C47FDDEAB2FC509.web07-pub?0,https://www.bundesanzeiger.de/pub/de/suche;wwwsid=627BFD7A56A5CB624C47FDDEAB2FC509.web07-pub?0,1620593056,16:44:16,20210509
97,1996-12-31,HFF.DE,USD,1996-12-31,1996-12-31,Q4,3333000000,0.0,0.0,0.0,0.0,0.0,0.0,0.0,0.0,0.0,0.0,33000000.0,0.0,0.0,0.0,-0.09540954095409541,0.0,-318000000.0,-0.09540954095409541,49000000.0,205000000.0,0.061506150615061504,0.5721462461624337,0.5721462461624337,358300000,358300000,https://www.bundesanzeiger.de/pub/de/suche;wwwsid=627BFD7A56A5CB624C47FDDEAB2FC509.web07-pub?0,https://www.bundesanzeiger.de/pub/de/suche;wwwsid=627BFD7A56A5CB624C47FDDEAB2FC509.web07-pub?0,1620593056,16:44:16,20210509
98,1996-09-30,HFF.DE,USD,1996-09-30,1996-09-30,Q3,2836000000,0.0,0.0,0.0,0.0,0.0,0.0,0.0,0.0,0.0,0.0,9000000.0,0.0,0.0,0.0,0.0,448000000.0,0.0,0.0,-322000000.0,-543000000.0,-0.19146685472496475,-2.32,-2.32,234051724,234051724,https://www.bundesanzeiger.de/pub/de/suche;wwwsid=627BFD7A56A5CB624C47FDDEAB2FC509.web07-pub?0,https://www.bundesanzeiger.de/pub/de/suche;wwwsid=627BFD7A56A5CB624C47FDDEAB2FC509.web07-pub?0,1620593056,16:44:16,20210509
99,1996-06-30,HFF.DE,USD,1996-06-30,1996-06-30,Q2,3026000000,0.0,0.0,0.0,0.0,0.0,0.0,0.0,0.0,0.0,0.0,16000000.0,0.0,0.0,0.0,0.0,623000000.0,0.0,0.0,36000000.0,143000000.0,0.0472571050892267,0.61,0.61,234426230,234426230,https://www.bundesanzeiger.de/pub/de/suche;wwwsid=627BFD7A56A5CB624C47FDDEAB2FC509.web07-pub?0,https://www.bundesanzeiger.de/pub/de/suche;wwwsid=627BFD7A56A5CB624C47FDDEAB2FC509.web07-pub?0,1620593056,16:44:16,20210509
100,1996-03-31,HFF.DE,USD,1996-03-31,1996-03-31,Q1,3278000000,0.0,0.0,0.0,0.0,0.0,0.0,0.0,0.0,0.0,0.0,23000000.0,0.0,0.0,0.0,0.0,622000000.0,0.0,0.0,18000000.0,96000000.0,0.02928615009151922,0.41,0.41,234146341,234146341,https://www.bundesanzeiger.de/pub/de/suche;wwwsid=627BFD7A56A5CB624C47FDDEAB2FC509.web07-pub?0,https://www.bundesanzeiger.de/pub/de/suche;wwwsid=627BFD7A56A5CB624C47FDDEAB2FC509.web07-pub?0,1620593056,16:44:16,20210509
101,1995-12-31,HFF.DE,USD,1995-12-31,1995-12-31,Q4,3274000000,0.0,0.0,0.0,0.0,0.0,0.0,0.0,0.0,0.0,0.0,20000000.0,0.0,0.0,0.0,0.0,0.0,0.0,0.0,37000000.0,176000000.0,0.05375687232742822,0.491208484510187,0.491208484510187,358300000,358300000,https://www.bundesanzeiger.de/pub/de/suche;wwwsid=627BFD7A56A5CB624C47FDDEAB2FC509.web07-pub?0,https://www.bundesanzeiger.de/pub/de/suche;wwwsid=627BFD7A56A5CB624C47FDDEAB2FC509.web07-pub?0,1620593056,16:44:16,20210509
102,1995-09-30,HFF.DE,USD,1995-09-30,1995-09-30,Q3,3027000000,0.0,0.0,0.0,0.0,0.0,0.0,0.0,0.0,0.0,0.0,27000000.0,0.0,0.0,0.0,0.0,0.0,0.0,0.0,62000000.0,158000000.0,0.05219689461513049,0.15,0.15,230000000,230000000,https://www.bundesanzeiger.de/pub/de/suche;wwwsid=627BFD7A56A5CB624C47FDDEAB2FC509.web07-pub?0,https://www.bundesanzeiger.de/pub/de/suche;wwwsid=627BFD7A56A5CB624C47FDDEAB2FC509.web07-pub?0,1620593056,16:44:16,20210509
103,1995-06-30,HFF.DE,USD,1995-06-30,1995-06-30,Q2,2875000000,0.0,0.0,0.0,0.0,0.0,0.0,0.0,0.0,0.0,0.0,20000000.0,0.0,0.0,0.0,0.0,0.0,0.0,0.0,27000000.0,90000000.0,0.03130434782608696,0.15,0.15,230000000,230000000,https://www.bundesanzeiger.de/pub/de/suche;wwwsid=627BFD7A56A5CB624C47FDDEAB2FC509.web07-pub?0,https://www.bundesanzeiger.de/pub/de/suche;wwwsid=627BFD7A56A5CB624C47FDDEAB2FC509.web07-pub?0,1620593056,16:44:16,20210509
104,1995-03-31,HFF.DE,USD,1995-03-31,1995-03-31,Q1,2974000000,0.0,0.0,0.0,0.0,0.0,0.0,0.0,0.0,0.0,0.0,18000000.0,0.0,0.0,0.0,0.0,0.0,0.0,0.0,54000000.0,138000000.0,0.04640215198386012,0.6,0.6,230000000,230000000,https://www.bundesanzeiger.de/pub/de/suche;wwwsid=627BFD7A56A5CB624C47FDDEAB2FC509.web07-pub?0,https://www.bundesanzeiger.de/pub/de/suche;wwwsid=627BFD7A56A5CB624C47FDDEAB2FC509.web07-pub?0,1620593056,16:44:16,20210509
