,date,symbol,reportedCurrency,fillingDate,acceptedDate,period,revenue,costOfRevenue,grossProfit,grossProfitRatio,researchAndDevelopmentExpenses,generalAndAdministrativeExpenses,sellingAndMarketingExpenses,otherExpenses,operatingExpenses,costAndExpenses,interestExpense,depreciationAndAmortization,ebitda,ebitdaratio,operatingIncome,operatingIncomeRatio,totalOtherIncomeExpensesNet,incomeBeforeTax,incomeBeforeTaxRatio,incomeTaxExpense,netIncome,netIncomeRatio,eps,epsdiluted,weightedAverageShsOut,weightedAverageShsOutDil,link,finalLink,timestamp,est_time,est_date
0,2021-01-31,MAYS,USD,2021-03-04,2021-03-04 11:43:02,Q2,5046867.0,3585546.0,1461321.0,0.2895501308039225,0.0,1343669.0,0.0,0.0,1789173.0,5374719.0,82159.0,445504.0,117652.0,0.023311888345779668,-327852.0,-0.06496148996991599,315837.0,-94107.0,-0.018646617792781144,-40000.0,-54107.0,-0.010720908635000685,-0.02,-0.02,2015780.0,2015780.0,https://www.sec.gov/Archives/edgar/data/54187/000120677421000603/0001206774-21-000603-index.htm,https://www.sec.gov/Archives/edgar/data/54187/000120677421000603/jwmays3862232-10q.htm,1620594788,17:13:08,20210509
1,2020-10-31,MAYS,USD,2020-12-10,2020-12-10 09:00:29,Q1,4834994.0,3582617.0,1252377.0,0.2590234858616164,0.0,1169523.0,0.0,2413.094,1613462.0,5196079.0,85611.0,443939.0,82854.0,0.01713631909367416,-361085.0,-0.0746815818178885,-125955.0,-572424.0,-0.11839187390925407,-157000.0,-415424.0,-0.08592027208306774,-0.21,-0.21,2015780.0,2015780.0,https://www.sec.gov/Archives/edgar/data/54187/000120677420003158/0001206774-20-003158-index.htm,https://www.sec.gov/Archives/edgar/data/54187/000120677420003158/jwmays37069614-10q.htm,1620594788,17:13:08,20210509
2,2020-07-31,MAYS,USD,2020-10-08,2020-10-08 10:05:41,Q4,4328297.0,3818268.0,510029.0,0.11783595256979823,0.0,787481.0,0.0,0.0,1255764.0,5074032.0,95243.0,468283.0,-277452.0,-0.06410188579942643,-745735.0,-0.17229293645976698,285607.0,-549245.0,-0.1268963289718797,-157000.0,-392245.0,-0.0906234022295605,-0.19458720693726497,-0.19458720693726497,2015780.0,2015780.0,https://www.sec.gov/Archives/edgar/data/54187/000120677420002857/0001206774-20-002857-index.htm,https://www.sec.gov/Archives/edgar/data/54187/000120677420002857/jwmays3706969-10k.htm,1620594788,17:13:08,20210509
3,2020-04-30,MAYS,USD,2020-06-04,2020-06-04 09:01:13,Q3,5128574.0,3443130.0,1685444.0,0.3286379410728986,0.0,1771233.0,0.0,0.0,2181843.0,5624973.0,52777.0,410610.0,-85789.0,-0.016727651780007464,-496399.0,-0.0967908428346749,-262117.0,-810023.0,-0.1579431241510798,-225000.0,-585023.0,-0.11407127985284019,-0.29,-0.29,2015780.0,2015780.0,https://www.sec.gov/Archives/edgar/data/54187/000120677420001750/0001206774-20-001750-index.htm,https://www.sec.gov/Archives/edgar/data/54187/000120677420001750/jwmays3706966-10q.htm,1620594788,17:13:08,20210509
4,2020-01-31,MAYS,USD,2020-03-05,2020-03-05 08:59:50,Q2,5039060.0,3514631.0,1524429.0,0.30252249427472583,0.0,1311011.0,0.0,0.0,1705988.0,5220619.0,27052.0,394977.0,213418.0,0.04235274039205725,-181559.0,-0.03603033105380765,104330.0,-104281.0,-0.02069453429806353,-47000.0,-57281.0,-0.011367397887701278,-0.02,-0.02,2015780.0,2015780.0,https://www.sec.gov/Archives/edgar/data/54187/000120677420000701/0001206774-20-000701-index.htm,https://www.sec.gov/Archives/edgar/data/54187/000120677420000701/jwmays3706963-10q.htm,1620594788,17:13:08,20210509
5,2019-10-31,MAYS,USD,2019-12-05,2019-12-05 09:00:53,Q1,5035915.0,3248594.0,1787321.0,0.3549148466564666,0.0,1215635.0,0.0,0.0,1603045.0,4851639.0,27449.0,387410.0,571686.0,0.11352177310379544,184276.0,0.03659235709895818,35439.0,202544.0,0.04021990045503151,74000.0,128544.0,0.02552545068771018,0.06,0.06,2015780.0,2015780.0,https://www.sec.gov/Archives/edgar/data/54187/000120677419003801/0001206774-19-003801-index.htm,https://www.sec.gov/Archives/edgar/data/54187/000120677419003357/jwmays3522916-10k.htm,1620594788,17:13:08,20210509
6,2019-07-31,MAYS,USD,2019-10-03,2019-10-03 08:05:29,Q4,5242241.0,2639673.0,2602568.0,0.49646096011228785,0.0,1283932.0,0.0,0.0,1830881.0,4470554.0,79539.0,546949.0,1318636.0,0.2515405148294403,771687.0,0.14720555579188366,145500.0,852100.0,0.16254498791642735,208000.0,644100.0,0.12286730045413784,0.3195289168460844,0.3195289168460844,2015780.0,2015780.0,https://www.sec.gov/Archives/edgar/data/54187/000120677419003357/0001206774-19-003357-index.htm,https://www.sec.gov/Archives/edgar/data/54187/000120677419003357/jwmays3522916-10k.htm,1620594788,17:13:08,20210509
7,2019-04-30,MAYS,USD,2019-06-06,2019-06-06 08:00:45,Q3,5099988.0,2844624.0,2255364.0,0.4422292758335902,0.0,1135750.0,0.0,0.0,1610511.0,4455135.0,31721.0,474761.0,1119614.0,0.21953267341021196,644853.0,0.12644206221661697,297778.0,925935.0,0.18155630954425775,270000.0,655935.0,0.12861500850590238,0.32,0.32,2015780.0,2015780.0,https://www.sec.gov/Archives/edgar/data/54187/000120677419001830/0001206774-19-001830-index.htm,https://www.sec.gov/Archives/edgar/data/54187/000120677419001830/jwmays3522914-10q.htm,1620594788,17:13:08,20210509
8,2019-01-31,MAYS,USD,2019-03-07,2019-03-07 09:00:38,Q2,5139367.0,2934604.0,2204763.0,0.42899504939032373,0.0,1305871.0,0.0,0.0,1778858.0,4713462.0,49463.0,472987.0,898892.0,0.174903251703955,425905.0,0.0828711006627859,12638.0,402960.0,0.07840654306259895,109000.0,293960.0,0.057197705476180236,0.15,0.15,2015780.0,2015780.0,https://www.sec.gov/Archives/edgar/data/54187/000120677419000731/0001206774-19-000731-index.htm,https://www.sec.gov/Archives/edgar/data/54187/000120677419000731/jwm3522911-10q.htm,1620594788,17:13:08,20210509
9,2018-10-31,MAYS,USD,2018-12-06,2018-12-06 08:00:18,Q1,4996584.0,2812056.0,2184528.0,0.43720429797637744,0.0,1742936.0,0.0,0.0,2209233.0,5021289.0,39865.0,466297.0,441592.0,0.0883787803827575,-24705.0,-0.00494437799904895,-25185.0,-76194.0,-0.015249218265919276,3000.0,-79194.0,-0.015849628466168084,-0.04,-0.04,2015780.0,2015780.0,https://www.sec.gov/Archives/edgar/data/54187/000120677418003355/0001206774-18-003355-index.htm,https://www.sec.gov/Archives/edgar/data/54187/000120677418002890/jwmays3363316-10k.htm,1620594788,17:13:08,20210509
10,2018-07-31,MAYS,USD,2018-10-04,2018-10-04 08:00:27,Q4,4869211.0,2582591.0,2286620.0,0.46960790978250894,0.0,1164990.0,0.0,0.0,1629294.0,4211885.0,41513.0,464304.0,1121630.0,0.23035148815691084,657326.0,0.13499640906914898,7906.0,636645.0,0.13074910904456594,830000.0,-193355.0,-0.03970971888464065,-0.09592068578912381,-0.09592068578912381,2015780.0,2015780.0,https://www.sec.gov/Archives/edgar/data/54187/000120677418002890/0001206774-18-002890-index.htm,https://www.sec.gov/Archives/edgar/data/54187/000120677418002890/jwmays3363316-10k.htm,1620594788,17:13:08,20210509
11,2018-04-30,MAYS,USD,2018-06-07,2018-06-07 08:01:37,Q3,4854910.0,2918858.0,1936052.0,0.39878226372888476,0.0,1062316.0,0.0,0.0,1506013.0,4424871.0,44776.0,443697.0,873736.0,0.1799695565932221,430039.0,0.08857816107816623,10172.0,401172.0,0.08263222181255678,83000.0,318172.0,0.06553612734324632,0.16,0.16,2015780.0,2015780.0,https://www.sec.gov/Archives/edgar/data/54187/000120677418001819/0001206774-18-001819-index.htm,https://www.sec.gov/Archives/edgar/data/54187/000120677418001819/jwm3363314-10q.htm,1620594788,17:13:08,20210509
12,2018-01-31,MAYS,USD,2018-03-08,2018-03-08 08:00:31,Q2,4791735.0,3035072.0,1756663.0,0.366602702361462,0.0,1240872.0,0.0,0.0,1676420.0,4711492.0,54207.0,435548.0,515791.0,0.10764180406470725,80243.0,0.016746126403066948,57868.0,86929.0,0.01814144563503616,-2367000.0,2453929.0,0.5121170098095993,1.21,1.21,2015780.0,2015780.0,https://www.sec.gov/Archives/edgar/data/54187/000120677418000727/0001206774-18-000727-index.htm,https://www.sec.gov/Archives/edgar/data/54187/000120677418000727/jwmays3363311-10q.htm,1620594788,17:13:08,20210509
13,2017-10-31,MAYS,USD,2017-12-07,2017-12-07 09:01:26,Q1,4785026.0,2537875.0,2247151.0,0.46962148168055934,0.0,1129966.0,0.0,0.0,1562107.0,4099982.0,92978.0,432141.0,1117185.0,0.2334752204063259,685044.0,0.1431641123789087,9603.0,605395.0,0.1265186437858436,210000.0,395395.0,0.0826317349163829,0.2,0.2,2015780.0,2015780.0,https://www.sec.gov/Archives/edgar/data/54187/000120677417003345/0001206774-17-003345-index.htm,https://www.sec.gov/Archives/edgar/data/54187/000120677417002894/jwmays3192169-10k.htm,1620594788,17:13:08,20210509
14,2017-07-31,MAYS,USD,2017-10-05,2017-10-05 08:02:39,Q4,4989145.0,2477006.0,2512139.0,0.5035209439693574,0.0,1235052.0,0.0,0.0,1664651.0,4141657.0,52927.0,429599.0,1277087.0,0.255973117638393,847488.0,0.16986637991078632,10268.0,808718.0,0.16209550935080058,275000.0,533718.0,0.10697584455853658,0.2647699649763367,0.2647699649763367,2015780.0,2015780.0,https://www.sec.gov/Archives/edgar/data/54187/000120677417002894/0001206774-17-002894-index.htm,https://www.sec.gov/Archives/edgar/data/54187/000120677417002894/jwmays3192169-10k.htm,1620594788,17:13:08,20210509
15,2017-04-30,MAYS,USD,2017-06-08,2017-06-08 08:00:28,Q3,4952454.0,2512506.0,2439948.0,0.49267454074283173,0.0,1092032.0,0.0,0.0,1515823.0,4028329.0,50797.0,423791.0,1347916.0,0.27217133162670465,924125.0,0.18659941112022443,38965.0,915234.0,0.18480413952355743,309000.0,606234.0,0.12241082905565605,0.3,0.3,2015780.0,2015780.0,https://www.sec.gov/Archives/edgar/data/54187/000120677417001790/0001206774-17-001790-index.htm,https://www.sec.gov/Archives/edgar/data/54187/000120677417001790/jwmays3192164-10q.htm,1620594788,17:13:08,20210509
16,2017-01-31,MAYS,USD,2017-03-09,2017-03-09 08:00:12,Q2,4824881.0,2695314.0,2129567.0,0.4413719219189033,0.0,1204117.0,0.0,0.0,1620790.0,4316104.0,54618.0,416673.0,925450.0,0.19180783940578017,508777.0,0.10544861106418997,32361.0,489562.0,0.10146612942371014,166000.0,323562.0,0.06706113580832357,0.16,0.16,2015780.0,2015780.0,https://www.sec.gov/Archives/edgar/data/54187/000120677417000752/0001206774-17-000752-index.htm,https://www.sec.gov/Archives/edgar/data/54187/000120677417000752/jwmays3192161-10q.htm,1620594788,17:13:08,20210509
17,2016-10-31,MAYS,USD,2016-12-08,2016-12-08 09:00:43,Q1,4782907.0,2527935.0,2254972.0,0.47146473891296653,0.0,1090603.0,0.0,0.0,1503230.0,4031165.0,61878.0,412627.0,1164369.0,0.243443788474248,751742.0,0.15717261489717446,-143.0,693025.0,0.1448961897022041,231000.0,462025.0,0.09659920211703886,0.23,0.23,2015780.0,2015780.0,https://www.sec.gov/Archives/edgar/data/54187/000120677416007716/0001206774-16-007716-index.htm,https://www.sec.gov/Archives/edgar/data/54187/000120677416007318/jwmays2989678-10k.htm,1620594788,17:13:08,20210509
18,2016-07-31,MAYS,USD,2016-10-06,2016-10-06 08:02:38,Q4,4731048.0,2592283.0,2138765.0,0.4520700276133322,0.0,998685.0,0.0,0.0,1411309.0,4003592.0,64342.0,412624.0,1140080.0,0.2409783202368693,727456.0,0.15376212627730684,6182.0,672268.0,0.14209705756525826,230000.0,442268.0,0.09348203611546532,0.21940291103195786,0.21940291103195786,2015780.0,2015780.0,https://www.sec.gov/Archives/edgar/data/54187/000120677416007318/0001206774-16-007318-index.htm,https://www.sec.gov/Archives/edgar/data/54187/000120677416007318/jwmays2989678-10k.htm,1620594788,17:13:08,20210509
19,2016-04-30,MAYS,USD,2016-06-02,2016-06-02 08:01:44,Q3,4675138.0,2508975.0,2166163.0,0.4633366972269054,0.0,1037323.0,0.0,0.0,1446209.0,3955184.0,34716.0,408886.0,1128840.0,0.24145597413381167,719954.0,0.15399630984154905,6368.0,695391.0,0.14874234728472185,244000.0,451391.0,0.09655137452627068,0.22,0.22,2015780.0,2015780.0,https://www.sec.gov/Archives/edgar/data/54187/000120677416006121/0001206774-16-006121-index.htm,https://www.sec.gov/Archives/edgar/data/54187/000120677416006121/jw_10q.htm,1620594788,17:13:08,20210509
20,2016-01-31,MAYS,USD,2016-03-03,2016-03-03 08:01:22,Q2,4607607.0,2571056.0,2036551.0,0.4419975488360878,0.0,1264471.0,0.0,0.0,1671871.0,4242927.0,58874.0,407400.0,772080.0,0.16756637447594813,364680.0,0.07914737519931712,-836.0,305726.0,0.06635244715966444,83000.0,222726.0,0.048338758058141675,0.11,0.11,2015780.0,2015780.0,https://www.sec.gov/Archives/edgar/data/54187/000120677416004775/0001206774-16-004775-index.htm,https://www.sec.gov/Archives/edgar/data/54187/000120677416004775/jw_10q.htm,1620594788,17:13:08,20210509
21,2015-10-31,MAYS,USD,2015-12-03,2015-12-03 08:00:39,Q1,4569061.0,2408599.0,2160462.0,0.4728459523740217,0.0,1055982.0,0.0,0.0,1462732.0,3871331.0,64577.0,406750.0,1104480.0,0.2417301935780678,697730.0,0.15270752568197274,6313.0,640375.0,0.14015461820273356,239000.0,401375.0,0.08784627738609749,0.2,0.2,2015780.0,2015780.0,https://www.sec.gov/Archives/edgar/data/54187/000120677415003690/0001206774-15-003690-index.htm,https://www.sec.gov/Archives/edgar/data/54187/000120677415003188/jwmays_10k.htm,1620594788,17:13:08,20210509
22,2015-07-31,MAYS,USD,2015-10-08,2015-10-08 08:04:09,Q4,4823780.0,2274634.0,2549146.0,0.528454033973357,0.0,1301167.0,0.0,0.0,1709554.0,3984188.0,49606.0,408387.0,1247979.0,0.2587139131552434,839592.0,0.17405271384681723,4199.0,795135.0,0.16483649751854354,-224000.0,1019135.0,0.21127310947016656,0.5055784857474526,0.5055784857474526,2015780.0,2015780.0,https://www.sec.gov/Archives/edgar/data/54187/000120677415003188/0001206774-15-003188-index.htm,https://www.sec.gov/Archives/edgar/data/54187/000120677415003188/jwmays_10k.htm,1620594788,17:13:08,20210509
23,2015-04-30,MAYS,USD,2015-06-04,2015-06-04 08:01:06,Q3,4739448.0,2588714.0,2150734.0,0.4537941971301299,0.0,918865.0,0.0,0.0,1321125.0,3909839.0,64524.0,402260.0,1231869.0,0.25991824364356353,829609.0,0.17504338057934174,-14983.0,750962.0,0.15844925400595175,329000.0,421962.0,0.0890318872577566,0.21,0.21,2015780.0,2015780.0,https://www.sec.gov/Archives/edgar/data/54187/000120677415001884/0001206774-15-001884-index.htm,https://www.sec.gov/Archives/edgar/data/54187/000120677415001884/jwmays_10q.htm,1620594788,17:13:08,20210509
24,2015-01-31,MAYS,USD,2015-03-05,2015-03-05 08:00:40,Q2,4703900.0,2470736.0,2233164.0,0.4747473373158443,0.0,1139437.0,0.0,0.0,1583259.0,4053995.0,92345.0,443822.0,1093727.0,0.23251493441612278,649905.0,0.13816301366950828,25691.0,583913.0,0.12413380386487809,255000.0,328913.0,0.06992346776079424,0.16,0.16,2015780.0,2015780.0,https://www.sec.gov/Archives/edgar/data/54187/000120677415000769/0001206774-15-000769-index.htm,https://www.sec.gov/Archives/edgar/data/54187/000120677415000769/jwmays_10q.htm,1620594788,17:13:08,20210509
25,2014-10-31,MAYS,USD,2014-12-04,2014-12-04 08:01:19,Q1,4642649.0,2324198.0,2318451.0,0.4993810645603404,0.0,983293.0,0.0,0.0,1424278.0,3748476.0,108692.0,440985.0,1335158.0,0.28758538498172054,894173.0,0.1925997420868991,5566.0,791672.0,0.1705216138458884,353000.0,438672.0,0.09448743594443604,0.22,0.22,2015780.0,2015780.0,https://www.sec.gov/Archives/edgar/data/54187/000120677414003445/0001206774-14-003445-index.htm,https://www.sec.gov/Archives/edgar/data/54187/000120677414002956/jwmays_10k.htm,1620594788,17:13:08,20210509
26,2014-07-31,MAYS,USD,2014-10-02,2014-10-02 08:48:15,Q4,4454948.0,2540105.0,1914843.0,0.4298238722427288,0.0,1135751.0,0.0,0.0,1586773.0,4126878.0,104267.0,451022.0,779092.0,0.17488240042308015,328070.0,0.07364171254075244,4499.0,229034.0,0.05141115002913614,87000.0,142034.0,0.03188230255437325,0.07046106221909137,0.07046106221909137,2015780.0,2015780.0,https://www.sec.gov/Archives/edgar/data/54187/000120677414002956/0001206774-14-002956-index.htm,https://www.sec.gov/Archives/edgar/data/54187/000120677414002956/jwmays_10k.htm,1620594788,17:13:08,20210509
27,2014-04-30,MAYS,USD,2014-06-05,2014-06-05 11:57:55,Q3,4268129.0,2435241.0,1832888.0,0.4294359425406308,0.0,1013284.0,0.0,0.0,1441205.0,3876446.0,107059.0,427921.0,819604.0,0.192028872604366,391683.0,0.09176925064823487,6162.0,291315.0,0.06825356028367464,73000.0,218315.0,0.05115004724552608,0.11,0.11,2015780.0,2015780.0,https://www.sec.gov/Archives/edgar/data/54187/000120677414001875/0001206774-14-001875-index.htm,https://www.sec.gov/Archives/edgar/data/54187/000120677414001875/jwmays_10q.htm,1620594788,17:13:08,20210509
28,2014-01-31,MAYS,USD,2014-03-06,2014-03-06 08:01:22,Q2,4139589.0,2501560.0,1638029.0,0.39569846185213076,0.0,1188548.0,0.0,0.0,1612900.0,4114460.0,113144.0,424352.0,449481.0,0.10858106928006621,25129.0,0.0060704094053781665,30622.0,-57050.0,-0.013781561406216898,0.0,-57050.0,-0.013781561406216898,-0.03,-0.03,2015780.0,2015780.0,https://www.sec.gov/Archives/edgar/data/54187/000120677414000771/0001206774-14-000771-index.htm,https://www.sec.gov/Archives/edgar/data/54187/000120677414000771/jwmays_10q.htm,1620594788,17:13:08,20210509
29,2013-10-31,MAYS,USD,2013-12-05,2013-12-05 08:00:51,Q1,4218764.0,2151725.0,2067039.0,0.48996317404813355,0.0,918048.0,0.0,0.0,1336603.0,3488328.0,98545.0,418555.0,1148991.0,0.2723525184153463,730436.0,0.17313981061751735,184180.0,817024.0,0.19366430546956406,381000.0,436024.0,0.10335349405655306,0.22,0.22,2015780.0,2015780.0,https://www.sec.gov/Archives/edgar/data/54187/000120677413004309/0001206774-13-004309-index.htm,https://www.sec.gov/Archives/edgar/data/54187/000120677413003463/jwmays_10k.htm,1620594788,17:13:08,20210509
30,2013-07-31,MAYS,USD,2013-10-03,2013-10-03 08:00:39,Q4,3887376.0,2213739.0,1673637.0,0.4305312889723042,0.0,910460.0,0.0,0.0,1338800.0,3552539.0,103044.0,428340.0,763177.0,0.19632188910977483,334837.0,0.08613445161980729,6309.0,236828.0,0.060922329098085704,136000.0,100828.0,0.025937290347010426,0.05001934734941313,0.05001934734941313,2015780.0,2015780.0,https://www.sec.gov/Archives/edgar/data/54187/000120677413003463/0001206774-13-003463-index.htm,https://www.sec.gov/Archives/edgar/data/54187/000120677413003463/jwmays_10k.htm,1620594788,17:13:08,20210509
31,2013-04-30,MAYS,USD,2013-06-06,2013-06-06 08:01:00,Q3,3704426.0,2154463.0,1549963.0,0.4184084119914934,0.0,876370.0,0.0,0.0,1280849.0,3435312.0,99171.0,404479.0,673593.0,0.18183464860682869,269114.0,0.07264661245763851,7757.0,182037.0,0.049140406637897475,109000.0,73037.0,0.019716144957410406,0.04,0.04,2015780.0,2015780.0,https://www.sec.gov/Archives/edgar/data/54187/000120677413002067/0001206774-13-002067-index.htm,https://www.sec.gov/Archives/edgar/data/54187/000120677413002067/jwmays_10q.htm,1620594788,17:13:08,20210509
32,2013-01-31,MAYS,USD,2013-03-07,2013-03-07 07:30:47,Q2,4105489.0,2452371.0,1653118.0,0.4026604382571723,0.0,953205.0,0.0,0.0,1355690.0,3808061.0,110248.0,402485.0,699913.0,0.17048224949573607,297428.0,0.07244642477424736,-271513.0,-81968.0,-0.019965465745980564,-71000.0,-10968.0,-0.002671545338448112,-0.01,-0.01,2015780.0,2015780.0,https://www.sec.gov/Archives/edgar/data/54187/000120677413000958/0001206774-13-000958-index.htm,https://www.sec.gov/Archives/edgar/data/54187/000120677413000958/jwmays_10q.htm,1620594788,17:13:08,20210509
33,2012-10-31,MAYS,USD,2012-12-06,2012-12-06 08:01:29,Q1,4194532.0,2000894.0,2193638.0,0.5229756263630841,0.0,844069.0,0.0,0.0,1245326.0,3246220.0,113862.0,401257.0,1349569.0,0.32174483351181965,948312.0,0.22608290984548454,10324.0,844774.0,0.20139886881301655,344000.0,500774.0,0.11938733570276731,0.25,0.25,2015780.0,2015780.0,https://www.sec.gov/Archives/edgar/data/54187/000120677412004752/0001206774-12-004752-index.htm,https://www.sec.gov/Archives/edgar/data/54187/000120677412004172/jwmays_10-k.htm,1620594788,17:13:08,20210509
34,2012-07-31,MAYS,USD,2012-10-04,2012-10-04 10:37:21,Q4,4252628.0,2001993.0,2250635.0,0.529233923117658,0.0,825907.0,0.0,0.0,1224859.0,3226852.0,112512.0,398952.0,1424728.0,0.33502295521733855,1025776.0,0.24120990596873274,9008.0,922272.0,0.21687107360436889,478000.0,444272.0,0.10446998891038671,0.22039706714026333,0.22039706714026333,2015780.0,2015780.0,https://www.sec.gov/Archives/edgar/data/54187/000120677412004172/0001206774-12-004172-index.htm,https://www.sec.gov/Archives/edgar/data/54187/000120677412004172/jwmays_10-k.htm,1620594788,17:13:08,20210509
35,2012-04-30,MAYS,USD,2012-06-07,2012-06-07,Q3,4181446.0,1918185.0,2263261.0,0.5412627593421032,0.0,902911.0,0.0,0.0,1298738.0,3216923.0,120323.0,395827.0,1360350.0,0.3253300413302001,964523.0,0.230667333740529,4959.0,849159.0,0.20307783479686214,709000.0,140159.0,0.03351926582335393,0.07,0.07,2015780.0,2015780.0,https://www.sec.gov/Archives/edgar/data/54187/000005418712000005/0000054187-12-000005-index.htm,https://www.sec.gov/Archives/edgar/data/54187/000005418712000005/c69841_10-q.htm,1620594788,17:13:08,20210509
36,2012-01-31,MAYS,USD,2012-03-08,2012-03-08 07:57:14,Q2,4109237.0,2109775.0,1999462.0,0.4865774351783555,0.0,945545.0,0.0,0.0,1338882.0,3448657.0,138240.0,393337.0,1053917.0,0.2564751071792647,660580.0,0.16075490413427115,15405.0,537745.0,0.13086249345073064,224000.0,313745.0,0.07635115716129295,0.16,0.16,2015780.0,2015780.0,https://www.sec.gov/Archives/edgar/data/54187/000005418712000002/0000054187-12-000002-index.htm,https://www.sec.gov/Archives/edgar/data/54187/000005418712000002/c68746_10q.htm,1620594788,17:13:08,20210509
37,2011-10-31,MAYS,USD,2011-12-08,2011-12-08 09:57:04,Q1,3982537.0,2014265.0,1968272.0,0.4942256657000299,0.0,940421.0,0.0,0.0,1327218.0,3341483.0,151689.0,386797.0,1027851.0,0.2580895042531934,641054.0,0.16096623835509877,2812.0,492177.0,0.12358378591335122,120000.0,372177.0,0.09345223911290718,0.18,0.18,2015780.0,2015780.0,https://www.sec.gov/Archives/edgar/data/54187/000005418711000016/0000054187-11-000016-index.htm,https://www.sec.gov/Archives/edgar/data/54187/000093041311006585/c66815_10k.htm,1620594788,17:13:08,20210509
38,2011-07-31,MAYS,USD,2011-10-06,2011-10-06 10:02:49,Q4,3739139.0,1859837.0,1879302.0,0.5026028719445841,0.0,886823.0,0.0,0.0,1274838.0,3134675.0,146588.0,388015.0,992479.0,0.2654298222130817,604464.0,0.16165860643319224,0.0,487167.0,0.13028855038552994,112000.0,335159.0,0.0896353411841603,0.16626764825526597,0.16626764825526597,2015780.0,2015780.0,https://www.sec.gov/Archives/edgar/data/54187/000093041311006585/0000930413-11-006585-index.htm,https://www.sec.gov/Archives/edgar/data/54187/000093041310005011/c62725_10k.htm,1620594788,17:13:08,20210509
39,2011-04-30,MAYS,USD,2011-06-09 00:00:00,2011-06-09 08:16:56,Q3,3794152.0,2045169.0,1748983.0,0.4609680898393106,0.0,788934.0,0.0,0.0,1176429.0,3221598.0,159360.0,387495.0,960049.0,0.2530338795071995,572554.0,0.15090433909869716,0.0,433627.0,0.1142882520257491,220000.0,203216.0,0.0535603212522851,0.11,0.11,2015780.0,2015780.0,https://www.sec.gov/Archives/edgar/data/54187/000005418711000007/0000054187-11-000007-index.html,https://www.sec.gov/Archives/edgar/data/54187/000005418711000007/sub10q.txt,1620594788,17:13:08,20210509
40,2011-01-31,MAYS,USD,2011-01-31,2011-01-31,Q2,3706931.0,2068244.0,1638687.0,0.44206029192342666,0.0,1024686.0,0.0,0.0,1414769.0,3483013.0,169026.0,390083.0,614001.0,0.1656359398111268,223918.0,0.06040522469935372,15557.0,85386.0,0.023034148733817813,91000.0,-182974.0,-0.04935996920363503,-0.09,-0.09,2015780.0,2015780.0,,,1620594788,17:13:08,20210509
41,2010-10-31,MAYS,USD,2010-12-09 00:00:00,2010-12-09 08:55:24,Q1,3608290.0,1863977.0,1744313.0,0.48341818423685456,0.0,874173.0,0.0,0.0,1265368.0,3129345.0,177856.0,391195.0,870140.0,0.24115024014145203,478945.0,0.13273461944577625,0.0,323955.0,0.08978075487280679,149000.0,174955.0,0.04848695642534275,0.09,0.09,2015780.0,2015780.0,https://www.sec.gov/Archives/edgar/data/54187/000005418710000020/0000054187-10-000020-index.html,https://www.sec.gov/Archives/edgar/data/54187/000005418710000020/sub10q.txt,1620594788,17:13:08,20210509
42,2010-07-31,MAYS,USD,2010-10-07,2010-10-07 11:27:45,Q4,3626046.0,1886374.0,1739672.0,0.4797710784694954,0.0,1029496.0,0.0,0.0,1446924.0,3333298.0,182695.0,417428.0,710176.0,0.19585410664950195,292748.0,0.08073477280762571,5301.0,94147.0,0.0259640942227429,-66000.0,-31323.0,-0.008638334979754808,-0.01553889809403804,-0.01553889809403804,2015780.0,2015780.0,https://www.sec.gov/Archives/edgar/data/54187/000093041310005011/0000930413-10-005011-index.htm,https://www.sec.gov/Archives/edgar/data/54187/000093041309005131/c58724_10k.htm,1620594788,17:13:08,20210509
43,2010-04-30,MAYS,USD,2010-06-10 00:00:00,2010-06-10 14:25:00,Q3,3763617.0,1834040.0,1929577.0,0.5126921788269104,0.0,998933.0,0.0,0.0,1394732.0,3228772.0,181606.0,414058.0,948903.0,0.2521252826735558,534845.0,0.14210930602130875,22744.0,384454.0,0.10215013908163344,323000.0,46428.0,0.012336005496839875,0.02,0.02,2015780.0,2015780.0,https://www.sec.gov/Archives/edgar/data/54187/000005418710000012/0000054187-10-000012-index.html,https://www.sec.gov/Archives/edgar/data/54187/000005418710000012/sub10q.txt,1620594788,17:13:08,20210509
44,2010-01-31,MAYS,USD,2010-03-11 00:00:00,2010-03-11 07:19:02,Q2,4172484.0,2494079.0,1678405.0,0.4022555868398776,0.0,927586.0,0.0,0.0,1342255.0,3836334.0,193792.0,414669.0,750819.0,0.1799453275315136,336150.0,0.08056352043530904,0.0,173649.0,0.04161765509466304,55000.0,118649.0,0.02843605871226828,0.06,0.06,2015780.0,2015780.0,https://www.sec.gov/Archives/edgar/data/54187/000005418710000003/0000054187-10-000003-index.html,https://www.sec.gov/Archives/edgar/data/54187/000005418710000003/sub10q.txt,1620594788,17:13:08,20210509
45,2009-10-31,MAYS,USD,2009-12-10 00:00:00,2009-12-10 08:58:17,Q1,4225634.0,2340099.0,1885535.0,0.44621351494237316,0.0,872018.0,0.0,0.0,1286547.0,3626646.0,165654.0,414529.0,1013517.0,0.23984968882775934,598988.0,0.14175103664917502,0.0,458454.0,0.10849354203416577,160000.0,298454.0,0.07062940141053389,0.15,0.15,2015780.0,2015780.0,https://www.sec.gov/Archives/edgar/data/54187/000005418709000017/0000054187-09-000017-index.html,https://www.sec.gov/Archives/edgar/data/54187/000005418709000017/sub10q.txt,1620594788,17:13:08,20210509
46,2009-07-31,MAYS,USD,2009-10-08,2009-10-08 10:33:30,Q4,4153024.0,2216173.0,1936851.0,0.4663712514062042,0.0,784457.0,0.0,0.0,1197031.0,3413204.0,196834.0,412574.0,1152394.0,0.27748310628592565,739820.0,0.17814007335377788,-83485.0,459501.0,0.11064251013237583,368000.0,91501.0,0.022032379297591345,0.045392354324380636,0.045392354324380636,2015780.0,2015780.0,https://www.sec.gov/Archives/edgar/data/54187/000093041309005131/0000930413-09-005131-index.htm,https://www.sec.gov/Archives/edgar/data/54187/000093041308005941/c54937_10k.htm,1620594788,17:13:08,20210509
47,2009-04-30,MAYS,USD,2009-06-11 00:00:00,2009-06-11 09:17:19,Q3,4071951.0,2338071.0,1733880.0,0.4258106249313904,0.0,802000.0,0.0,0.0,1204944.0,3543015.0,179525.0,402944.0,931880.0,0.22885344150752304,528936.0,0.12989743737093104,32240.0,381651.0,0.09372681547494063,38000.0,343651.0,0.08439467960198932,0.17,0.17,2015780.0,2015780.0,https://www.sec.gov/Archives/edgar/data/54187/000005418709000009/0000054187-09-000009-index.html,https://www.sec.gov/Archives/edgar/data/54187/000005418709000009/sub10q.txt,1620594788,17:13:08,20210509
48,2009-01-31,MAYS,USD,2009-03-12 00:00:00,2009-03-12 09:04:04,Q2,4496895.0,2427370.0,2069525.0,0.46021199071803987,0.0,1011808.0,0.0,0.0,1416214.0,3843584.0,180982.0,311051.0,964362.0,0.21445063760661523,653311.0,0.1452804657435853,32138.0,508596.0,0.11309937189994429,248000.0,260596.0,0.05795020786564952,0.13,0.13,2015780.0,2015780.0,https://www.sec.gov/Archives/edgar/data/54187/000005418709000005/0000054187-09-000005-index.html,https://www.sec.gov/Archives/edgar/data/54187/000005418709000005/sub10q.txt,1620594788,17:13:08,20210509
49,2008-10-31,MAYS,USD,2008-12-11 00:00:00,2008-12-11 10:20:00,Q1,3922846.0,2242687.0,1680159.0,0.428301034504031,0.0,872405.0,0.0,0.0,1277497.0,3520184.0,0.0,498447.0,901109.0,0.22970797222220807,402662.0,0.1026453753218964,-69226.0,134338.0,0.03424503536463068,74000.0,60338.0,0.015381179888274992,0.03,0.03,2015780.0,2015780.0,https://www.sec.gov/Archives/edgar/data/54187/000005418708000015/0000054187-08-000015-index.html,https://www.sec.gov/Archives/edgar/data/54187/000005418708000015/sub10q.txt,1620594788,17:13:08,20210509
50,2008-07-31,MAYS,USD,2008-10-09,2008-10-09 07:01:27,Q4,3944624.0,2087844.0,1856780.0,0.4707115304272346,0.0,781623.0,0.0,0.0,1197371.0,3285215.0,0.0,484457.0,1143866.0,0.2899809969213796,659409.0,0.16716650306848005,127100.0,486380.0,0.12330199278815927,348000.0,138380.0,0.03508065661011037,0.06864836440484577,0.06864836440484577,2015780.0,2015780.0,https://www.sec.gov/Archives/edgar/data/54187/000093041308005941/0000930413-08-005941-index.htm,https://www.sec.gov/Archives/edgar/data/54187/000093041307007857/c50133_10k.htm,1620594788,17:13:08,20210509
51,2008-04-30,MAYS,USD,2008-06-12 00:00:00,2008-06-12 09:12:03,Q3,3488774.0,2259838.0,1228936.0,0.35225440226280064,0.0,822555.0,0.0,0.0,1217479.0,3477317.0,0.0,496950.0,508407.0,0.14572655035837803,11457.0,0.0032839616438324754,47132.0,-129203.0,-0.03703392653121125,-196000.0,66797.0,0.019146267428042058,0.03,0.03,2015780.0,2015780.0,https://www.sec.gov/Archives/edgar/data/54187/000005418708000009/0000054187-08-000009-index.html,https://www.sec.gov/Archives/edgar/data/54187/000005418708000009/sub10q.txt,1620594788,17:13:08,20210509
52,2008-01-31,MAYS,USD,2008-01-31,2008-01-31,Q2,3613731.0,2393221.0,1220510.0,0.33774234994248326,0.0,1070534.0,0.0,0.0,1346429.0,3739650.0,0.0,510931.0,385012.0,0.10654141107902054,-125919.0,-0.03484459689999062,42677.0,-307680.0,-0.08514192118893188,-63000.0,-244680.0,-0.06770841548526993,-0.12,-0.12,2015780.0,2015780.0,,,1620594788,17:13:08,20210509
53,2007-10-31,MAYS,USD,2007-12-13 00:00:00,2007-12-13 10:23:22,Q1,3507877.0,2145580.0,1362297.0,0.3883536965520741,0.0,780356.0,0.0,0.0,1207067.0,3352647.0,0.0,491953.0,647183.0,0.18449421117103024,155230.0,0.04425183665219733,-15277.0,-20138.0,-0.0057407942182693406,16000.0,-36138.0,-0.010301957565786942,-0.02,-0.02,2015780.0,2015780.0,https://www.sec.gov/Archives/edgar/data/54187/000005418707000017/0000054187-07-000017-index.html,https://www.sec.gov/Archives/edgar/data/54187/000005418707000017/sub10q.txt,1620594788,17:13:08,20210509
54,2007-07-31,MAYS,USD,2007-10-11,2007-10-11 11:02:38,Q4,7975153.0,2175185.0,5799968.0,0.7272547623851229,0.0,1067394.0,0.0,0.0,1465362.0,3640547.0,0.0,629132.0,4963738.0,0.6224003476798502,4334606.0,0.5435138360354967,4345881.0,4125169.0,0.5172526470652037,1901000.0,2224169.0,0.27888731413679463,1.1033788409449443,1.1033788409449443,2015780.0,2015780.0,https://www.sec.gov/Archives/edgar/data/54187/000093041307007857/0000930413-07-007857-index.htm,https://www.sec.gov/Archives/edgar/data/54187/000093041307007857/c50133_10k.htm,1620594788,17:13:08,20210509
55,2007-04-30,MAYS,USD,2007-06-07 00:00:00,2007-06-07 10:27:43,Q3,3476288.0,2191194.0,1285094.0,0.3696742042086271,0.0,760432.0,0.0,0.0,1155814.0,3347008.0,0.0,468109.0,597389.0,0.17184680901007052,129280.0,0.0371890936539205,18422.0,-103570.0,-0.02979327374486809,-122000.0,18430.0,0.00530163208571902,0.01,0.01,2015780.0,2015780.0,https://www.sec.gov/Archives/edgar/data/54187/000005418707000007/0000054187-07-000007-index.html,https://www.sec.gov/Archives/edgar/data/54187/000005418707000007/sub10q.txt,1620594788,17:13:08,20210509
56,2007-01-31,MAYS,USD,2007-03-08 00:00:00,2007-03-08 09:12:54,Q2,3390563.0,2094811.0,1295752.0,0.3821642600358702,0.0,696128.0,0.0,0.0,1089999.0,3184810.0,256337.0,466447.0,672200.0,0.19825615981770578,205753.0,0.060684022093086015,15442.0,-31764.0,-0.009368355638871775,-23000.0,-8764.0,-0.0025848214588550635,-0.004347696673248073,-0.004347696673248073,2015780.0,2015780.0,https://www.sec.gov/Archives/edgar/data/54187/000005418707000003/0000054187-07-000003-index.html,https://www.sec.gov/Archives/edgar/data/54187/000005418707000003/sub10q.txt,1620594788,17:13:08,20210509
57,2006-10-31,MAYS,USD,2006-10-31,2006-10-31,Q1,3316698.0,2125891.0,1190807.0,0.359033894554162,0.0,731140.0,0.0,0.0,1126072.0,3251963.0,0.0,468166.0,532901.0,0.1606721504339557,64735.0,0.01951790606199298,17707.0,-168896.0,-0.05092293600442368,9000.0,-177896.0,-0.05363647820814557,-0.09,-0.09,2015780.0,2015780.0,,,1620594788,17:13:08,20210509
58,2006-07-31,MAYS,USD,2006-07-31,2006-07-31,Q4,3412445.0,1964726.0,1447719.0,0.4242468376779699,0.0,692764.0,0.0,0.0,1094166.0,3058892.0,0.0,614929.0,968482.0,0.28380882329239004,353553.0,0.10360694458079178,2000345.0,2110133.0,0.6183639589795586,841000.0,1269133.0,0.3719131004309227,0.6295989641726776,0.6295989641726776,2015780.0,2015780.0,,,1620594788,17:13:08,20210509
59,2006-04-30,MAYS,USD,2006-04-30,2006-04-30,Q3,3526029.0,2020651.0,1505378.0,0.426932960562718,0.0,829390.0,0.0,0.0,1210654.0,3231305.0,0.0,459882.0,754606.0,0.2140101513629071,294724.0,0.08358524561199014,38111.0,116137.0,0.03293705185067962,21000.0,95137.0,0.026981343602108774,0.05,0.05,2015780.0,2015780.0,,,1620594788,17:13:08,20210509
60,2006-01-31,MAYS,USD,2006-01-31,2006-01-31,Q2,3386784.0,2027850.0,1358934.0,0.40124613792907965,0.0,788914.0,0.0,0.0,1171467.0,3199317.0,0.0,476588.0,664055.0,0.1960724392225781,187467.0,0.05535251140905355,20671.0,-41197.0,-0.012164047072384894,17000.0,-58197.0,-0.017183558207432184,-0.03,-0.03,2015780.0,2015780.0,,,1620594788,17:13:08,20210509
61,2005-10-31,MAYS,USD,2005-10-31,2005-10-31,Q1,3340919.0,1842091.0,1498828.0,0.44862745849270813,0.0,700012.0,0.0,0.0,1079212.0,2921303.0,0.0,467711.0,887327.0,0.2655936884432098,419616.0,0.12559897441392623,20452.0,207309.0,0.062051489425514354,80000.0,127309.0,0.038105982216270436,0.06,0.06,2015780.0,2015780.0,,,1620594788,17:13:08,20210509
62,2005-07-31,MAYS,USD,2005-10-14,2005-10-14,Q4,3377502.0,1781146.0,1596356.0,0.47264398363050564,0.0,639957.0,0.0,0.0,1018482.0,2799628.0,0.0,463596.0,1041470.0,0.3083551097823184,577874.0,0.17109508743444118,19336.0,385088.0,0.1140156245651372,231000.0,154088.0,0.0456218826813426,0.07644088144539583,0.07644088144539583,2015780.0,2015780.0,https://www.sec.gov/Archives/edgar/data/54187/000095011705003954/0000950117-05-003954-index.htm,https://www.sec.gov/Archives/edgar/data/54187/000095011705003954/a40536.txt,1620594788,17:13:08,20210509
63,2005-04-30,MAYS,USD,2005-04-30,2005-04-30,Q3,3176617.0,1890989.0,1285628.0,0.404716086327058,0.0,680744.0,0.0,0.0,1054393.0,2945382.0,179061.0,449875.0,681110.0,0.21441363563816476,231235.0,0.07279284849259449,24046.0,72481.0,0.022817040896022402,29000.0,43481.0,0.013687832055296563,0.02,0.02,2015780.0,2015780.0,,,1620594788,17:13:08,20210509
64,2005-01-31,MAYS,USD,2005-01-31,2005-01-31,Q2,3171903.0,1868003.0,1303900.0,0.4110781445712558,0.0,748881.0,0.0,0.0,1137780.0,3005783.0,0.0,467846.0,633966.0,0.19986928982380608,166120.0,0.052372345560378106,18385.0,11923.0,0.003758942187071925,-24000.0,35923.0,0.011325377856762959,0.01,0.01,2015780.0,2015780.0,,,1620594788,17:13:08,20210509
65,2004-10-31,MAYS,USD,2004-10-31,2004-10-31,Q1,3156943.0,1781134.0,1375809.0,0.43580419412070476,0.0,694628.0,0.0,0.0,1018438.0,2799572.0,156867.0,394261.0,751632.0,0.23808855592261247,357371.0,0.11320160040900326,21372.0,221876.0,0.07028191513118862,107000.0,114876.0,0.036388366847294996,0.06,0.06,2015780.0,2015780.0,,,1620594788,17:13:08,20210509
66,2004-07-31,MAYS,USD,2004-10-14,2004-10-14,Q4,3764933.0,1930756.0,1834177.0,0.48717387533855183,0.0,758844.0,0.0,0.0,1089530.0,3020286.0,160226.0,660301.0,1404948.0,0.37316680004664093,744647.0,0.19778492738117784,22919.0,602987.0,0.1601587597973191,171000.0,431987.0,0.11473962484856969,0.21430265207512725,0.21430265207512725,2015780.0,2015780.0,https://www.sec.gov/Archives/edgar/data/54187/000095011704003591/0000950117-04-003591-index.htm,https://www.sec.gov/Archives/edgar/data/54187/000095011704003591/a38379.txt,1620594788,17:13:08,20210509
67,2004-04-30,MAYS,USD,2004-06-10,2004-06-10,Q3,3490161.0,1902440.0,1587721.0,0.45491339797791563,0.0,661976.0,0.0,0.0,1005137.0,2907577.0,0.0,409342.0,991926.0,0.28420637328765064,582584.0,0.16692181248945248,103742.0,559320.0,0.16025621740658955,285000.0,274320.0,0.07859809332578067,0.14,0.14,2015780.0,2015780.0,https://www.sec.gov/Archives/edgar/data/54187/000005418704000005/0000054187-04-000005-index.htm,https://www.sec.gov/Archives/edgar/data/54187/000005418704000005/sub10q.txt,1620594788,17:13:08,20210509
68,2004-01-31,MAYS,USD,2004-01-31,2004-01-31,Q2,3441183.0,2014490.0,1426693.0,0.4145937603434633,0.0,755417.0,0.0,0.0,1083578.0,3098068.0,0.0,390904.0,734019.0,0.213304261935503,343115.0,0.0997084432882529,64586.0,278371.0,0.08089398326098902,130000.0,148371.0,0.04311627716398692,0.07,0.07,2015780.0,2015780.0,,,1620594788,17:13:08,20210509
69,2003-10-31,MAYS,USD,2003-10-31,2003-10-31,Q1,3324294.0,1867807.0,1456487.0,0.4381342324114534,0.0,594869.0,0.0,0.0,910383.0,2778190.0,0.0,376033.0,922137.0,0.27739333524652154,546104.0,0.1642766855157817,55679.0,481788.0,0.14492941960007147,201000.0,280788.0,0.08446545341657506,0.14,0.14,2015780.0,2015780.0,,,1620594788,17:13:08,20210509
70,2003-07-31,MAYS,USD,2003-07-31,2003-07-31,Q4,3258119.0,1706265.0,1551854.0,0.47630365864475793,0.0,492351.0,0.0,0.0,969749.0,2676014.0,0.0,388965.0,971070.0,0.29804620396001497,582105.0,0.1786629033500618,4897.0,546402.0,0.1677047400662775,213000.0,333402.0,0.10232959569616702,0.1653960253599103,0.1653960253599103,2015780.0,2015780.0,,,1620594788,17:13:08,20210509
71,2003-04-30,MAYS,USD,2003-06-09,2003-06-09,Q3,3209984.0,1830098.0,1379886.0,0.42987317070739295,0.0,713102.0,0.0,0.0,1009890.0,2839988.0,0.0,544357.0,914353.0,0.28484659113565675,369996.0,0.11526412592710743,-47890.0,222021.0,0.06916576531222586,76000.0,146021.0,0.04548963483930138,0.07,0.07,2025022.0,2025022.0,https://www.sec.gov/Archives/edgar/data/54187/000005418703000005/0000054187-03-000005-index.htm,https://www.sec.gov/Archives/edgar/data/54187/000005418703000005/sub10q.txt,1620594788,17:13:08,20210509
72,2003-01-31,MAYS,USD,2003-03-13,2003-03-13,Q2,3476508.0,1738281.0,1738227.0,0.4999922335861157,0.0,864355.0,0.0,0.0,999378.0,2737659.0,0.0,359177.0,1098026.0,0.31584164339618953,738849.0,0.21252619007348753,213291.0,665532.0,0.1914369246381714,315000.0,350532.0,0.10082876265493995,0.17,0.17,2033280.0,2033280.0,https://www.sec.gov/Archives/edgar/data/54187/000005418703000002/0000054187-03-000002-index.htm,https://www.sec.gov/Archives/edgar/data/54187/000005418703000002/sub10q.txt,1620594788,17:13:08,20210509
73,2002-10-31,MAYS,USD,2002-10-31,2002-10-31,Q1,3245378.0,1640297.0,1605081.0,0.4945744378620919,0.0,696761.0,0.0,0.0,988671.0,2628968.0,0.0,354639.0,971049.0,0.29920983010299573,616410.0,0.18993473179395434,70231.0,545076.0,0.1679545495162659,228000.0,317076.0,0.09770079171054959,0.16,0.16,2033280.0,2033280.0,,,1620594788,17:13:08,20210509
74,2002-07-31,MAYS,USD,2002-10-21,2002-10-21,Q4,3433507.0,1531518.0,1901989.0,0.5539493584839058,0.0,1115136.0,0.0,0.0,1407010.0,2938528.0,0.0,356844.0,851823.0,0.24809123732673327,494979.0,0.14416134873177774,70821.0,427550.0,0.12452282753464607,243000.0,184550.0,0.05374970838853685,0.09076467579477494,0.09076467579477494,2033280.0,2033280.0,https://www.sec.gov/Archives/edgar/data/54187/000095011002000699/0000950110-02-000699-index.htm,https://www.sec.gov/Archives/edgar/data/54187/000095011002000699/e89904_10-k.txt,1620594788,17:13:08,20210509
75,2002-04-30,MAYS,USD,2002-06-06 00:00:00,2002-06-06 12:12:33,Q3,3286240.0,1494739.0,1791501.0,0.54515221042894,0.0,633114.0,0.0,0.0,921519.0,2416258.0,0.0,360608.0,1230590.0,0.3744674765081065,869982.0,0.26473477287112324,24807.0,720639.0,0.21928982667121086,384000.0,336639.0,0.1024389575928721,0.17,0.17,2033280.0,2033280.0,https://www.sec.gov/Archives/edgar/data/54187/000005418702000006/0000054187-02-000006-index.html,https://www.sec.gov/Archives/edgar/data/54187/000005418702000006/sub10q.txt,1620594788,17:13:08,20210509
76,2002-01-31,MAYS,USD,2002-03-07 00:00:00,2002-03-07 00:00:00,Q2,3178490.0,1524116.0,1654374.0,0.5204905473982929,0.0,732281.0,0.0,0.0,1013586.0,2537702.0,0.0,345406.0,986194.0,0.3102712294202593,640788.0,0.20160138933896285,59572.0,521429.0,0.16404928126248627,176000.0,345429.0,0.10867707622172793,0.17,0.17,2033280.0,2033280.0,https://www.sec.gov/Archives/edgar/data/54187/000005418702000004/0000054187-02-000004-index.html,https://www.sec.gov/Archives/edgar/data/54187/000005418702000004/sub10q.txt,1620594788,17:13:08,20210509
77,2001-10-31,MAYS,USD,2001-12-05 00:00:00,2001-12-05 00:00:00,Q1,3166187.0,1475091.0,1691096.0,0.5341112195836822,0.0,601924.0,0.0,0.0,882229.0,2357320.0,0.0,338702.0,1147569.0,0.36244511142266705,808867.0,0.25547038125038096,77338.0,703572.0,0.2222142911963191,316000.0,387572.0,0.12240969974294001,0.19,0.19,2033280.0,2033280.0,https://www.sec.gov/Archives/edgar/data/54187/000005418701500014/0000054187-01-500014-index.html,https://www.sec.gov/Archives/edgar/data/54187/000005418701500014/sub10q-1.txt,1620594788,17:13:08,20210509
78,2001-07-31,MAYS,USD,2001-10-18 00:00:00,2001-10-18 00:00:00,Q4,3291481.0,1419262.0,1872219.0,0.5688074760267491,0.0,612756.0,0.0,0.0,885874.0,2305136.0,0.0,344438.0,1330783.0,0.40431131153423033,986345.0,0.29966601660468345,78776.0,912185.0,0.2771351254951798,363000.0,549185.0,0.1668504238669462,0.27009806814604975,0.27009806814604975,2033280.0,2033280.0,https://www.sec.gov/Archives/edgar/data/54187/000095011001500501/0000950110-01-500501-index.html,https://www.sec.gov/Archives/edgar/data/54187/000095011001500501/e86326_10-k.txt,1620594788,17:13:08,20210509
79,2001-04-30,MAYS,USD,2001-06-12 00:00:00,2001-06-12 00:00:00,Q3,2855015.0,1501269.0,1353746.0,0.47416423381313233,0.0,566155.0,0.0,0.0,848932.0,2350201.0,0.0,334129.0,838943.0,0.2938488939637795,504814.0,0.17681658415104648,63075.0,434107.0,0.1520506897511922,140000.0,294107.0,0.10301416980296076,0.14,0.14,2063280.0,2063280.0,https://www.sec.gov/Archives/edgar/data/54187/000005418701500008/0000054187-01-500008-index.html,https://www.sec.gov/Archives/edgar/data/54187/000005418701500008/sub10q-2.txt,1620594788,17:13:08,20210509
80,2001-01-31,MAYS,USD,2001-03-09 00:00:00,2001-03-09 00:00:00,Q2,2811565.0,1503936.0,1307629.0,0.465089371933425,0.0,667491.0,0.0,0.0,984425.0,2488361.0,0.0,316934.0,640138.0,0.2276803132774807,323204.0,0.11495519399338092,61502.0,242827.0,0.08636720118510509,109000.0,133827.0,0.047598757275752114,0.07,0.07,2063280.0,2063280.0,https://www.sec.gov/Archives/edgar/data/54187/000005418701000002/0000054187-01-000002-index.html,https://www.sec.gov/Archives/edgar/data/54187/000005418701000002/0000054187-01-000002-0001.txt,1620594788,17:13:08,20210509
81,2000-10-31,MAYS,USD,2000-12-05 00:00:00,2000-12-05 00:00:00,Q1,2736892.0,1354572.0,1382320.0,0.505069253737451,0.0,545816.0,0.0,0.0,858510.0,2213082.0,0.0,312694.0,836504.0,0.3056401202531923,523810.0,0.19138862622273733,107820.0,487475.0,0.1781126182545749,174000.0,313475.0,0.11453685421273474,0.15,0.15,2086378.0,2086378.0,https://www.sec.gov/Archives/edgar/data/54187/000005418700000006/0000054187-00-000006-index.html,https://www.sec.gov/Archives/edgar/data/54187/000005418700000006/0000054187-00-000006-0001.txt,1620594788,17:13:08,20210509
82,2000-07-31,MAYS,USD,2000-10-20 00:00:00,2000-10-20 00:00:00,Q4,2716873.0,1287991.0,1428882.0,0.5259288895726816,0.0,536068.0,0.0,0.0,856546.0,2144537.0,0.0,320478.0,892814.0,0.3286182313269704,572336.0,0.21065982841303219,97392.0,521410.0,0.19191548519198356,241000.0,280410.0,0.10321056597051095,0.13440038190586748,0.13440038190586748,2086378.0,2086378.0,https://www.sec.gov/Archives/edgar/data/54187/000095011000001119/0000950110-00-001119-index.html,https://www.sec.gov/Archives/edgar/data/54187/000095011000001119/0000950110-00-001119-0001.txt,1620594788,17:13:08,20210509
83,2000-04-30,MAYS,USD,2000-06-12 00:00:00,2000-06-12 00:00:00,Q3,2715616.0,1387532.0,1328084.0,0.4890544171193571,0.0,541803.0,0.0,0.0,793744.0,2181276.0,0.0,403520.0,937860.0,0.345358106595336,534340.0,0.1967656693729894,65187.0,448671.0,0.16521886746874373,155000.0,293671.0,0.10814157819073095,0.1388040216965918,0.1370464758030984,2115724.0,2142857.0,https://www.sec.gov/Archives/edgar/data/54187/000005418700000004/0000054187-00-000004-index.html,https://www.sec.gov/Archives/edgar/data/54187/000005418700000004/0000054187-00-000004-0001.txt,1620594788,17:13:08,20210509
84,2000-01-31,MAYS,USD,2000-01-31,2000-01-31,Q2,2700000.0,1400000.0,1300000.0,0.48148148148148145,0.0,600000.0,0.0,0.0,800000.0,2200000.0,0.0,200000.0,700000.0,0.25925925925925924,500000.0,0.18518518518518517,100000.0,300000.0,0.1111111111111111,100000.0,200000.0,0.07407407407407407,0.09364260363895158,0.09333333955555596,2135780.0,2142857.0,,,1620594788,17:13:08,20210509
85,1999-10-31,MAYS,USD,1999-12-08 00:00:00,1999-12-08 00:00:00,Q1,2700000.0,1200000.0,1500000.0,0.5555555555555556,0.0,500000.0,0.0,0.0,800000.0,2000000.0,0.0,300000.0,1000000.0,0.37037037037037035,700000.0,0.25925925925925924,100000.0,500000.0,0.18518518518518517,200000.0,300000.0,0.1111111111111111,0.14,0.14,2142857.0,2142857.0,https://www.sec.gov/Archives/edgar/data/54187/000005418799000006/0000054187-99-000006-index.html,https://www.sec.gov/Archives/edgar/data/54187/0000054187-99-000006.txt,1620594788,17:13:08,20210509
86,1999-07-31,MAYS,USD,1999-10-22 00:00:00,1999-10-22 00:00:00,Q4,2700000.0,1200000.0,1500000.0,0.5555555555555556,0.0,600000.0,0.0,0.0,900000.0,2100000.0,0.0,300000.0,900000.0,0.3333333333333333,600000.0,0.2222222222222222,100000.0,600000.0,0.2222222222222222,200000.0,400000.0,0.14814814814814814,0.18666667911111193,0.18666667911111193,2142857.0,2142857.0,https://www.sec.gov/Archives/edgar/data/54187/000095011099001317/0000950110-99-001317-index.html,https://www.sec.gov/Archives/edgar/data/54187/0000950110-99-001317.txt,1620594788,17:13:08,20210509
87,1999-04-30,MAYS,USD,1999-06-08 00:00:00,1999-06-08 00:00:00,Q3,2700000.0,1300000.0,1400000.0,0.5185185185185185,0.0,500000.0,0.0,0.0,800000.0,2100000.0,0.0,300000.0,900000.0,0.3333333333333333,600000.0,0.2222222222222222,100000.0,500000.0,0.18518518518518517,200000.0,300000.0,0.1111111111111111,0.16,0.16,1875000.0,1875000.0,https://www.sec.gov/Archives/edgar/data/54187/000005418799000004/0000054187-99-000004-index.html,https://www.sec.gov/Archives/edgar/data/54187/0000054187-99-000004.txt,1620594788,17:13:08,20210509
88,1999-01-31,MAYS,USD,1999-01-31,1999-01-31,Q2,2600000.0,1400000.0,1200000.0,0.46153846153846156,0.0,500000.0,0.0,0.0,800000.0,2200000.0,0.0,300000.0,700000.0,0.2692307692307692,400000.0,0.15384615384615385,100000.0,300000.0,0.11538461538461539,100000.0,200000.0,0.07692307692307693,0.08,0.08,2500000.0,2500000.0,,,1620594788,17:13:08,20210509
89,1998-10-31,MAYS,USD,1998-12-08 00:00:00,1998-12-08 00:00:00,Q1,2700000.0,1200000.0,1500000.0,0.5555555555555556,0.0,500000.0,0.0,0.0,800000.0,2000000.0,0.0,300000.0,1000000.0,0.37037037037037035,700000.0,0.25925925925925924,100000.0,500000.0,0.18518518518518517,200000.0,300000.0,0.1111111111111111,0.15,0.15,2000000.0,2000000.0,https://www.sec.gov/Archives/edgar/data/54187/000005418798000006/0000054187-98-000006-index.html,https://www.sec.gov/Archives/edgar/data/54187/0000054187-98-000006.txt,1620594788,17:13:08,20210509
90,1998-07-31,MAYS,USD,1998-10-20 00:00:00,1998-10-20 00:00:00,Q4,2700000.0,1000000.0,1700000.0,0.6296296296296297,0.0,500000.0,0.0,0.0,700000.0,1700000.0,0.0,200000.0,1200000.0,0.4444444444444444,1000000.0,0.37037037037037035,100000.0,600000.0,0.2222222222222222,300000.0,300000.0,0.1111111111111111,0.15,0.15,2000000.0,2000000.0,https://www.sec.gov/Archives/edgar/data/54187/000095011098001201/0000950110-98-001201-index.html,https://www.sec.gov/Archives/edgar/data/54187/0000950110-98-001201.txt,1620594788,17:13:08,20210509
91,1998-04-30,MAYS,USD,1998-06-11 00:00:00,1998-06-11 00:00:00,Q3,3600000.0,1400000.0,2200000.0,0.6111111111111112,0.0,500000.0,0.0,0.0,800000.0,2200000.0,0.0,400000.0,1800000.0,0.5,1400000.0,0.3888888888888889,100000.0,1300000.0,0.3611111111111111,500000.0,800000.0,0.2222222222222222,0.4,0.4,2000000.0,2000000.0,https://www.sec.gov/Archives/edgar/data/54187/000005418798000004/0000054187-98-000004-index.html,https://www.sec.gov/Archives/edgar/data/54187/0000054187-98-000004.txt,1620594788,17:13:08,20210509
92,1998-01-31,MAYS,USD,1998-01-31,1998-01-31,Q2,2800000.0,1400000.0,1400000.0,0.5,0.0,500000.0,0.0,0.0,800000.0,2200000.0,0.0,300000.0,900000.0,0.32142857142857145,600000.0,0.21428571428571427,100000.0,500000.0,0.17857142857142858,200000.0,300000.0,0.10714285714285714,0.15,0.15,2000000.0,2000000.0,,,1620594788,17:13:08,20210509
93,1997-10-31,MAYS,USD,1997-12-09 00:00:00,1997-12-09 00:00:00,Q1,2800000.0,1500000.0,1300000.0,0.4642857142857143,0.0,500000.0,0.0,0.0,800000.0,2300000.0,0.0,300000.0,800000.0,0.2857142857142857,500000.0,0.17857142857142858,100000.0,500000.0,0.17857142857142858,200000.0,300000.0,0.10714285714285714,0.16,0.16,1875000.0,1875000.0,https://www.sec.gov/Archives/edgar/data/54187/000005418797000009/0000054187-97-000009-index.html,https://www.sec.gov/Archives/edgar/data/54187/0000054187-97-000009.txt,1620594788,17:13:08,20210509
94,1997-07-31,MAYS,USD,1997-10-20 00:00:00,1997-10-20 00:00:00,Q4,2800000.0,1400000.0,1400000.0,0.5,0.0,0.0,0.0,0.0,200000.0,1600000.0,0.0,200000.0,1400000.0,0.5,1200000.0,0.42857142857142855,100000.0,900000.0,0.32142857142857145,300000.0,600000.0,0.21428571428571427,0.32,0.32,1875000.0,1875000.0,https://www.sec.gov/Archives/edgar/data/54187/000095011097001436/0000950110-97-001436-index.html,https://www.sec.gov/Archives/edgar/data/54187/0000950110-97-001436.txt,1620594788,17:13:08,20210509
95,1997-04-30,MAYS,USD,1997-06-10 00:00:00,1997-06-10 00:00:00,Q3,2400000.0,1500000.0,900000.0,0.375,0.0,500000.0,0.0,0.0,800000.0,2300000.0,0.0,300000.0,400000.0,0.16666666666666666,100000.0,0.041666666666666664,100000.0,0.0,0.0,100000.0,0.0,0.0,0.01,0.01,2222222.0,2222222.0,https://www.sec.gov/Archives/edgar/data/54187/000005418797000006/0000054187-97-000006-index.html,https://www.sec.gov/Archives/edgar/data/54187/0000054187-97-000006.txt,1620594788,17:13:08,20210509
96,1997-01-31,MAYS,USD,1997-03-10 00:00:00,1997-03-10 00:00:00,Q2,2500000.0,1400000.0,1100000.0,0.44,0.0,500000.0,0.0,0.0,800000.0,2200000.0,0.0,300000.0,600000.0,0.24,300000.0,0.12,100000.0,0.0,0.0,0.0,100000.0,0.04,0.05,0.05,2000000.0,2000000.0,https://www.sec.gov/Archives/edgar/data/54187/000005418797000002/0000054187-97-000002-index.html,https://www.sec.gov/Archives/edgar/data/54187/0000054187-97-000002.txt,1620594788,17:13:08,20210509
97,1996-10-31,MAYS,USD,1996-12-12 00:00:00,1996-12-12 00:00:00,Q1,2400000.0,1300000.0,1100000.0,0.4583333333333333,0.0,500000.0,0.0,0.0,800000.0,2100000.0,0.0,300000.0,600000.0,0.25,300000.0,0.125,100000.0,200000.0,0.08333333333333333,100000.0,100000.0,0.041666666666666664,0.05,0.05,2000000.0,2000000.0,https://www.sec.gov/Archives/edgar/data/54187/000005418796000010/0000054187-96-000010-index.html,https://www.sec.gov/Archives/edgar/data/54187/0000054187-96-000010.txt,1620594788,17:13:08,20210509
98,1996-07-31,MAYS,USD,1996-10-24 00:00:00,1996-10-24 00:00:00,Q4,2400000.0,1300000.0,1100000.0,0.4583333333333333,0.0,400000.0,0.0,0.0,600000.0,1900000.0,0.0,200000.0,700000.0,0.2916666666666667,500000.0,0.20833333333333334,0.0,0.0,0.0,0.0,100000.0,0.041666666666666664,0.05,0.05,2000000.0,2000000.0,https://www.sec.gov/Archives/edgar/data/54187/000095011096001268/0000950110-96-001268-index.html,https://www.sec.gov/Archives/edgar/data/54187/0000950110-96-001268.txt,1620594788,17:13:08,20210509
99,1996-04-30,MAYS,USD,1996-06-11 00:00:00,1996-06-11 00:00:00,Q3,2400000.0,1400000.0,1000000.0,0.4166666666666667,0.0,500000.0,0.0,0.0,800000.0,2200000.0,0.0,300000.0,500000.0,0.20833333333333334,200000.0,0.08333333333333333,100000.0,0.0,0.0,0.0,0.0,0.0,0.0,0.0,1818182.0,1818182.0,https://www.sec.gov/Archives/edgar/data/54187/000005418796000008/0000054187-96-000008-index.html,https://www.sec.gov/Archives/edgar/data/54187/0000054187-96-000008.txt,1620594788,17:13:08,20210509
100,1996-01-31,MAYS,USD,1996-03-12 00:00:00,1996-03-12 00:00:00,Q2,2500000.0,1500000.0,1000000.0,0.4,0.0,900000.0,0.0,0.0,1100000.0,2600000.0,0.0,200000.0,100000.0,0.04,-100000.0,-0.04,100000.0,-300000.0,-0.12,-100000.0,-200000.0,-0.08,-0.08,-0.08,2500000.0,2500000.0,https://www.sec.gov/Archives/edgar/data/54187/000005418796000006/0000054187-96-000006-index.html,https://www.sec.gov/Archives/edgar/data/54187/0000054187-96-000006.txt,1620594788,17:13:08,20210509
101,1995-10-31,MAYS,USD,1995-12-12 00:00:00,1995-12-12 00:00:00,Q1,2000000.0,1200000.0,800000.0,0.4,0.0,500000.0,0.0,0.0,800000.0,2000000.0,0.0,300000.0,200000.0,0.1,0.0,0.0,100000.0,0.0,0.0,0.0,-100000.0,-0.05,-0.03,-0.03,2136000.0,2136000.0,https://www.sec.gov/Archives/edgar/data/54187/000005418795000008/0000054187-95-000008-index.html,https://www.sec.gov/Archives/edgar/data/54187/0000054187-95-000008.txt,1620594788,17:13:08,20210509
102,1995-07-31,MAYS,USD,1995-10-23 00:00:00,1995-10-23 00:00:00,Q4,2000000.0,1500000.0,500000.0,0.25,0.0,700000.0,0.0,0.0,900000.0,2400000.0,0.0,200000.0,-200000.0,-0.1,-400000.0,-0.2,100000.0,-200000.0,-0.1,0.0,-200000.0,-0.1,-0.09363295880149813,-0.09363295880149813,2136000.0,2136000.0,https://www.sec.gov/Archives/edgar/data/54187/000095011095000729/0000950110-95-000729-index.html,https://www.sec.gov/Archives/edgar/data/54187/0000950110-95-000729.txt,1620594788,17:13:08,20210509
