,date,symbol,reportedCurrency,fillingDate,acceptedDate,period,revenue,costOfRevenue,grossProfit,grossProfitRatio,researchAndDevelopmentExpenses,generalAndAdministrativeExpenses,sellingAndMarketingExpenses,otherExpenses,operatingExpenses,costAndExpenses,interestExpense,depreciationAndAmortization,ebitda,ebitdaratio,operatingIncome,operatingIncomeRatio,totalOtherIncomeExpensesNet,incomeBeforeTax,incomeBeforeTaxRatio,incomeTaxExpense,netIncome,netIncomeRatio,eps,epsdiluted,weightedAverageShsOut,weightedAverageShsOutDil,link,finalLink,timestamp,est_time,est_date
0,2019-12-31,SORL,USD,2020-06-08,2020-06-08 08:41:41,Q4,152367621.0,115944353.0,36423268.0,0.2390486099405595,4498875.0,-7248134.0,17622379.0,-343205000000.0,32495499.0,148439852.0,1481915.0,4054933.0,11410990.0,0.07489117389317249,7356057.0,0.048278347799366114,3428288000000.0,8593809.0,0.056401805997876676,1174610.0,6620377.0,0.043450025383017565,0.34294,0.34294,19304921.0,19304921.0,https://www.sec.gov/Archives/edgar/data/714284/000121390020014337/0001213900-20-014337-index.htm,https://www.sec.gov/Archives/edgar/data/714284/000121390020014337/f10k2019_sorlauto.htm,1620598169,18:09:29,20210509
1,2019-09-30,SORL,USD,2019-11-14 00:00:00,2019-11-14 16:31:30,Q3,112227450.0,81294780.0,30932670.0,0.27562481371536107,5001350.0,8207553.0,13850387.0,-508302000000.0,24218679.999999993,108354074.0,3010304.0,3601000.000000001,10314990.0,0.0919114708567289,6713990.0,0.059824846773227046,-401630.0,5042330.0,0.04492956045958453,389110.0,4184900.0,0.037289451021118275,0.21678,0.21678,19304920.0,19304920.0,https://www.sec.gov/Archives/edgar/data/714284/000121390019023492/0001213900-19-023492-index.html,https://www.sec.gov/Archives/edgar/data/714284/000121390019023492/f10q0919_sorlautoparts.htm,1620598169,18:09:29,20210509
2,2019-06-30,SORL,USD,2019-08-14,2019-08-14 16:06:26,Q2,139373480.0,103104120.0,36269360.0,0.26023142996788196,6981250.0,9221430.0,16463830.0,-90772000000.0,30170940.0,135770627.0,3173047.0,3544740.0,9643160.0,0.06918934649547388,6098420.0,0.04375595701563884,1657010.0,6600100.0,0.04735549402942368,329960.0,5638130.0,0.04045339185044386,0.29206,0.29206,19304920.0,19304920.0,https://www.sec.gov/Archives/edgar/data/714284/000121390019015794/f10q0619_sorlautoparts.htm,https://www.sec.gov/Archives/edgar/data/714284/000121390019015794/f10q0619_sorlautoparts.htm,1620598169,18:09:29,20210509
3,2019-03-31,SORL,USD,2019-04-01 00:00:00,2019-04-01 16:20:19,Q1,136219920.0,99699350.0,36520570.0,0.26810006935843156,4951540.0,7374893.0,12884567.0,-477919000000.0,22748400.000000004,124910350.0,3972498.0,3382630.0,17154800.0,0.1259345916515,13772170.0,0.10110246724561282,1369170.0,11844620.0,0.08695218731592266,1868770.0,8970530.0,0.06585329076687169,0.46468,0.46468,19304920.0,19304920.0,https://www.sec.gov/Archives/edgar/data/714284/000121390019005483/0001213900-19-005483-index.html,https://www.sec.gov/Archives/edgar/data/714284/000121390019005483/f10k2018_sorlauto.htm,1620598169,18:09:29,20210509
4,2018-12-31,SORL,USD,2019-04-01 00:00:00,2019-04-01 16:20:19,Q4,123233940.0,91682680.0,31551260.0,0.25602735739845695,2965740.0,9419502.0,18003958.0,1244139000000.0,27802599.999999996,122071873.0,3356275.0,2911989.9999999995,6660650.0,0.05404882778234633,3748660.0,0.03041905501033238,2397210.0,4598250.0,0.03731317849611884,839620.0,3323990.0,0.026973007598393755,0.17218,0.17218,19304920.0,19304920.0,https://www.sec.gov/Archives/edgar/data/714284/000121390019005483/0001213900-19-005483-index.html,https://www.sec.gov/Archives/edgar/data/714284/000121390019005483/f10k2018_sorlauto.htm,1620598169,18:09:29,20210509
5,2018-09-30,SORL,USD,2018-11-14 00:00:00,2018-11-14 16:15:20,Q3,108584330.0,82249460.0,26334870.0,0.24252919366910491,4478300.0,5051685.0,13160875.0,-55835000000.0,19731579.999999993,104940313.0,3331554.0,3126700.0000000005,9729990.0,0.0896076809609637,6603290.0,0.060812550024483276,2412940.0,7138660.0,0.06574300361755697,12130790.0,-5605210.0,-0.05162080016518037,-0.29035,-0.29035,19304920.0,19304920.0,https://www.sec.gov/Archives/edgar/data/714284/000114420418059960/0001144204-18-059960-index.html,https://www.sec.gov/Archives/edgar/data/714284/000114420418059960/tv506959_10q.htm,1620598169,18:09:29,20210509
6,2018-06-30,SORL,USD,2018-08-14 00:00:00,2018-08-14 16:31:31,Q2,128500000.0,94100000.0,34400000.0,0.267704280155642,5300000.0,7743991.0,13956009.0,-254271000000.0,24600000.00000001,121057058.0,3529416.0,3000000.0,12800000.0,0.09961089494163425,9800000.0,0.07626459143968872,500000.0,8700000.0,0.06770428015564202,1200000.0,6700000.0,0.052140077821011675,0.34715,0.34715,19300000.0,19300000.0,https://www.sec.gov/Archives/edgar/data/714284/000114420418044699/0001144204-18-044699-index.html,https://www.sec.gov/Archives/edgar/data/714284/000114420418044699/tv500453_10q.htm,1620598169,18:09:29,20210509
7,2018-03-31,SORL,USD,2018-04-02 00:00:00,2018-04-02 17:25:22,Q1,107700000.0,77500000.0,30200000.0,0.28040854224698236,3600000.0,4762139.0,10037861.0,-890814000000.0,16200000.000000004,95929237.0,3353711.0,2800000.0,16800000.0,0.15598885793871867,14000000.0,0.12999071494893222,-700000.0,10800000.0,0.10027855153203342,1600000.0,8300000.0,0.07706592386258125,0.43005,0.43005,19300000.0,19300000.0,https://www.sec.gov/Archives/edgar/data/714284/000114420418018719/0001144204-18-018719-index.html,https://www.sec.gov/Archives/edgar/data/714284/000114420418018719/tv489554_10k.htm,1620598169,18:09:29,20210509
8,2017-12-31,SORL,USD,2018-04-02 00:00:00,2018-04-02 17:25:22,Q4,122900000.0,91600000.0,31300000.0,0.2546786004882018,3500000.0,8510323.0,16189677.0,-1346519000000.0,26400000.000000007,119855528.0,1272561.0,2700000.000000001,7600000.000000001,0.06183889340927584,4900000.0,0.03986981285598047,-100000.0,3700000.0,0.030105777054515868,500000.0,2900000.0,0.023596419853539462,0.15026,0.15026,19300000.0,19300000.0,https://www.sec.gov/Archives/edgar/data/714284/000114420418018719/0001144204-18-018719-index.html,https://www.sec.gov/Archives/edgar/data/714284/000114420418018719/tv489554_10k.htm,1620598169,18:09:29,20210509
9,2017-09-30,SORL,USD,2017-11-14 00:00:00,2017-11-14 16:03:36,Q3,101300000.0,74000000.0,27300000.0,0.2694965449160908,2900000.0,4716296.0,8283704.0,-886782000000.0,15500000.0,90834605.0,804499.0,2399999.9999999995,14200000.0,0.140177690029615,11800000.0,0.11648568608094768,200000.0,11200000.0,0.11056268509378085,1600000.0,8600000.0,0.08489634748272458,0.4456,0.4456,19300000.0,19300000.0,https://www.sec.gov/Archives/edgar/data/714284/000114420417058983/0001144204-17-058983-index.html,https://www.sec.gov/Archives/edgar/data/714284/000114420417058983/tv478980_10q.htm,1620598169,18:09:29,20210509
10,2017-06-30,SORL,USD,2017-08-14 00:00:00,2017-08-14 16:05:38,Q2,91500000.0,67000000.0,24500000.0,0.2677595628415301,2500000.0,4714438.0,8985562.0,-442608000000.0,15700000.000000004,82684990.0,542176.0,2200000.0,11000000.0,0.12021857923497267,8800000.0,0.09617486338797815,-500000.0,7900000.0,0.08633879781420765,1300000.0,5900000.0,0.06448087431693988,0.30256,0.30256,19500000.0,19500000.0,https://www.sec.gov/Archives/edgar/data/714284/000114420417043120/0001144204-17-043120-index.html,https://www.sec.gov/Archives/edgar/data/714284/000114420417043120/v473037_10q.htm,1620598169,18:09:29,20210509
11,2017-03-31,SORL,USD,2017-05-15 00:00:00,2017-05-15 17:01:27,Q1,74700000.0,53700000.0,21000000.0,0.28112449799196787,2100000.0,4091377.0,5608623.0,-207531000000.0,11399999.99999999,65056708.0,481160.0,2000000.0,11600000.0,0.15528781793842034,9600000.0,0.1285140562248996,-100000.0,9000000.0,0.12048192771084337,1300000.0,6900000.0,0.09236947791164658,0.35751,0.35751,19300000.0,19300000.0,https://www.sec.gov/Archives/edgar/data/714284/000114420417027594/0001144204-17-027594-index.html,https://www.sec.gov/Archives/edgar/data/714284/000114420417027594/v466343_10q.htm,1620598169,18:09:29,20210509
12,2016-12-31,SORL,USD,2017-03-31 00:00:00,2017-03-31 17:20:59,Q4,85800000.0,66700000.0,19100000.0,0.22261072261072262,1200000.0,-1500293.0,9200293.0,-225038000000.0,8399999.99999999,74540493.0,371550.0,1799999.9999999998,12500000.0,0.1456876456876457,10700000.0,0.1247086247086247,500000.0,10800000.0,0.1258741258741259,1600000.0,8300000.0,0.09673659673659674,0.43005,0.43005,19300000.0,19300000.0,https://www.sec.gov/Archives/edgar/data/714284/000114420417018279/0001144204-17-018279-index.html,https://www.sec.gov/Archives/edgar/data/714284/000114420417018279/v462590_10k.htm,1620598169,18:09:29,20210509
13,2016-09-30,SORL,USD,2016-11-14 00:00:00,2016-11-14 13:14:21,Q3,63700000.0,44800000.0,18900000.0,0.2967032967032967,2400000.0,4850053.0,7949947.0,184472000000.0,15200000.000000004,56440325.0,214974.0,2000000.0000000005,5700000.0,0.08948194662480377,3700000.0,0.058084772370486655,500000.0,4000000.0,0.06279434850863422,400000.0,3200000.0,0.05023547880690738,0.1658,0.1658,19300000.0,19300000.0,https://www.sec.gov/Archives/edgar/data/714284/000114420416133965/0001144204-16-133965-index.html,https://www.sec.gov/Archives/edgar/data/714284/000114420416133965/v452495_10q.htm,1620598169,18:09:29,20210509
14,2016-06-30,SORL,USD,2016-08-15,2016-08-15 13:25:36,Q2,75400000.0,52500000.0,22900000.0,0.3037135278514589,2400000.0,4874915.0,7125085.0,-129663000000.0,15200000.000000004,67355492.0,126113.0,1700000.0,9400000.0,0.1246684350132626,7700000.0,0.10212201591511937,900000.0,9300000.0,0.123342175066313,1300000.0,7200000.0,0.09549071618037135,0.36923,0.36923,19500000.0,19500000.0,https://www.sec.gov/Archives/edgar/data/714284/000114420416119221/v446278_10q.htm,https://www.sec.gov/Archives/edgar/data/714284/000114420416119221/v446278_10q.htm,1620598169,18:09:29,20210509
15,2016-03-31,SORL,USD,2016-05-16 00:00:00,2016-05-16 15:36:01,Q1,53800000.0,39400000.0,14400000.0,0.26765799256505574,1700000.0,6937568.0,5562432.0,-637629000000.0,13300000.000000004,53633626.0,174460.0,1700000.0,2800000.0,0.05204460966542751,1100000.0,0.020446096654275093,-600000.0,400000.0,0.007434944237918215,0.0,400000.0,0.007434944237918215,0.02073,0.02073,19300000.0,19300000.0,https://www.sec.gov/Archives/edgar/data/714284/000114420416102493/0001144204-16-102493-index.html,https://www.sec.gov/Archives/edgar/data/714284/000114420416102493/v438718_10q.htm,1620598169,18:09:29,20210509
16,2015-12-31,SORL,USD,2016-03-30 00:00:00,2016-03-30 17:16:00,Q4,56900000.0,41400000.0,15400000.0,0.27065026362038663,1500000.0,-16981469.0,22681469.0,1369254000000.0,9300000.000000004,203387215.0,1269091.0,1600000.0000000005,7700000.0,0.13532513181019332,6100000.0,0.10720562390158173,200000.0,6200000.0,0.10896309314586995,-200000.0,5900000.0,0.10369068541300527,0.3057,0.3057,19300000.0,19300000.0,https://www.sec.gov/Archives/edgar/data/714284/000114420416091541/0001144204-16-091541-index.html,https://www.sec.gov/Archives/edgar/data/714284/000114420416091541/v434813_10k.htm,1620598169,18:09:29,20210509
17,2015-09-30,SORL,USD,2015-11-16 00:00:00,2015-11-16 16:02:55,Q3,50300000.0,36200000.0,14100000.0,0.2803180914512923,2300000.0,-4813118600000.0,4813129000000.0,-276299000000.0,12699999.999999996,49332030000000.0,395121000000.0,1900000.0,3400000.0,0.06759443339960239,1500000.0,0.02982107355864811,400000.0,2800000.0,0.055666003976143144,400000.0,2000000.0,0.039761431411530816,0.10363,0.10363,19300000.0,19300000.0,https://www.sec.gov/Archives/edgar/data/714284/000114420415065964/0001144204-15-065964-index.html,https://www.sec.gov/Archives/edgar/data/714284/000114420415065964/v424259_10q.htm,1620598169,18:09:29,20210509
18,2015-06-30,SORL,USD,2015-08-14 00:00:00,2015-08-14 16:29:42,Q2,59300000.0,42700000.0,16500000.0,0.2782462057335582,1900000.0,-5086076500000.0,5086089000000.0,-271375000000.0,13899999.999999998,57120214000000.0,242544000000.0,2000000.0,4600000.0,0.0775716694772344,2600000.0,0.04384485666104553,500000.0,3300000.0,0.05564924114671164,800000.0,2300000.0,0.0387858347386172,0.11917,0.11917,19300000.0,19300000.0,https://www.sec.gov/Archives/edgar/data/714284/000114420415049893/0001144204-15-049893-index.html,https://www.sec.gov/Archives/edgar/data/714284/000114420415049893/v417658_10q.htm,1620598169,18:09:29,20210509
19,2015-03-31,SORL,USD,2015-05-15 00:00:00,2015-05-15 11:34:27,Q1,52200000.0,38500000.0,13700000.0,0.2624521072796935,1700000.0,-5350989900000.0,5350998000000.0,-259733000000.0,9200000.000000004,48249883000000.0,166656000000.0,1900000.0,6400000.0,0.12260536398467432,4500000.0,0.08620689655172414,-200000.0,4200000.0,0.08045977011494253,1000000.0,3100000.0,0.05938697318007663,0.16062,0.16062,19300000.0,19300000.0,https://www.sec.gov/Archives/edgar/data/714284/000114420415031212/0001144204-15-031212-index.html,https://www.sec.gov/Archives/edgar/data/714284/000114420415031212/v409703_10q.htm,1620598169,18:09:29,20210509
20,2014-12-31,SORL,USD,2015-03-31,2015-03-31 09:01:19,Q4,63200000.0,45700000.0,17500000.0,0.27689873417721517,1700000.0,-5626097100000.0,5626108000000.0,-1273053000000.0,11799999.999999996,58254756000000.0,1135177000000.0,1800000.0000000007,7600000.000000001,0.12025316455696204,5800000.0,0.09177215189873418,-700000.0,5700000.0,0.09018987341772151,1300000.0,4000000.0,0.06329113924050633,0.20725,0.20725,19300000.0,19300000.0,https://www.sec.gov/Archives/edgar/data/714284/000114420415019698/v405073_10k.htm,https://www.sec.gov/Archives/edgar/data/714284/000114420415019698/v405073_10k.htm,1620598169,18:09:29,20210509
21,2014-09-30,SORL,USD,2014-11-14 00:00:00,2014-11-14 11:38:29,Q3,58700000.0,43200000.0,15500000.0,0.26405451448040884,2200000.0,-5871453400000.0,5871463000000.0,0.0,11399999.999999998,55114136000000.0,0.0,1899999.9999999995,6000000.0,0.10221465076660988,4100000.0,0.06984667802385008,-200000.0,3600000.0,0.06132879045996593,400000.0,2900000.0,0.049403747870528106,0.15026,0.15026,19300000.0,19300000.0,https://www.sec.gov/Archives/edgar/data/714284/000114420414068376/0001144204-14-068376-index.html,https://www.sec.gov/Archives/edgar/data/714284/000114420414068376/v393620_10q.htm,1620598169,18:09:29,20210509
22,2014-06-30,SORL,USD,2014-08-14 00:00:00,2014-08-14 16:35:05,Q2,65700000.0,47200000.0,18500000.0,0.2815829528158295,2200000.0,-6473099800000.0,6473111000000.0,0.0,12799999.999999996,60594404000000.0,0.0,1800000.0000000002,7500000.0,0.1141552511415525,5700000.0,0.0867579908675799,0.0,5200000.0,0.0791476407914764,700000.0,4100000.0,0.0624048706240487,0.21244,0.21244,19300000.0,19300000.0,https://www.sec.gov/Archives/edgar/data/714284/000114420414050244/0001144204-14-050244-index.html,https://www.sec.gov/Archives/edgar/data/714284/000114420414050244/v385646_10q.htm,1620598169,18:09:29,20210509
23,2014-03-31,SORL,USD,2014-05-15 00:00:00,2014-05-15 17:11:47,Q1,50000000.0,34600000.0,15400000.0,0.308,1500000.0,-5705484000000.0,5705494000000.0,0.0,11100000.000000002,46119200000000.0,0.0,1900000.0,6200000.0,0.124,4300000.0,0.086,0.0,3600000.0,0.072,500000.0,2800000.0,0.056,0.14508,0.14508,19300000.0,19300000.0,https://www.sec.gov/Archives/edgar/data/714284/000114420414031416/0001144204-14-031416-index.html,https://www.sec.gov/Archives/edgar/data/714284/000114420414031416/v377288_10q.htm,1620598169,18:09:29,20210509
24,2013-12-31,SORL,USD,2014-03-31,2014-03-31 13:10:02,Q4,55300000.0,41100000.0,14200000.0,0.25678119349005424,2200000.0,-8773741000.0,8784341000.0,0.0,12000000.0,53857580000.0,0.0,1200000.0000000002,3400000.0,0.06148282097649186,2200000.0,0.039783001808318265,-1100000.0,1900000.0,0.034358047016274866,1000000.0,800000.0,0.014466546112115732,0.04145,0.04145,19300000.0,19300000.0,https://www.sec.gov/Archives/edgar/data/714284/000114420414019189/v371893_10k.htm,https://www.sec.gov/Archives/edgar/data/714284/000114420414019189/v371893_10k.htm,1620598169,18:09:29,20210509
25,2013-09-30,SORL,USD,2013-11-14 00:00:00,2013-11-14 14:58:06,Q3,54500000.0,39100000.0,15400000.0,0.28256880733944956,2400000.0,-4383230000000.0,4383239000000.0,0.0,10899999.999999998,70697460000000.0,0.0,2000000.0,6500000.0,0.11926605504587157,4500000.0,0.08256880733944955,300000.0,4100000.0,0.07522935779816514,300000.0,3300000.0,0.060550458715596334,0.17098,0.17098,19300000.0,19300000.0,https://www.sec.gov/Archives/edgar/data/714284/000114420413061718/0001144204-13-061718-index.html,https://www.sec.gov/Archives/edgar/data/714284/000114420413061718/v358804_10q.htm,1620598169,18:09:29,20210509
26,2013-06-30,SORL,USD,2013-08-14 00:00:00,2013-08-14 18:27:30,Q2,57500000.0,40700000.0,16800000.0,0.2921739130434783,1600000.0,-4377766900000.0,4377777000000.0,0.0,11099999.999999994,41157379000000.0,0.0,2100000.0,7800000.0,0.1356521739130435,5700000.0,0.09913043478260869,-100000.0,5100000.0,0.08869565217391304,500000.0,4000000.0,0.06956521739130435,0.20725,0.20725,19300000.0,19300000.0,https://www.sec.gov/Archives/edgar/data/714284/000114420413046050/0001144204-13-046050-index.html,https://www.sec.gov/Archives/edgar/data/714284/000114420413046050/v351387_10q.htm,1620598169,18:09:29,20210509
27,2013-03-31,SORL,USD,2013-04-01 00:00:00,2013-04-01 15:43:32,Q1,41300000.0,29100000.0,12200000.0,0.29539951573849876,1400000.0,-3352957000.0,3361557000.0,0.0,9799999.999999996,30073202000.0,0.0,1900000.0,4400000.0,0.10653753026634383,2500000.0,0.06053268765133172,0.0,1500000.0,0.03631961259079903,200000.0,1200000.0,0.029055690072639227,0.06218,0.06218,19300000.0,19300000.0,https://www.sec.gov/Archives/edgar/data/714284/000114420413019090/0001144204-13-019090-index.html,https://www.sec.gov/Archives/edgar/data/714284/000114420413019090/v337422_10k.htm,1620598169,18:09:29,20210509
28,2012-12-31,SORL,USD,2013-04-01 00:00:00,2013-04-01 15:43:32,Q4,48800000.0,32200000.0,16700000.0,0.3422131147540984,1900000.0,-4858239000.0,4870339000.0,0.0,12500000.0,35994528000.0,0.0,1800000.0000000007,5900000.000000001,0.12090163934426232,4100000.0,0.08401639344262295,-300000.0,3100000.0,0.06352459016393443,-1500000.0,4100000.0,0.08401639344262295,0.21244,0.21244,19300000.0,19300000.0,https://www.sec.gov/Archives/edgar/data/714284/000114420413019090/0001144204-13-019090-index.html,https://www.sec.gov/Archives/edgar/data/714284/000114420413019090/v337422_10k.htm,1620598169,18:09:29,20210509
29,2012-09-30,SORL,USD,2012-11-14 00:00:00,2012-11-14 15:09:51,Q3,46700000.0,33500000.0,13200000.0,0.2826552462526767,2400000.0,-3765761600000.0,3765768000000.0,-1127619.0,8700000.000000004,33372132000000.0,-1127619.0,1799999.9999999998,6300000.0,0.1349036402569593,4500000.0,0.09635974304068523,1100000.0,5000000.0,0.10706638115631692,1200000.0,3400000.0,0.0728051391862955,0.17617,0.17617,19300000.0,19300000.0,https://www.sec.gov/Archives/edgar/data/714284/000114420412062376/0001144204-12-062376-index.html,https://www.sec.gov/Archives/edgar/data/714284/000114420412062376/v328143_10q.htm,1620598169,18:09:29,20210509
30,2012-06-30,SORL,USD,2012-08-14 00:00:00,2012-08-14 10:31:15,Q2,52100000.0,37900000.0,14200000.0,0.272552783109405,2300000.0,3476502.0,3523498.0,532722.0,9300000.000000004,47759028.0,532722.0,1900000.0,6800000.0,0.13051823416506717,4900000.0,0.09404990403071017,200000.0,4600000.0,0.08829174664107485,1300000.0,3000000.0,0.05758157389635317,0.15544,0.15544,19300000.0,19300000.0,https://www.sec.gov/Archives/edgar/data/714284/000114420412045255/0001144204-12-045255-index.html,https://www.sec.gov/Archives/edgar/data/714284/000114420412045255/v320540_10q.htm,1620598169,18:09:29,20210509
31,2012-03-31,SORL,USD,2012-05-15,2012-05-15 12:07:17,Q1,44600000.0,32400000.0,12200000.0,0.273542600896861,1300000.0,3829098.0,3170902.0,594897.0,8300000.000000004,41272656.0,594897.0,1900000.0,5800000.0,0.13004484304932734,3900000.0,0.08744394618834081,300000.0,3600000.0,0.08071748878923767,1000000.0,2300000.0,0.0515695067264574,0.11917,0.11917,19300000.0,19300000.0,https://www.sec.gov/Archives/edgar/data/714284/000114420412018274/v306429_10k.htm,https://www.sec.gov/Archives/edgar/data/714284/000114420412018274/v306429_10k.htm,1620598169,18:09:29,20210509
32,2011-12-31,SORL,USD,2012-03-30 00:00:00,2012-03-30 07:22:00,Q4,56100000.0,40300000.0,15800000.0,0.2816399286987522,2900000.0,4161598.0,4838402.0,549455.0,12500000.0,52814263.0,549455.0,1900000.0000000005,5200000.0,0.09269162210338681,3300000.0,0.058823529411764705,400000.0,3700000.0,0.0659536541889483,100000.0,3300000.0,0.058823529411764705,0.17098,0.17098,19300000.0,19300000.0,https://www.sec.gov/Archives/edgar/data/714284/000114420412018274/0001144204-12-018274-index.html,https://www.sec.gov/Archives/edgar/data/714284/000114420412018274/v306429_10k.htm,1620598169,18:09:29,20210509
33,2011-09-30,SORL,USD,2011-11-14 00:00:00,2011-11-14 12:09:41,Q3,47600000.0,34500000.0,13100000.0,0.27521008403361347,1900000.0,2976168.0,2923832.0,1227502.0,9000000.0,43544745.0,1227502.0,1900000.0,5900000.0,0.12394957983193278,4000000.0,0.08403361344537816,500000.0,4500000.0,0.09453781512605042,700000.0,3500000.0,0.07352941176470588,0.18135,0.18135,19300000.0,19300000.0,https://www.sec.gov/Archives/edgar/data/714284/000114420411063832/0001144204-11-063832-index.html,https://www.sec.gov/Archives/edgar/data/714284/000114420411063832/v239393_10q.htm,1620598169,18:09:29,20210509
34,2011-06-30,SORL,USD,2011-08-15 00:00:00,2011-08-15 16:13:16,Q2,61100000.0,44500000.0,16600000.0,0.27168576104746317,2200000.0,771246.0,6528754.0,1440198.0,10399999.999999998,44492722000000.0,-65404802.0,1700000.0,7900000.0,0.12929623567921442,6200000.0,0.10147299509001637,200000.0,6500000.0,0.10638297872340426,1000000.0,5000000.0,0.08183306055646482,0.25907,0.25907,19300000.0,19300000.0,https://www.sec.gov/Archives/edgar/data/714284/000114420411047214/0001144204-11-047214-index.html,https://www.sec.gov/Archives/edgar/data/714284/000114420411047214/v230686_10q.htm,1620598169,18:09:29,20210509
35,2011-03-31,SORL,USD,2011-05-16 00:00:00,2011-05-16 13:50:29,Q1,52000000.0,37400000.0,14600000.0,0.28076923076923077,2000000.0,-3063328000.0,3069228000.0,0.0,8500000.0,37395809000.0,0.0,1700000.0,7800000.0,0.15,6100000.0,0.11730769230769231,200000.0,6300000.0,0.12115384615384615,900000.0,4900000.0,0.09423076923076923,0.25389,0.25389,19300000.0,19300000.0,https://www.sec.gov/Archives/edgar/data/714284/000114420411029733/0001144204-11-029733-index.html,https://www.sec.gov/Archives/edgar/data/714284/000114420411029733/v222598_10q.htm,1620598169,18:09:29,20210509
36,2010-12-31,SORL,USD,2011-03-29,2011-03-29 16:12:34,Q4,54800000.0,39100000.0,15600000.0,0.2846715328467153,1900000.0,-4119825000.0,4125925000.0,605654000.0,8399999.999999998,71732591000.0,0.0,1600000.0000000005,8900000.0,0.1624087591240876,7300000.0,0.1332116788321168,100000.0,7400000.0,0.13503649635036497,1000000.0,5800000.0,0.10583941605839416,0.27103,0.27103,21400000.0,21400000.0,https://www.sec.gov/Archives/edgar/data/714284/000114420411017962/v216304_10k.htm,https://www.sec.gov/Archives/edgar/data/714284/000114420411017962/v216304_10k.htm,1620598169,18:09:29,20210509
37,2010-09-30,SORL,USD,2010-11-15 00:00:00,2010-11-15 17:27:16,Q3,50800000.0,36300000.0,14500000.0,0.2854330708661417,1800000.0,-4513645700000.0,4513652000000.0,0.0,8400000.000000006,41130012000000.0,0.0,1299999.9999999998,7400000.0,0.14566929133858267,6100000.0,0.12007874015748031,300000.0,6400000.0,0.12598425196850394,1000000.0,5000000.0,0.0984251968503937,0.25907,0.25907,19300000.0,19300000.0,https://www.sec.gov/Archives/edgar/data/714284/000114420410061029/0001144204-10-061029-index.html,https://www.sec.gov/Archives/edgar/data/714284/000114420410061029/v202765_10q.htm,1620598169,18:09:29,20210509
38,2010-06-30,SORL,USD,2010-08-12 00:00:00,2010-08-12 16:40:22,Q2,55200000.0,38800000.0,16400000.0,0.2971014492753623,2000000.0,-2843372500000.0,2843380000000.0,0.0,9800000.000000004,36376024000000.0,0.0,1300000.0,7900000.0,0.1431159420289855,6600000.0,0.11956521739130435,100000.0,6700000.0,0.1213768115942029,100000.0,5600000.0,0.10144927536231885,0.30601,0.30601,18300000.0,18300000.0,https://www.sec.gov/Archives/edgar/data/714284/000114420410043232/0001144204-10-043232-index.html,https://www.sec.gov/Archives/edgar/data/714284/000114420410043232/v193359_10q.htm,1620598169,18:09:29,20210509
39,2010-03-31,SORL,USD,2010-05-14 00:00:00,2010-05-14 06:17:36,Q1,38600000.0,27000000.0,11600000.0,0.3005181347150259,1500000.0,-1978624000.0,1984024000.0,0.0,7100000.000000001,24442423000.0,0.0,1200000.0,5800000.0,0.15025906735751296,4600000.0,0.11917098445595854,100000.0,4700000.0,0.12176165803108809,700000.0,3900000.0,0.10103626943005181,0.21311,0.21311,18300000.0,18300000.0,https://www.sec.gov/Archives/edgar/data/714284/000114420410027084/0001144204-10-027084-index.html,https://www.sec.gov/Archives/edgar/data/714284/000114420410027084/v184597_10q.htm,1620598169,18:09:29,20210509
40,2009-12-31,SORL,USD,2010-03-29 00:00:00,2010-03-29 09:01:11,Q4,45500000.0,30500000.0,15000000.0,0.32967032967032966,2400000.0,-2621371000.0,2627871000.0,0.0,9100000.000000002,28290335000.0,0.0,1099999.9999999995,7000000.0,0.15384615384615385,5900000.0,0.12967032967032968,200000.0,6100000.0,0.13406593406593406,-100000.0,5600000.0,0.12307692307692308,0.30601,0.30601,18300000.0,18300000.0,https://www.sec.gov/Archives/edgar/data/714284/000114420410016139/0001144204-10-016139-index.html,https://www.sec.gov/Archives/edgar/data/714284/000114420410016139/v178808_10k.htm,1620598169,18:09:29,20210509
41,2009-09-30,SORL,USD,2009-11-13 00:00:00,2009-11-13 06:05:48,Q3,38900000.0,27900000.0,11000000.0,0.2827763496143959,600000.0,-2131049100000.0,2131054000000.0,0.0,5700000.000000003,25055383000000.0,0.0,1700000.0000000002,7100000.0,0.18251928020565553,5400000.0,0.13881748071979436,100000.0,5500000.0,0.14138817480719795,800000.0,4200000.0,0.10796915167095116,0.22951,0.22951,18300000.0,18300000.0,https://www.sec.gov/Archives/edgar/data/714284/000114420409058631/0001144204-09-058631-index.html,https://www.sec.gov/Archives/edgar/data/714284/000114420409058631/v165504_10q.htm,1620598169,18:09:29,20210509
42,2009-06-30,SORL,USD,2009-08-13 00:00:00,2009-08-13 06:08:27,Q2,36300000.0,25000000.0,11400000.0,0.3140495867768595,1200000.0,-2060712300000.0,2060718000000.0,0.0,6899999.999999999,21307697000000.0,0.0,800000.0,5300000.0,0.14600550964187328,4500000.0,0.12396694214876033,200000.0,4700000.0,0.12947658402203857,1000000.0,3300000.0,0.09090909090909091,0.17838,0.17838,18500000.0,18500000.0,https://www.sec.gov/Archives/edgar/data/714284/000114420409042523/0001144204-09-042523-index.html,https://www.sec.gov/Archives/edgar/data/714284/000114420409042523/v157078_10q.htm,1620598169,18:09:29,20210509
43,2009-03-31,SORL,USD,2009-05-13 00:00:00,2009-05-13 14:17:25,Q1,20200000.0,14700000.0,5500000.0,0.2722772277227723,800000.0,-1314434000.0,1317734000.0,0.0,4199999.999999999,14727311000.0,0.0,700000.0,2100000.0,0.10396039603960396,1400000.0,0.06930693069306931,0.0,1400000.0,0.06930693069306931,400000.0,900000.0,0.04455445544554455,0.04918,0.04918,18300000.0,18300000.0,https://www.sec.gov/Archives/edgar/data/714284/000114420409026001/0001144204-09-026001-index.html,https://www.sec.gov/Archives/edgar/data/714284/000114420409026001/v148957_10q.htm,1620598169,18:09:29,20210509
44,2008-12-31,SORL,USD,2009-03-30 00:00:00,2009-03-30 06:03:40,Q4,25100000.0,19900000.0,5200000.0,0.20717131474103587,0.0,-1547803000.0,1550903000.0,0.0,3000000.0,19814967000.0,0.0,700000.0000000002,2900000.0,0.11553784860557768,2200000.0,0.08764940239043825,0.0,2200000.0,0.08764940239043825,200000.0,1800000.0,0.07171314741035857,0.09836,0.09836,18300000.0,18300000.0,https://www.sec.gov/Archives/edgar/data/714284/000114420409016740/0001144204-09-016740-index.html,https://www.sec.gov/Archives/edgar/data/714284/000114420409016740/v144249_10k.htm,1620598169,18:09:29,20210509
45,2008-09-30,SORL,USD,2008-11-12 00:00:00,2008-11-12 06:33:39,Q3,33000000.0,24600000.0,8400000.0,0.2545454545454545,0.0,-2261137700000.0,2261143000000.0,0.0,5500000.0,24430936000000.0,0.0,700000.0,3600000.0,0.10909090909090909,2900000.0,0.08787878787878788,200000.0,3100000.0,0.09393939393939393,500000.0,2300000.0,0.0696969696969697,0.12568,0.12568,18300000.0,18300000.0,https://www.sec.gov/Archives/edgar/data/714284/000114420408062539/0001144204-08-062539-index.html,https://www.sec.gov/Archives/edgar/data/714284/000114420408062539/v130612_10q.htm,1620598169,18:09:29,20210509
46,2008-06-30,SORL,USD,2008-08-13 00:00:00,2008-08-13 07:30:49,Q2,42200000.0,30800000.0,11400000.0,0.27014218009478674,0.0,-4611072500000.0,4611078000000.0,0.0,5900000.000000002,52538391000000.0,0.0,600000.0000000001,6100000.0,0.14454976303317535,5500000.0,0.13033175355450238,0.0,5600000.0,0.13270142180094788,300000.0,4700000.0,0.11137440758293839,0.25683,0.25683,18300000.0,18300000.0,https://www.sec.gov/Archives/edgar/data/714284/000114420408045986/0001144204-08-045986-index.html,https://www.sec.gov/Archives/edgar/data/714284/000114420408045986/v123062_10q.htm,1620598169,18:09:29,20210509
47,2008-03-31,SORL,USD,2008-05-14 00:00:00,2008-05-14 07:01:09,Q1,30700000.0,22000000.0,8600000.0,0.28013029315960913,0.0,-1835475000.0,1839275000.0,0.0,4199999.999999999,-79178000.0,0.0,700000.0,5200000.0,0.16938110749185667,4500000.0,0.1465798045602606,0.0,4500000.0,0.1465798045602606,600000.0,3500000.0,0.11400651465798045,0.19126,0.19126,18300000.0,18300000.0,https://www.sec.gov/Archives/edgar/data/714284/000114420408028391/0001144204-08-028391-index.html,https://www.sec.gov/Archives/edgar/data/714284/000114420408028391/v113871_10q.htm,1620598169,18:09:29,20210509
48,2007-12-31,SORL,USD,2008-03-27,2008-03-27 06:31:41,Q4,32500000.0,24100000.0,8300000.0,0.2553846153846154,0.0,-3012399000.0,3017599000.0,-606492000.0,5599999.999999998,79162558000.0,0.0,600000.0000000001,3400000.0,0.10461538461538461,2800000.0,0.08615384615384615,200000.0,2900000.0,0.08923076923076922,300000.0,2400000.0,0.07384615384615385,0.13115,0.13115,18300000.0,18300000.0,https://www.sec.gov/Archives/edgar/data/714284/000114420408017663/v108230_10-k.htm,https://www.sec.gov/Archives/edgar/data/714284/000114420408017663/v108230_10-k.htm,1620598169,18:09:29,20210509
49,2007-09-30,SORL,USD,2007-11-13 00:00:00,2007-11-13 17:13:55,Q3,29700000.0,23100000.0,6600000.0,0.2222222222222222,0.0,-4440453000.0,4444053000.0,606492000.0,3899999.9999999986,9453239000.0,0.0,500000.0,3200000.0,0.10774410774410774,2700000.0,0.09090909090909091,100000.0,2800000.0,0.09427609427609428,400000.0,2100000.0,0.0707070707070707,0.11475,0.11475,18300000.0,18300000.0,https://www.sec.gov/Archives/edgar/data/714284/000114420407060597/0001144204-07-060597-index.html,https://www.sec.gov/Archives/edgar/data/714284/000114420407060597/v093727_10q.htm,1620598169,18:09:29,20210509
50,2007-06-30,SORL,USD,2007-08-14 00:00:00,2007-08-14 06:43:27,Q2,29200000.0,22800000.0,6400000.0,0.2191780821917808,0.0,-1329243000.0,1331643000.0,257436000.0,2500000.0,28326725000.0,0.0,399999.99999999994,4300000.0,0.14726027397260275,3900000.0,0.13356164383561644,300000.0,4200000.0,0.14383561643835616,-400000.0,4100000.0,0.1404109589041096,0.22404,0.22404,18300000.0,18300000.0,https://www.sec.gov/Archives/edgar/data/714284/000114420407042742/0001144204-07-042742-index.html,https://www.sec.gov/Archives/edgar/data/714284/000114420407042742/v084248_10q.htm,1620598169,18:09:29,20210509
51,2007-03-31,SORL,USD,2007-05-14 00:00:00,2007-05-14 15:36:10,Q1,24400000.0,18700000.0,5700000.0,0.2336065573770492,0.0,-1180747000.0,1183647000.0,0.0,3000000.0,18721963000.0,0.0,300000.0,3000000.0,0.12295081967213115,2700000.0,0.11065573770491803,0.0,2700000.0,0.11065573770491803,400000.0,2100000.0,0.0860655737704918,0.11475,0.11475,18300000.0,18300000.0,https://www.sec.gov/Archives/edgar/data/714284/000114420407024968/0001144204-07-024968-index.html,https://www.sec.gov/Archives/edgar/data/714284/000114420407024968/v074851_10q.htm,1620598169,18:09:29,20210509
52,2006-12-31,SORL,USD,2007-03-26,2007-03-26 06:12:44,Q4,24100000.0,18600000.0,5500000.0,0.22821576763485477,0.0,-1691078000.0,1693778000.0,0.0,3000000.0,12748172000.0,0.0,300000.00000000006,2700000.0,0.11203319502074689,2400000.0,0.0995850622406639,0.0,2500000.0,0.1037344398340249,400000.0,2000000.0,0.08298755186721991,0.13333,0.13333,15000000.0,15000000.0,https://www.sec.gov/Archives/edgar/data/714284/000114420407014437/v069289_10k.htm,https://www.sec.gov/Archives/edgar/data/714284/000114420407014437/v069289_10k.htm,1620598169,18:09:29,20210509
53,2006-09-30,SORL,USD,2006-11-08,2006-11-08 13:20:48,Q3,21300000.0,16500000.0,4800000.0,0.22535211267605634,0.0,-1160877000.0,1163077000.0,0.0,2500000.0,18703282000.0,0.0,300000.00000000006,2600000.0,0.12206572769953052,2300000.0,0.107981220657277,-100000.0,2300000.0,0.107981220657277,300000.0,1800000.0,0.08450704225352113,0.13433,0.13433,13400000.0,13400000.0,https://www.sec.gov/Archives/edgar/data/714284/000127528706005869/sa7805.htm,https://www.sec.gov/Archives/edgar/data/714284/000127528706005869/sa7805.htm,1620598169,18:09:29,20210509
54,2006-06-30,SORL,USD,2006-08-11,2006-08-11 12:30:32,Q2,20100000.0,15500000.0,4600000.0,0.22885572139303484,0.0,-1374942000.0,1376442000.0,0.0,1699999.9999999993,16940389000.0,0.0,200000.0,3100000.0,0.15422885572139303,2900000.0,0.14427860696517414,0.0,2900000.0,0.14427860696517414,300000.0,2400000.0,0.11940298507462686,0.1791,0.1791,13400000.0,13400000.0,https://www.sec.gov/Archives/edgar/data/714284/000127528706004357/sa6805.htm,https://www.sec.gov/Archives/edgar/data/714284/000127528706004357/sa6805.htm,1620598169,18:09:29,20210509
55,2006-03-31,SORL,USD,2006-05-15,2006-05-15 16:27:29,Q1,19400000.0,15000000.0,4400000.0,0.2268041237113402,0.0,-866016000.0,868016000.0,0.0,2300000.000000001,16988804000.0,0.0,300000.0,2500000.0,0.12886597938144329,2200000.0,0.1134020618556701,-100000.0,2100000.0,0.10824742268041238,300000.0,1600000.0,0.08247422680412371,0.1203,0.1203,13300000.0,13300000.0,https://www.sec.gov/Archives/edgar/data/714284/000127528706001577/sl5225.htm,https://www.sec.gov/Archives/edgar/data/714284/000127528706001577/sl5225.htm,1620598169,18:09:29,20210509
56,2005-12-31,SORL,USD,2006-03-27,2006-03-24 18:10:31,Q4,18400000.0,14100000.0,4300000.0,0.23369565217391305,0.0,853154000.0,-849854000.0,0.0,3700000.000000001,36875924000.0,0.0,300000.00000000006,900000.0,0.04891304347826087,600000.0,0.03260869565217391,100000.0,600000.0,0.03260869565217391,0.0,600000.0,0.03260869565217391,0.04511,0.04511,13300000.0,13300000.0,https://www.sec.gov/Archives/edgar/data/714284/000127528706001577/sl5225.htm,https://www.sec.gov/Archives/edgar/data/714284/000127528706001577/sl5225.htm,1620598169,18:09:29,20210509
57,2005-09-30,SORL,USD,2006-02-09,2006-02-09 11:37:37,Q3,16400000.0,12900000.0,3500000.0,0.21341463414634146,0.0,106512000.0,-104812000.0,0.0,1799999.999999999,1401938000.0,0.0,199999.99999999997,1800000.0,0.10975609756097561,1600000.0,0.0975609756097561,0.0,1600000.0,0.0975609756097561,0.0,1500000.0,0.09146341463414634,0.11278,0.11278,13300000.0,13300000.0,https://www.sec.gov/Archives/edgar/data/714284/000127528706000741/sa4744.htm,https://www.sec.gov/Archives/edgar/data/714284/000127528706000741/sa4744.htm,1620598169,18:09:29,20210509
58,2005-06-30,SORL,USD,2006-02-09,2006-02-09 11:32:55,Q2,14900000.0,11500000.0,3400000.0,0.22818791946308725,0.0,-25977000.0,27577000.0,-9153000.0,1800000.0000000007,-1282210000.0,0.0,200000.0,1800000.0,0.12080536912751678,1600000.0,0.10738255033557047,-100000.0,1600000.0,0.10738255033557047,0.0,1400000.0,0.09395973154362416,0.10448,0.10448,13400000.0,13400000.0,https://www.sec.gov/Archives/edgar/data/714284/000127528706000740/sa4743.htm,https://www.sec.gov/Archives/edgar/data/714284/000127528706000740/sa4743.htm,1620598169,18:09:29,20210509
59,2005-03-31,SORL,USD,2006-02-09,2006-02-09 11:29:14,Q1,14500000.0,11300000.0,3200000.0,0.2206896551724138,0.0,-925589000.0,927089000.0,9153000.0,1500000.0,12777516000.0,0.0,200000.0,1900000.0,0.1310344827586207,1700000.0,0.11724137931034483,0.0,1700000.0,0.11724137931034483,0.0,1500000.0,0.10344827586206896,0.11278,0.11278,13300000.0,13300000.0,https://www.sec.gov/Archives/edgar/data/714284/000127528706000739/so4742.htm,https://www.sec.gov/Archives/edgar/data/714284/000127528706000739/so4742.htm,1620598169,18:09:29,20210509
60,2004-12-31,SORL,USD,2004-12-31,2004-12-31,Q4,13800000.0,10600000.0,3100000.0,0.2246376811594203,0.0,1700000.0,0.0,0.0,1700000.000000001,0.0,0.0,199999.99999999997,1600000.0,0.11594202898550725,1400000.0,0.10144927536231885,0.0,1400000.0,0.10144927536231885,0.0,1200000.0,0.08695652173913043,0.09302,0.09302,12900000.0,12900000.0,,,1620598169,18:09:29,20210509
61,2004-09-30,SORL,USD,2004-09-30,2004-09-30,Q3,12600000.0,9700000.0,2900000.0,0.23015873015873015,0.0,1100000.0,0.0,0.0,1200000.000000001,0.0,0.0,200000.0,1900000.0,0.15079365079365079,1700000.0,0.1349206349206349,0.0,1700000.0,0.1349206349206349,0.0,1500000.0,0.11904761904761904,0.11278,0.11278,13300000.0,13300000.0,,,1620598169,18:09:29,20210509
62,2004-06-30,SORL,USD,2004-06-30,2004-06-30,Q2,11400000.0,8700000.0,2700000.0,0.23684210526315788,0.0,1200000.0,0.0,0.0,1300000.0000000007,0.0,0.0,100000.0,1500000.0,0.13157894736842105,1400000.0,0.12280701754385964,0.0,1300000.0,0.11403508771929824,0.0,1300000.0,0.11403508771929824,0.05963,0.05963,21800000.0,21800000.0,,,1620598169,18:09:29,20210509
63,2004-03-31,SORL,USD,2004-03-31,2004-03-31,Q1,9100000.0,6800000.0,2200000.0,0.24175824175824176,0.0,1200000.0,0.0,0.0,1299999.9999999998,0.0,0.0,100000.0,1100000.0,0.12087912087912088,1000000.0,0.10989010989010989,0.0,1000000.0,0.10989010989010989,0.0,900000.0,0.0989010989010989,0.18367,0.18367,4900000.0,4900000.0,,,1620598169,18:09:29,20210509
64,2003-12-31,SORL,USD,2003-12-31,2003-12-31,Q4,9900000.0,8100000.0,1900000.0,0.1919191919191919,0.0,2500000.0,0.0,0.0,3300000.000000001,0.0,0.0,900000.0,-500000.0,-0.050505050505050504,-1400000.0,-0.1414141414141414,400000.0,-1100000.0,-0.1111111111111111,100000.0,-900000.0,-0.09090909090909091,-0.06923,-0.06923,13000000.0,13000000.0,,,1620598169,18:09:29,20210509
65,2003-09-30,SORL,USD,2003-09-30,2003-09-30,Q3,9000000.0,7100000.0,1900000.0,0.2111111111111111,0.0,1100000.0,0.0,0.0,1200000.000000001,0.0,0.0,700000.0,1400000.0,0.15555555555555556,700000.0,0.07777777777777778,100000.0,800000.0,0.08888888888888889,100000.0,600000.0,0.06666666666666667,0.12245,0.12245,4900000.0,4900000.0,,,1620598169,18:09:29,20210509
66,2003-06-30,SORL,USD,2003-06-30,2003-06-30,Q2,8000000.0,6300000.0,1700000.0,0.2125,0.0,700000.0,0.0,0.0,799999.9999999998,0.0,0.0,200000.0,1100000.0,0.1375,900000.0,0.1125,400000.0,1300000.0,0.1625,100000.0,1000000.0,0.125,0.20408,0.20408,4900000.0,4900000.0,,,1620598169,18:09:29,20210509
67,2003-03-31,SORL,USD,2003-03-31,2003-03-31,Q1,6200000.0,4900000.0,1300000.0,0.20967741935483872,0.0,700000.0,0.0,0.0,899999.9999999995,0.0,0.0,0.0,500000.0,0.080645,500000.0,0.08064516129032258,100000.0,600000.0,0.0967741935483871,100000.0,400000.0,0.06451612903225806,0.08163,0.08163,4900000.0,4900000.0,,,1620598169,18:09:29,20210509
