,date,symbol,reportedCurrency,fillingDate,acceptedDate,period,revenue,costOfRevenue,grossProfit,grossProfitRatio,researchAndDevelopmentExpenses,generalAndAdministrativeExpenses,sellingAndMarketingExpenses,otherExpenses,operatingExpenses,costAndExpenses,interestExpense,depreciationAndAmortization,ebitda,ebitdaratio,operatingIncome,operatingIncomeRatio,totalOtherIncomeExpensesNet,incomeBeforeTax,incomeBeforeTaxRatio,incomeTaxExpense,netIncome,netIncomeRatio,eps,epsdiluted,weightedAverageShsOut,weightedAverageShsOutDil,link,finalLink,timestamp,est_time,est_date
0,2018-12-31,TWER,USD,2019-04-01 00:00:00,2019-04-01 17:19:17,Q4,5836299.0,0.0,5836299.0,1.0,0.0,1419481.0,401478.0,5378280000.0,-3081706.0,6907478.0,1723759.0,1634881.0,-2908986119.0,-498.42993290782397,-2910621000.0,-498.7100558076274,-1839442.0,-2910621000.0,-498.7100558076274,-336598.0,-2574023000.0,-441.0368625733534,-6526.27856,-6526.27856,394409.0,394409.0,https://www.sec.gov/Archives/edgar/data/1349437/000143774919006265/0001437749-19-006265-index.html,https://www.sec.gov/Archives/edgar/data/1349437/000143774919006265/twer20181231_10k.htm,1620599148,18:25:48,20210509
1,2018-09-30,TWER,USD,2018-11-14 00:00:00,2018-11-14 16:54:18,Q3,6105451.0,0.0,6105451.0,1.0,0.0,1277540.0,431229.0,3460983000.0,3304029.0,6831757.0,1638413.0,1795247.0,-2580012753.0,-422.5752942739201,-2581808000.0,-422.8693343047058,-1855502.0,-2581808000.0,-422.8693343047058,0.0,-2581808000.0,-422.8693343047058,-6546.01695,-6546.01695,394409.0,394409.0,https://www.sec.gov/Archives/edgar/data/1349437/000143774918020847/0001437749-18-020847-index.html,https://www.sec.gov/Archives/edgar/data/1349437/000143774918020847/twer20180930_10q.htm,1620599148,18:25:48,20210509
2,2018-06-30,TWER,USD,2018-08-20 00:00:00,2018-08-20 16:45:18,Q2,6220758.0,0.0,6220758.0,1.0,0.0,1203533.0,385661.0,7416560000.0,3193001.0,6634461.0,1504354.0,1902288.0,-2229277712.0,-358.3611051900749,-2231180000.0,-358.66690200776173,-1817477.0,-2231180000.0,-358.66690200776173,0.0,-2231180000.0,-358.66690200776173,-5657.02101,-5657.02101,394409.0,394409.0,https://www.sec.gov/Archives/edgar/data/1349437/000143774918015875/0001437749-18-015875-index.html,https://www.sec.gov/Archives/edgar/data/1349437/000143774918015875/twer20180630_10q.htm,1620599148,18:25:48,20210509
3,2018-03-31,TWER,USD,2018-04-02 00:00:00,2018-04-02 13:40:49,Q1,6441802.0,0.0,6441802.0,1.0,0.0,1642576.0,748001.0,5932385000.0,4094174.0,7848146.0,1210697.0,1893921.0,-2821548079.0,-438.0060236250664,-2823442000.0,-438.3000284702945,-1417098.0,-2823442000.0,-438.3000284702945,0.0,-2823442000.0,-438.3000284702945,-7158.665243440185,-7158.846751639837,394409.0,394399.0,https://www.sec.gov/Archives/edgar/data/1349437/000143774918006024/0001437749-18-006024-index.html,https://www.sec.gov/Archives/edgar/data/1349437/000143774918006024/twer20171231_10k.htm,1620599148,18:25:48,20210509
4,2017-12-31,TWER,USD,2018-04-02 00:00:00,2018-04-02 13:40:49,Q4,6567407.0,0.0,6567407.0,1.0,0.0,2511571.0,910817.0,4383364000.0,3670074.0,7384915.0,1093165.0,463693.0,-2053091307.0,-312.61825359689146,-2053555000.0,-312.6888587839919,-5497000.0,-2137395000.0,-325.4549322129723,83840000.0,-2053555000.0,-312.6888587839919,-5206.663641042674,-6144.063739775128,394409.0,334234.0,https://www.sec.gov/Archives/edgar/data/1349437/000143774918006024/0001437749-18-006024-index.html,https://www.sec.gov/Archives/edgar/data/1349437/000143774918006024/twer20171231_10k.htm,1620599148,18:25:48,20210509
5,2017-09-30,TWER,USD,2017-11-14 00:00:00,2017-11-14 08:56:40,Q3,6555009.0,0.0,6555009.0,1.0,0.0,1610153.0,1130855.0,6063225000.0,4694527.0,8375561.0,1063851.0,2194947.0,-3133129053.0,-477.9747904236287,-3135324000.0,-478.3096407647953,-11000.0,-3135324000.0,-478.3096407647953,0.0,-3135324000.0,-478.3096407647953,-7949.423060832791,-9986.444046655923,394409.0,313958.0,https://www.sec.gov/Archives/edgar/data/1349437/000143774917019223/0001437749-17-019223-index.html,https://www.sec.gov/Archives/edgar/data/1349437/000143774917019223/twer20170930_10q.htm,1620599148,18:25:48,20210509
6,2017-06-30,TWER,USD,2017-08-11 00:00:00,2017-08-11 16:17:38,Q2,6517817.0,0.0,6517817.0,1.0,0.0,1905476.0,976790.0,6199588000.0,4982547.0,8690519.0,1019591.0,2366603.0,-3465376397.0,-531.6774614874888,-3467743000.0,-532.040558978566,3879000.0,-3467743000.0,-532.040558978566,0.0,-3467743000.0,-532.040558978566,-8792.251191022517,-164.22861294206012,394409.0,21115340.0,https://www.sec.gov/Archives/edgar/data/1349437/000143774917014541/0001437749-17-014541-index.html,https://www.sec.gov/Archives/edgar/data/1349437/000143774917014541/twer20170630_10q.htm,1620599148,18:25:48,20210509
7,2017-03-31,TWER,USD,2017-05-15 00:00:00,2017-05-15 09:18:05,Q1,6572317.0,0.0,6572317.0,1.0,0.0,1905410.0,864976.0,6710401000.0,5203887.0,9113105.0,965439.0,2724201.0,-3810335799.0,-579.7553281437886,-3813060000.0,-580.1698244317795,1629000.0,-3813060000.0,-580.1698244317795,0.0,-3813060000.0,-580.1698244317795,-9667.78141472431,-193.38687152538,394409.0,19717264.0,https://www.sec.gov/Archives/edgar/data/1349437/000143774917009077/0001437749-17-009077-index.html,https://www.sec.gov/Archives/edgar/data/1349437/000143774917009077/twer20170331_10q.htm,1620599148,18:25:48,20210509
8,2016-12-31,TWER,USD,2017-03-31 00:00:00,2017-03-31 14:00:47,Q4,6624998.0,0.0,6624998.0,1.0,0.0,2305216.0,800717.0,7091449000.0,5417331.0,9818648.0,4497945.0,2648338.0,-5077031662.0,-766.344633160644,-5079680000.0,-766.7443824133985,-20138058.0,-3223616000.0,-486.583694063002,56663.0,-3522054000.0,-531.6309529451934,-8929.953423983732,-587.2390019424274,394409.0,5997650.0,https://www.sec.gov/Archives/edgar/data/1349437/000143774917005741/0001437749-17-005741-index.html,https://www.sec.gov/Archives/edgar/data/1349437/000143774917005741/twer20161231_10k.htm,1620599148,18:25:48,20210509
9,2016-09-30,TWER,USD,2016-11-14 00:00:00,2016-11-10 21:53:50,Q3,6664183.0,0.0,6664183.0,1.0,0.0,2684103.0,757317.0,7250176000.0,6434177.0,10274333.0,0.0,3389173.0,-5187204827.0,-778.3707060565414,-5190594000.0,-778.8792714725871,0.0,-5190594000.0,-778.8792714725871,0.0,-5190594000.0,-778.8792714725871,-13160.434979931999,-1299.973502609417,394409.0,3992846.0,https://www.sec.gov/Archives/edgar/data/1349437/000143774916041785/0001437749-16-041785-index.html,https://www.sec.gov/Archives/edgar/data/1349437/000143774916041785/twer20160830_10q.htm,1620599148,18:25:48,20210509
10,2016-06-30,TWER,USD,2016-08-15 00:00:00,2016-08-15 12:12:33,Q2,6872342.0,0.0,6872342.0,1.0,0.0,2089206.0,883961.0,7458499000.0,6017299.0,9947003.0,0.0,3468441.0,-4659483559.0,-678.0051922619683,-4662952000.0,-678.5098878955674,1607120.0,-4730528000.0,-688.3429258904752,0.0,-4730528000.0,-688.3429258904752,-11993.96565494195,-1396.4814955857807,394409.0,3387462.0,https://www.sec.gov/Archives/edgar/data/1349437/000143774916037410/0001437749-16-037410-index.html,https://www.sec.gov/Archives/edgar/data/1349437/000143774916037410/twer20160630_10q.htm,1620599148,18:25:48,20210509
11,2016-03-31,TWER,USD,2016-05-10 00:00:00,2016-05-10 16:48:23,Q1,6734090.0,0.0,6734090.0,1.0,0.0,2522983.0,1494920.0,6913753000.0,6545550.0,10388465.0,0.0,2979571.0,-5258515429.0,-780.8798856267142,-5261495000.0,-781.3223464491862,-1607120000.0,-6993320000.0,-1038.4951790071116,0.0,-6993320000.0,-1038.4951790071116,-17731.136966955622,-102.76615672219498,394409.0,68050808.0,https://www.sec.gov/Archives/edgar/data/1349437/000143774916031449/0001437749-16-031449-index.html,https://www.sec.gov/Archives/edgar/data/1349437/000143774916031449/twer20160331_10q.htm,1620599148,18:25:48,20210509
12,2015-12-31,TWER,USD,2016-03-18 00:00:00,2016-03-18 17:03:57,Q4,4290504.0,8302893000.0,-8298602496.0,-1934.178944012172,0.0,3007283.0,1473707.0,-8342183000.0,3900442.0,-12705344000.0,0.0,-100986.0,8591969.0,2.002554711521071,8692955.0,2.026091806463763,-6652786000.0,7040543.0,1.6409594304072435,37562000.0,-14199499000.0,-3309.517716333559,-36001.96496530252,-209.02621466695663,394409.0,67931666.0,https://www.sec.gov/Archives/edgar/data/1349437/000143774916028047/0001437749-16-028047-index.html,https://www.sec.gov/Archives/edgar/data/1349437/000143774916028047/twer20151231_10k.htm,1620599148,18:25:48,20210509
13,2015-09-30,TWER,USD,2015-11-09 00:00:00,2015-11-09 16:02:40,Q3,7797291.0,6186834.0,1610457.0,0.2065405792858058,0.0,3504916.0,1513650.0,10933263000.0,8454201.0,14641035.0,0.0,3942553.0,-8505483447.0,-1090.82544783823,-8509426000.0,-1091.3310789606287,3334692000.0,-8509426000.0,-1091.3310789606287,0.0,-8509426000.0,-1091.3310789606287,-21575.13139913136,-125.29300257931055,394409.0,67916211.0,https://www.sec.gov/Archives/edgar/data/1349437/000143774915020235/0001437749-15-020235-index.html,https://www.sec.gov/Archives/edgar/data/1349437/000143774915020235/twer20150930_10q.htm,1620599148,18:25:48,20210509
14,2015-06-30,TWER,USD,2015-08-10 00:00:00,2015-08-10 16:04:19,Q2,7857133.0,6319537.0,1537596.0,0.19569428187100815,0.0,3760386.0,1548480.0,11060883000.0,8717979.0,15037516.0,0.0,3942819.0,-8846868181.0,-1125.9664537942783,-8850811000.0,-1126.4682677510996,-1670428000.0,-8850811000.0,-1126.4682677510996,0.0,-8850811000.0,-1126.4682677510996,-22440.69227629187,-130.36839720085075,394409.0,67890771.0,https://www.sec.gov/Archives/edgar/data/1349437/000143774915015411/0001437749-15-015411-index.html,https://www.sec.gov/Archives/edgar/data/1349437/000143774915015411/twer20150630_10q.htm,1620599148,18:25:48,20210509
15,2015-03-31,TWER,USD,2015-05-11 00:00:00,2015-05-11 16:01:53,Q1,7960095.0,6400367.0,1559728.0,0.19594339012285658,0.0,4110717.0,1328430.0,11021229000.0,8818530.0,15218897.0,0.0,3939322.0,-8919126678.0,-1120.4799286943185,-8923066000.0,-1120.9748124865343,-1664264000.0,-8923066000.0,-1120.9748124865343,0.0,-8923066000.0,-1120.9748124865343,-22623.890428463852,-131.49850046691716,394409.0,67856789.0,https://www.sec.gov/Archives/edgar/data/1349437/000143774915009699/0001437749-15-009699-index.html,https://www.sec.gov/Archives/edgar/data/1349437/000143774915009699/twer20150331_10q.htm,1620599148,18:25:48,20210509
16,2014-12-31,TWER,USD,2015-03-12,2015-03-12 16:09:14,Q4,8089795.0,6351252.0,1738543.0,0.21490569291310843,0.0,3842448.0,1396488.0,10928262000.0,8583479.0,14934731.0,0.0,3926447.0,-8350805553.0,-1032.2641739376586,-8354732000.0,-1032.749531972071,-3459000.0,-8354732000.0,-1032.749531972071,78532.0,-8433264000.0,-1042.4570709146524,-21382.027286395594,-126.23934814933415,394409.0,66803767.0,https://www.sec.gov/Archives/edgar/data/1349437/000143774915004899/0001437749-15-004899-index.htm,https://www.sec.gov/Archives/edgar/data/1349437/000143774915004899/twer20141231_10k.htm,1620599148,18:25:48,20210509
17,2014-09-30,TWER,USD,2014-11-10 00:00:00,2014-11-10 16:02:42,Q3,8301604.0,6210920.0,2090684.0,0.2518409695282984,0.0,3625747.0,1353015.0,10773476000.0,8297157.0,14508077.0,0.0,3318395.0,-6250754605.0,-752.9574531620636,-6254073000.0,-753.3571825396634,-3630000.0,-6254073000.0,-753.3571825396634,0.0,-6254073000.0,-753.3571825396634,-15856.82121858274,-94.01614373941494,394409.0,66521267.0,https://www.sec.gov/Archives/edgar/data/1349437/000143774914020243/0001437749-14-020243-index.html,https://www.sec.gov/Archives/edgar/data/1349437/000143774914020243/twer20140930_10q.htm,1620599148,18:25:48,20210509
18,2014-06-30,TWER,USD,2014-08-11 00:00:00,2014-08-11 16:02:29,Q2,8264848.0,6101912.0,2162936.0,0.2617030585438474,0.0,3814272.0,1399089.0,10530249000.0,8494423.0,14596336.0,-70471.0,3281062.0,-6391324938.0,-773.3142748662771,-6394606000.0,-773.7112648653672,-3630000.0,-6394606000.0,-773.7112648653672,0.0,-6394606000.0,-773.7112648653672,-16213.134081625927,-96.21883621059925,394409.0,66458983.0,https://www.sec.gov/Archives/edgar/data/1349437/000143774914014968/0001437749-14-014968-index.html,https://www.sec.gov/Archives/edgar/data/1349437/000143774914014968/twer20140630_10q.htm,1620599148,18:25:48,20210509
19,2014-03-31,TWER,USD,2014-05-12 00:00:00,2014-05-12 16:03:34,Q1,8379906.0,5855944.0,2523962.0,0.30119216134405324,0.0,3850074.0,1421599.0,10723494000.0,8967088.0,14823032.0,70471.0,3695415.0,-6506111585.0,-776.394339626244,-6509807000.0,-776.8353248831193,-3630000.0,-6509807000.0,-776.8353248831193,0.0,-6509807000.0,-776.8353248831193,-16505.219201387394,-97.9816225879532,394409.0,66439061.0,https://www.sec.gov/Archives/edgar/data/1349437/000143774914008729/0001437749-14-008729-index.html,https://www.sec.gov/Archives/edgar/data/1349437/000143774914008729/twer20140331_10q.htm,1620599148,18:25:48,20210509
20,2013-12-31,TWER,USD,2014-03-17,2014-03-17 16:08:08,Q4,8521223.0,6574233.0,1946990.0,0.2284871549541656,0.0,3430829.0,1446212.0,11043689000.0,8574925.0,15149158.0,66336.0,3697884.0,-6692211116.0,-785.3580543544043,-6695909000.0,-785.7920160052142,-4130000.0,-6695909000.0,-785.7920160052142,78531.0,-6774440000.0,-795.0079466292573,-17176.180056743127,-103.93224683578774,394409.0,65181310.0,https://www.sec.gov/Archives/edgar/data/1349437/000143774914004347/0001437749-14-004347-index.htm,https://www.sec.gov/Archives/edgar/data/1349437/000143774914004347/twer20131231_10k.htm,1620599148,18:25:48,20210509
21,2013-09-30,TWER,USD,2013-11-12 00:00:00,2013-11-12 16:06:17,Q3,8400663.0,5772663.0,2628000.0,0.3128324514386543,0.0,3492878.0,1368628.0,10512017000.0,8708150.0,14480813.0,59737.0,3846644.0,-6139546356.0,-730.8406915025636,-6143393000.0,-731.2985891708786,-3630000.0,-6143393000.0,-731.2985891708786,0.0,-6143393000.0,-731.2985891708786,-15576.198818992467,-94.85802200401658,394409.0,64764085.0,https://www.sec.gov/Archives/edgar/data/1349437/000143774913014493/0001437749-13-014493-index.html,https://www.sec.gov/Archives/edgar/data/1349437/000143774913014493/twer20130930_10q.htm,1620599148,18:25:48,20210509
22,2013-06-30,TWER,USD,2013-08-08 00:00:00,2013-08-08 16:07:10,Q2,8212175.0,5360291.0,2851884.0,0.3472751128659582,0.0,3623746.0,1523804.0,10283830000.0,9083376.0,14443667.0,58793.0,3935826.0,-6227214174.0,-758.2904862597302,-6231150000.0,-758.7697534453418,342.0,-6231150000.0,-758.7697534453418,0.0,-6231150000.0,-758.7697534453418,-15798.701348092969,-97.46634277732504,394409.0,63931300.0,https://www.sec.gov/Archives/edgar/data/1349437/000143774913010277/0001437749-13-010277-index.html,https://www.sec.gov/Archives/edgar/data/1349437/000143774913010277/twer20130630_10q.htm,1620599148,18:25:48,20210509
23,2013-03-31,TWER,USD,2013-05-09 00:00:00,2013-05-09 16:03:14,Q1,8299223.0,5230641.0,3068582.0,0.36974328801623957,0.0,4285158.0,1440856.0,10249287000.0,9597101.0,14827742.0,35768.0,3871087.0,-5622434913.0,-677.4652172860037,-5626306000.0,-677.9316569755988,902213.0,-5626306000.0,-677.9316569755988,0.0,-5626306000.0,-677.9316569755988,-14265.156221080148,-88.00549965353434,394409.0,63931300.0,https://www.sec.gov/Archives/edgar/data/1349437/000114420413027402/0001144204-13-027402-index.html,https://www.sec.gov/Archives/edgar/data/1349437/000114420413027402/v341721_10q.htm,1620599148,18:25:48,20210509
24,2012-12-31,TWER,USD,2013-03-18 00:00:00,2013-03-18 16:46:07,Q4,2444850.0,5153074000.0,-5150629150.0,-2106.726036362149,0.0,4077120.0,903770.0,10099316000.0,9358297.0,19664445000.0,-54175.0,-890486.0,4408824.0,1.8033106325541444,5299310.0,2.1675399308751047,2340626.0,7639936.0,3.124909912673579,118018.0,7521918.0,3.076637830541751,19.071365004348277,0.14038692042498171,394409.0,53579906.0,https://www.sec.gov/Archives/edgar/data/1349437/000114420413015859/0001144204-13-015859-index.html,https://www.sec.gov/Archives/edgar/data/1349437/000114420413015859/v335936_10k.htm,1620599148,18:25:48,20210509
25,2012-09-30,TWER,USD,2012-11-08 00:00:00,2012-11-08 16:03:37,Q3,8127507.0,4439475.0,3688032.0,0.45377161779128583,0.0,4150344.0,1518229.0,8967048000.0,9068015.0,13507490.0,37247.0,3399442.0,-5404834558.0,-665.0052172209756,-5408234000.0,-665.4234810256085,-1210000.0,-5408234000.0,-665.4234810256085,0.0,-5408234000.0,-665.4234810256085,-13712.247945660469,-100.93772840885536,394409.0,53579906.0,https://www.sec.gov/Archives/edgar/data/1349437/000114420412060416/0001144204-12-060416-index.html,https://www.sec.gov/Archives/edgar/data/1349437/000114420412060416/v325613_10q.htm,1620599148,18:25:48,20210509
26,2012-06-30,TWER,USD,2012-08-09 00:00:00,2012-08-09 16:02:45,Q2,8103321.0,3718626.0,4384695.0,0.5410985199771797,0.0,4239926.0,1510277.0,8239624000.0,9098486.0,12817112.0,16670.0,3348283.0,-4755310717.0,-586.834794894587,-4758659000.0,-587.2479937546593,-2130000.0,-4758659000.0,-587.2479937546593,0.0,-4758659000.0,-587.2479937546593,-12065.29009226463,-88.81424689322897,394409.0,53579906.0,https://www.sec.gov/Archives/edgar/data/1349437/000114420412044016/0001144204-12-044016-index.html,https://www.sec.gov/Archives/edgar/data/1349437/000114420412044016/v318310_10q.htm,1620599148,18:25:48,20210509
27,2012-03-31,TWER,USD,2012-05-10,2012-05-10 16:00:54,Q1,7819059.0,3068011.0,4751048.0,0.6076240120454393,0.0,4410206.0,1429827.0,7416905000.0,9121112.0,12189123.0,22316.0,3281079.0,-4376850921.0,-559.7669644134927,-4380132000.0,-560.186590227801,-4930000.0,-4380132000.0,-560.186590227801,0.0,-4380132000.0,-560.186590227801,-11105.557936051155,-81.74952751876795,394409.0,53579906.0,https://www.sec.gov/Archives/edgar/data/1349437/000114420412027594/0001144204-12-027594-index.htm,https://www.sec.gov/Archives/edgar/data/1349437/000114420412027594/v310852_10q.htm,1620599148,18:25:48,20210509
28,2011-12-31,TWER,USD,2012-03-14 00:00:00,2012-03-14 16:01:57,Q4,7184773.0,2588766.0,4596007.0,0.6396871550430334,0.0,3849474.0,1259305.0,6216252000.0,7760509.0,10349275.0,8540.0,2651730.0,-1477727270.0,-205.67487240028322,-1480379000.0,-206.0439487788967,1684123.0,-1480379000.0,-206.0439487788967,118018.0,-1598397000.0,-222.4700766468196,-4052.638251155526,-29.8320232215413,394409.0,53579906.0,https://www.sec.gov/Archives/edgar/data/1349437/000114420412014858/0001144204-12-014858-index.html,https://www.sec.gov/Archives/edgar/data/1349437/000114420412014858/v303853_10k.htm,1620599148,18:25:48,20210509
29,2011-09-30,TWER,USD,2011-11-14 00:00:00,2011-11-14 16:00:28,Q3,6775892.0,2231428.0,4544464.0,0.6706812918505785,0.0,3526338.0,1348408.0,5400116000.0,7173534.0,9404962.0,8728.0,2298788.0,-2618112212.0,-386.3863550363554,-2620411000.0,-386.72561487107527,8659.0,-2620411000.0,-386.72561487107527,0.0,-2620411000.0,-386.72561487107527,-6643.892507523916,-48.906599425538374,394409.0,53579906.0,https://www.sec.gov/Archives/edgar/data/1349437/000114420411064288/0001144204-11-064288-index.html,https://www.sec.gov/Archives/edgar/data/1349437/000114420411064288/v239331_10q.htm,1620599148,18:25:48,20210509
30,2011-06-30,TWER,USD,2011-08-15 00:00:00,2011-08-15 16:03:31,Q2,6581059000.0,3352122.0,6577706878.0,0.9994906409439575,0.0,2998028.0,2720659.0,4792595000.0,6592103.0,10284533000.0,-350995210.0,-969812200.0,-2263527200.0,-0.3439457388241011,-1293715000.0,-0.19658158360227435,564657.0,-1293715000.0,-0.19658158360227435,-312000000.0,-1293715000.0,-0.19658158360227435,-3280.135595283069,-24.145525749895867,394409.0,53579906.0,https://www.sec.gov/Archives/edgar/data/1349437/000114420411047180/0001144204-11-047180-index.html,https://www.sec.gov/Archives/edgar/data/1349437/000114420411047180/v232106_10q.htm,1620599148,18:25:48,20210509
31,2011-03-31,TWER,USD,2011-05-10 00:00:00,2011-05-10 16:35:29,Q1,5953013000.0,1505907000.0,4447106000.0,0.7470344848902564,0.0,2646419.0,1339802000.0,4251512000.0,5960803.0,8972617000.0,2588000.0,1974582000.0,461998000.0,0.07760742333336076,-1512584000.0,-0.2540871320119744,-1891000.0,-1512584000.0,-0.2540871320119744,0.0,-1512584000.0,-0.2540871320119744,-0.03584,-0.03584,42209682000.0,42209682000.0,https://www.sec.gov/Archives/edgar/data/1349437/000114420411027709/0001144204-11-027709-index.html,https://www.sec.gov/Archives/edgar/data/1349437/000114420411027709/v221654_10q.htm,1620599148,18:25:48,20210509
32,2010-12-31,TWER,USD,2011-03-17,2011-03-17 16:17:39,Q4,5452487000.0,1354308000.0,4098179000.0,0.7516164641933122,0.0,2587360.0,1255181000.0,3675180000.0,5500847.0,8209463000.0,489000.0,1658306000.0,280758000.0,0.05149173212150712,-1377548000.0,-0.25264581098496885,-334678000.0,-1377548000.0,-0.25264581098496885,0.0,-1377548000.0,-0.25264581098496885,-0.03867,-0.03867,35626783000.0,35626783000.0,https://www.sec.gov/Archives/edgar/data/1349437/000114420411015571/0001144204-11-015571-index.htm,https://www.sec.gov/Archives/edgar/data/1349437/000114420411015571/v214942_10k.htm,1620599148,18:25:48,20210509
33,2010-09-30,TWER,USD,2010-11-04 00:00:00,2010-11-04 16:02:43,Q3,5080650000.0,1251686000.0,3828964000.0,0.7536366409809768,0.0,2394681.0,1286402000.0,3444893000.0,5237702.0,7741074000.0,0.0,1556619000.0,169465000.0,0.033354984106364345,-1387154000.0,-0.27302687648233986,21584000.0,-1387154000.0,-0.27302687648233986,0.0,-1387154000.0,-0.27302687648233986,-0.03979,-0.03979,34863834000.0,34863834000.0,https://www.sec.gov/Archives/edgar/data/1349437/000114420410057606/0001144204-10-057606-index.html,https://www.sec.gov/Archives/edgar/data/1349437/000114420410057606/v200905_10q.htm,1620599148,18:25:48,20210509
34,2010-06-30,TWER,USD,2010-08-04 00:00:00,2010-08-04 16:01:17,Q2,4868539000.0,1207100000.0,3661439000.0,0.75206114195655,0.0,2578931.0,1313704000.0,3333544000.0,5346874.0,7761074000.0,0.0,1454239000.0,147707000.0,0.03033908119047624,-1306532000.0,-0.2683622335160507,378903000.0,-1306532000.0,-0.2683622335160507,0.0,-1306532000.0,-0.2683622335160507,-0.03755,-0.03755,34792171000.0,34792171000.0,https://www.sec.gov/Archives/edgar/data/1349437/000114420410041167/0001144204-10-041167-index.html,https://www.sec.gov/Archives/edgar/data/1349437/000114420410041167/v192396_10q.htm,1620599148,18:25:48,20210509
35,2010-03-31,TWER,USD,2010-05-11 00:00:00,2010-05-11 16:02:03,Q1,4244217000.0,1074787000.0,3169430000.0,0.7467643619541602,0.0,2387063.0,1232798000.0,2754214000.0,4721032.0,6870606000.0,0.0,1101171000.0,-430602000.0,-0.1014561696539079,-1531773000.0,-0.36090826647176616,19829000.0,-1531773000.0,-0.36090826647176616,0.0,-1531773000.0,-0.36090826647176616,-0.04418,-0.04418,34668162000.0,34668162000.0,https://www.sec.gov/Archives/edgar/data/1349437/000114420410026147/0001144204-10-026147-index.html,https://www.sec.gov/Archives/edgar/data/1349437/000114420410026147/v184284_10q.htm,1620599148,18:25:48,20210509
36,2009-12-31,TWER,USD,2010-03-17 00:00:00,2010-03-17 16:00:35,Q4,4042332000.0,1017869000.0,3024463000.0,0.7481975750631071,0.0,2314754.0,1205084000.0,2642468000.0,4589501.0,6625239000.0,186709000.0,1069663000.0,-902206000.0,-0.22318948567312136,-1971869000.0,-0.4878048116780116,-406831000.0,-1971869000.0,-0.4878048116780116,0.0,-1971869000.0,-0.4878048116780116,-0.05698,-0.05698,34606798000.0,34606798000.0,https://www.sec.gov/Archives/edgar/data/1349437/000114420410014092/0001144204-10-014092-index.html,https://www.sec.gov/Archives/edgar/data/1349437/000114420410014092/v177599_10k.htm,1620599148,18:25:48,20210509
37,2009-09-30,TWER,USD,2009-11-04 00:00:00,2009-11-04 16:04:08,Q3,3782456000.0,931368000.0,2851088000.0,0.7537663359468029,0.0,2209132.0,1379291000.0,2511047000.0,4624083.0,6486819000.0,184774000.0,1035660000.0,-1102042000.0,-0.29135619819503517,-2137702000.0,-0.565162423568179,-364707000.0,-2137702000.0,-0.565162423568179,0.0,-2137702000.0,-0.565162423568179,-0.06179,-0.06179,34597743000.0,34597743000.0,https://www.sec.gov/Archives/edgar/data/1349437/000114420409056522/0001144204-09-056522-index.html,https://www.sec.gov/Archives/edgar/data/1349437/000114420409056522/v164690_10q.htm,1620599148,18:25:48,20210509
38,2009-06-30,TWER,USD,2009-08-05 00:00:00,2009-08-05 16:06:04,Q2,3673581000.0,914938000.0,2758643000.0,0.7509411116836678,0.0,2280002.0,1385624000.0,2381450000.0,4647949.0,6494066000.0,185570000.0,982323000.0,-1117690000.0,-0.3042508114017358,-2100013000.0,-0.571652836836863,-194466000.0,-2100013000.0,-0.571652836836863,0.0,-2100013000.0,-0.571652836836863,-0.06071,-0.06071,34591322000.0,34591322000.0,https://www.sec.gov/Archives/edgar/data/1349437/000114420409040551/0001144204-09-040551-index.html,https://www.sec.gov/Archives/edgar/data/1349437/000114420409040551/v156367_10q.htm,1620599148,18:25:48,20210509
39,2009-03-31,TWER,USD,2009-05-06 00:00:00,2009-05-06 16:30:18,Q1,3417066000.0,825914000.0,2591152000.0,0.7582973229080152,0.0,2255925.0,1575715000.0,2323359000.0,4779261.0,6431089000.0,183356000.0,947621000.0,-1468045000.0,-0.4296214939951409,-2415666000.0,-0.7069415691707447,-227557000.0,-2415666000.0,-0.7069415691707447,0.0,-2415666000.0,-0.7069415691707447,-0.06984,-0.06984,34587854000.0,34587854000.0,https://www.sec.gov/Archives/edgar/data/1349437/000114420409024431/0001144204-09-024431-index.html,https://www.sec.gov/Archives/edgar/data/1349437/000114420409024431/v148183_10q.htm,1620599148,18:25:48,20210509
40,2008-12-31,TWER,USD,2009-03-18 00:00:00,2009-03-18 16:04:39,Q4,3210157000.0,1031337000.0,2178820000.0,0.6787269283091139,0.0,0.0,1765592000.0,-6735511000.0,4843209.0,-2213034000.0,115028000.0,936042000.0,-1886651000.0,-0.587712999706868,-2822693000.0,-0.8793006074157743,-158304000.0,-2822693000.0,-0.8793006074157743,0.0,-2822693000.0,-0.8793006074157743,-0.08171,-0.08171,34543972000.0,34543972000.0,https://www.sec.gov/Archives/edgar/data/1349437/000114420409014809/0001144204-09-014809-index.html,https://www.sec.gov/Archives/edgar/data/1349437/000114420409014809/v142914_10k.htm,1620599148,18:25:48,20210509
41,2008-09-30,TWER,USD,2008-11-06 00:00:00,2008-11-05 19:13:16,Q3,2869949000.0,3044763000.0,-174814000.0,-0.06091188380002571,0.0,0.0,2058901000.0,2341302000.0,5061177.0,9136464000.0,105589000.0,857368000.0,-2358665000.0,-0.8218490990606453,-3216033000.0,-1.1205889024508797,5719000.0,-3216033000.0,-1.1205889024508797,0.0,-3216033000.0,-1.1205889024508797,-0.09312,-0.09312,34536321000.0,34536321000.0,https://www.sec.gov/Archives/edgar/data/1349437/000114420408061305/0001144204-08-061305-index.html,https://www.sec.gov/Archives/edgar/data/1349437/000114420408061305/v130665_10q.htm,1620599148,18:25:48,20210509
42,2008-06-30,TWER,USD,2008-08-11 00:00:00,2008-08-11 17:10:25,Q2,2494094000.0,976075000.0,1518019000.0,0.6086454640442581,0.0,0.0,2056713000.0,2238159000.0,5224216.0,5286305000.0,105958000.0,752667000.0,-2977424000.0,-1.1937898090448877,-3730091000.0,-1.4955695334658599,38195000.0,-3730091000.0,-1.4955695334658599,0.0,-3730091000.0,-1.4955695334658599,-0.10804,-0.10804,34526080000.0,34526080000.0,https://www.sec.gov/Archives/edgar/data/1349437/000114420408045417/0001144204-08-045417-index.html,https://www.sec.gov/Archives/edgar/data/1349437/000114420408045417/v122388_10q.htm,1620599148,18:25:48,20210509
43,2008-03-31,TWER,USD,2008-05-07 00:00:00,2008-05-07 16:01:49,Q1,2081881000.0,976075000.0,1105806000.0,0.531157160279574,0.0,0.0,1811062000.0,2073756000.0,4815284.0,6767434000.0,183018000.0,676639000.0,-2931963000.0,-1.4083240108344328,-3608602000.0,-1.7333373041014353,100876000.0,-3608602000.0,-1.7333373041014353,0.0,-3608602000.0,-1.7333373041014353,-0.10461,-0.10461,34495828000.0,34495828000.0,https://www.sec.gov/Archives/edgar/data/1349437/000114420408026600/0001144204-08-026600-index.html,https://www.sec.gov/Archives/edgar/data/1349437/000114420408026600/v112811_10q.htm,1620599148,18:25:48,20210509
44,2007-12-31,TWER,USD,2008-03-19,2008-03-19 16:01:24,Q4,1905894000.0,690283000.0,1215611000.0,0.6378166886511002,0.0,0.0,1442298000.0,1753478000.0,9984100.0,5713112000.0,132850000.0,600737000.0,-2126142000.0,-1.1155615160129577,-2726879000.0,-1.4307611021389437,-4499000.0,-2726879000.0,-1.4307611021389437,0.0,-2726879000.0,-1.4307611021389437,-0.09325,-0.09325,29243802000.0,29243802000.0,https://www.sec.gov/Archives/edgar/data/1349437/000114420408016356/0001144204-08-016356-index.htm,https://www.sec.gov/Archives/edgar/data/1349437/000114420408016356/v107123_10ksb.htm,1620599148,18:25:48,20210509
45,2007-09-30,TWER,USD,2007-11-07,2007-11-07 16:13:24,Q3,1764689000.0,715728000.0,1048961000.0,0.5944169199218673,0.0,969759.0,2145813000.0,1401814000.0,1275396.0,4673803000.0,1214061000.0,501889000.0,-1243851000.0,-0.7048556431189859,-1745740000.0,-0.9892621306077162,-326229000.0,-1745740000.0,-0.9892621306077162,0.0,-1745740000.0,-0.9892621306077162,-0.06322,-0.06322,27614003000.0,27614003000.0,https://www.sec.gov/Archives/edgar/data/1349437/000095013607007518/0000950136-07-007518-index.htm,https://www.sec.gov/Archives/edgar/data/1349437/000095013607007518/file1.htm,1620599148,18:25:48,20210509
46,2007-06-30,TWER,USD,2007-08-14,2007-08-14 14:28:30,Q2,1632061000.0,555413000.0,1076648000.0,0.6596861269278538,0.0,952820.0,0.0,1138547000.0,1245864.0,4522334000.0,99034000.0,415115000.0,-3613991000.0,-2.214372502008197,-4029106000.0,-2.46872267641957,152761000.0,-4029106000.0,-2.46872267641957,0.0,-4029106000.0,-2.46872267641957,-0.16561,-0.16561,24329043000.0,24329043000.0,https://www.sec.gov/Archives/edgar/data/1349437/000095013607005656/0000950136-07-005656-index.htm,https://www.sec.gov/Archives/edgar/data/1349437/000095013607005656/file1.htm,1620599148,18:25:48,20210509
47,2007-03-21,TWER,USD,2007-05-11,2007-05-11 17:28:39,Q1,1580699000.0,507641000.0,1073058000.0,0.6788503060987576,0.0,1761161000.0,0.0,986526000.0,2747687000.0,3255328000.0,-471171000.0,361774000.0,361774000.0,0.22886963299148036,0.0,0.0,2360000.0,0.0,0.0,0.0,0.0,0.0,-0.07,-0.07,23706263000000.0,23706263000000.0,https://www.sec.gov/Archives/edgar/data/1349437/000095013607003420/0000950136-07-003420-index.htm,https://www.sec.gov/Archives/edgar/data/1349437/000095013607003420/file1.htm,1620599148,18:25:48,20210509
48,2006-11-30,TWER,USD,2007-03-13,2007-03-13 09:26:31,Q4,1082000.0,2672000.0,-1590000.0,-1.4695009242144177,0.0,0.0,0.0,0.0,10084.0,-2672000.0,0.0,0.0,-53232000.0,-49.19778188539741,-53232000.0,-49.19778188539741,0.0,0.0,0.0,0.0,0.0,0.0,-0.02,-0.02,4450010.0,4450010.0,https://www.sec.gov/Archives/edgar/data/1349437/000114420407012386/0001144204-07-012386-index.htm,https://www.sec.gov/Archives/edgar/data/1349437/000114420407012386/v068189_10ksb.htm,1620599148,18:25:48,20210509
49,2006-08-31,TWER,USD,2006-10-13,2006-10-13 14:35:31,Q3,3461000.0,3833000.0,-372000.0,-0.10748338630453626,0.0,1323.0,0.0,0.0,8270.0,3833000.0,0.0,0.0,0.0,0.0,0.0,0.0,0.0,0.0,0.0,0.0,0.0,0.0,-0.01,-0.01,4450010.0,4450010.0,https://www.sec.gov/Archives/edgar/data/1349437/000112785506000550/0001127855-06-000550-index.htm,https://www.sec.gov/Archives/edgar/data/1349437/000112785506000550/ugc10qsb083106.htm,1620599148,18:25:48,20210509
50,2006-05-31,TWER,USD,2006-07-14,2006-07-14 17:10:54,Q2,1735000.0,3367000.0,-1632000.0,-0.9406340057636887,0.0,4100.0,0.0,0.0,11764.0,3367000.0,0.0,0.0,0.0,0.0,0.0,0.0,0.0,0.0,0.0,0.0,0.0,0.0,-0.01,-0.01,4450010.0,4450010.0,https://www.sec.gov/Archives/edgar/data/1349437/000112785506000378/0001127855-06-000378-index.htm,https://www.sec.gov/Archives/edgar/data/1349437/000112785506000378/ugc10qsb053106.htm,1620599148,18:25:48,20210509
