,date,symbol,reportedCurrency,fillingDate,acceptedDate,period,revenue,costOfRevenue,grossProfit,grossProfitRatio,researchAndDevelopmentExpenses,generalAndAdministrativeExpenses,sellingAndMarketingExpenses,otherExpenses,operatingExpenses,costAndExpenses,interestExpense,depreciationAndAmortization,ebitda,ebitdaratio,operatingIncome,operatingIncomeRatio,totalOtherIncomeExpensesNet,incomeBeforeTax,incomeBeforeTaxRatio,incomeTaxExpense,netIncome,netIncomeRatio,eps,epsdiluted,weightedAverageShsOut,weightedAverageShsOutDil,link,finalLink,timestamp,est_time,est_date
0,2018-09-30,NXTM,USD,2018-11-07 00:00:00,2018-11-07 16:48:48,Q3,108122000.0,61589000.0,46533000.0,0.4303749468193337,9698000.0,-8161000.0,17549000.0,8636000.0,45271000.0,106860000.0,0.0,8684000.0,9946000.0,0.09198867945469007,1262000.0,0.011672000147980985,40000.0,1302000.0,0.012041952609089732,512000.0,881000.0,0.008148202955920164,0.01324,0.01324,66522000,66522000,https://www.sec.gov/Archives/edgar/data/1333170/000133317018000013/0001333170-18-000013-index.html,https://www.sec.gov/Archives/edgar/data/1333170/000133317018000013/nxtm2018093010q.htm,1620595971,17:32:51,20210509
1,2018-06-30,NXTM,USD,2018-08-07 00:00:00,2018-08-07 15:14:56,Q2,106970000.0,61023000.0,45947000.0,0.4295316443862765,10593000.0,-8380000.0,18131000.0,8561000.0,47036000.0,108059000.0,0.0,8642000.0,7553000.0,0.0706085818453772,-1089000.0,-0.010180424418061138,-1242000.0,-1849000.0,-0.017285220155183696,372000.0,-2221000.0,-0.020762830700196317,-0.033387450768166925,-0.033372400528909725,66522000,66552000,https://www.sec.gov/Archives/edgar/data/1333170/000133317018000010/0001333170-18-000010-index.html,https://www.sec.gov/Archives/edgar/data/1333170/000133317018000010/nxtm2018063010q.htm,1620595971,17:32:51,20210509
2,2018-03-31,NXTM,USD,2018-05-10 00:00:00,2018-05-10 12:31:44,Q1,107298000.0,61133000.0,46165000.0,0.43025033085425635,9438000.0,-7595000.0,18055000.0,9342000.0,47295000.0,108428000.0,0.0,8304000.0,7174000.0,0.06686051930138492,-1130000.0,-0.01053141717459785,698000.0,-1534000.0,-0.01429663181047177,264000.0,-1798000.0,-0.01675706909728047,-0.027028652175220227,-0.02709667696481049,66522000,66355000,https://www.sec.gov/Archives/edgar/data/1333170/000133317018000004/0001333170-18-000004-index.html,https://www.sec.gov/Archives/edgar/data/1333170/000133317018000004/nxtm2018033110q.htm,1620595971,17:32:51,20210509
3,2017-12-31,NXTM,USD,2018-02-16 00:00:00,2018-02-16 17:21:12,Q4,103601000.0,58276000.0,45325000.0,0.4374957770677889,9851000.0,-7063000.0,17639000.0,9090000.0,47156000.0,105432000.0,0.0,8433000.0,6602000.0,0.06372525361724307,-1831000.0,-0.017673574579395952,-298000.0,-2290000.0,-0.022104033744848022,55000.0,-2311000.0,-0.022306734490979818,-0.034740386639006644,-0.03509171525753158,66522000,65856000,https://www.sec.gov/Archives/edgar/data/1333170/000133317018000002/0001333170-18-000002-index.html,https://www.sec.gov/Archives/edgar/data/1333170/000133317018000002/nxtm20171231-10k.htm,1620595971,17:32:51,20210509
4,2017-09-30,NXTM,USD,2017-11-08 00:00:00,2017-11-08 16:15:04,Q3,97295000.0,56688000.0,40607000.0,0.41735957654555733,11222000.0,-4365000.0,16984000.0,8065000.0,48890000.0,105578000.0,0.0,8483000.0,200000.0,0.0020556040906521402,-8283000.0,-0.0851328434143584,-2127000.0,-8425000.0,-0.08659232231872141,435000.0,-8894000.0,-0.09141271391130068,-0.13370012928053876,-0.1353255329184608,66522000,65723000,https://www.sec.gov/Archives/edgar/data/1333170/000133317017000023/0001333170-17-000023-index.html,https://www.sec.gov/Archives/edgar/data/1333170/000133317017000023/nxtm20170930-10q.htm,1620595971,17:32:51,20210509
5,2017-06-30,NXTM,USD,2017-08-08 00:00:00,2017-08-08 17:14:47,Q2,96216000.0,55050000.0,41166000.0,0.4278498378648042,9027000.0,-7173000.0,16841000.0,7686000.0,43222000.0,98272000.0,0.0,8371000.0,6315000.0,0.06563357445747069,-2056000.0,-0.021368587345140102,-1343000.0,-2601000.0,-0.027032925916687454,-22000.0,-2579000.0,-0.02680427371746903,-0.038769129009951595,-0.03934761381667277,66522000,65544000,https://www.sec.gov/Archives/edgar/data/1333170/000133317017000016/0001333170-17-000016-index.html,https://www.sec.gov/Archives/edgar/data/1333170/000133317017000016/nxtm20170630-10q.htm,1620595971,17:32:51,20210509
6,2017-03-31,NXTM,USD,2017-05-09 00:00:00,2017-05-09 16:31:08,Q1,96829000.0,55639000.0,41190000.0,0.42538908797984076,9508000.0,-7820000.0,16770000.0,7643000.0,42871000.0,98510000.0,0.0,8467000.0,6786000.0,0.0700823100517407,-1681000.0,-0.017360501502649,2905000.0,-2154000.0,-0.022245401687510973,-613000.0,-1541000.0,-0.015914653667806134,-0.023165268632933465,-0.02360781309842972,66522000,65275000,https://www.sec.gov/Archives/edgar/data/1333170/000133317017000011/0001333170-17-000011-index.html,https://www.sec.gov/Archives/edgar/data/1333170/000133317017000011/nxtm20170331-10q.htm,1620595971,17:32:51,20210509
7,2016-12-31,NXTM,USD,2017-02-28 00:00:00,2017-02-28 17:16:37,Q4,93013000.0,55149000.0,37864000.0,0.40708288088761785,7639000.0,-8037000.0,16484000.0,7448000.0,40018000.0,95167000.0,0.0,8663000.0,6509000.0,0.06997946523604227,-2154000.0,-0.023158053175362583,57000.0,-2324000.0,-0.02498575467945341,95000.0,-2419000.0,-0.026007117284680636,-0.03636390968401431,-0.0374922504649721,66522000,64520000,https://www.sec.gov/Archives/edgar/data/1333170/000133317017000005/0001333170-17-000005-index.html,https://www.sec.gov/Archives/edgar/data/1333170/000133317017000005/nxtm20161231-10k.htm,1620595971,17:32:51,20210509
8,2016-09-30,NXTM,USD,2016-11-03 00:00:00,2016-11-03 16:33:14,Q3,91951000.0,52770000.0,39181000.0,0.42610738328022535,8278000.0,-8232000.0,16024000.0,7063000.0,39157000.0,91927000.0,0.0,8325000.0,8349000.0,0.09079835999608488,24000.0,0.0002610085806570891,-346000.0,-566000.0,-0.006155452360496351,324000.0,-890000.0,-0.009679068199367055,-0.013379032500526142,-0.013816872108547831,66522000,64414000,https://www.sec.gov/Archives/edgar/data/1333170/000133317016000043/0001333170-16-000043-index.html,https://www.sec.gov/Archives/edgar/data/1333170/000133317016000043/nxtm20160930-10q.htm,1620595971,17:32:51,20210509
9,2016-06-30,NXTM,USD,2016-08-04,2016-08-04 16:42:53,Q2,92207000.0,53784000.0,38423000.0,0.4167037209756309,7961000.0,-7605000.0,16116000.0,7015000.0,39603000.0,93387000.0,0.0,7913000.0,6733000.0,0.07302048651403907,-1180000.0,-0.012797293047165616,-409000.0,-1877000.0,-0.020356372075872764,348000.0,-2225000.0,-0.02413048900842669,-0.033447581251315354,-0.03460234518366458,66522000,64302000,https://www.sec.gov/Archives/edgar/data/1333170/000133317016000039/0001333170-16-000039-index.htm,https://www.sec.gov/Archives/edgar/data/1333170/000133317016000039/nxtm20160630-10q.htm,1620595971,17:32:51,20210509
10,2016-03-31,NXTM,USD,2016-05-04 00:00:00,2016-05-04 16:07:30,Q1,89207000.0,52690000.0,36517000.0,0.40935128409205557,7154000.0,-7223000.0,15254000.0,7053000.0,37492000.0,90182000.0,0.0,7736000.0,6761000.0,0.07579001647852747,-975000.0,-0.010929635566715617,-232000.0,-1448000.0,-0.016231910051901756,335000.0,-1783000.0,-0.019987220733798917,-0.026803162863413606,-0.027781673132956264,66522000,64179000,https://www.sec.gov/Archives/edgar/data/1333170/000133317016000028/0001333170-16-000028-index.html,https://www.sec.gov/Archives/edgar/data/1333170/000133317016000028/nxtm20160331-10q.htm,1620595971,17:32:51,20210509
11,2015-12-31,NXTM,USD,2016-02-11 00:00:00,2016-02-11 08:27:20,Q4,89804000.0,54041000.0,35763000.0,0.39823393167342214,6989000.0,-6032000.0,15017000.0,7071000.0,38062000.0,92103000.0,0.0,7475000.0,5176000.0,0.05763663088503853,-2299000.0,-0.025600195982361587,25000.0,-2594000.0,-0.02888512761124226,207000.0,-2801000.0,-0.03119014743218565,-0.04210637082468958,-0.044190963019058435,66522000,63384000,https://www.sec.gov/Archives/edgar/data/1333170/000133317016000025/0001333170-16-000025-index.html,https://www.sec.gov/Archives/edgar/data/1333170/000133317016000025/nxtm20151231-10k.htm,1620595971,17:32:51,20210509
12,2015-09-30,NXTM,USD,2015-11-04 00:00:00,2015-11-03 18:03:38,Q3,86521000.0,51803000.0,34718000.0,0.40126674448977706,6752000.0,-5803000.0,14445000.0,6514000.0,36353000.0,88156000.0,0.0,7767000.0,6132000.0,0.0708729672565042,-1635000.0,-0.0188971463575317,235000.0,-1712000.0,-0.019787103708926158,290000.0,-2002000.0,-0.02313889113625594,-0.030095306815790264,-0.03166969864747291,66522000,63215000,https://www.sec.gov/Archives/edgar/data/1333170/000133317015000020/0001333170-15-000020-index.html,https://www.sec.gov/Archives/edgar/data/1333170/000133317015000020/nxtm20150930-10q.htm,1620595971,17:32:51,20210509
13,2015-06-30,NXTM,USD,2015-08-06 00:00:00,2015-08-06 10:09:20,Q2,80316000.0,49452000.0,30864000.0,0.38428208576124306,6622000.0,-5933000.0,14518000.0,6255000.0,35980000.0,85432000.0,0.0,7793000.0,2677000.0,0.033330843169480553,-5116000.0,-0.0636983913541511,37000.0,-5321000.0,-0.06625080930325215,273000.0,-5594000.0,-0.06964988296229892,-0.08409248068308228,-0.08871057263832284,66522000,63059000,https://www.sec.gov/Archives/edgar/data/1333170/000119312515280189/0001193125-15-280189-index.html,https://www.sec.gov/Archives/edgar/data/1333170/000119312515280189/d941117d10q.htm,1620595971,17:32:51,20210509
14,2015-03-31,NXTM,USD,2015-05-06 00:00:00,2015-05-06 16:46:12,Q1,79482000.0,49356000.0,30126000.0,0.379029214161697,5874000.0,-5636000.0,14548000.0,6371000.0,35705000.0,85061000.0,0.0,7680000.0,2101000.0,0.026433657935129966,-5579000.0,-0.07019199315568304,23000.0,-5556000.0,-0.06990261946101003,307000.0,-5863000.0,-0.07376512921164541,-0.08813625567481435,-0.09330638487491247,66522000,62836000,https://www.sec.gov/Archives/edgar/data/1333170/000119312515174693/0001193125-15-174693-index.html,https://www.sec.gov/Archives/edgar/data/1333170/000119312515174693/d899064d10q.htm,1620595971,17:32:51,20210509
15,2014-12-31,NXTM,USD,2015-02-26,2015-02-26 09:45:25,Q4,79911000.0,49059000.0,30852000.0,0.3860795134587228,5611000.0,-6235000.0,14705000.0,6539000.0,35325000.0,84384000.0,0.0,7402000.0,2929000.0,0.03665327677040708,-4473000.0,-0.05597477193377633,-1609000.0,-4694000.0,-0.05874034863785962,280000.0,-4974000.0,-0.062244246724480985,-0.07477225579507531,-0.08061588330632091,66522000,61700000,https://www.sec.gov/Archives/edgar/data/1333170/000119312515064412/0001193125-15-064412-index.htm,https://www.sec.gov/Archives/edgar/data/1333170/000119312515064412/d853648d10k.htm,1620595971,17:32:51,20210509
16,2014-09-30,NXTM,USD,2014-11-07 00:00:00,2014-11-07 16:16:14,Q3,75286000.0,46699000.0,28587000.0,0.37971203145339105,6182000.0,-5494000.0,13873000.0,6427000.0,34861000.0,81560000.0,0.0,6952000.0,678000.0,0.009005658422548682,-6274000.0,-0.08333554711367319,-801000.0,-6539000.0,-0.08685545785404988,295000.0,-6834000.0,-0.0907738490556013,-0.10273293045909623,-0.1111093046319931,66522000,61507000,https://www.sec.gov/Archives/edgar/data/1333170/000119312514403371/0001193125-14-403371-index.html,https://www.sec.gov/Archives/edgar/data/1333170/000119312514403371/d801807d10q.htm,1620595971,17:32:51,20210509
17,2014-06-30,NXTM,USD,2014-08-07 00:00:00,2014-08-07 07:54:13,Q2,74083000.0,46553000.0,27530000.0,0.3716102209683733,5708000.0,-5190000.0,13589000.0,6485000.0,34181000.0,80734000.0,-198000.0,6752000.0,101000.0,0.0013633357180459756,-6651000.0,-0.08977768178934438,-17000.0,-6863000.0,-0.09263933695989633,332000.0,-7195000.0,-0.09712079694396825,-0.10815970656324224,-0.11702231474855247,66522000,61484000,https://www.sec.gov/Archives/edgar/data/1333170/000119312514299517/0001193125-14-299517-index.html,https://www.sec.gov/Archives/edgar/data/1333170/000119312514299517/d757241d10q.htm,1620595971,17:32:51,20210509
18,2014-03-31,NXTM,USD,2014-05-08 00:00:00,2014-05-08 16:55:21,Q1,72221000.0,43287000.0,28934000.0,0.4006313953005359,5134000.0,-4397000.0,13218000.0,6550000.0,33723000.0,77010000.0,198000.0,6591000.0,1802000.0,0.024951191481702,-4789000.0,-0.06631035294443445,23000.0,-4964000.0,-0.06873347087412249,346000.0,-5310000.0,-0.07352432118081999,-0.07982321637954361,-0.08669104682296089,66522000,61252000,https://www.sec.gov/Archives/edgar/data/1333170/000119312514190202/0001193125-14-190202-index.html,https://www.sec.gov/Archives/edgar/data/1333170/000119312514190202/d707045d10q.htm,1620595971,17:32:51,20210509
19,2013-12-31,NXTM,USD,2014-03-03,2014-03-03 16:15:30,Q4,69450000.0,41562000.0,27888000.0,0.4015550755939525,4963000.0,-4584000.0,13056000.0,5975000.0,32466000.0,74028000.0,149000.0,6418000.0,1840000.0,0.026493880489560834,-4578000.0,-0.06591792656587472,-69000.0,-4796000.0,-0.069056875449964,380000.0,-5176000.0,-0.07452843772498201,-0.07780884519407114,-0.0845033631554888,66522000,61252000,https://www.sec.gov/Archives/edgar/data/1333170/000119312514080178/0001193125-14-080178-index.htm,https://www.sec.gov/Archives/edgar/data/1333170/000119312514080178/d638335d10k.htm,1620595971,17:32:51,20210509
20,2013-09-30,NXTM,USD,2013-11-07 00:00:00,2013-11-07 09:00:51,Q3,66873000.0,41345000.0,25528000.0,0.38173851928281965,4450000.0,-4583000.0,12374000.0,5326000.0,29941000.0,71286000.0,162000.0,6171000.0,1758000.0,0.026288636669507873,-4413000.0,-0.06599075860212641,-328000.0,-4717000.0,-0.07053668894770684,269000.0,-4986000.0,-0.07455923915481584,-0.07495264724452061,-0.0814014236269836,66522000,61252000,https://www.sec.gov/Archives/edgar/data/1333170/000119312513431707/0001193125-13-431707-index.html,https://www.sec.gov/Archives/edgar/data/1333170/000119312513431707/d600333d10q.htm,1620595971,17:32:51,20210509
21,2013-06-30,NXTM,USD,2013-07-25 00:00:00,2013-07-25 10:14:44,Q2,65462000.0,40375000.0,25087000.0,0.3832299654761541,4366000.0,-3477000.0,11716000.0,5037000.0,29358000.0,69733000.0,150000.0,6179000.0,1908000.0,0.029146680516941127,-4271000.0,-0.06524395832696832,-160000.0,-4431000.0,-0.06768812440805352,-1026000.0,-3405000.0,-0.05201490941309462,-0.05118607378010282,-0.055590021550316726,66522000,61252000,https://www.sec.gov/Archives/edgar/data/1333170/000119312513301684/0001193125-13-301684-index.html,https://www.sec.gov/Archives/edgar/data/1333170/000119312513301684/d548555d10q.htm,1620595971,17:32:51,20210509
22,2013-03-31,NXTM,USD,2013-05-02 00:00:00,2013-05-02 10:14:20,Q1,61644000.0,37644000.0,24000000.0,0.3893322951138797,5108000.0,-2872000.0,10696000.0,4908000.0,28536000.0,66180000.0,150000.0,6080000.0,1544000.0,0.025047044318992927,-4536000.0,-0.07358380377652327,-326000.0,-4862000.0,-0.07887223411848679,132000.0,-4994000.0,-0.08101356174161313,-0.07507290821081747,-0.0815320316071312,66522000,61252000,https://www.sec.gov/Archives/edgar/data/1333170/000119312513194645/0001193125-13-194645-index.html,https://www.sec.gov/Archives/edgar/data/1333170/000119312513194645/d508262d10q.htm,1620595971,17:32:51,20210509
23,2012-12-31,NXTM,USD,2013-02-28 00:00:00,2013-02-28 16:24:53,Q4,65020000.0,39661000.0,25359000.0,0.3900184558597355,4690000.0,-3422000.0,10479000.0,5043000.0,27269000.0,66930000.0,91000.0,6178000.0,4268000.0,0.06564134112580744,-1910000.0,-0.029375576745616732,-30000.0,-2031000.0,-0.03123654260227622,333000.0,-2364000.0,-0.03635804367886804,-0.03553711554072337,-0.038594658133611966,66522000,61252000,https://www.sec.gov/Archives/edgar/data/1333170/000119312513084320/0001193125-13-084320-index.html,https://www.sec.gov/Archives/edgar/data/1333170/000119312513084320/d444020d10k.htm,1620595971,17:32:51,20210509
24,2012-09-30,NXTM,USD,2012-11-08 00:00:00,2012-11-08 16:29:04,Q3,61152000.0,37404000.0,23748000.0,0.38834379905808475,4274000.0,-3247000.0,10168000.0,4731000.0,26094000.0,63498000.0,26000.0,5915000.0,3569000.0,0.05836276818419676,-2346000.0,-0.03836342229199372,-118000.0,-2359000.0,-0.03857600732600733,223000.0,-2582000.0,-0.04222265829408686,-0.03881422687231292,-0.04215372559263371,66522000,61252000,https://www.sec.gov/Archives/edgar/data/1333170/000119312512460534/0001193125-12-460534-index.html,https://www.sec.gov/Archives/edgar/data/1333170/000119312512460534/d398980d10q.htm,1620595971,17:32:51,20210509
25,2012-06-30,NXTM,USD,2012-08-08 00:00:00,2012-08-08 14:13:09,Q2,115960000.0,72259000.0,43701000.0,0.3768627112797516,8147000.0,-6286000.0,19838000.0,9114000.0,50651000.0,122910000.0,2649000.0,11580000.0,8289000.0,0.07148154536046913,-3291000.0,-0.028380476026215937,-2780000.0,-4826000.0,-0.04161779924111763,477000.0,-5063000.0,-0.043661607450845116,-0.07611015904512793,-0.08265852543590413,66522000,61252000,https://www.sec.gov/Archives/edgar/data/1333170/000119312512343564/0001193125-12-343564-index.html,https://www.sec.gov/Archives/edgar/data/1333170/000119312512343564/d354937d10q.htm,1620595971,17:32:51,20210509
26,2012-03-31,NXTM,USD,2012-05-08,2012-05-08,Q1,56951000.0,35639000.0,21312000.0,0.3742164316693298,3897000.0,-3298000.0,9920000.0,4532000.0,24971000.0,60610000.0,0.0,5720000.0,2061000.0,0.03618900458288704,-3659000.0,-0.0642482133764113,0.0,-4904000.0,-0.08610911134132851,240000.0,-5144000.0,-0.09032326034661375,-0.07732780132888367,-0.08398093123489846,66522000,61252000,https://www.sec.gov/Archives/edgar/data/1333170/000119312512217308/0001193125-12-217308-index.htm,https://www.sec.gov/Archives/edgar/data/1333170/000119312512217308/d329742d10q.htm,1620595971,17:32:51,20210509
27,2011-12-31,NXTM,USD,2012-02-29 00:00:00,2012-02-29 10:54:39,Q4,57021000.0,35851000.0,21170000.0,0.37126672629382157,3743000.0,-3069000.0,9525000.0,4618000.0,24342000.0,60193000.0,0.0,5672000.0,2500000.0,0.04384349625576542,-3172000.0,-0.05562862804931516,-292000.0,-4319000.0,-0.07574402413146034,245000.0,-4564000.0,-0.08004068676452535,-0.06860888127236102,-0.0745118526741984,66522000,61252000,https://www.sec.gov/Archives/edgar/data/1333170/000119312512087622/0001193125-12-087622-index.html,https://www.sec.gov/Archives/edgar/data/1333170/000119312512087622/d264316d10k.htm,1620595971,17:32:51,20210509
28,2011-09-30,NXTM,USD,2011-11-03 00:00:00,2011-11-03 16:18:40,Q3,55903000.0,36363000.0,19540000.0,0.34953401427472586,3388000.0,-3738000.0,9446000.0,4709000.0,23251000.0,59614000.0,0.0,5956000.0,2245000.0,0.040158846573529146,-3711000.0,-0.06638284170795843,196000.0,-5043000.0,-0.09020982773733073,235000.0,-5278000.0,-0.09441353773500527,-0.07934217251435616,-0.08616861490237053,66522000,61252000,https://www.sec.gov/Archives/edgar/data/1333170/000095012311094851/0000950123-11-094851-index.html,https://www.sec.gov/Archives/edgar/data/1333170/000095012311094851/b87806e10vq.htm,1620595971,17:32:51,20210509
29,2011-06-30,NXTM,USD,2011-08-03 00:00:00,2011-08-03 16:52:39,Q2,53768000.0,3206340.0,9906612.0,0.18424735902395478,3589000.0,-3909000.0,9369000.0,4431000.0,22849000.0,57752000.0,-2410741.0,-1337969.0,-5321969.0,-0.09898022987650647,-3984000.0,-0.07409611664930814,-196000.0,2871864.0,0.05341214105043892,226000.0,12292901.0,0.2286285708971879,0.18479451910646102,0.20069387122053156,66522000,61252000,https://www.sec.gov/Archives/edgar/data/1333170/000095012311072279/0000950123-11-072279-index.html,https://www.sec.gov/Archives/edgar/data/1333170/000095012311072279/b86738e10vq.htm,1620595971,17:32:51,20210509
30,2011-03-31,NXTM,USD,2011-05-04 00:00:00,2011-05-04 17:11:29,Q1,50564000.0,32531000.0,18033000.0,0.3566371331382011,3717000.0,-3628000.0,9210000.0,4158000.0,22667000.0,55198000.0,1157000.0,5690000.0,1056000.0,0.020884423700656594,-4634000.0,-0.09164623051973736,0.0,-5817000.0,-0.11504232260106004,193000.0,-6010000.0,-0.11885926746301717,-0.1125,-0.1125,53423000,53423000,https://www.sec.gov/Archives/edgar/data/1333170/000095012311044765/0000950123-11-044765-index.html,https://www.sec.gov/Archives/edgar/data/1333170/000095012311044765/b86124e10vq.htm,1620595971,17:32:51,20210509
31,2010-12-31,NXTM,USD,2011-02-18,2011-02-18 16:57:14,Q4,100000.0,68000.0,32000.0,0.32,7000.0,-6000.0,19000.0,8000.0,47000.0,115000.0,3000.0,5500000.0,5485000.0,54.85,-15000.0,-0.15,0.0,-18000.0,-0.18,0.0,-18000.0,-0.18,-0.00033693353050184377,-0.00033693353050184377,53423000,53423000,https://www.sec.gov/Archives/edgar/data/1333170/000095012311015749/0000950123-11-015749-index.htm,https://www.sec.gov/Archives/edgar/data/1333170/000095012311015749/b84122e10vk.htm,1620595971,17:32:51,20210509
32,2010-09-30,NXTM,USD,2010-11-04 00:00:00,2010-11-04 17:25:42,Q3,100000.0,69000.0,31000.0,0.31,7000.0,-6000.0,19000.0,8000.0,47000.0,116000.0,3000.0,5802000.0,5786000.0,57.86,-16000.0,-0.16,0.0,-19000.0,-0.19,1000.0,-20000.0,-0.2,-0.00042,-0.00042,47228000,47228000,https://www.sec.gov/Archives/edgar/data/1333170/000095012310101049/0000950123-10-101049-index.html,https://www.sec.gov/Archives/edgar/data/1333170/000095012310101049/b82924e10vq.htm,1620595971,17:32:51,20210509
33,2010-06-30,NXTM,USD,2010-08-06 00:00:00,2010-08-06 12:25:47,Q2,44008000.0,30246000.0,13762000.0,0.31271586984184696,3202000.0,-2922000.0,8565000.0,3632000.0,21042000.0,51288000.0,1148000.0,5613000.0,-1667000.0,-0.03787947645882567,-7280000.0,-0.16542446827849483,330000.0,-8098000.0,-0.18401199781857844,158000.0,-8256000.0,-0.1876022541356117,-0.17481,-0.17481,47228000,47228000,https://www.sec.gov/Archives/edgar/data/1333170/000095012310074020/0000950123-10-074020-index.html,https://www.sec.gov/Archives/edgar/data/1333170/000095012310074020/b81599e10vq.htm,1620595971,17:32:51,20210509
34,2010-03-31,NXTM,USD,2010-05-05 00:00:00,2010-05-05 14:20:44,Q1,40408000.0,28595000.0,11813000.0,0.2923431003761631,3035000.0,-3079000.0,8017000.0,3411000.0,19401000.0,47996000.0,1108000.0,5464000.0,-2124000.0,-0.0525638487428232,-7588000.0,-0.18778459710948328,-117000.0,-8813000.0,-0.21810037616313602,186000.0,-8999000.0,-0.2227034250643437,-0.19159,-0.19159,46971000,46971000,https://www.sec.gov/Archives/edgar/data/1333170/000095012310044372/0000950123-10-044372-index.html,https://www.sec.gov/Archives/edgar/data/1333170/000095012310044372/b80534e10vq.htm,1620595971,17:32:51,20210509
35,2009-12-31,NXTM,USD,2010-03-12 00:00:00,2010-03-12 14:57:26,Q4,40510000.0,29063000.0,11447000.0,0.2825722043939768,2434000.0,-2936000.0,7956000.0,3442000.0,18852000.0,47915000.0,-5502000.0,5411000.0,-1994000.0,-0.04922241421871143,-7405000.0,-0.18279437176005925,-6775000.0,-8710000.0,-0.21500863984201432,-33000.0,-8677000.0,-0.21419402616637867,-0.18609,-0.18609,46627000,46627000,https://www.sec.gov/Archives/edgar/data/1333170/000095012310024064/0000950123-10-024064-index.html,https://www.sec.gov/Archives/edgar/data/1333170/000095012310024064/b78708e10vk.htm,1620595971,17:32:51,20210509
36,2009-09-30,NXTM,USD,2009-11-09 00:00:00,2009-11-09 17:14:56,Q3,38033000.0,28488000.0,9545000.0,0.25096626613730183,2707000.0,-2641000.0,7449000.0,3267000.0,18231000.0,46719000.0,1130000.0,5138000.0,-3548000.0,-0.09328740830331554,-8686000.0,-0.22838061683275052,-59000.0,-9868000.0,-0.259458890963111,179000.0,-10047000.0,-0.26416533010806403,-0.2156,-0.2156,46600000,46600000,https://www.sec.gov/Archives/edgar/data/1333170/000095012309060300/0000950123-09-060300-index.html,https://www.sec.gov/Archives/edgar/data/1333170/000095012309060300/b77460e10vq.htm,1620595971,17:32:51,20210509
37,2009-06-30,NXTM,USD,2009-08-07 00:00:00,2009-08-07 15:35:29,Q2,36398000.0,27581000.0,8817000.0,0.24223858453761196,2271000.0,-2662000.0,7411000.0,3525000.0,17956000.0,45537000.0,3337000.0,5110000.0,-4029000.0,-0.11069289521402274,-9139000.0,-0.25108522446288256,-14000.0,-12476000.0,-0.34276608604868397,39000.0,-12515000.0,-0.34383757349304905,-0.26876,-0.26876,46565000,46565000,https://www.sec.gov/Archives/edgar/data/1333170/000095012309032050/0000950123-09-032050-index.html,https://www.sec.gov/Archives/edgar/data/1333170/000095012309032050/b76215e10vq.htm,1620595971,17:32:51,20210509
38,2009-03-31,NXTM,USD,2009-05-08 00:00:00,2009-05-08 16:26:42,Q1,33735000.0,26680000.0,7055000.0,0.2091299836964577,2402000.0,-2276000.0,7231000.0,3684000.0,18272000.0,44952000.0,1035000.0,5119000.0,-6098000.0,-0.18076182006817845,-11217000.0,-0.33250333481547356,93000.0,-12148000.0,-0.3601007855343115,80000.0,-12228000.0,-0.3624722098710538,-0.26269,-0.26269,46550000,46550000,https://www.sec.gov/Archives/edgar/data/1333170/000095013509003791/0000950135-09-003791-index.html,https://www.sec.gov/Archives/edgar/data/1333170/000095013509003791/b75202nxe10vq.htm,1620595971,17:32:51,20210509
39,2008-12-31,NXTM,USD,2009-03-16 00:00:00,2009-03-16 16:48:23,Q4,35676000.0,28515000.0,7161000.0,0.2007231752438614,2416000.0,-2232000.0,7028000.0,4065000.0,18305000.0,46820000.0,-2908000.0,5128000.0,-6016000.0,-0.16862877004148447,-11144000.0,-0.3123668572709945,-697000.0,-9637000.0,-0.27012557461598835,126000.0,-9763000.0,-0.2736573606906604,-0.23355,-0.23355,41803000,41803000,https://www.sec.gov/Archives/edgar/data/1333170/000095013509001772/0000950135-09-001772-index.html,https://www.sec.gov/Archives/edgar/data/1333170/000095013509001772/b73462nme10vk.htm,1620595971,17:32:51,20210509
40,2008-09-30,NXTM,USD,2008-11-05 00:00:00,2008-11-05 14:41:36,Q3,92987000.0,79785000.0,13202000.0,0.14197683547162507,6467000.0,-6486000.0,20914000.0,10191000.0,52000000.0,131785000.0,2905000.0,4986000.0,-33812000.0,-0.36362072117607835,-38798000.0,-0.41724111972641337,-155000.0,-41158000.0,-0.44262101153924743,248000.0,-41406000.0,-0.4452880510178842,-1.0299,-1.0299,40204000,40204000,https://www.sec.gov/Archives/edgar/data/1333170/000095013508006943/0000950135-08-006943-index.html,https://www.sec.gov/Archives/edgar/data/1333170/000095013508006943/b72670nme10vq.htm,1620595971,17:32:51,20210509
41,2008-06-30,NXTM,USD,2008-08-08 00:00:00,2008-08-08 16:31:58,Q2,100000.0,87000.0,13000.0,0.13,7000.0,-8000.0,23000.0,11000.0,56000.0,143000.0,3000.0,4877000.0,4834000.0,48.34,-43000.0,-0.43,0.0,-42000.0,-0.42,0.0,-42000.0,-0.42,-0.00114,-0.00114,36774000,36774000,https://www.sec.gov/Archives/edgar/data/1333170/000095013508005481/0000950135-08-005481-index.html,https://www.sec.gov/Archives/edgar/data/1333170/000095013508005481/b71195nme10vq.htm,1620595971,17:32:51,20210509
42,2008-03-31,NXTM,USD,2008-05-12 00:00:00,2008-05-12 16:55:31,Q1,31005000.0,26987000.0,4018000.0,0.1295920012901145,2126000.0,-2020000.0,6835000.0,3395000.0,17171000.0,44158000.0,810000.0,4210000.0,-8943000.0,-0.2884373488147073,-13153000.0,-0.4242218996935978,-149000.0,-13899000.0,-0.4482825350749879,45000.0,-13944000.0,-0.4497339138848573,-0.37918,-0.37918,36774000,36774000,https://www.sec.gov/Archives/edgar/data/1333170/000095013508003631/0000950135-08-003631-index.html,https://www.sec.gov/Archives/edgar/data/1333170/000095013508003631/b69718nxe10vq.htm,1620595971,17:32:51,20210509
43,2007-12-31,NXTM,USD,2008-03-07,2008-03-07 17:29:11,Q4,29934000.0,29378000.0,556000.0,0.018574196565778044,2014000.0,-1151000.0,6355000.0,4237000.0,17810000.0,47188000.0,-497000.0,3722000.0,-13532000.0,-0.4520612013095477,-17254000.0,-0.5764014164495223,1750000.0,-17335000.0,-0.5791073695463352,62000.0,-17397000.0,-0.5811785929043897,-0.55359,-0.55359,31426000,31426000,https://www.sec.gov/Archives/edgar/data/1333170/000095013508001657/0000950135-08-001657-index.htm,https://www.sec.gov/Archives/edgar/data/1333170/000095013508001657/b68143nme10vk.htm,1620595971,17:32:51,20210509
44,2007-09-30,NXTM,USD,2007-11-07 00:00:00,2007-11-07 16:04:36,Q3,30030000.0,36589000.0,-6559000.0,-0.21841491841491842,4321000.0,-7392000.0,15234000.0,8874000.0,36271000.0,72860000.0,497000.0,-3011338000.0,-3054168000.0,-101.7038961038961,-42830000.0,-1.4262404262404262,0.0,-40999000.0,-1.3652680652680653,0.0,-40999000.0,-1.3652680652680653,-1.38197,-1.38197,29667000,29667000,https://www.sec.gov/Archives/edgar/data/1333170/000095013507006796/0000950135-07-006796-index.html,https://www.sec.gov/Archives/edgar/data/1333170/000095013507006796/b67172nme10vq.htm,1620595971,17:32:51,20210509
45,2007-06-30,NXTM,USD,2007-08-09 00:00:00,2007-08-09 15:07:21,Q2,10031184000.0,11511184000.0,-1480000000.0,-0.14753991153985413,1418441000.0,-2593986000.0,5119820000.0,2997348000.0,12061443000.0,23572627000.0,172689000.0,1581604000.0,-11959839000.0,-1.192265937899255,-13541443000.0,-1.3499346637445788,0.0,-12882301000.0,-1.2842253716011989,0.0,-12882301000.0,-1.2842253716011989,-0.43686,-0.43686,29488097000,29488097000,https://www.sec.gov/Archives/edgar/data/1333170/000095013507004875/0000950135-07-004875-index.html,https://www.sec.gov/Archives/edgar/data/1333170/000095013507004875/b66144nxe10vq.htm,1620595971,17:32:51,20210509
46,2007-03-31,NXTM,USD,2007-05-09 00:00:00,2007-05-09 16:17:50,Q1,8373993000.0,9917161000.0,-1543168000.0,-0.1842810234018586,1435806000.0,-2064558000.0,4731580000.0,2344441000.0,11178849000.0,21096010000.0,175068000.0,1435289000.0,-11286728000.0,-1.347831076524664,-12722017000.0,-1.5192294763083751,0.0,-11993125000.0,-1.4321871298435525,0.0,-11993125000.0,-1.4321871298435525,-0.41327,-0.41327,29019836000,29019836000,https://www.sec.gov/Archives/edgar/data/1333170/000095013507003010/0000950135-07-003010-index.html,https://www.sec.gov/Archives/edgar/data/1333170/000095013507003010/b65116nxe10vq.htm,1620595971,17:32:51,20210509
47,2006-12-31,NXTM,USD,2007-03-16,2007-03-16 13:26:20,Q4,20812000.0,26121000.0,-5309000.0,-0.2550932154526235,6431000.0,-5653000.0,14356000.0,7093000.0,36583000.0,62704000.0,-2263000.0,1296045000.0,1254153000.0,60.26105131654815,-41892000.0,-2.0128771862387085,0.0,-39629000.0,-1.9041418412454354,0.0,-39629000.0,-1.9041418412454354,-1.59685,-1.59685,24817000,24817000,https://www.sec.gov/Archives/edgar/data/1333170/000095013507001677/0000950135-07-001677-index.htm,https://www.sec.gov/Archives/edgar/data/1333170/000095013507001677/b63682nxe10vk.htm,1620595971,17:32:51,20210509
48,2006-09-30,NXTM,USD,2006-11-01,2006-11-01 11:17:54,Q3,5511774000.0,6620268000.0,-1108494000.0,-0.2011138337674948,1386150000.0,-1295045000.0,3662698000.0,2027272000.0,9443773000.0,16064041000.0,93218000.0,971749000.0,-9580518000.0,-1.7381913699654594,-10552267000.0,-1.914495587083215,0.0,-9575636000.0,-1.7373056297301015,0.0,-9575636000.0,-1.7373056297301015,-0.40202,-0.40202,23818789000,23818789000,https://www.sec.gov/Archives/edgar/data/1333170/000095013506006603/0000950135-06-006603-index.htm,https://www.sec.gov/Archives/edgar/data/1333170/000095013506006603/b62664nie10vq.htm,1620595971,17:32:51,20210509
49,2006-06-30,NXTM,USD,2006-07-31,2006-07-31 16:31:37,Q2,4546273000.0,6003629000.0,-1457356000.0,-0.32056059985838947,1576295000.0,-1609521000.0,3758537000.0,1518685000.0,9002533000.0,15006162000.0,535863000.0,729831000.0,-9730058000.0,-2.1402273906560385,-10459889000.0,-2.3007613049194364,0.0,-10387831000.0,-2.2849113988535223,0.0,-10387831000.0,-2.2849113988535223,-0.47618,-0.47618,21815098000,21815098000,https://www.sec.gov/Archives/edgar/data/1333170/000095013506004565/0000950135-06-004565-index.htm,https://www.sec.gov/Archives/edgar/data/1333170/000095013506004565/b61593nme10vq.htm,1620595971,17:32:51,20210509
50,2006-03-31,NXTM,USD,2006-05-05,2006-05-04 18:02:42,Q1,3400722000.0,4857254000.0,-1456532000.0,-0.42830081376837037,1778894000.0,-1218254000.0,3192983000.0,1289599000.0,8236205000.0,13093459000.0,157640000.0,497740000.0,-9194997000.0,-2.7038367146741193,-9692737000.0,-2.850199751699786,0.0,-9254970000.0,-2.7214720873979115,0.0,-9254970000.0,-2.7214720873979115,-0.43691,-0.43691,21182717000,21182717000,https://www.sec.gov/Archives/edgar/data/1333170/000095013506003136/0000950135-06-003136-index.htm,https://www.sec.gov/Archives/edgar/data/1333170/000095013506003136/b60701nie10vq.htm,1620595971,17:32:51,20210509
51,2005-12-31,NXTM,USD,2006-03-01,2006-03-01 17:21:06,Q4,100000.0,160000.0,-60000.0,-0.6,105000.0,-45000.0,126000.0,34000.0,346000.0,506000.0,13000.0,411139000.0,410733000.0,4107.33,-406000.0,-4.06,0.0,-408000.0,-4.08,0.0,-408000.0,-4.08,-0.00016,-0.00016,2566852000,2566852000,https://www.sec.gov/Archives/edgar/data/1333170/000095013506001289/0000950135-06-001289-index.htm,https://www.sec.gov/Archives/edgar/data/1333170/000095013506001289/b58480nme10vk.htm,1620595971,17:32:51,20210509
