,date,symbol,reportedCurrency,fillingDate,acceptedDate,period,revenue,costOfRevenue,grossProfit,grossProfitRatio,researchAndDevelopmentExpenses,generalAndAdministrativeExpenses,sellingAndMarketingExpenses,otherExpenses,operatingExpenses,costAndExpenses,interestExpense,depreciationAndAmortization,ebitda,ebitdaratio,operatingIncome,operatingIncomeRatio,totalOtherIncomeExpensesNet,incomeBeforeTax,incomeBeforeTaxRatio,incomeTaxExpense,netIncome,netIncomeRatio,eps,epsdiluted,weightedAverageShsOut,weightedAverageShsOutDil,link,finalLink,timestamp,est_time,est_date
0,2020-09-30,CRO.AX,AUD,2020-09-30,2020-09-30,Q3,85333.0,80465.25,4867.75,0.057044168141281805,0.0,388124.5,0.0,40767.5,291866.5,0.0,87271.0,198300.25,-675123.25,-7.911631490748011,-873423.5,-10.235471622936027,-898880.75,-1859486.75,-21.79094547244325,0.0,-1859486.75,-21.79094547244325,-0.0012,-0.0012,741975943.0,741975943.0,,,1620590695,16:04:55,20210509
1,2020-06-30,CRO.AX,AUD,2020-06-30,2020-06-30,Q2,85333.0,80465.25,4867.75,0.057044168141281805,0.0,388124.5,0.0,40767.5,291866.5,0.0,87271.0,198300.25,-675123.25,-7.911631490748011,-873423.5,-10.235471622936027,-898880.75,-1859486.75,-21.79094547244325,0.0,-1859486.75,-21.79094547244325,-0.0012,-0.0012,741975943.0,741975943.0,,,1620590695,16:04:55,20210509
2,2020-03-31,CRO.AX,AUD,2020-03-31,2020-03-31,Q1,85333.0,80465.25,4867.75,0.057044168141281805,0.0,388124.5,0.0,40767.5,291866.5,0.0,87271.0,198300.25,-675123.25,-7.911631490748011,-873423.5,-10.235471622936027,-898880.75,-1859486.75,-21.79094547244325,0.0,-1859486.75,-21.79094547244325,-0.0012,-0.0012,741975943.0,741975943.0,,,1620590695,16:04:55,20210509
3,2020-01-31,CRO.AX,AUD,2020-01-31,2020-01-31,Q1,85333.0,80465.25,4867.75,0.057044168141281805,0.0,388124.5,0.0,40767.5,291866.5,0.0,87271.0,198300.25,-675123.25,-7.911631490748011,-873423.5,-10.235471622936027,-898880.75,-1859486.75,-21.79094547244325,0.0,-1859486.75,-21.79094547244325,-0.0012,-0.0012,741975943.0,741975943.0,,,1620590695,16:04:55,20210509
4,2019-06-30,CRO.AX,AUD,2019-06-30,2019-06-30,Q2,167683.0,124615.75,43067.25,0.25683730610735733,0.0,577348.0,0.0,1877.25,266744.25,0.0,3153.5,72666.0,-801025.0,-4.777019733664116,-873691.0,-5.210373144564446,-632522.25,-1509259.25,-9.000669417889709,0.0,-1509259.25,-9.000669417889709,-0.00325,-0.00325,465107341.0,465107341.0,,,1620590695,16:04:55,20210509
5,2019-03-31,CRO.AX,AUD,2019-03-31,2019-03-31,Q1,167683.0,124615.75,43067.25,0.25683730610735733,0.0,577348.0,0.0,1877.25,266744.25,0.0,3153.5,72666.0,-801025.0,-4.777019733664116,-873691.0,-5.210373144564446,-632522.25,-1509259.25,-9.000669417889709,0.0,-1509259.25,-9.000669417889709,-0.00325,-0.00325,465107341.0,465107341.0,,,1620590695,16:04:55,20210509
6,2019-01-31,CRO.AX,AUD,2019-01-31,2019-01-31,Q1,167683.0,124615.75,43067.25,0.25683730610735733,0.0,577348.0,0.0,1877.25,266744.25,0.0,3153.5,72666.0,-801025.0,-4.777019733664116,-873691.0,-5.210373144564446,-632522.25,-1509259.25,-9.000669417889709,0.0,-1509259.25,-9.000669417889709,-0.00325,-0.00325,465107341.0,465107341.0,,,1620590695,16:04:55,20210509
7,2018-06-30,CRO.AX,AUD,2018-06-30,2018-06-30,Q2,75388.25,118112.0,-42723.75,-0.5667162986274387,0.0,720215.75,0.0,418.75,270919.0,0.0,15456.25,132191.5,-1033858.5,-13.713788289289113,-1166050.0,-15.467264460973693,-429723.25,-1610161.0,-21.358248798718634,0.0,-1610161.0,-21.358248798718634,-0.0061,-0.0061,264285317.0,264285317.0,,,1620590695,16:04:55,20210509
8,2018-03-31,CRO.AX,AUD,2018-03-31,2018-03-31,Q1,75388.25,118112.0,-42723.75,-0.5667162986274387,0.0,720215.75,0.0,418.75,270919.0,0.0,15456.25,132191.5,-1033858.5,-13.713788289289113,-1166050.0,-15.467264460973693,-429723.25,-1610161.0,-21.358248798718634,0.0,-1610161.0,-21.358248798718634,-0.0061,-0.0061,264285317.0,264285317.0,,,1620590695,16:04:55,20210509
9,2018-01-31,CRO.AX,AUD,2018-01-31,2018-01-31,Q1,75388.25,118112.0,-42723.75,-0.5667162986274387,0.0,720215.75,0.0,418.75,270919.0,0.0,15456.25,132191.5,-1033858.5,-13.713788289289113,-1166050.0,-15.467264460973693,-429723.25,-1610161.0,-21.358248798718634,0.0,-1610161.0,-21.358248798718634,-0.0061,-0.0061,264285317.0,264285317.0,,,1620590695,16:04:55,20210509
10,2017-06-30,CRO.AX,AUD,2017-06-30,2017-06-30,Q2,9488.75,0.0,9488.75,1.0,0.0,102719.5,0.0,77471.75,410481.5,0.0,7433.5,34252.0,-503712.25,-53.08520616519563,-537964.25,-56.6949545514425,60878.0,-484516.25,-51.06217889606113,0.0,-484516.25,-51.06217889606113,-0.00678725,-0.00678725,71404125.0,71404125.0,,,1620590695,16:04:55,20210509
11,2017-03-31,CRO.AX,AUD,2017-03-31,2017-03-31,Q1,9488.75,0.0,9488.75,1.0,0.0,102719.5,0.0,77471.75,410481.5,0.0,7433.5,34252.0,-503712.25,-53.08520616519563,-537964.25,-56.6949545514425,60878.0,-484516.25,-51.06217889606113,0.0,-484516.25,-51.06217889606113,-0.00678725,-0.00678725,71404125.0,71404125.0,,,1620590695,16:04:55,20210509
12,2017-01-31,CRO.AX,AUD,2017-01-31,2017-01-31,Q1,9488.75,0.0,9488.75,1.0,0.0,102719.5,0.0,77471.75,410481.5,0.0,7433.5,34252.0,-503712.25,-53.08520616519563,-537964.25,-56.6949545514425,60878.0,-484516.25,-51.06217889606113,0.0,-484516.25,-51.06217889606113,-0.00678725,-0.00678725,71404125.0,71404125.0,,,1620590695,16:04:55,20210509
13,2016-06-30,CRO.AX,AUD,2016-06-30,2016-06-30,Q2,1500.0,0.0,1500.0,1.0,0.0,43376.0,0.0,0.0,216691.25,0.0,456.5,27731.25,-258567.25,-172.37816666666666,-286298.5,-190.86566666666667,-156723.0,-443449.5,-295.633,0.0,-443449.5,-295.633,-0.00724625,-0.00724625,57223130.0,57223130.0,,,1620590695,16:04:55,20210509
14,2016-03-31,CRO.AX,AUD,2016-03-31,2016-03-31,Q1,1500.0,0.0,1500.0,1.0,0.0,43376.0,0.0,0.0,216691.25,0.0,456.5,27731.25,-258567.25,-172.37816666666666,-286298.5,-190.86566666666667,-156723.0,-443449.5,-295.633,0.0,-443449.5,-295.633,-0.00724625,-0.00724625,57223130.0,57223130.0,,,1620590695,16:04:55,20210509
15,2016-01-31,CRO.AX,AUD,2016-01-31,2016-01-31,Q1,1500.0,0.0,1500.0,1.0,0.0,43376.0,0.0,0.0,216691.25,0.0,456.5,27731.25,-258567.25,-172.37816666666666,-286298.5,-190.86566666666667,-156723.0,-443449.5,-295.633,0.0,-443449.5,-295.633,-0.00724625,-0.00724625,57223130.0,57223130.0,,,1620590695,16:04:55,20210509
16,2015-09-30,CRO.AX,AUD,2015-09-30,2015-09-30,Q3,10000.0,0.0,10000.0,1.0,0.0,32668.75,0.0,859.75,124170.75,0.0,466.5,8363.0,-146839.5,-14.68395,-155202.5,-15.52025,-45845.0,-186142.0,-18.6142,0.0,-186142.0,-18.6142,-0.00483075,-0.00483075,43324623.0,43324623.0,,,1620590695,16:04:55,20210509
17,2015-06-30,CRO.AX,AUD,2015-06-30,2015-06-30,Q2,10000.0,0.0,10000.0,1.0,0.0,32668.75,0.0,859.75,124170.75,0.0,466.5,8363.0,-146839.5,-14.68395,-155202.5,-15.52025,-45845.0,-186142.0,-18.6142,0.0,-186142.0,-18.6142,-0.00483075,-0.00483075,43324623.0,43324623.0,,,1620590695,16:04:55,20210509
18,2015-03-31,CRO.AX,AUD,2015-03-31,2015-03-31,Q1,10000.0,0.0,10000.0,1.0,0.0,32668.75,0.0,859.75,124170.75,0.0,466.5,8363.0,-146839.5,-14.68395,-155202.5,-15.52025,-45845.0,-186142.0,-18.6142,0.0,-186142.0,-18.6142,-0.00483075,-0.00483075,43324623.0,43324623.0,,,1620590695,16:04:55,20210509
19,2015-01-31,CRO.AX,AUD,2015-01-31,2015-01-31,Q1,10000.0,0.0,10000.0,1.0,0.0,32668.75,0.0,859.75,124170.75,0.0,466.5,8363.0,-146839.5,-14.68395,-155202.5,-15.52025,-45845.0,-186142.0,-18.6142,0.0,-186142.0,-18.6142,-0.00483075,-0.00483075,43324623.0,43324623.0,,,1620590695,16:04:55,20210509
20,2014-09-30,CRO.AX,AUD,2014-09-30,2014-09-30,Q3,0.0,0.0,0.0,0.0,0.0,38674.75,0.0,0.0,116813.75,0.0,15355.25,19444.5,-155488.5,0.0,-174933.0,0.0,-227944.5,-417838.5,0.0,0.0,-417838.5,0.0,-0.02415425,-0.02415425,16926697.0,16926697.0,,,1620590695,16:04:55,20210509
21,2014-06-30,CRO.AX,AUD,2014-06-30,2014-06-30,Q2,0.0,0.0,0.0,0.0,0.0,38674.75,0.0,0.0,116813.75,0.0,15355.25,19444.5,-155488.5,0.0,-174933.0,0.0,-227944.5,-417838.5,0.0,0.0,-417838.5,0.0,-0.02415425,-0.02415425,16926697.0,16926697.0,,,1620590695,16:04:55,20210509
22,2014-03-31,CRO.AX,AUD,2014-03-31,2014-03-31,Q1,0.0,0.0,0.0,0.0,0.0,38674.75,0.0,0.0,116813.75,0.0,15355.25,19444.5,-155488.5,0.0,-174933.0,0.0,-227944.5,-417838.5,0.0,0.0,-417838.5,0.0,-0.02415425,-0.02415425,16926697.0,16926697.0,,,1620590695,16:04:55,20210509
23,2014-01-31,CRO.AX,AUD,2014-01-31,2014-01-31,Q1,0.0,0.0,0.0,0.0,0.0,38674.75,0.0,0.0,116813.75,0.0,15355.25,19444.5,-155488.5,0.0,-174933.0,0.0,-227944.5,-417838.5,0.0,0.0,-417838.5,0.0,-0.02415425,-0.02415425,16926697.0,16926697.0,,,1620590695,16:04:55,20210509
24,2013-09-30,CRO.AX,AUD,2013-09-30,2013-09-30,Q3,5192.25,4837.75,354.5,0.06827483268332611,0.0,60859.0,7101.75,-62.25,108386.75,0.0,322.75,777.25,-175993.0,-33.89532476286774,-176770.25,-34.04501901872984,-62.25,-176726.75,-34.03664114786461,0.0,-176726.75,-34.03664114786461,-0.02173875,-0.02173875,8233218.0,8233218.0,,,1620590695,16:04:55,20210509
25,2013-06-30,CRO.AX,AUD,2013-06-30,2013-06-30,Q2,5192.25,4837.75,354.5,0.06827483268332611,0.0,60859.0,7101.75,-62.25,108386.75,0.0,322.75,777.25,-175993.0,-33.89532476286774,-176770.25,-34.04501901872984,-62.25,-176726.75,-34.03664114786461,0.0,-176726.75,-34.03664114786461,-0.02173875,-0.02173875,8233218.0,8233218.0,,,1620590695,16:04:55,20210509
26,2013-03-31,CRO.AX,AUD,2013-03-31,2013-03-31,Q1,5192.25,4837.75,354.5,0.06827483268332611,0.0,60859.0,7101.75,-62.25,108386.75,0.0,322.75,777.25,-175993.0,-33.89532476286774,-176770.25,-34.04501901872984,-62.25,-176726.75,-34.03664114786461,0.0,-176726.75,-34.03664114786461,-0.02173875,-0.02173875,8233218.0,8233218.0,,,1620590695,16:04:55,20210509
27,2013-01-31,CRO.AX,AUD,2013-01-31,2013-01-31,Q1,5192.25,4837.75,354.5,0.06827483268332611,0.0,60859.0,7101.75,-62.25,108386.75,0.0,322.75,777.25,-175993.0,-33.89532476286774,-176770.25,-34.04501901872984,-62.25,-176726.75,-34.03664114786461,0.0,-176726.75,-34.03664114786461,-0.02173875,-0.02173875,8233218.0,8233218.0,,,1620590695,16:04:55,20210509
28,2012-09-30,CRO.AX,AUD,2012-09-30,2012-09-30,Q3,0.0,0.0,0.0,0.0,0.0,92293.5,41424.75,26409.0,215811.5,0.0,1838.0,37987.75,-349529.75,0.0,-387517.5,0.0,26409.0,-362640.5,0.0,0.0,-549868.0,0.0,-0.0760855,-0.0760855,7216623.0,7216623.0,,,1620590695,16:04:55,20210509
29,2012-06-30,CRO.AX,AUD,2012-06-30,2012-06-30,Q2,0.0,0.0,0.0,0.0,0.0,92293.5,41424.75,26409.0,215811.5,0.0,1838.0,37987.75,-349529.75,0.0,-387517.5,0.0,26409.0,-362640.5,0.0,0.0,-549868.0,0.0,-0.0760855,-0.0760855,7216623.0,7216623.0,,,1620590695,16:04:55,20210509
30,2012-03-31,CRO.AX,AUD,2012-03-31,2012-03-31,Q1,0.0,0.0,0.0,0.0,0.0,92293.5,41424.75,26409.0,215811.5,0.0,1838.0,37987.75,-349529.75,0.0,-387517.5,0.0,26409.0,-362640.5,0.0,0.0,-549868.0,0.0,-0.0760855,-0.0760855,7216623.0,7216623.0,,,1620590695,16:04:55,20210509
31,2012-01-31,CRO.AX,AUD,2012-01-31,2012-01-31,Q1,0.0,0.0,0.0,0.0,0.0,92293.5,41424.75,26409.0,215811.5,0.0,1838.0,37987.75,-349529.75,0.0,-387517.5,0.0,26409.0,-362640.5,0.0,0.0,-549868.0,0.0,-0.0760855,-0.0760855,7216623.0,7216623.0,,,1620590695,16:04:55,20210509
32,2011-09-30,CRO.AX,AUD,2011-09-30,2011-09-30,Q3,647355.75,367153.0,280202.75,0.4328419883503004,0.0,621501.25,3223.25,-23975.25,412698.25,0.0,3107.0,63112.5,-792587.25,-1.224345732620742,-855699.75,-1.3218384945217525,-3229185.0,-4087031.25,-6.313423878601526,0.0,-4155786.5,-6.4196332542037355,-0.945635,-0.945635,4379413.0,4379413.0,,,1620590695,16:04:55,20210509
33,2011-06-30,CRO.AX,AUD,2011-06-30,2011-06-30,Q2,647355.75,367153.0,280202.75,0.4328419883503004,0.0,621501.25,3223.25,-23975.25,412698.25,0.0,3107.0,63112.5,-792587.25,-1.224345732620742,-855699.75,-1.3218384945217525,-3229185.0,-4087031.25,-6.313423878601526,0.0,-4155786.5,-6.4196332542037355,-0.945635,-0.945635,4379413.0,4379413.0,,,1620590695,16:04:55,20210509
34,2011-03-31,CRO.AX,AUD,2011-03-31,2011-03-31,Q1,647355.75,367153.0,280202.75,0.4328419883503004,0.0,621501.25,3223.25,-23975.25,412698.25,0.0,3107.0,63112.5,-792587.25,-1.224345732620742,-855699.75,-1.3218384945217525,-3229185.0,-4087031.25,-6.313423878601526,0.0,-4155786.5,-6.4196332542037355,-0.945635,-0.945635,4379413.0,4379413.0,,,1620590695,16:04:55,20210509
35,2011-01-31,CRO.AX,AUD,2011-01-31,2011-01-31,Q1,647355.75,367153.0,280202.75,0.4328419883503004,0.0,621501.25,3223.25,-23975.25,412698.25,0.0,3107.0,63112.5,-792587.25,-1.224345732620742,-855699.75,-1.3218384945217525,-3229185.0,-4087031.25,-6.313423878601526,0.0,-4155786.5,-6.4196332542037355,-0.945635,-0.945635,4379413.0,4379413.0,,,1620590695,16:04:55,20210509
36,2010-09-30,CRO.AX,AUD,2010-09-30,2010-09-30,Q3,177858.75,71081.25,106777.5,0.600349996837378,0.0,214603.75,0.0,-529.25,112999.75,0.0,12993.0,4650.75,-220826.0,-1.2415807487683344,-225476.75,-1.2677293076668985,-529.25,-235380.0,-1.3234097282253474,0.0,-270534.25,-1.5210623598782742,-0.090578,-0.090578,2840171.0,2840171.0,,,1620590695,16:04:55,20210509
37,2010-06-30,CRO.AX,AUD,2010-06-30,2010-06-30,Q2,177858.75,71081.25,106777.5,0.600349996837378,0.0,214603.75,0.0,-529.25,112999.75,0.0,12993.0,4650.75,-220826.0,-1.2415807487683344,-225476.75,-1.2677293076668985,-529.25,-235380.0,-1.3234097282253474,0.0,-270534.25,-1.5210623598782742,-0.090578,-0.090578,2840171.0,2840171.0,,,1620590695,16:04:55,20210509
38,2010-03-31,CRO.AX,AUD,2010-03-31,2010-03-31,Q1,177858.75,71081.25,106777.5,0.600349996837378,0.0,214603.75,0.0,-529.25,112999.75,0.0,12993.0,4650.75,-220826.0,-1.2415807487683344,-225476.75,-1.2677293076668985,-529.25,-235380.0,-1.3234097282253474,0.0,-270534.25,-1.5210623598782742,-0.090578,-0.090578,2840171.0,2840171.0,,,1620590695,16:04:55,20210509
39,2010-01-31,CRO.AX,AUD,2010-01-31,2010-01-31,Q1,177858.75,71081.25,106777.5,0.600349996837378,0.0,214603.75,0.0,-529.25,112999.75,0.0,12993.0,4650.75,-220826.0,-1.2415807487683344,-225476.75,-1.2677293076668985,-529.25,-235380.0,-1.3234097282253474,0.0,-270534.25,-1.5210623598782742,-0.090578,-0.090578,2840171.0,2840171.0,,,1620590695,16:04:55,20210509
40,2009-09-30,CRO.AX,AUD,2009-09-30,2009-09-30,Q3,296258.5,219655.25,76603.25,0.2585689524519972,51624.75,348504.25,7900.5,-1085.0,285750.25,0.0,3728.5,67173.75,-567000.5,-1.9138708256471966,-634174.25,-2.1406111554605185,-1085.0,-636047.75,-2.146935024649082,0.0,-616101.75,-2.0796086863330503,-0.42028225,-0.42028225,1468470.0,1468470.0,,,1620590695,16:04:55,20210509
41,2009-06-30,CRO.AX,AUD,2009-06-30,2009-06-30,Q2,296258.5,219655.25,76603.25,0.2585689524519972,51624.75,348504.25,7900.5,-1085.0,285750.25,0.0,3728.5,67173.75,-567000.5,-1.9138708256471966,-634174.25,-2.1406111554605185,-1085.0,-636047.75,-2.146935024649082,0.0,-616101.75,-2.0796086863330503,-0.42028225,-0.42028225,1468470.0,1468470.0,,,1620590695,16:04:55,20210509
42,2009-03-31,CRO.AX,AUD,2009-03-31,2009-03-31,Q1,296258.5,219655.25,76603.25,0.2585689524519972,51624.75,348504.25,7900.5,-1085.0,285750.25,0.0,3728.5,67173.75,-567000.5,-1.9138708256471966,-634174.25,-2.1406111554605185,-1085.0,-636047.75,-2.146935024649082,0.0,-616101.75,-2.0796086863330503,-0.42028225,-0.42028225,1468470.0,1468470.0,,,1620590695,16:04:55,20210509
43,2009-01-31,CRO.AX,AUD,2009-01-31,2009-01-31,Q1,296258.5,219655.25,76603.25,0.2585689524519972,51624.75,348504.25,7900.5,-1085.0,285750.25,0.0,3728.5,67173.75,-567000.5,-1.9138708256471966,-634174.25,-2.1406111554605185,-1085.0,-636047.75,-2.146935024649082,0.0,-616101.75,-2.0796086863330503,-0.42028225,-0.42028225,1468470.0,1468470.0,,,1620590695,16:04:55,20210509
44,2008-09-30,CRO.AX,AUD,2008-09-30,2008-09-30,Q3,463849.5,322912.75,140936.75,0.3038415477433952,164221.5,534379.25,49937.5,318744.75,377377.75,0.0,1236.75,677188.75,-984979.25,-2.1234888686955573,-1662168.0,-3.5834209156202603,271634.25,-1370944.25,-2.955579880974325,0.0,-1370944.25,-2.955579880974325,-1.065198,-1.065198,1262328.0,1262328.0,,,1620590695,16:04:55,20210509
45,2008-06-30,CRO.AX,AUD,2008-06-30,2008-06-30,Q2,463849.5,322912.75,140936.75,0.3038415477433952,164221.5,534379.25,49937.5,318744.75,377377.75,0.0,1236.75,677188.75,-984979.25,-2.1234888686955573,-1662168.0,-3.5834209156202603,271634.25,-1370944.25,-2.955579880974325,0.0,-1370944.25,-2.955579880974325,-1.065198,-1.065198,1262328.0,1262328.0,,,1620590695,16:04:55,20210509
46,2008-03-31,CRO.AX,AUD,2008-03-31,2008-03-31,Q1,463849.5,322912.75,140936.75,0.3038415477433952,164221.5,534379.25,49937.5,318744.75,377377.75,0.0,1236.75,677188.75,-984979.25,-2.1234888686955573,-1662168.0,-3.5834209156202603,271634.25,-1370944.25,-2.955579880974325,0.0,-1370944.25,-2.955579880974325,-1.065198,-1.065198,1262328.0,1262328.0,,,1620590695,16:04:55,20210509
47,2008-01-31,CRO.AX,AUD,2008-01-31,2008-01-31,Q1,463849.5,322912.75,140936.75,0.3038415477433952,164221.5,534379.25,49937.5,318744.75,377377.75,0.0,1236.75,677188.75,-984979.25,-2.1234888686955573,-1662168.0,-3.5834209156202603,271634.25,-1370944.25,-2.955579880974325,0.0,-1370944.25,-2.955579880974325,-1.065198,-1.065198,1262328.0,1262328.0,,,1620590695,16:04:55,20210509
48,2007-09-30,CRO.AX,AUD,2007-09-30,2007-09-30,Q3,377940.25,255015.75,122924.5,0.32524850158192997,88431.75,755964.25,336524.25,55747.75,129998.75,0.0,0.0,66501.75,-1187994.5,-3.1433394564352435,-1254496.25,-3.3192978255160703,-242638.25,-1461580.5,-3.867226367130783,0.0,-1197082.75,-3.167386246900138,-0.867738,-0.867738,1099922.0,1099922.0,,,1620590695,16:04:55,20210509
49,2007-06-30,CRO.AX,AUD,2007-06-30,2007-06-30,Q2,377940.25,255015.75,122924.5,0.32524850158192997,88431.75,755964.25,336524.25,55747.75,129998.75,0.0,0.0,66501.75,-1187994.5,-3.1433394564352435,-1254496.25,-3.3192978255160703,-242638.25,-1461580.5,-3.867226367130783,0.0,-1197082.75,-3.167386246900138,-0.867738,-0.867738,1099922.0,1099922.0,,,1620590695,16:04:55,20210509
50,2007-03-31,CRO.AX,AUD,2007-03-31,2007-03-31,Q1,377940.25,255015.75,122924.5,0.32524850158192997,88431.75,755964.25,336524.25,55747.75,129998.75,0.0,0.0,66501.75,-1187994.5,-3.1433394564352435,-1254496.25,-3.3192978255160703,-242638.25,-1461580.5,-3.867226367130783,0.0,-1197082.75,-3.167386246900138,-0.867738,-0.867738,1099922.0,1099922.0,,,1620590695,16:04:55,20210509
51,2007-01-31,CRO.AX,AUD,2007-01-31,2007-01-31,Q1,377940.25,255015.75,122924.5,0.32524850158192997,88431.75,755964.25,336524.25,55747.75,129998.75,0.0,0.0,66501.75,-1187994.5,-3.1433394564352435,-1254496.25,-3.3192978255160703,-242638.25,-1461580.5,-3.867226367130783,0.0,-1197082.75,-3.167386246900138,-0.867738,-0.867738,1099922.0,1099922.0,,,1620590695,16:04:55,20210509
52,2006-09-30,CRO.AX,AUD,2006-09-30,2006-09-30,Q3,741050.25,319504.75,421545.5,0.568848738665158,107155.0,665115.75,180851.5,0.0,152206.0,0.0,0.0,28380.5,-684350.25,-0.9234869700131672,-712730.75,-0.9617846428093102,0.0,-712730.75,-0.9617846428093102,0.0,-739003.5,-0.9972380415498139,-0.9728085,-0.9728085,759659.0,759659.0,,,1620590695,16:04:55,20210509
53,2006-06-30,CRO.AX,AUD,2006-06-30,2006-06-30,Q2,741050.25,319504.75,421545.5,0.568848738665158,107155.0,665115.75,180851.5,0.0,152206.0,0.0,0.0,28380.5,-684350.25,-0.9234869700131672,-712730.75,-0.9617846428093102,0.0,-712730.75,-0.9617846428093102,0.0,-739003.5,-0.9972380415498139,-0.9728085,-0.9728085,759659.0,759659.0,,,1620590695,16:04:55,20210509
54,2006-03-31,CRO.AX,AUD,2006-03-31,2006-03-31,Q1,741050.25,319504.75,421545.5,0.568848738665158,107155.0,665115.75,180851.5,0.0,152206.0,0.0,0.0,28380.5,-684350.25,-0.9234869700131672,-712730.75,-0.9617846428093102,0.0,-712730.75,-0.9617846428093102,0.0,-739003.5,-0.9972380415498139,-0.9728085,-0.9728085,759659.0,759659.0,,,1620590695,16:04:55,20210509
55,2006-01-31,CRO.AX,AUD,2006-01-31,2006-01-31,Q1,741050.25,319504.75,421545.5,0.568848738665158,107155.0,665115.75,180851.5,0.0,152206.0,0.0,0.0,28380.5,-684350.25,-0.9234869700131672,-712730.75,-0.9617846428093102,0.0,-712730.75,-0.9617846428093102,0.0,-739003.5,-0.9972380415498139,-0.9728085,-0.9728085,759659.0,759659.0,,,1620590695,16:04:55,20210509
56,2005-09-30,CRO.AX,AUD,2005-09-30,2005-09-30,Q3,289689.0,122104.75,167584.25,0.5784971124205613,219991.0,206078.75,224338.0,89185.75,319315.75,0.0,0.0,41471.5,-799546.25,-2.7600159136177074,-841017.75,-2.903174611393598,-235507.5,-1048519.5,-3.619466048072243,-1048519.5,-1021241.25,-3.5253021343578803,-2.31155225,-2.31155225,441798.0,441798.0,,,1620590695,16:04:55,20210509
57,2005-06-30,CRO.AX,AUD,2005-06-30,2005-06-30,Q2,289689.0,122104.75,167584.25,0.5784971124205613,219991.0,206078.75,224338.0,89185.75,319315.75,0.0,0.0,41471.5,-799546.25,-2.7600159136177074,-841017.75,-2.903174611393598,-235507.5,-1048519.5,-3.619466048072243,-1048519.5,-1021241.25,-3.5253021343578803,-2.31155225,-2.31155225,441798.0,441798.0,,,1620590695,16:04:55,20210509
58,2005-03-31,CRO.AX,AUD,2005-03-31,2005-03-31,Q1,289689.0,122104.75,167584.25,0.5784971124205613,219991.0,206078.75,224338.0,89185.75,319315.75,0.0,0.0,41471.5,-799546.25,-2.7600159136177074,-841017.75,-2.903174611393598,-235507.5,-1048519.5,-3.619466048072243,-1048519.5,-1021241.25,-3.5253021343578803,-2.31155225,-2.31155225,441798.0,441798.0,,,1620590695,16:04:55,20210509
59,2005-01-31,CRO.AX,AUD,2005-01-31,2005-01-31,Q1,289689.0,122104.75,167584.25,0.5784971124205613,219991.0,206078.75,224338.0,89185.75,319315.75,0.0,0.0,41471.5,-799546.25,-2.7600159136177074,-841017.75,-2.903174611393598,-235507.5,-1048519.5,-3.619466048072243,-1048519.5,-1021241.25,-3.5253021343578803,-2.31155225,-2.31155225,441798.0,441798.0,,,1620590695,16:04:55,20210509
60,2004-09-30,CRO.AX,AUD,2004-09-30,2004-09-30,Q3,0.0,0.0,0.0,0.0,185023.75,159285.75,16254.75,1888.25,80247.75,0.0,0.0,10025.0,-440812.0,0.0,-450837.0,0.0,1888.25,-416936.5,0.0,-416936.5,55358.75,0.0,-1.1086755,-1.1086755,326134.0,326134.0,,,1620590695,16:04:55,20210509
61,2004-06-30,CRO.AX,AUD,2004-06-30,2004-06-30,Q2,0.0,0.0,0.0,0.0,185023.75,159285.75,16254.75,1888.25,80247.75,0.0,0.0,10025.0,-440812.0,0.0,-450837.0,0.0,1888.25,-416936.5,0.0,-416936.5,55358.75,0.0,-1.1086755,-1.1086755,326134.0,326134.0,,,1620590695,16:04:55,20210509
62,2004-03-31,CRO.AX,AUD,2004-03-31,2004-03-31,Q1,0.0,0.0,0.0,0.0,185023.75,159285.75,16254.75,1888.25,80247.75,0.0,0.0,10025.0,-440812.0,0.0,-450837.0,0.0,1888.25,-416936.5,0.0,-416936.5,55358.75,0.0,-1.1086755,-1.1086755,326134.0,326134.0,,,1620590695,16:04:55,20210509
63,2004-01-31,CRO.AX,AUD,2004-01-31,2004-01-31,Q1,0.0,0.0,0.0,0.0,185023.75,159285.75,16254.75,1888.25,80247.75,0.0,0.0,10025.0,-440812.0,0.0,-450837.0,0.0,1888.25,-416936.5,0.0,-416936.5,55358.75,0.0,-1.1086755,-1.1086755,326134.0,326134.0,,,1620590695,16:04:55,20210509
64,2003-09-30,CRO.AX,AUD,2003-09-30,2003-09-30,Q3,33954.75,0.0,33954.75,1.0,127897.75,125704.75,0.0,33954.75,63008.0,0.0,0.0,10508.5,-316610.5,-9.324483319712265,-327119.0,-9.633968737805462,33954.75,-269392.25,-7.933860505525736,-269392.25,45069.25,1.3273327001376833,-0.76266725,-0.76266725,293927.0,293927.0,,,1620590695,16:04:55,20210509
65,2003-06-30,CRO.AX,AUD,2003-06-30,2003-06-30,Q2,33954.75,0.0,33954.75,1.0,127897.75,125704.75,0.0,33954.75,63008.0,0.0,0.0,10508.5,-316610.5,-9.324483319712265,-327119.0,-9.633968737805462,33954.75,-269392.25,-7.933860505525736,-269392.25,45069.25,1.3273327001376833,-0.76266725,-0.76266725,293927.0,293927.0,,,1620590695,16:04:55,20210509
66,2003-03-31,CRO.AX,AUD,2003-03-31,2003-03-31,Q1,33954.75,0.0,33954.75,1.0,127897.75,125704.75,0.0,33954.75,63008.0,0.0,0.0,10508.5,-316610.5,-9.324483319712265,-327119.0,-9.633968737805462,33954.75,-269392.25,-7.933860505525736,-269392.25,45069.25,1.3273327001376833,-0.76266725,-0.76266725,293927.0,293927.0,,,1620590695,16:04:55,20210509
67,2003-01-31,CRO.AX,AUD,2003-01-31,2003-01-31,Q1,33954.75,0.0,33954.75,1.0,127897.75,125704.75,0.0,33954.75,63008.0,0.0,0.0,10508.5,-316610.5,-9.324483319712265,-327119.0,-9.633968737805462,33954.75,-269392.25,-7.933860505525736,-269392.25,45069.25,1.3273327001376833,-0.76266725,-0.76266725,293927.0,293927.0,,,1620590695,16:04:55,20210509
68,2002-09-30,CRO.AX,AUD,2002-09-30,2002-09-30,Q3,2479.5,0.0,2479.5,1.0,17773.0,17968.75,0.0,-8734.0,11278.5,0.0,0.0,3225.25,-44540.75,-17.96360153256705,-47766.0,-19.264367816091955,-8734.0,-56500.0,-22.78685218794112,-56500.0,12202.5,4.921355111917725,-2.17387375,-2.17387375,20265.0,20265.0,,,1620590695,16:04:55,20210509
69,2002-06-30,CRO.AX,AUD,2002-06-30,2002-06-30,Q2,2479.5,0.0,2479.5,1.0,17773.0,17968.75,0.0,-8734.0,11278.5,0.0,0.0,3225.25,-44540.75,-17.96360153256705,-47766.0,-19.264367816091955,-8734.0,-56500.0,-22.78685218794112,-56500.0,12202.5,4.921355111917725,-2.17387375,-2.17387375,20265.0,20265.0,,,1620590695,16:04:55,20210509
70,2002-03-31,CRO.AX,AUD,2002-03-31,2002-03-31,Q1,2479.5,0.0,2479.5,1.0,17773.0,17968.75,0.0,-8734.0,11278.5,0.0,0.0,3225.25,-44540.75,-17.96360153256705,-47766.0,-19.264367816091955,-8734.0,-56500.0,-22.78685218794112,-56500.0,12202.5,4.921355111917725,-2.17387375,-2.17387375,20265.0,20265.0,,,1620590695,16:04:55,20210509
71,2002-01-31,CRO.AX,AUD,2002-01-31,2002-01-31,Q1,2479.5,0.0,2479.5,1.0,17773.0,17968.75,0.0,-8734.0,11278.5,0.0,0.0,3225.25,-44540.75,-17.96360153256705,-47766.0,-19.264367816091955,-8734.0,-56500.0,-22.78685218794112,-56500.0,12202.5,4.921355111917725,-2.17387375,-2.17387375,20265.0,20265.0,,,1620590695,16:04:55,20210509
72,2001-09-30,CRO.AX,AUD,2001-09-30,2001-09-30,Q3,0.0,0.0,0.0,0.0,0.0,0.0,0.0,0.0,0.0,0.0,0.0,0.0,0.0,0.0,0.0,0.0,0.0,0.0,0.0,0.0,0.0,0.0,0.0,0.0,293927.0,293927.0,,,1620590695,16:04:55,20210509
73,2001-06-30,CRO.AX,AUD,2001-06-30,2001-06-30,Q2,0.0,0.0,0.0,0.0,0.0,0.0,0.0,0.0,0.0,0.0,0.0,0.0,0.0,0.0,0.0,0.0,0.0,0.0,0.0,0.0,0.0,0.0,0.0,0.0,293927.0,293927.0,,,1620590695,16:04:55,20210509
74,2001-03-31,CRO.AX,AUD,2001-03-31,2001-03-31,Q1,0.0,0.0,0.0,0.0,0.0,0.0,0.0,0.0,0.0,0.0,0.0,0.0,0.0,0.0,0.0,0.0,0.0,0.0,0.0,0.0,0.0,0.0,0.0,0.0,293927.0,293927.0,,,1620590695,16:04:55,20210509
75,2001-01-31,CRO.AX,AUD,2001-01-31,2001-01-31,Q1,0.0,0.0,0.0,0.0,0.0,0.0,0.0,0.0,0.0,0.0,0.0,0.0,0.0,0.0,0.0,0.0,0.0,0.0,0.0,0.0,0.0,0.0,0.0,0.0,293927.0,293927.0,,,1620590695,16:04:55,20210509
