,date,symbol,reportedCurrency,fillingDate,acceptedDate,period,revenue,costOfRevenue,grossProfit,grossProfitRatio,researchAndDevelopmentExpenses,generalAndAdministrativeExpenses,sellingAndMarketingExpenses,otherExpenses,operatingExpenses,costAndExpenses,interestExpense,depreciationAndAmortization,ebitda,ebitdaratio,operatingIncome,operatingIncomeRatio,totalOtherIncomeExpensesNet,incomeBeforeTax,incomeBeforeTaxRatio,incomeTaxExpense,netIncome,netIncomeRatio,eps,epsdiluted,weightedAverageShsOut,weightedAverageShsOutDil,link,finalLink,timestamp,est_time,est_date
0,2021-03-28,WTS,USD,2021-05-05,2021-05-05 10:34:13,Q1,413300000,239600000.0,173700000.0,0.42027582869586255,0.0,0.0,0.0,300000.0,113800000.0,353400000.0,2000000.0,11800000.0,71700000.0,0.173481732397774,59900000.0,0.14009194289862087,0.0,57900000.0,0.14009194289862087,16200000.0,41700000.0,0.10089523348657149,1.23,1.23,33800000,33900000,https://www.sec.gov/Archives/edgar/data/795403/000155837021005827/0001558370-21-005827-index.htm,https://www.sec.gov/Archives/edgar/data/795403/000155837021005827/wts-20210328x10q.htm,1620599972,18:39:32,20210509
1,2020-12-31,WTS,USD,2021-02-18,2021-02-18 12:20:58,Q4,403700000,234400000.0,169300000.0,0.41937081991577907,-21300000.0,134700000.0,0.0,-6000000.0,107100000.0,341500000.0,-11000.0,100000.0,55300000.0,0.13698290810007432,55200000.0,0.13673519940549914,-100000.0,51900000.0,0.1285608124845182,22100000.0,29800000.0,0.07381719098340352,0.9030303030303031,0.9030303030303031,33000000,33000000,https://www.sec.gov/Archives/edgar/data/795403/000155837021001199/0001558370-21-001199-index.htm,https://www.sec.gov/Archives/edgar/data/795403/000155837021001199/wts-20201231x10k.htm,1620599972,18:39:32,20210509
2,2020-09-27,WTS,USD,2020-11-05,2020-11-05 10:03:08,Q3,383000000,225000000.0,158000000.0,0.412532637075718,0.0,106000000.0,0.0,1000000.0,106000000.0,331000000.0,-3000000.0,8000000.0,55000000.0,0.14360313315926893,47000000.0,0.1227154046997389,1000000.0,43000000.0,0.1122715404699739,10000000.0,32000000.0,0.0835509138381201,0.97,0.97,33000000,33000000,https://www.sec.gov/Archives/edgar/data/795403/000155837020012741/0001558370-20-012741-index.htm,https://www.sec.gov/Archives/edgar/data/795403/000155837020012741/wts-20200927x10q.htm,1620599972,18:39:32,20210509
3,2020-06-28,WTS,USD,2020-08-04,2020-08-04 10:31:16,Q2,338700000,203800000.0,134900000.0,0.3982875701210511,9800000.0,87800000.0,0.0,3000000.0,103899999.99999999,307700000.0,4000000.0,11500000.0,42500000.0,0.12547977561263654,31000000.0,0.09152642456451136,400000.0,27500000.0,0.08119279598464718,7300000.0,20200000.0,0.05963979923235902,0.59412,0.59412,34000000,34000000,https://www.sec.gov/Archives/edgar/data/795403/000155837020009084/0001558370-20-009084-index.htm,https://www.sec.gov/Archives/edgar/data/795403/000155837020009084/wts-20200628x10q.htm,1620599972,18:39:32,20210509
4,2020-03-29,WTS,USD,2020-05-07 00:00:00,2020-05-07 11:33:41,Q1,382600000,219800000.0,162800000.0,0.4255096706743335,11500000.0,103500000.0,0.0,3000000.0,115000000.0,334800000.0,-3000000.0,11399999.999999998,59200000.0,0.15473078933612128,47800000.0,0.12493465760585468,-300000.0,44600000.0,0.11657083115525353,12600000.0,32000000.0,0.0836382645060115,0.93842,0.93842,34100000,34100000,https://www.sec.gov/Archives/edgar/data/795403/000155837020005600/0001558370-20-005600-index.html,https://www.sec.gov/Archives/edgar/data/795403/000155837020005600/wts-20200507x10q.htm,1620599972,18:39:32,20210509
5,2019-12-31,WTS,USD,2020-02-20 00:00:00,2020-02-20 14:14:01,Q4,400300000,230200000.0,170100000.0,0.4249313015238571,0.0,121200000.0,0.0,100000.0,121200000.0,351400000.0,3300000.0,12300000.0,61200000.0,0.1528853359980015,48900000.0,0.12215838121408944,-1500000.0,44200000.0,0.11041718710966775,12400000.0,31800000.0,0.07944041968523607,0.94,0.93,34000000,34100000,https://www.sec.gov/Archives/edgar/data/795403/000155837020001062/0001558370-20-001062-index.html,https://www.sec.gov/Archives/edgar/data/795403/000155837020001062/wts-20191231x10k30b5fb.htm,1620599972,18:39:32,20210509
6,2019-09-29,WTS,USD,2019-10-31 00:00:00,2019-10-31 11:04:54,Q3,394700000,226100000.0,168600000.0,0.4271598682543704,9800000.0,110000000.0,0.0,3000000.0,119799999.99999999,345900000.0,3500000.0,11500000.0,60300000.0,0.15277425893083355,48800000.0,0.1236382062325817,800000.0,46200000.0,0.11705092475297695,13900000.0,32300000.0,0.08183430453508994,0.94444,0.94444,34200000,34200000,https://www.sec.gov/Archives/edgar/data/795403/000155837019009525/0001558370-19-009525-index.html,https://www.sec.gov/Archives/edgar/data/795403/000155837019009525/wts-20190929x10q3db3cd.htm,1620599972,18:39:32,20210509
7,2019-06-30,WTS,USD,2019-08-01 00:00:00,2019-08-01 10:22:53,Q2,416800000,242200000.0,174600000.0,0.4189059500959693,0.0,119000000.0,0.0,100000.0,119000000.0,361200000.0,3700000.0,11400000.0,67000000.0,0.16074856046065258,55600000.0,0.13339731285988485,-1200000.0,50800000.0,0.1218809980806142,14400000.0,36400000.0,0.0873320537428023,1.067448680351906,1.064327485380117,34100000,34200000,https://www.sec.gov/Archives/edgar/data/795403/000155837019006751/0001558370-19-006751-index.html,https://www.sec.gov/Archives/edgar/data/795403/000155837019006751/wts-20190630x10q.htm,1620599972,18:39:32,20210509
8,2019-03-31,WTS,USD,2019-05-03 00:00:00,2019-05-03 11:17:22,Q1,388700000,224500000.0,164200000.0,0.42243375353743245,0.0,116100000.0,0.0,-500000.0,116100000.0,340600000.0,3600000.0,11400000.0,59500000.0,0.1530743503987651,48100000.0,0.12374581939799331,-1900000.0,42700000.0,0.10985335734499614,11700000.0,31000000.0,0.07975302289683561,0.91,0.91,34200000,34200000,https://www.sec.gov/Archives/edgar/data/795403/000155837019003929/0001558370-19-003929-index.html,https://www.sec.gov/Archives/edgar/data/795403/000155837019003929/wts-20190331x10q.htm,1620599972,18:39:32,20210509
9,2018-12-31,WTS,USD,2019-02-22 00:00:00,2019-02-22 12:23:40,Q4,387600000,221700000.0,165900000.0,0.4280185758513932,0.0,120500000.0,0.0,-300000.0,120500000.0,342200000.0,3700000.0,11800000.0,57200000.0,0.1475748194014448,45400000.0,0.11713106295149639,-300000.0,41600000.0,0.10732714138286893,9300000.0,32300000.0,0.08333333333333333,0.85,0.85,34300000,34300000,https://www.sec.gov/Archives/edgar/data/795403/000155837019000893/0001558370-19-000893-index.html,https://www.sec.gov/Archives/edgar/data/795403/000155837019000893/wts-20181231x10k.htm,1620599972,18:39:32,20210509
10,2018-09-30,WTS,USD,2018-11-05 00:00:00,2018-11-05 11:49:46,Q3,390900000,226400000.0,164500000.0,0.42082374008697876,0.0,114200000.0,0.0,900000.0,114200000.0,340600000.0,3900000.0,11700000.0,62000000.0,0.1586083397288309,50300000.0,0.1286774111025838,-2500000.0,44000000.0,0.11256075722691225,12500000.0,31500000.0,0.08058326937835764,0.9183673469387755,0.9156976744186046,34300000,34400000,https://www.sec.gov/Archives/edgar/data/795403/000155837018008440/0001558370-18-008440-index.html,https://www.sec.gov/Archives/edgar/data/795403/000155837018008440/wts-20180930x10q.htm,1620599972,18:39:32,20210509
11,2018-07-01,WTS,USD,2018-08-02 00:00:00,2018-08-02 11:56:54,Q2,407900000,238500000.0,169400000.0,0.4152978671242952,8300000.0,108900000.0,0.0,-5000000.0,117199999.99999999,355700000.0,4400000.0,12300000.0,64500000.0,0.1581269919097818,52200000.0,0.12797254228977692,1800000.0,49700000.0,0.12184358911497917,13700000.0,36000000.0,0.08825692571708753,1.04651,1.04651,34400000,34400000,https://www.sec.gov/Archives/edgar/data/795403/000155837018006178/0001558370-18-006178-index.html,https://www.sec.gov/Archives/edgar/data/795403/000155837018006178/wts-20180701x10q.htm,1620599972,18:39:32,20210509
12,2018-04-01,WTS,USD,2018-05-08 00:00:00,2018-05-08 09:31:48,Q1,378500000,221800000.0,156700000.0,0.414002642007926,8500000.0,104300000.0,0.0,4000000.0,112800000.00000001,334600000.0,4300000.0,12700000.0,56600000.0,0.14953764861294583,43900000.0,0.11598414795244386,-700000.0,39300000.0,0.10383091149273448,11100000.0,28200000.0,0.07450462351387054,0.81977,0.81977,34400000,34400000,https://www.sec.gov/Archives/edgar/data/795403/000155837018004234/0001558370-18-004234-index.html,https://www.sec.gov/Archives/edgar/data/795403/000155837018004234/wts-20180401x10q.htm,1620599972,18:39:32,20210509
13,2017-12-31,WTS,USD,2018-02-23 00:00:00,2018-02-23 11:46:56,Q4,366300000,217100000.0,149200000.0,0.40731640731640734,0.0,107500000.0,0.0,-300000.0,107500000.0,324600000.0,4600000.0,13500000.0,55200000.0,0.1506961506961507,41700000.0,0.11384111384111384,-4500000.0,33000000.0,0.09009009009009009,35300000.0,-2300000.0,-0.006279006279006279,-0.07,-0.07,34400000,34400000,https://www.sec.gov/Archives/edgar/data/795403/000155837018001010/0001558370-18-001010-index.html,https://www.sec.gov/Archives/edgar/data/795403/000155837018001010/wts-20171231x10k.htm,1620599972,18:39:32,20210509
14,2017-10-01,WTS,USD,2017-11-06 00:00:00,2017-11-06 12:15:00,Q3,364700000,212000000.0,152700000.0,0.41870030161776806,7300000.0,99700000.0,0.0,5000000.0,108399999.99999999,320400000.0,4700000.0,13000000.0,57300000.0,0.15711543734576364,44300000.0,0.12146970112421168,-300000.0,39500000.0,0.10830819851933096,13000000.0,26500000.0,0.07266246229777899,0.77035,0.77035,34400000,34400000,https://www.sec.gov/Archives/edgar/data/795403/000155837017008196/0001558370-17-008196-index.html,https://www.sec.gov/Archives/edgar/data/795403/000155837017008196/wts-20171001x10q.htm,1620599972,18:39:32,20210509
15,2017-07-02,WTS,USD,2017-08-07 00:00:00,2017-08-07 14:20:17,Q2,378500000,221800000.0,156700000.0,0.414002642007926,7200000.0,103000000.0,0.0,5000000.0,111899999.99999999,333700000.0,5000000.0,13600000.0,58400000.0,0.15429326287978865,44800000.0,0.11836195508586526,-200000.0,39800000.0,0.10515191545574637,12600000.0,27200000.0,0.07186261558784676,0.78841,0.78841,34500000,34500000,https://www.sec.gov/Archives/edgar/data/795403/000155837017006088/0001558370-17-006088-index.html,https://www.sec.gov/Archives/edgar/data/795403/000155837017006088/wts-20170702x10q.htm,1620599972,18:39:32,20210509
16,2017-04-02,WTS,USD,2017-05-09 00:00:00,2017-05-09 15:53:36,Q1,347200000,203400000.0,143800000.0,0.4141705069124424,7100000.0,100500000.0,0.0,4000000.0,108100000.0,311500000.0,4800000.0,12100000.0,47800000.0,0.13767281105990783,35700000.0,0.1028225806451613,-300000.0,30800000.0,0.08870967741935484,9100000.0,21700000.0,0.0625,0.62899,0.62899,34500000,34500000,https://www.sec.gov/Archives/edgar/data/795403/000155837017003963/0001558370-17-003963-index.html,https://www.sec.gov/Archives/edgar/data/795403/000155837017003963/wts-20170402x10q.htm,1620599972,18:39:32,20210509
17,2016-12-31,WTS,USD,2017-02-24 00:00:00,2017-02-24 12:59:10,Q4,342000000,204300000.0,137700000.0,0.4026315789473684,0.0,106500000.0,0.0,800000.0,106500000.0,310800000.0,5500000.0,13200000.0,44400000.0,0.12982456140350876,31200000.0,0.0912280701754386,1200000.0,27100000.0,0.07923976608187135,9600000.0,17500000.0,0.05116959064327485,0.5087209302325582,0.5072463768115942,34400000,34500000,https://www.sec.gov/Archives/edgar/data/795403/000155837017000970/0001558370-17-000970-index.html,https://www.sec.gov/Archives/edgar/data/795403/000155837017000970/wts-20161231x10k.htm,1620599972,18:39:32,20210509
18,2016-10-02,WTS,USD,2016-11-08 00:00:00,2016-11-08 09:10:23,Q3,341100000,199100000.0,142000000.0,0.41630020521841105,6600000.0,97900000.0,0.0,4000000.0,105500000.00000003,304600000.00000006,4900000.0,13100000.000000002,49600000.0,0.14541190266783935,36500000.0,0.1070067428906479,500000.0,32400000.0,0.09498680738786279,10500000.0,21900000.0,0.06420404573438875,0.63478,0.63478,34500000,34500000,https://www.sec.gov/Archives/edgar/data/795403/000110465916155365/0001104659-16-155365-index.html,https://www.sec.gov/Archives/edgar/data/795403/000110465916155365/a16-17225_110q.htm,1620599972,18:39:32,20210509
19,2016-07-03,WTS,USD,2016-08-09,2016-08-09 16:03:35,Q2,371100000,220400000.0,150700000.0,0.4060900026946915,6400000.0,104100000.0,0.0,4000000.0,104999999.99999997,325399999.99999994,5500000.0,12500000.0,58200000.0,0.15683104284559418,45700000.0,0.1231473996227432,900000.0,41400000.0,0.11156022635408246,12800000.0,28600000.0,0.07706817569388305,0.82899,0.82899,34500000,34500000,https://www.sec.gov/Archives/edgar/data/795403/000110465916138272/a16-11627_110q.htm,https://www.sec.gov/Archives/edgar/data/795403/000110465916138272/a16-11627_110q.htm,1620599972,18:39:32,20210509
20,2016-04-03,WTS,USD,2016-05-11 00:00:00,2016-05-11 08:36:22,Q1,344200000,209000000.0,135200000.0,0.3927948866937827,6600000.0,96000000.0,0.0,4000000.0,104000000.0,313000000.0,6700000.0,12399999.999999998,43600000.0,0.12667054038349795,31200000.0,0.0906449738524114,2200000.0,26900000.0,0.07815223707147008,10700000.0,16200000.0,0.04706565950029053,0.46957,0.46957,34500000,34500000,https://www.sec.gov/Archives/edgar/data/795403/000110465916119949/0001104659-16-119949-index.html,https://www.sec.gov/Archives/edgar/data/795403/000110465916119949/a16-6535_110q.htm,1620599972,18:39:32,20210509
21,2015-12-31,WTS,USD,2016-02-29 00:00:00,2016-02-29 06:59:11,Q4,358300000,223700000.0,134600000.0,0.3756628523583589,0.0,112700000.0,0.0,1600000.0,112700000.0,336400000.0,6300000.0,12800000.0,34700000.0,0.09684621825286073,21900000.0,0.06112196483393804,-137800000.0,-121900000.0,-0.34021769466927154,-3800000.0,-118100000.0,-0.32961205693552886,-3.41,-3.41,34700000,34700000,https://www.sec.gov/Archives/edgar/data/795403/000104746916010540/0001047469-16-010540-index.html,https://www.sec.gov/Archives/edgar/data/795403/000104746916010540/a2227449z10-k.htm,1620599972,18:39:32,20210509
22,2015-09-27,WTS,USD,2015-11-04 00:00:00,2015-11-04 08:42:28,Q3,366300000,224100000.0,142200000.0,0.3882063882063882,5600000.0,161000000.0,0.0,6000000.0,172400000.0,396500000.0,6200000.0,13800000.0,-16400000.0,-0.04477204477204477,-30200000.0,-0.08244608244608245,200000.0,-35900000.0,-0.098007098007098,-10200000.0,-25700000.0,-0.07016107016107016,-0.73429,-0.73429,35000000,35000000,https://www.sec.gov/Archives/edgar/data/795403/000110465915075554/0001104659-15-075554-index.html,https://www.sec.gov/Archives/edgar/data/795403/000110465915075554/a15-17883_110q.htm,1620599972,18:39:32,20210509
23,2015-06-28,WTS,USD,2015-08-05 00:00:00,2015-08-05 15:13:49,Q2,386900000,241100000.0,145800000.0,0.3768415611269062,6300000.0,100000000.0,0.0,5000000.0,111000000.00000003,352100000.00000006,5900000.0,12900000.0,47700000.0,0.1232876712328767,34800000.0,0.08994572240889119,400000.0,29500000.0,0.07624709227190489,10200000.0,19300000.0,0.0498836908761954,0.54986,0.54986,35100000,35100000,https://www.sec.gov/Archives/edgar/data/795403/000110465915056446/0001104659-15-056446-index.html,https://www.sec.gov/Archives/edgar/data/795403/000110465915056446/a15-11961_110q.htm,1620599972,18:39:32,20210509
24,2015-03-29,WTS,USD,2015-05-06 00:00:00,2015-05-06 11:24:18,Q1,356200000,225700000.0,130500000.0,0.36636720943290285,6400000.0,99300000.0,0.0,5000000.0,107699999.99999999,333400000.0,5900000.0,13000000.0,35800000.0,0.10050533408197641,22800000.0,0.06400898371701291,200000.0,17300000.0,0.04856822010106682,5700000.0,11600000.0,0.03256597417181359,0.32955,0.32955,35200000,35200000,https://www.sec.gov/Archives/edgar/data/795403/000110465915034658/0001104659-15-034658-index.html,https://www.sec.gov/Archives/edgar/data/795403/000110465915034658/a15-7178_110q.htm,1620599972,18:39:32,20210509
25,2014-12-31,WTS,USD,2015-02-26,2015-02-26 16:45:34,Q4,376500000,245100000.0,131400000.0,0.349003984063745,0.0,108900000.0,0.0,-1200000.0,108900000.0,354000000.0,5300000.0,12300000.0,34800000.0,0.09243027888446215,22500000.0,0.05976095617529881,-23400000.0,-5900000.0,-0.015670650730411687,1800000.0,-7700000.0,-0.020451527224435592,-0.22,-0.22,35300000,35300000,https://www.sec.gov/Archives/edgar/data/795403/000104746915001296/a2223227z10-k.htm,https://www.sec.gov/Archives/edgar/data/795403/000104746915001296/a2223227z10-k.htm,1620599972,18:39:32,20210509
26,2014-09-28,WTS,USD,2014-11-04 00:00:00,2014-11-04 15:45:29,Q3,376000000,237900000.0,138100000.0,0.3672872340425532,5300000.0,89700000.0,0.0,-8000000.0,95400000.0,333300000.0,4800000.0,11799999.999999996,54500000.0,0.1449468085106383,42700000.0,0.11356382978723405,-1600000.0,36400000.0,0.09680851063829787,13800000.0,22600000.0,0.0601063829787234,0.63842,0.63842,35400000,35400000,https://www.sec.gov/Archives/edgar/data/795403/000110465914076471/0001104659-14-076471-index.html,https://www.sec.gov/Archives/edgar/data/795403/000110465914076471/a14-19707_110q.htm,1620599972,18:39:32,20210509
27,2014-06-29,WTS,USD,2014-08-06 00:00:00,2014-08-06 15:19:31,Q2,396000000,257000000.0,139000000.0,0.351010101010101,5600000.0,94200000.0,0.0,4000000.0,102399999.99999999,359400000.0,4900000.0,12100000.000000002,48700000.0,0.12297979797979798,36600000.0,0.09242424242424242,100000.0,32000000.0,0.08080808080808081,10700000.0,21300000.0,0.05378787878787879,0.60169,0.60169,35400000,35400000,https://www.sec.gov/Archives/edgar/data/795403/000110465914057537/0001104659-14-057537-index.html,https://www.sec.gov/Archives/edgar/data/795403/000110465914057537/a14-13972_110q.htm,1620599972,18:39:32,20210509
28,2014-03-30,WTS,USD,2014-05-08 00:00:00,2014-05-08 16:22:13,Q1,365200000,231900000.0,133300000.0,0.3650054764512596,6300000.0,97000000.0,0.0,5000000.0,107499999.99999997,339399999.99999994,4900000.0,11899999.999999998,37700000.0,0.10323110624315443,25800000.0,0.07064622124863089,-400000.0,20600000.0,0.05640744797371303,6500000.0,14100000.0,0.038608981380065716,0.39718,0.39718,35500000,35500000,https://www.sec.gov/Archives/edgar/data/795403/000110465914036517/0001104659-14-036517-index.html,https://www.sec.gov/Archives/edgar/data/795403/000110465914036517/a14-9285_110q.htm,1620599972,18:39:32,20210509
29,2013-12-31,WTS,USD,2014-02-27,2014-02-27 14:11:22,Q4,376000000,245100000.0,130900000.0,0.3481382978723404,0.0,111700000.0,0.0,-1100000.0,111700000.0,356800000.0,4900000.0,12500000.0,31700000.0,0.08430851063829788,19200000.0,0.05106382978723404,-3200000.0,11300000.0,0.0300531914893617,3100000.0,8200000.0,0.021808510638297873,0.23098591549295774,0.2303370786516854,35500000,35600000,https://www.sec.gov/Archives/edgar/data/795403/000104746914001466/a2218544z10-k.htm,https://www.sec.gov/Archives/edgar/data/795403/000104746914001466/a2218544z10-k.htm,1620599972,18:39:32,20210509
30,2013-09-29,WTS,USD,2013-11-06 00:00:00,2013-11-06 14:43:23,Q3,371800000,237900000.0,133900000.0,0.36013986013986016,5200000.0,95500000.0,0.0,0.0,103700000.00000001,341600000.0,5100000.0,12100000.0,42300000.0,0.11377084454007531,30200000.0,0.08122646584185046,-300000.0,24900000.0,0.06697149004841313,7400000.0,15400000.0,0.04142011834319527,0.43258,0.43258,35600000,35600000,https://www.sec.gov/Archives/edgar/data/795403/000110465913081632/0001104659-13-081632-index.html,https://www.sec.gov/Archives/edgar/data/795403/000110465913081632/a13-19017_110q.htm,1620599972,18:39:32,20210509
31,2013-06-30,WTS,USD,2013-08-08 00:00:00,2013-08-08 10:57:53,Q2,371300000,237600000.0,133700000.0,0.3600861836789658,0.0,96100000.0,0.0,-1400000.0,96100000.0,333700000.0,5500000.0,12300000.0,49900000.0,0.1343926743872879,37600000.0,0.10126582278481013,-3400000.0,28900000.0,0.07783463506598438,10000000.0,18900000.0,0.05090223538917318,0.532394366197183,0.5308988764044944,35500000,35600000,https://www.sec.gov/Archives/edgar/data/795403/000110465913061469/0001104659-13-061469-index.html,https://www.sec.gov/Archives/edgar/data/795403/000110465913061469/a13-13516_110q.htm,1620599972,18:39:32,20210509
32,2013-03-31,WTS,USD,2013-05-09 00:00:00,2013-05-09 13:44:41,Q1,362100000,232600000.0,129500000.0,0.3576360121513394,0.0,99000000.0,0.0,0.0,99000000.0,331600000.0,6000000.0,12400000.0,42900000.0,0.11847555923777962,30500000.0,0.08423087544877106,-2200000.0,22400000.0,0.061861364264015464,6300000.0,16100000.0,0.044462855564761115,0.4535211267605634,0.45224719101123595,35500000,35600000,https://www.sec.gov/Archives/edgar/data/795403/000110465913039473/0001104659-13-039473-index.html,https://www.sec.gov/Archives/edgar/data/795403/000110465913039473/a13-8399_110q.htm,1620599972,18:39:32,20210509
33,2012-12-31,WTS,USD,2013-02-27 00:00:00,2013-02-27 14:44:58,Q4,349100000,223200000.0,125900000.0,0.36064164995703235,0.0,93400000.0,0.0,-700000.0,93400000.0,316600000.0,6200000.0,12300000.0,44800000.0,0.1283299914064738,32500000.0,0.09309653394442853,-3500000.0,23000000.0,0.06588370094528788,5300000.0,15500000.0,0.04439988541965053,0.4378531073446328,0.43661971830985913,35400000,35500000,https://www.sec.gov/Archives/edgar/data/795403/000104746913001806/0001047469-13-001806-index.html,https://www.sec.gov/Archives/edgar/data/795403/000104746913001806/a2213147z10-k.htm,1620599972,18:39:32,20210509
34,2012-09-30,WTS,USD,2012-11-08 00:00:00,2012-11-08 13:29:06,Q3,361200000,231000000.0,130200000.0,0.36046511627906974,0.0,93500000.0,0.0,0.0,93500000.0,324500000.0,6100000.0,12000000.0,48700000.0,0.13482834994462903,36700000.0,0.10160575858250277,-3000000.0,27700000.0,0.07668881506090808,9000000.0,18700000.0,0.0517718715393134,0.5327635327635327,0.53125,35100000,35200000,https://www.sec.gov/Archives/edgar/data/795403/000110465912075864/0001104659-12-075864-index.html,https://www.sec.gov/Archives/edgar/data/795403/000110465912075864/a12-19859_110q.htm,1620599972,18:39:32,20210509
35,2012-07-01,WTS,USD,2012-08-09 00:00:00,2012-08-09 16:20:39,Q2,358900000,230200000.0,128700000.0,0.35859570911117306,5100000.0,88900000.0,0.0,6000000.0,95199999.99999999,325400000.0,6100000.0,12300000.0,45800000.0,0.12761214823070494,33500000.0,0.09334076344385622,0.0,27600000.0,0.07690164391195319,9200000.0,18500000.0,0.05154639175257732,0.53009,0.53009,34900000,34900000,https://www.sec.gov/Archives/edgar/data/795403/000110465912056564/0001104659-12-056564-index.html,https://www.sec.gov/Archives/edgar/data/795403/000110465912056564/a12-13043_110q.htm,1620599972,18:39:32,20210509
36,2012-04-01,WTS,USD,2012-05-10,2012-05-10 13:32:46,Q1,361200000,232700000.0,128500000.0,0.35575858250276854,5300000.0,94900000.0,0.0,5000000.0,101900000.00000003,334600000.00000006,6200000.0,12500000.0,39100000.0,0.10825027685492802,26600000.0,0.07364341085271318,900000.0,21500000.0,0.05952380952380952,6000000.0,15700000.0,0.043466223698781836,0.42432,0.42432,37000000,37000000,https://www.sec.gov/Archives/edgar/data/795403/000104746912001733/a2207487z10-k.htm,https://www.sec.gov/Archives/edgar/data/795403/000104746912001733/a2207487z10-k.htm,1620599972,18:39:32,20210509
37,2011-12-31,WTS,USD,2012-02-28 00:00:00,2012-02-28 14:14:02,Q4,360200000,231700000.0,128500000.0,0.3567462520821766,0.0,92100000.0,0.0,0.0,84400000.0,316100000.0,6700000.0,13300000.0,57400000.0,0.15935591338145474,44100000.0,0.12243198223209328,-18100000.0,19600000.0,0.05441421432537479,2500000.0,17000000.0,0.04719600222098834,0.4533333333333333,0.4533333333333333,37500000,37500000,https://www.sec.gov/Archives/edgar/data/795403/000104746912001733/0001047469-12-001733-index.html,https://www.sec.gov/Archives/edgar/data/795403/000104746912001733/a2207487z10-k.htm,1620599972,18:39:32,20210509
38,2011-10-02,WTS,USD,2011-11-14 00:00:00,2011-11-14 16:04:39,Q3,370800000,235100000.0,135700000.0,0.36596548004314994,5300000.0,87300000.0,0.0,6000000.0,94500000.00000003,329600000.00000006,6500000.0,12700000.0,53900000.0,0.14536138079827401,41200000.0,0.1111111111111111,300000.0,35200000.0,0.09492988133764833,11600000.0,23700000.0,0.063915857605178,0.632,0.632,37500000,37500000,https://www.sec.gov/Archives/edgar/data/795403/000110465911063914/0001104659-11-063914-index.html,https://www.sec.gov/Archives/edgar/data/795403/000110465911063914/a11-25640_110q.htm,1620599972,18:39:32,20210509
39,2011-07-03,WTS,USD,2011-08-12 00:00:00,2011-08-12 10:37:59,Q2,375700000,245400000.0,130300000.0,0.3468192706947032,5700000.0,92500000.0,0.0,7000000.0,103700000.00000001,349100000.0,6700000.0,14100000.000000002,40700000.0,0.10833111525153048,26600000.0,0.07080117114719191,-600000.0,19500000.0,0.05190311418685121,6600000.0,14600000.0,0.0388607931860527,0.38624,0.38624,37800000,37800000,https://www.sec.gov/Archives/edgar/data/795403/000110465911046393/0001104659-11-046393-index.html,https://www.sec.gov/Archives/edgar/data/795403/000110465911046393/a11-13818_110q.htm,1620599972,18:39:32,20210509
40,2011-04-03,WTS,USD,2011-05-13 00:00:00,2011-05-13 14:29:41,Q1,329900000,208900000.0,121000000.0,0.3667778114580176,5000000.0,92000000.0,0.0,5000000.0,98100000.0,307000000.0,5900000.0,11300000.0,34200000.0,0.10366777811458018,22900000.0,0.06941497423461655,-100000.0,17200000.0,0.052137011215519856,6100000.0,11100000.0,0.03364655956350409,0.29443,0.29443,37700000,37700000,https://www.sec.gov/Archives/edgar/data/795403/000110465911028935/0001104659-11-028935-index.html,https://www.sec.gov/Archives/edgar/data/795403/000110465911028935/a11-8504_110q.htm,1620599972,18:39:32,20210509
41,2010-12-31,WTS,USD,2011-03-01,2011-03-01 14:01:54,Q4,316700000,203800000.0,112900000.0,0.3564887906536154,0.0,84300000.0,0.0,0.0,84300000.0,288100000.0,6100000.0,11800000.0,40400000.0,0.12756551941900854,28600000.0,0.0903062835491001,-8600000.0,18400000.0,0.0580991474581623,7000000.0,11300000.0,0.03568045468898011,0.30133333333333334,0.30133333333333334,37500000,37500000,https://www.sec.gov/Archives/edgar/data/795403/000104746911001609/a2202253z10-k.htm,https://www.sec.gov/Archives/edgar/data/795403/000104746911001609/a2202253z10-k.htm,1620599972,18:39:32,20210509
42,2010-10-03,WTS,USD,2010-11-12 00:00:00,2010-11-12 11:03:49,Q3,314600000,200800000.0,113800000.0,0.36172917991099807,4300000.0,75000000.0,0.0,5000000.0,82300000.00000001,283100000.0,6100000.0,10500000.0,42000000.0,0.13350286077558804,31500000.0,0.10012714558169103,500000.0,26100000.0,0.08296249205340114,8800000.0,17300000.0,0.054990464081373175,0.46133,0.46133,37500000,37500000,https://www.sec.gov/Archives/edgar/data/795403/000110465910057944/0001104659-10-057944-index.html,https://www.sec.gov/Archives/edgar/data/795403/000110465910057944/a10-17312_110q.htm,1620599972,18:39:32,20210509
43,2010-07-04,WTS,USD,2010-08-13 00:00:00,2010-08-13 10:08:25,Q2,324000000,203400000.0,120600000.0,0.37222222222222223,4500000.0,80300000.0,0.0,5000000.0,87299999.99999999,290700000.0,-114783000.0,10900000.0,44200000.0,0.13641975308641976,33300000.0,0.10277777777777777,600000.0,28800000.0,0.08888888888888889,6600000.0,22100000.0,0.06820987654320988,0.59091,0.59091,37400000,37400000,https://www.sec.gov/Archives/edgar/data/795403/000110465910044227/0001104659-10-044227-index.html,https://www.sec.gov/Archives/edgar/data/795403/000110465910044227/a10-12653_110q.htm,1620599972,18:39:32,20210509
44,2010-04-04,WTS,USD,2010-05-14 00:00:00,2010-05-14 11:55:15,Q1,319300000,201700000.0,117600000.0,0.3683056686501722,5200000.0,83100000.0,0.0,4000000.0,91600000.00000001,293300000.0,-5000000.0,11600000.0,37600000.0,0.11775759473849044,26000000.0,0.08142812402129658,200000.0,21200000.0,0.06639523958659568,9000000.0,8100000.0,0.025367992483557783,0.21716,0.21716,37300000,37300000,https://www.sec.gov/Archives/edgar/data/795403/000110465910028523/0001104659-10-028523-index.html,https://www.sec.gov/Archives/edgar/data/795403/000110465910028523/a10-5798_110q.htm,1620599972,18:39:32,20210509
45,2009-12-31,WTS,USD,2010-03-01 00:00:00,2010-03-01 15:17:12,Q4,323200000,203700000.0,119500000.0,0.369740099009901,0.0,84800000.0,0.0,0.0,84800000.0,288500000.0,5200000.0,12400000.0,47100000.0,0.14573019801980197,34700000.0,0.10736386138613861,-10600000.0,19000000.0,0.058787128712871284,8900000.0,14200000.0,0.04393564356435643,0.38274932614555257,0.38274932614555257,37100000,37100000,https://www.sec.gov/Archives/edgar/data/795403/000104746910001634/0001047469-10-001634-index.html,https://www.sec.gov/Archives/edgar/data/795403/000104746910001634/a2196844z10-k.htm,1620599972,18:39:32,20210509
46,2009-09-27,WTS,USD,2009-11-04 00:00:00,2009-11-04 13:48:34,Q3,303800000,194400000.0,109400000.0,0.36010533245556287,4200000.0,74600000.0,0.0,5000000.0,85100000.0,279500000.0,-5000000.0,11500000.0,35800000.0,0.11784068466096116,24300000.0,0.07998683344305464,500000.0,19600000.0,0.06451612903225806,8000000.0,3400000.0,0.01119157340355497,0.09164,0.09164,37100000,37100000,https://www.sec.gov/Archives/edgar/data/795403/000110465909062450/0001104659-09-062450-index.html,https://www.sec.gov/Archives/edgar/data/795403/000110465909062450/a09-30832_110q.htm,1620599972,18:39:32,20210509
47,2009-06-28,WTS,USD,2009-08-07 00:00:00,2009-08-07 10:25:47,Q2,308200000,199000000.0,109200000.0,0.35431537962362103,4300000.0,75600000.0,0.0,10000000.0,80699999.99999999,279700000.0,-6000000.0,11000000.0,39500000.0,0.1281635301752109,28500000.0,0.09247242050616483,0.0,23100000.0,0.07495133030499676,7900000.0,-3600000.0,-0.011680726800778715,-0.0973,-0.0973,37000000,37000000,https://www.sec.gov/Archives/edgar/data/795403/000110465909048049/0001104659-09-048049-index.html,https://www.sec.gov/Archives/edgar/data/795403/000110465909048049/a09-18466_110q.htm,1620599972,18:39:32,20210509
48,2009-03-29,WTS,USD,2009-05-06 00:00:00,2009-05-06 16:51:09,Q1,290700000,193700000.0,97000000.0,0.33367733058135535,0.0,80000000.0,0.0,0.0,81500000.0,275200000.0,-5000000.0,10800000.0,26300000.0,0.09047127622979016,15500000.0,0.053319573443412455,500000.0,10600000.0,0.03646370829033368,6500000.0,3400000.0,0.011695906432748537,0.09189,0.09189,37000000,37000000,https://www.sec.gov/Archives/edgar/data/795403/000110465909030051/0001104659-09-030051-index.html,https://www.sec.gov/Archives/edgar/data/795403/000110465909030051/a09-11047_110q.htm,1620599972,18:39:32,20210509
49,2008-12-31,WTS,USD,2009-02-27 00:00:00,2009-02-27 16:21:02,Q4,347100000,229700000.0,117400000.0,0.33823105733218095,0.0,84300000.0,0.0,0.0,84300000.0,314000000.0,0.0,11100000.0,44200000.0,0.12734082397003746,33100000.0,0.09536156727167963,-27600000.0,-2000000.0,-0.005762028233938346,1400000.0,-3600000.0,-0.010371650821089023,-0.0972972972972973,-0.0972972972972973,37000000,37000000,https://www.sec.gov/Archives/edgar/data/795403/000104746909001986/0001047469-09-001986-index.html,https://www.sec.gov/Archives/edgar/data/795403/000104746909001986/a2190981z10-k.htm,1620599972,18:39:32,20210509
50,2008-09-28,WTS,USD,2008-11-07 00:00:00,2008-11-07 14:49:12,Q3,372000000,249600000.0,122400000.0,0.32903225806451614,4000000.0,87400000.0,0.0,0.0,92200000.00000001,341800000.0,-6000000.0,11600000.0,41800000.0,0.11236559139784946,30200000.0,0.08118279569892473,-800000.0,23600000.0,0.06344086021505377,7300000.0,16700000.0,0.04489247311827957,0.45504,0.45504,36700000,36700000,https://www.sec.gov/Archives/edgar/data/795403/000110465908069124/0001104659-08-069124-index.html,https://www.sec.gov/Archives/edgar/data/795403/000110465908069124/a08-25338_110q.htm,1620599972,18:39:32,20210509
51,2008-06-29,WTS,USD,2008-08-07 00:00:00,2008-08-07 14:29:31,Q2,378100000,248800000.0,129300000.0,0.34197302300978577,0.0,84900000.0,0.0,0.0,95099999.99999997,343899999.99999994,-7000000.0,11100000.0,45300000.0,0.11980957418672308,34200000.0,0.09045226130653267,-1300000.0,27400000.0,0.0724676011637133,8900000.0,19800000.0,0.05236709865115049,0.53226,0.53226,37200000,37200000,https://www.sec.gov/Archives/edgar/data/795403/000110465908050774/0001104659-08-050774-index.html,https://www.sec.gov/Archives/edgar/data/795403/000110465908050774/a08-18635_110q.htm,1620599972,18:39:32,20210509
52,2008-03-30,WTS,USD,2008-05-08 00:00:00,2008-05-08 14:40:34,Q1,339700000,226300000.0,113400000.0,0.33382396231969386,0.0,86500000.0,0.0,0.0,87500000.0,313800000.0,-6000000.0,10000000.0,35900000.0,0.10568148366205475,25900000.0,0.0762437444804239,-2400000.0,19200000.0,0.05652045922873123,7000000.0,13700000.0,0.04032970267883427,0.36828,0.36828,37200000,37200000,https://www.sec.gov/Archives/edgar/data/795403/000110465908031206/0001104659-08-031206-index.html,https://www.sec.gov/Archives/edgar/data/795403/000110465908031206/a08-11242_110q.htm,1620599972,18:39:32,20210509
53,2007-12-31,WTS,USD,2008-02-29,2008-02-29 14:27:08,Q4,345299000,223462000.0,121837000.0,0.3528449257020727,0.0,85804000.0,0.0,0.0,85804000.0,309266000.0,0.0,9905000.0,45938000.0,0.13303832330820536,36033000.0,0.10435303896043718,-1751000.0,31721000.0,0.09186531093342291,10035000.0,21540000.0,0.062380719318619514,0.5790322580645161,0.5790322580645161,37200000,37200000,https://www.sec.gov/Archives/edgar/data/795403/000104746908002029/a2182966z10-k.htm,https://www.sec.gov/Archives/edgar/data/795403/000104746908002029/a2182966z10-k.htm,1620599972,18:39:32,20210509
54,2007-09-30,WTS,USD,2007-11-08 00:00:00,2007-11-08 15:08:05,Q3,340487000,230031000.0,110456000.0,0.32440592445526556,0.0,78742000.0,0.0,0.0,78742000.0,308773000.0,0.0,9771000.0,41485000.0,0.1218401877311028,31714000.0,0.09314305685679629,-2202000.0,27165000.0,0.07978278172147542,8991000.0,18094000.0,0.05314152963255572,0.47,0.46,38728000,39070000,https://www.sec.gov/Archives/edgar/data/795403/000104746907008732/0001047469-07-008732-index.html,https://www.sec.gov/Archives/edgar/data/795403/000104746907008732/a2180773z10-q.htm,1620599972,18:39:32,20210509
55,2007-07-01,WTS,USD,2007-08-09 00:00:00,2007-08-09 13:59:02,Q2,350400000,235800000.0,114600000.0,0.3270547945205479,0.0,84100000.0,0.0,0.0,84300000.00000001,320100000.0,-6744000.0,9399999.999999998,39700000.0,0.11329908675799087,30300000.0,0.08647260273972603,-400000.0,27700000.0,0.07905251141552512,10000000.0,17800000.0,0.050799086757990865,0.45641,0.45641,39000000,39000000,https://www.sec.gov/Archives/edgar/data/795403/000110465907060731/0001104659-07-060731-index.html,https://www.sec.gov/Archives/edgar/data/795403/000110465907060731/a07-18773_110q.htm,1620599972,18:39:32,20210509
56,2007-04-01,WTS,USD,2007-05-09 00:00:00,2007-05-09 10:21:47,Q1,346100000,231400000.0,114700000.0,0.33140710777232013,0.0,84100000.0,0.0,0.0,84299999.99999999,315700000.0,-6307000.0,10399999.999999998,40800000.0,0.11788500433400752,30400000.0,0.08783588558220168,-700000.0,27200000.0,0.07859000288933835,7200000.0,20000000.0,0.05778676683039584,0.51282,0.51282,39000000,39000000,https://www.sec.gov/Archives/edgar/data/795403/000110465907037317/0001104659-07-037317-index.html,https://www.sec.gov/Archives/edgar/data/795403/000110465907037317/a07-10718_110q.htm,1620599972,18:39:32,20210509
57,2006-12-31,WTS,USD,2007-03-01,2007-03-01 15:27:02,Q4,330515000,219593000.0,110922000.0,0.3356035278277839,0.0,81780000.0,0.0,0.0,81780000.0,301373000.0,0.0,9712000.0,38854000.0,0.11755593543409527,29142000.0,0.08817148994750616,-479000.0,26431000.0,0.07996913907084399,8292000.0,18140000.0,0.054884044597068214,0.5480362537764351,0.5480362537764351,33100000,33100000,https://www.sec.gov/Archives/edgar/data/795403/000110465907015491/a07-5433_110k.htm,https://www.sec.gov/Archives/edgar/data/795403/000110465907015491/a07-5433_110k.htm,1620599972,18:39:32,20210509
58,2006-10-01,WTS,USD,2006-11-07,2006-11-07 15:55:17,Q3,325100000,212800000.0,112300000.0,0.34543217471547216,0.0,75500000.0,0.0,0.0,75899999.99999999,288700000.0,-6520000.0,8700000.000000004,45100000.0,0.13872654567825285,36400000.0,0.11196554906182712,200000.0,31500000.0,0.09689326361119656,10200000.0,18200000.0,0.05598277453091356,0.54985,0.54985,33100000,33100000,https://www.sec.gov/Archives/edgar/data/795403/000110465906072182/a06-21568_110q.htm,https://www.sec.gov/Archives/edgar/data/795403/000110465906072182/a06-21568_110q.htm,1620599972,18:39:32,20210509
59,2006-07-02,WTS,USD,2006-08-11,2006-08-11 14:04:57,Q2,300200000,193500000.0,106700000.0,0.3554297135243171,0.0,73800000.0,0.0,0.0,68100000.00000001,261600000.00000003,-4952000.0,9400000.0,48000000.0,0.15989340439706862,38600000.0,0.12858094603597603,700000.0,35100000.0,0.11692205196535643,12600000.0,22400000.0,0.07461692205196535,0.67879,0.67879,33000000,33000000,https://www.sec.gov/Archives/edgar/data/795403/000110465906053980/a06-15215_110q.htm,https://www.sec.gov/Archives/edgar/data/795403/000110465906053980/a06-15215_110q.htm,1620599972,18:39:32,20210509
60,2006-04-02,WTS,USD,2006-05-11,2006-05-11 17:07:24,Q1,275000000,179000000.0,96000000.0,0.3490909090909091,0.0,69100000.0,0.0,0.0,69300000.00000001,248300000.0,-4192000.0,7500000.0,34200000.0,0.12436363636363636,26700000.0,0.09709090909090909,200000.0,23100000.0,0.084,8000000.0,15000000.0,0.05454545454545454,0.45732,0.45732,32800000,32800000,https://www.sec.gov/Archives/edgar/data/795403/000110465906013915/a06-1978_110k.htm,https://www.sec.gov/Archives/edgar/data/795403/000110465906013915/a06-1978_110k.htm,1620599972,18:39:32,20210509
61,2005-12-31,WTS,USD,2006-03-03,2006-03-03 15:48:47,Q4,244407000,158079000.0,86328000.0,0.3532141059789613,0.0,59460000.0,0.0,0.0,59460000.0,217539000.0,0.0,6150000.0,33018000.0,0.1350943303587868,26868000.0,0.10993138494396641,-548000.0,23878000.0,0.09769769278293994,8682000.0,14960000.0,0.061209376163530504,0.45196374622356494,0.45196374622356494,33100000,33100000,https://www.sec.gov/Archives/edgar/data/795403/000110465906013915/a06-1978_110k.htm,https://www.sec.gov/Archives/edgar/data/795403/000110465906013915/a06-1978_110k.htm,1620599972,18:39:32,20210509
62,2005-10-02,WTS,USD,2005-11-07,2005-11-07 14:31:46,Q3,232700000,152900000.0,79800000.0,0.34293081220455524,0.0,56900000.0,0.0,0.0,56900000.00000001,209800000.0,-2579000.0,6700000.0,29600000.0,0.12720240653201548,22900000.0,0.09840996991834981,400000.0,20800000.0,0.0893854748603352,7400000.0,13400000.0,0.05758487322733133,0.40483,0.40483,33100000,33100000,https://www.sec.gov/Archives/edgar/data/795403/000110465905053028/a05-17979_110q.htm,https://www.sec.gov/Archives/edgar/data/795403/000110465905053028/a05-17979_110q.htm,1620599972,18:39:32,20210509
63,2005-07-03,WTS,USD,2005-08-09,2005-08-09 13:15:05,Q2,228200000,147000000.0,81200000.0,0.3558282208588957,0.0,56900000.0,0.0,0.0,57000000.0,204000000.0,-2567000.0,6199999.999999999,30400000.0,0.13321647677475898,24200000.0,0.10604732690622261,100000.0,22000000.0,0.09640666082383874,8000000.0,13900000.0,0.06091148115687993,0.41994,0.41994,33100000,33100000,https://www.sec.gov/Archives/edgar/data/795403/000110465905037709/a05-12601_110q.htm,https://www.sec.gov/Archives/edgar/data/795403/000110465905037709/a05-12601_110q.htm,1620599972,18:39:32,20210509
64,2005-04-03,WTS,USD,2005-05-12,2005-05-12 14:43:23,Q1,219000000,141600000.0,77400000.0,0.35342465753424657,0.0,55700000.0,0.0,0.0,56099999.99999999,197700000.0,-2521000.0,7000000.0,28300000.0,0.12922374429223743,21300000.0,0.09726027397260274,100000.0,19100000.0,0.08721461187214612,6700000.0,12400000.0,0.05662100456621005,0.37576,0.37576,33000000,33000000,https://www.sec.gov/Archives/edgar/data/795403/000110465905011292/a05-3959_110k.htm,https://www.sec.gov/Archives/edgar/data/795403/000110465905011292/a05-3959_110k.htm,1620599972,18:39:32,20210509
65,2004-12-31,WTS,USD,2005-03-16,2005-03-16 10:21:48,Q4,206375000,133033000.0,73342000.0,0.35538219261053905,0.0,56767000.0,0.0,0.0,56767000.0,189800000.0,0.0,6702000.0,23277000.0,0.11278982434887946,16575000.0,0.08031496062992126,-1241000.0,17852000.0,0.08650272562083586,2993000.0,8161000.0,0.03954451847365233,0.2488109756097561,0.2488109756097561,32800000,32800000,https://www.sec.gov/Archives/edgar/data/795403/000110465905011292/a05-3959_110k.htm,https://www.sec.gov/Archives/edgar/data/795403/000110465905011292/a05-3959_110k.htm,1620599972,18:39:32,20210509
66,2004-09-26,WTS,USD,2004-11-05,2004-11-05 09:59:11,Q3,210200000,135800000.0,74400000.0,0.35394862036156044,0.0,51500000.0,0.0,0.0,51500000.0,187300000.0,-2641000.0,7200000.000000001,30100000.0,0.14319695528068507,22900000.0,0.10894386298763083,200000.0,20400000.0,0.09705042816365367,6500000.0,13700000.0,0.06517602283539486,0.41768,0.41768,32800000,32800000,https://www.sec.gov/Archives/edgar/data/795403/000110465904033782/a04-12276_110q.htm,https://www.sec.gov/Archives/edgar/data/795403/000110465904033782/a04-12276_110q.htm,1620599972,18:39:32,20210509
67,2004-06-27,WTS,USD,2004-08-06,2004-08-06 08:18:56,Q2,207000000,131300000.0,75600000.0,0.3652173913043478,0.0,50900000.0,0.0,0.0,50899999.99999998,182199999.99999997,-2784000.0,7100000.0,31800000.0,0.1536231884057971,24700000.0,0.11932367149758454,100000.0,22000000.0,0.10628019323671498,7900000.0,14000000.0,0.06763285024154589,0.42813,0.42813,32700000,32700000,https://www.sec.gov/Archives/edgar/data/795403/000110465904022842/a04-8779_110q.htm,https://www.sec.gov/Archives/edgar/data/795403/000110465904022842/a04-8779_110q.htm,1620599972,18:39:32,20210509
68,2004-03-28,WTS,USD,2004-05-07,2004-05-07 08:33:13,Q1,186000000,121100000.0,64900000.0,0.3489247311827957,0.0,45100000.0,0.0,0.0,45099999.99999999,166200000.0,-2569000.0,7000000.0,26800000.0,0.14408602150537633,19800000.0,0.1064516129032258,200000.0,17500000.0,0.09408602150537634,6500000.0,11000000.0,0.05913978494623656,0.33846,0.33846,32500000,32500000,https://www.sec.gov/Archives/edgar/data/795403/000104746904007603/a2129402z10-k.htm,https://www.sec.gov/Archives/edgar/data/795403/000104746904007603/a2129402z10-k.htm,1620599972,18:39:32,20210509
69,2003-12-31,WTS,USD,2004-03-12,2004-03-12 10:10:54,Q4,190938000,123979000.0,66959000.0,0.35068451539243106,0.0,46834000.0,0.0,0.0,46834000.0,170813000.0,0.0,4257000.0,24382000.0,0.12769590128732888,20125000.0,0.10540070598833129,-1022000.0,15844000.0,0.08297981543747185,6006000.0,9741000.0,0.0510165603494328,0.2997230769230769,0.2997230769230769,32500000,32500000,https://www.sec.gov/Archives/edgar/data/795403/000104746904007603/a2129402z10-k.htm,https://www.sec.gov/Archives/edgar/data/795403/000104746904007603/a2129402z10-k.htm,1620599972,18:39:32,20210509
70,2003-09-30,WTS,USD,2003-11-12,2003-11-12 15:58:40,Q3,175509000,116136000.0,59373000.0,0.3382903440849187,0.0,41396000.0,0.0,0.0,41396000.0,157532000.0,0.0,5362000.0,23339000.0,0.1329789355531625,17977000.0,0.10242779572557532,-23000.0,15067000.0,0.08584744941854834,6048000.0,8905000.0,0.050738138784905615,0.33,0.32,27306000,27632000,https://www.sec.gov/Archives/edgar/data/795403/000110465903025797/a03-4974_110q.htm,https://www.sec.gov/Archives/edgar/data/795403/000110465903025797/a03-4974_110q.htm,1620599972,18:39:32,20210509
71,2003-06-30,WTS,USD,2003-06-30,2003-06-30,Q2,173512000,114947000.0,58565000.0,0.33752708746369126,0.0,42111000.0,0.0,0.0,42111000.0,157058000.0,0.0,5963000.0,22417000.0,0.12919567522707362,16454000.0,0.09482917608004057,-24000.0,13894000.0,0.08007515330351792,5214000.0,8106000.0,0.04671722993222371,0.29790518191841237,0.2950640652300524,27210000,27472000,,,1620599972,18:39:32,20210509
72,2003-03-31,WTS,USD,2003-05-09,2003-05-09,Q1,165692000,109928000.0,55764000.0,0.33655215701421914,0.0,39854000.0,0.0,0.0,39854000.0,149782000.0,0.0,5702000.0,21612000.0,0.13043478260869565,15910000.0,0.09602153393042513,62000.0,14024000.0,0.08463896868889265,5088000.0,6610000.0,0.039893295994978636,0.2442268612599298,0.2424442488262911,27065000,27264000,https://www.sec.gov/Archives/edgar/data/795403/000117152003000106/0001171520-03-000106-index.htm,https://www.sec.gov/Archives/edgar/data/795403/000117152003000106/d1174.txt,1620599972,18:39:32,20210509
73,2002-12-31,WTS,USD,2002-12-31,2002-12-31,Q4,160890000,107388000.0,53502000.0,0.3325377587171359,0.0,40656000.0,0.0,0.0,238742000.0,346130000.0,0.0,4863000.0,-180377000.0,-1.1211200198893654,-185240000.0,-1.1513456398781776,-195000.0,11211000.0,0.06968114861085213,4051000.0,7160000.0,0.04450245509354217,0.2645483096249769,0.2645483096249769,27065000,27065000,,,1620599972,18:39:32,20210509
74,2002-09-30,WTS,USD,2002-09-30,2002-09-30,Q3,159811000,106304000.0,53507000.0,0.3348142493320235,0.0,37532000.0,0.0,0.0,37532000.0,143836000.0,0.0,5845000.0,21820000.0,0.1365362834848665,15975000.0,0.09996182991158306,-169000.0,13325000.0,0.08337974232061623,4552000.0,8773000.0,0.05489609601341585,0.33,0.32,26717000,27249000,,,1620599972,18:39:32,20210509
75,2002-06-30,WTS,USD,2002-08-09 00:00:00,2002-08-09 16:11:42,Q2,151505000,99273000.0,52232000.0,0.34475429853800205,0.0,37138000.0,0.0,0.0,37138000.0,136411000.0,0.0,5776000.0,20870000.0,0.13775122933236528,15094000.0,0.09962707501402594,200000.0,13294000.0,0.08774627900069305,4661000.0,8633000.0,0.05698161776839048,0.32409805909073847,0.31771676726041514,26637000,27172000,https://www.sec.gov/Archives/edgar/data/795403/000117152002000068/0001171520-02-000068-index.html,https://www.sec.gov/Archives/edgar/data/795403/000117152002000068/d02-1033.txt,1620599972,18:39:32,20210509
76,2002-03-31,WTS,USD,2002-03-31,2002-03-31,Q1,143320000,93841000.0,49479000.0,0.34523444041306167,0.0,35227000.0,0.0,0.0,35227000.0,129068000.0,0.0,5810000.0,20062000.0,0.13998046329891153,14252000.0,0.09944180854032933,-85000.0,12388000.0,0.08643594753000279,4332000.0,8056000.0,0.05620987998883617,0.3036333484094678,0.2990015959618454,26532000,26943000,,,1620599972,18:39:32,20210509
77,2001-12-31,WTS,USD,2001-12-31,2001-12-31,Q4,139444000,95868000.0,43576000.0,0.3124982071656005,0.0,33162000.0,0.0,0.0,33162000.0,129030000.0,0.0,6279000.0,16693000.0,0.11971113852155704,10414000.0,0.07468230974441353,-2407000.0,6323000.0,0.04534436763145062,1884000.0,4439000.0,0.0318335675970282,0.16730740238202924,0.16730740238202924,26532000,26532000,,,1620599972,18:39:32,20210509
78,2001-09-30,WTS,USD,2001-11-13 00:00:00,2001-11-13 00:00:00,Q3,138009000,91066000.0,46943000.0,0.3401444833307973,0.0,32511000.0,0.0,0.0,32511000.0,123577000.0,0.0,5779000.0,20211000.0,0.1464469708497272,14432000.0,0.10457289017382924,-269000.0,11781000.0,0.08536399800013042,3972000.0,7809000.0,0.056583266308718995,0.29437931164473935,0.29096803040465014,26527000,26838000,https://www.sec.gov/Archives/edgar/data/795403/000100547701501885/0001005477-01-501885-index.html,https://www.sec.gov/Archives/edgar/data/795403/000100547701501885/d01-35092.txt,1620599972,18:39:32,20210509
79,2001-06-30,WTS,USD,2001-08-10 00:00:00,2001-08-10 00:00:00,Q2,135562000,89213000.0,46349000.0,0.34190259807320633,0.0,33277000.0,0.0,0.0,33277000.0,122490000.0,0.0,5688000.0,18760000.0,0.13838686357533822,13072000.0,0.09642820259364719,45000.0,10776000.0,0.07949130287248639,3741000.0,7035000.0,0.051895073840751836,0.27,0.26,26500000,26941000,https://www.sec.gov/Archives/edgar/data/795403/000100547701500466/0001005477-01-500466-index.html,https://www.sec.gov/Archives/edgar/data/795403/000100547701500466/d01-34083.txt,1620599972,18:39:32,20210509
80,2001-03-31,WTS,USD,2001-05-11 00:00:00,2001-05-11 00:00:00,Q1,135925000,89261000.0,46664000.0,0.3433069707559316,0.0,32845000.0,0.0,0.0,32845000.0,122106000.0,0.0,5929000.0,19748000.0,0.14528600331064925,13819000.0,0.10166636012506897,-201000.0,11288000.0,0.08304579731469561,4015000.0,7273000.0,0.05350744896082398,0.27482617896009676,0.27118833662701813,26464000,26819000,https://www.sec.gov/Archives/edgar/data/795403/000100547701003166/0001005477-01-003166-index.html,https://www.sec.gov/Archives/edgar/data/795403/000100547701003166/0001005477-01-003166-0001.txt,1620599972,18:39:32,20210509
81,2000-12-31,WTS,USD,2000-12-31,2000-12-31,Q4,130411000,77843000.0,52568000.0,0.40309483095751125,0.0,33602000.0,0.0,0.0,38523000.0,116366000.0,0.0,4921000.0,18966000.0,0.14543251719563532,14045000.0,0.10769797026324467,-112000.0,11883000.0,0.09111961414297874,4349000.0,364000.0,0.0027911755910160953,0.01375453446191052,0.01375453446191052,26464000,26464000,,,1620599972,18:39:32,20210509
82,2000-09-30,WTS,USD,2000-11-13 00:00:00,2000-11-13 00:00:00,Q3,124635000,74787000.0,49848000.0,0.39995185942953426,0.0,29738000.0,0.0,0.0,34751000.0,109538000.0,0.0,5013000.0,20110000.0,0.16135114534440567,15097000.0,0.12112969872026316,-568000.0,12170000.0,0.09764512376138323,4500000.0,7670000.0,0.06153969591206322,0.2904862899560673,0.28929204541168485,26404000,26513000,https://www.sec.gov/Archives/edgar/data/795403/000100547700007760/0001005477-00-007760-index.html,https://www.sec.gov/Archives/edgar/data/795403/000100547700007760/0001005477-00-007760-0001.txt,1620599972,18:39:32,20210509
83,2000-06-30,WTS,USD,2000-08-11 00:00:00,2000-08-11 00:00:00,Q2,130284000,78913000.0,51371000.0,0.3943001443001443,0.0,30797000.0,0.0,0.0,35839000.0,114752000.0,0.0,5042000.0,20574000.0,0.1579165515335728,15532000.0,0.11921648091860858,-546000.0,12732000.0,0.0977249700653956,4705000.0,8027000.0,0.06161155629240735,0.3041336718069185,0.30232382961093746,26393000,26551000,https://www.sec.gov/Archives/edgar/data/795403/000100547700005686/0001005477-00-005686-index.html,https://www.sec.gov/Archives/edgar/data/795403/000100547700005686/0001005477-00-005686-0001.txt,1620599972,18:39:32,20210509
84,2000-03-31,WTS,USD,2000-05-11 00:00:00,2000-05-11 00:00:00,Q1,130770000,79182000.0,51588000.0,0.3944941500344116,0.0,31180000.0,0.0,0.0,36275000.0,115457000.0,0.0,5095000.0,20408000.0,0.15606025846906782,15313000.0,0.11709872294868853,-473000.0,12427000.0,0.09502944100328821,4487000.0,7940000.0,0.06071728989829472,0.29991689959960716,0.29642350481594865,26474000,26786000,https://www.sec.gov/Archives/edgar/data/795403/000100547700003854/0001005477-00-003854-index.html,https://www.sec.gov/Archives/edgar/data/795403/0001005477-00-003854.txt,1620599972,18:39:32,20210509
85,1999-12-31,WTS,USD,1999-12-31,1999-12-31,Q4,128800000,82400000.0,46400000.0,0.36024844720496896,0.0,31000000.0,0.0,0.0,32399999.99999999,114799999.99999999,-2100000.0,4300000.0,18200000.0,0.14130434782608695,13900000.0,0.10791925465838509,0.0,11900000.0,0.09239130434782608,4400000.0,6900000.0,0.05357142857142857,0.25091,0.25091,27500000,27500000,,,1620599972,18:39:32,20210509
86,1999-09-30,WTS,USD,1999-09-30,1999-09-30,Q3,130300000,78400000.0,51900000.0,0.3983115886415963,0.0,31300000.0,0.0,0.0,36300000.0,114700000.0,0.0,5000000.0,20600000.0,0.15809669992325404,15600000.0,0.11972371450498849,-100000.0,13500000.0,0.10360706062931696,4500000.0,8300000.0,0.0636991557943208,0.31,0.31,26774194,26774194,,,1620599972,18:39:32,20210509
87,1999-06-30,WTS,USD,1999-06-30,1999-06-30,Q2,129900000,77300000.0,52600000.0,0.4049268668206313,0.0,33100000.0,0.0,0.0,37800000.0,115100000.0,0.0,4700000.0,19500000.0,0.15011547344110854,14800000.0,0.11393379522709776,0.0,12200000.0,0.0939183987682833,4800000.0,5500000.0,0.042340261739799843,0.2054216832820439,0.2054216832820439,26774194,26774194,,,1620599972,18:39:32,20210509
88,1999-03-31,WTS,USD,1999-03-31,1999-03-31,Q1,117000000,70900000.0,46100000.0,0.394017094017094,0.0,30000000.0,0.0,0.0,34200000.0,105100000.0,0.0,4200000.0,16100000.0,0.13760683760683762,11900000.0,0.10170940170940171,0.0,10400000.0,0.08888888888888889,3500000.0,6900000.0,0.05897435897435897,0.26,0.26,26538462,26538462,,,1620599972,18:39:32,20210509
89,1998-12-31,WTS,USD,1998-12-31,1998-12-31,Q4,114300000,71900000.0,42400000.0,0.37095363079615046,0.0,29000000.0,0.0,0.0,30600000.0,102500000.0,0.0,1600000.0,13400000.0,0.11723534558180228,11800000.0,0.10323709536307961,0.0,10700000.0,0.09361329833770779,3400000.0,11200000.0,0.09798775153105861,0.42,0.42,26666667,26666667,,,1620599972,18:39:32,20210509
90,1998-09-30,WTS,USD,1998-11-12 00:00:00,1998-11-12 00:00:00,Q3,193900000,120200000.0,73700000.0,0.3800928313563693,0.0,43900000.0,0.0,0.0,50800000.0,171000000.0,0.0,6900000.0,29800000.0,0.15368746776689016,22900000.0,0.1181021144920062,100000.0,19500000.0,0.10056730273336771,7100000.0,12400000.0,0.06395048994326973,0.46,0.46,26956522,26956522,https://www.sec.gov/Archives/edgar/data/795403/000079540398000006/0000795403-98-000006-index.html,https://www.sec.gov/Archives/edgar/data/795403/0000795403-98-000006.txt,1620599972,18:39:32,20210509
91,1998-06-30,WTS,USD,1998-06-30,1998-06-30,Q2,187700000,119100000.0,68600000.0,0.36547682472029835,0.0,42200000.0,0.0,0.0,48300000.0,167400000.0,0.0,6100000.0,26400000.0,0.14064997336174748,20300000.0,0.108151305274374,400000.0,18000000.0,0.09589770911028236,5900000.0,12100000.0,0.06446457112413426,0.44887096339802296,0.44887096339802296,26956522,26956522,,,1620599972,18:39:32,20210509
92,1998-03-31,WTS,USD,1998-03-31,1998-03-31,Q1,183600000,113700000.0,69900000.0,0.380718954248366,0.0,40800000.0,0.0,0.0,46500000.0,160200000.0,0.0,5700000.0,29100000.0,0.15849673202614378,23400000.0,0.12745098039215685,800000.0,21500000.0,0.11710239651416122,7500000.0,14000000.0,0.07625272331154684,0.52,0.51,26923077,27450980,,,1620599972,18:39:32,20210509
93,1997-12-31,WTS,USD,1998-02-06,1998-02-06,Q4,179200000,109600000.0,69600000.0,0.38839285714285715,0.0,40700000.0,0.0,0.0,46600000.0,156200000.0,0.0,5900000.0,28900000.0,0.16127232142857142,23000000.0,0.12834821428571427,0.0,20600000.0,0.11495535714285714,7000000.0,13600000.0,0.07589285714285714,0.5,0.5,27200000,27200000,https://www.sec.gov/Archives/edgar/data/795403/0000795403-98-000002-index.html,https://www.sec.gov/Archives/edgar/data/795403/,1620599972,18:39:32,20210509
94,1997-09-30,WTS,USD,1997-11-14 00:00:00,1997-11-14 00:00:00,Q3,179500000,110100000.0,69400000.0,0.38662952646239557,0.0,40000000.0,0.0,0.0,45500000.0,155600000.0,0.0,5500000.0,29400000.0,0.1637883008356546,23900000.0,0.1331476323119777,-400000.0,20900000.0,0.11643454038997214,7300000.0,13600000.0,0.07576601671309192,0.5,0.5,27200000,27200000,https://www.sec.gov/Archives/edgar/data/795403/000079540397000023/0000795403-97-000023-index.html,https://www.sec.gov/Archives/edgar/data/795403/0000795403-97-000023.txt,1620599972,18:39:32,20210509
95,1997-06-30,WTS,USD,1997-06-30,1997-06-30,Q2,185900000,120900000.0,65000000.0,0.34965034965034963,0.0,40900000.0,0.0,0.0,44700000.0,165600000.0,0.0,3800000.0,24100000.0,0.1296395911780527,20300000.0,0.10919849381387843,-500000.0,17100000.0,0.09198493813878429,5600000.0,11500000.0,0.061861215707369556,0.4227941176470588,0.4227941176470588,27200000,27200000,,,1620599972,18:39:32,20210509
96,1997-03-31,WTS,USD,1997-05-15 00:00:00,1997-05-15 00:00:00,Q1,184200000,113800000.0,70400000.0,0.38219326818675353,0.0,41000000.0,0.0,0.0,47700000.0,161500000.0,0.0,6700000.0,29400000.0,0.15960912052117263,22700000.0,0.12323561346362649,400000.0,20400000.0,0.11074918566775244,7500000.0,12900000.0,0.07003257328990228,0.48,0.47,26875000,27446809,https://www.sec.gov/Archives/edgar/data/795403/000079540397000015/0000795403-97-000015-index.html,https://www.sec.gov/Archives/edgar/data/795403/0000795403-97-000015.txt,1620599972,18:39:32,20210509
97,1996-12-31,WTS,USD,1996-12-31,1996-12-31,Q4,174200000,109400000.0,64800000.0,0.3719862227324914,0.0,39000000.0,0.0,0.0,43700000.0,153100000.0,0.0,4700000.0,25800000.0,0.14810562571756603,21100000.0,0.12112514351320322,0.0,18600000.0,0.10677382319173363,6800000.0,11800000.0,0.0677382319173364,0.43,0.43,27441860,27441860,,,1620599972,18:39:32,20210509
98,1996-09-30,WTS,USD,1996-11-13 00:00:00,1996-11-13 00:00:00,Q3,176000000,110100000.0,65900000.0,0.3744318181818182,0.0,38100000.0,0.0,0.0,43700000.0,153800000.0,0.0,5600000.0,27800000.0,0.15795454545454546,22200000.0,0.12613636363636363,100000.0,19400000.0,0.11022727272727273,7100000.0,15600000.0,0.08863636363636364,0.57,0.57,27368421,27368421,https://www.sec.gov/Archives/edgar/data/795403/000079540396000013/0000795403-96-000013-index.html,https://www.sec.gov/Archives/edgar/data/795403/0000795403-96-000013.txt,1620599972,18:39:32,20210509
99,1996-06-30,WTS,USD,1996-06-30,1996-06-30,Q2,170400000,111800000.0,58600000.0,0.3438967136150235,0.0,39900000.0,0.0,0.0,44000000.0,155800000.0,0.0,4100000.0,18700000.0,0.10974178403755869,14600000.0,0.08568075117370892,-5200000.0,6800000.0,0.03990610328638498,2000000.0,6100000.0,0.0357981220657277,0.22288461581323965,0.22288461581323965,27368421,27368421,,,1620599972,18:39:32,20210509
100,1996-03-31,WTS,USD,1996-05-15 00:00:00,1996-05-15 00:00:00,Q1,159800000,111400000.0,48400000.0,0.30287859824780977,0.0,51100000.0,0.0,0.0,54600000.0,166000000.0,0.0,3500000.0,-2700000.0,-0.016896120150187734,-6200000.0,-0.03879849812265332,-83000000.0,-91600000.0,-0.5732165206508135,-11300000.0,-79300000.0,-0.49624530663329164,-2.67,-2.67,29700375,29700375,https://www.sec.gov/Archives/edgar/data/795403/000079540396000007/0000795403-96-000007-index.html,https://www.sec.gov/Archives/edgar/data/795403/0000795403-96-000007.txt,1620599972,18:39:32,20210509
101,1995-12-31,WTS,USD,1996-02-14 00:00:00,1996-02-14 00:00:00,Q4,177000000,108800000.0,68200000.0,0.38531073446327685,0.0,40200000.0,0.0,0.0,47200000.0,156000000.0,0.0,7000000.0,28000000.0,0.15819209039548024,21000000.0,0.11864406779661017,-200000.0,17700000.0,0.1,6900000.0,10800000.0,0.061016949152542375,0.36,0.36,30000000,30000000,https://www.sec.gov/Archives/edgar/data/795403/000079540396000003/0000795403-96-000003-index.html,https://www.sec.gov/Archives/edgar/data/795403/0000795403-96-000003.txt,1620599972,18:39:32,20210509
102,1995-09-30,WTS,USD,1995-11-13 00:00:00,1995-11-13 00:00:00,Q3,175300000,106400000.0,68900000.0,0.3930405019965773,0.0,39000000.0,0.0,0.0,46000000.0,152400000.0,0.0,7000000.0,29900000.0,0.17056474614945807,22900000.0,0.13063320022818026,-300000.0,19600000.0,0.11180832857957787,7500000.0,12100000.0,0.06902452937820878,0.41,0.41,29512195,29512195,https://www.sec.gov/Archives/edgar/data/795403/000079540395000024/0000795403-95-000024-index.html,https://www.sec.gov/Archives/edgar/data/795403/0000795403-95-000024.txt,1620599972,18:39:32,20210509
103,1995-06-30,WTS,USD,1995-06-30,1995-06-30,Q2,171600000,107300000.0,64300000.0,0.3747086247086247,0.0,39300000.0,0.0,0.0,45700000.0,153000000.0,0.0,6400000.0,25000000.0,0.1456876456876457,18600000.0,0.10839160839160839,-600000.0,15200000.0,0.08857808857808858,4800000.0,10400000.0,0.06060606060606061,0.35239669567106074,0.35239669567106074,29512195,29512195,,,1620599972,18:39:32,20210509
104,1995-03-31,WTS,USD,1995-05-12 00:00:00,1995-05-12 00:00:00,Q1,174400000,106400000.0,68000000.0,0.38990825688073394,0.0,38600000.0,0.0,0.0,44700000.0,151100000.0,0.0,6200000.0,29500000.0,0.169151376146789,23300000.0,0.13360091743119265,800000.0,21000000.0,0.12041284403669725,8300000.0,12700000.0,0.07282110091743119,0.43,0.43,29534884,29534884,https://www.sec.gov/Archives/edgar/data/795403/000079540395000017/0000795403-95-000017-index.html,https://www.sec.gov/Archives/edgar/data/795403/0000795403-95-000017.txt,1620599972,18:39:32,20210509
105,1994-12-31,WTS,USD,1995-02-14 00:00:00,1995-02-14 00:00:00,Q4,159000000,95500000.0,63500000.0,0.39937106918238996,0.0,36200000.0,0.0,0.0,42200000.0,137700000.0,0.0,6000000.0,27300000.0,0.17169811320754716,21300000.0,0.1339622641509434,-300000.0,18500000.0,0.11635220125786164,7300000.0,11200000.0,0.07044025157232704,0.38,0.38,29473684,29473684,https://www.sec.gov/Archives/edgar/data/795403/000079540395000013/0000795403-95-000013-index.html,https://www.sec.gov/Archives/edgar/data/795403/0000795403-95-000013.txt,1620599972,18:39:32,20210509
106,1994-09-30,WTS,USD,1994-11-14 00:00:00,1994-11-14 00:00:00,Q3,152700000,91000000.0,61700000.0,0.404060248853962,0.0,34800000.0,0.0,0.0,40800000.0,131800000.0,0.0,6000000.0,26900000.0,0.1761624099541585,20900000.0,0.13686967910936476,500000.0,18900000.0,0.1237721021611002,7500000.0,11400000.0,0.07465618860510806,0.38,0.38,30000000,30000000,https://www.sec.gov/Archives/edgar/data/795403/000079540394000017/0000795403-94-000017-index.html,https://www.sec.gov/Archives/edgar/data/795403/0000795403-94-000017.txt,1620599972,18:39:32,20210509
107,1994-06-30,WTS,USD,1994-06-30,1994-06-30,Q2,126700000,74000000.0,52700000.0,0.4159431728492502,0.0,30400000.0,0.0,0.0,36200000.0,110200000.0,0.0,5800000.0,22300000.0,0.17600631412786108,16500000.0,0.13022888713496447,400000.0,14800000.0,0.11681136543014996,5900000.0,8900000.0,0.0702446724546172,0.2966666666666667,0.2966666666666667,30000000,30000000,,,1620599972,18:39:32,20210509
108,1994-03-31,WTS,USD,1994-05-13 00:00:00,1994-05-13 00:00:00,Q1,133500000,77300000.0,56200000.0,0.4209737827715356,0.0,30800000.0,0.0,0.0,36300000.0,113600000.0,0.0,5600000.0,25500000.0,0.19101123595505617,19900000.0,0.149063670411985,400000.0,18000000.0,0.1348314606741573,7000000.0,11000000.0,0.08239700374531835,0.37,0.37,29729730,29729730,https://www.sec.gov/Archives/edgar/data/795403/000079540394000011/0000795403-94-000011-index.html,https://www.sec.gov/Archives/edgar/data/795403/0000795403-94-000011.txt,1620599972,18:39:32,20210509
109,1993-12-31,WTS,USD,1993-12-31,1993-12-31,Q4,127700000,72900000.0,54800000.0,0.4291307752545027,0.0,0.0,0.0,0.0,35800000.0,108700000.0,0.0,5200000.0,24200000.0,0.1895066562255286,19000000.0,0.14878621769772904,300000.0,17100000.0,0.13390759592795615,6600000.0,10500000.0,0.0822239624119029,0.36,0.36,29166667,29166667,,,1620599972,18:39:32,20210509
110,1993-09-30,WTS,USD,1993-09-30,1993-09-30,Q3,130600000,75600000.0,55000000.0,0.4211332312404288,0.0,0.0,0.0,0.0,35900000.0,111500000.0,0.0,5800000.0,24900000.0,0.19065849923430322,19100000.0,0.14624808575803983,500000.0,17300000.0,0.1324655436447167,6800000.0,10500000.0,0.08039816232771822,0.36,0.36,29166667,29166667,,,1620599972,18:39:32,20210509
111,1993-06-30,WTS,USD,1993-06-30,1993-06-30,Q2,122500000,72800000.0,49700000.0,0.4057142857142857,0.0,0.0,0.0,0.0,37200000.0,110000000.0,0.0,5800000.0,18300000.0,0.1493877551020408,12500000.0,0.10204081632653061,-200000.0,10300000.0,0.08408163265306122,3400000.0,6900000.0,0.0563265306122449,0.232674421851271,0.232674421851271,29655172,29655172,,,1620599972,18:39:32,20210509
112,1993-03-31,WTS,USD,1993-03-31,1993-03-31,Q1,119800000,69600000.0,50200000.0,0.41903171953255425,0.0,0.0,0.0,0.0,34500000.0,104100000.0,0.0,5100000.0,20800000.0,0.17362270450751252,15700000.0,0.1310517529215359,1200000.0,14500000.0,0.12103505843071787,5900000.0,8600000.0,0.07178631051752922,0.29,0.29,29655172,29655172,,,1620599972,18:39:32,20210509
113,1992-12-31,WTS,USD,1992-12-31,1992-12-31,Q4,113900000,65200000.0,48700000.0,0.42756804214223004,0.0,0.0,0.0,0.0,31800000.0,97000000.0,0.0,5100000.0,22000000.0,0.19315188762071994,16900000.0,0.14837576821773485,-6200000.0,8100000.0,0.07111501316944688,3100000.0,5000000.0,0.043898156277436345,0.17,0.17,29411765,29411765,,,1620599972,18:39:32,20210509
114,1992-09-30,WTS,USD,1992-09-30,1992-09-30,Q3,109600000,63900000.0,45700000.0,0.416970802919708,0.0,0.0,0.0,0.0,28700000.0,92600000.0,0.0,4600000.0,21600000.0,0.19708029197080293,17000000.0,0.1551094890510949,1300000.0,16200000.0,0.1478102189781022,6300000.0,9900000.0,0.09032846715328467,0.33,0.33,30000000,30000000,,,1620599972,18:39:32,20210509
115,1992-06-30,WTS,USD,1992-06-30,1992-06-30,Q2,111400000,66100000.0,45300000.0,0.4066427289048474,0.0,0.0,0.0,0.0,30900000.0,97000000.0,0.0,4500000.0,18900000.0,0.1696588868940754,14400000.0,0.12926391382405744,1400000.0,13700000.0,0.1229802513464991,5300000.0,8400000.0,0.07540394973070018,0.29940593585099506,0.29940593585099506,28055556,28055556,,,1620599972,18:39:32,20210509
116,1992-03-31,WTS,USD,1992-03-31,1992-03-31,Q1,110200000,63000000.0,47200000.0,0.4283121597096189,0.0,0.0,0.0,0.0,28800000.0,91800000.0,0.0,4800000.0,23200000.0,0.21052631578947367,18400000.0,0.16696914700544466,800000.0,16600000.0,0.15063520871143377,6500000.0,10100000.0,0.09165154264972777,0.36,0.35,28055556,28857143,,,1620599972,18:39:32,20210509
117,1991-12-31,WTS,USD,1991-12-31,1991-12-31,Q4,108100000,62100000.0,46000000.0,0.425531914893617,0.0,0.0,0.0,0.0,29500000.0,91600000.0,0.0,4600000.0,21100000.0,0.19518963922294172,16500000.0,0.15263644773358,0.0,14800000.0,0.13691026827012026,5900000.0,8900000.0,0.08233117483811286,0.33,0.32,26969697,27812500,,,1620599972,18:39:32,20210509
118,1991-09-30,WTS,USD,1991-09-30,1991-09-30,Q3,94100000,54500000.0,39600000.0,0.4208289054197662,0.0,0.0,0.0,0.0,24600000.0,79100000.0,0.0,3700000.0,18700000.0,0.19872476089266738,15000000.0,0.1594048884165781,1100000.0,14700000.0,0.15621679064824653,5600000.0,9100000.0,0.09670563230605739,0.33,0.32,27575758,28437500,,,1620599972,18:39:32,20210509
119,1991-06-30,WTS,USD,1991-06-30,1991-06-30,Q2,87400000,52000000.0,35400000.0,0.40503432494279173,0.0,0.0,0.0,0.0,24500000.0,76500000.0,0.0,3200000.0,14100000.0,0.16132723112128147,10900000.0,0.12471395881006865,1800000.0,11500000.0,0.13157894736842105,4200000.0,7300000.0,0.08352402745995423,0.27887640010756226,0.27887640010756226,26176471,26176471,,,1620599972,18:39:32,20210509
120,1991-03-31,WTS,USD,1991-03-31,1991-03-31,Q1,94700000,54200000.0,40500000.0,0.4276663146779303,0.0,0.0,0.0,0.0,25100000.0,79300000.0,0.0,3800000.0,19200000.0,0.20274551214361142,15400000.0,0.16261879619852165,600000.0,14500000.0,0.15311510031678988,5600000.0,8900000.0,0.09398099260823653,0.34,0.33,26176471,26969697,,,1620599972,18:39:32,20210509
121,1990-12-31,WTS,USD,1990-12-31,1990-12-31,Q4,87800000,50200000.0,37600000.0,0.428246013667426,0.0,0.0,0.0,0.0,23700000.0,73900000.0,0.0,3600000.0,17500000.0,0.19931662870159453,13900000.0,0.15831435079726652,500000.0,13000000.0,0.1480637813211845,5100000.0,7900000.0,0.08997722095671981,0.31,0.3,25483871,26333333,,,1620599972,18:39:32,20210509
122,1990-09-30,WTS,USD,1990-09-30,1990-09-30,Q3,81000000,47000000.0,34000000.0,0.41975308641975306,0.0,0.0,0.0,0.0,20900000.0,67900000.0,0.0,3000000.0,16100000.0,0.19876543209876543,13100000.0,0.1617283950617284,800000.0,12400000.0,0.15308641975308643,4800000.0,7600000.0,0.09382716049382717,0.3,0.29,25333333,26206897,,,1620599972,18:39:32,20210509
123,1990-06-30,WTS,USD,1990-06-30,1990-06-30,Q2,74400000,43000000.0,31400000.0,0.4220430107526882,0.0,0.0,0.0,0.0,21900000.0,64900000.0,0.0,3100000.0,12600000.0,0.1693548387096774,9500000.0,0.12768817204301075,600000.0,8600000.0,0.11559139784946236,2900000.0,5700000.0,0.07661290322580645,0.22367088579282166,0.22367088579282166,25483871,25483871,,,1620599972,18:39:32,20210509
124,1990-03-31,WTS,USD,1990-03-31,1990-03-31,Q1,78600000,43800000.0,34800000.0,0.44274809160305345,0.0,0.0,0.0,0.0,21100000.0,64900000.0,0.0,3000000.0,16700000.0,0.21246819338422393,13700000.0,0.1743002544529262,700000.0,13000000.0,0.16539440203562342,5100000.0,7900000.0,0.1005089058524173,0.31,0.3,25483871,26333333,,,1620599972,18:39:32,20210509
125,1989-12-31,WTS,USD,1989-12-31,1989-12-31,Q4,71200000,40200000.0,31000000.0,0.4353932584269663,0.0,0.0,0.0,0.0,19400000.0,59600000.0,0.0,2800000.0,14400000.0,0.20224719101123595,11600000.0,0.16292134831460675,1200000.0,11300000.0,0.15870786516853932,4200000.0,7100000.0,0.0997191011235955,0.28,0.28,25357143,25357143,,,1620599972,18:39:32,20210509
126,1989-09-30,WTS,USD,1989-09-30,1989-09-30,Q3,67700000,38200000.0,29500000.0,0.4357459379615953,0.0,0.0,0.0,0.0,17700000.0,55900000.0,0.0,2700000.0,14500000.0,0.21418020679468242,11800000.0,0.17429837518463812,1000000.0,11300000.0,0.16691285081240767,4300000.0,7000000.0,0.103397341211226,0.28,0.28,25000000,25000000,,,1620599972,18:39:32,20210509
127,1989-06-30,WTS,USD,1989-06-30,1989-06-30,Q2,55400000,0.0,0.0,0.0,0.0,0.0,0.0,0.0,0.0,0.0,0.0,0.0,-130400000.0,-2.3537906137184117,-130400000.0,-2.3537906137184117,0.0,0.0,0.0,0.0,0.0,0.0,0.0,0.0,25148000,25148000,,,1620599972,18:39:32,20210509
128,1989-03-31,WTS,USD,1989-03-31,1989-03-31,Q1,58000000,0.0,0.0,0.0,0.0,0.0,0.0,0.0,0.0,0.0,0.0,0.0,58000000.0,1.0,58000000.0,1.0,0.0,0.0,0.0,0.0,0.0,0.0,0.24,0.24,25148000,25148000,,,1620599972,18:39:32,20210509
129,1988-12-31,WTS,USD,1988-12-31,1988-12-31,Q4,55200000,0.0,0.0,0.0,0.0,0.0,0.0,0.0,0.0,0.0,0.0,0.0,55200000.0,1.0,55200000.0,1.0,0.0,0.0,0.0,0.0,0.0,0.0,0.24,0.24,25148000,25148000,,,1620599972,18:39:32,20210509
130,1988-09-30,WTS,USD,1988-09-30,1988-09-30,Q3,55300000,0.0,0.0,0.0,0.0,0.0,0.0,0.0,0.0,0.0,0.0,0.0,55300000.0,1.0,55300000.0,1.0,0.0,0.0,0.0,0.0,0.0,0.0,0.25,0.25,25148000,25148000,,,1620599972,18:39:32,20210509
131,1988-06-30,WTS,USD,1988-06-30,1988-06-30,Q2,46500000,0.0,0.0,0.0,0.0,0.0,0.0,0.0,0.0,0.0,0.0,0.0,-102700000.0,-2.2086021505376343,-102700000.0,-2.2086021505376343,0.0,0.0,0.0,0.0,0.0,0.0,0.0,0.0,25148000,25148000,,,1620599972,18:39:32,20210509
132,1988-03-31,WTS,USD,1988-03-31,1988-03-31,Q1,48800000,0.0,0.0,0.0,0.0,0.0,0.0,0.0,0.0,0.0,0.0,0.0,48800000.0,1.0,48800000.0,1.0,0.0,0.0,0.0,0.0,0.0,0.0,0.21,0.21,25148000,25148000,,,1620599972,18:39:32,20210509
133,1987-12-31,WTS,USD,1987-12-31,1987-12-31,Q4,44300000,0.0,0.0,0.0,0.0,0.0,0.0,0.0,0.0,0.0,0.0,0.0,44300000.0,1.0,44300000.0,1.0,0.0,0.0,0.0,0.0,0.0,0.0,0.21,0.21,25148000,25148000,,,1620599972,18:39:32,20210509
134,1987-09-30,WTS,USD,1987-09-30,1987-09-30,Q3,41800000,0.0,0.0,0.0,0.0,0.0,0.0,0.0,0.0,0.0,0.0,0.0,41800000.0,1.0,41800000.0,1.0,0.0,0.0,0.0,0.0,0.0,0.0,0.18,0.18,25148000,25148000,,,1620599972,18:39:32,20210509
135,1987-06-30,WTS,USD,1987-06-30,1987-06-30,Q2,37800000,0.0,0.0,0.0,0.0,0.0,0.0,0.0,0.0,0.0,0.0,0.0,-79700000.0,-2.1084656084656084,-79700000.0,-2.1084656084656084,0.0,0.0,0.0,0.0,0.0,0.0,0.0,0.0,25148000,25148000,,,1620599972,18:39:32,20210509
136,1987-03-31,WTS,USD,1987-03-31,1987-03-31,Q1,39900000,0.0,0.0,0.0,0.0,0.0,0.0,0.0,0.0,0.0,0.0,0.0,39900000.0,1.0,39900000.0,1.0,0.0,0.0,0.0,0.0,0.0,0.0,0.16,0.16,25148000,25148000,,,1620599972,18:39:32,20210509
137,1986-12-31,WTS,USD,1986-12-31,1986-12-31,Q4,35200000,0.0,0.0,0.0,0.0,0.0,0.0,0.0,0.0,0.0,0.0,0.0,35200000.0,1.0,35200000.0,1.0,0.0,0.0,0.0,0.0,0.0,0.0,0.15,0.15,25148000,25148000,,,1620599972,18:39:32,20210509
138,1986-09-30,WTS,USD,1986-09-30,1986-09-30,Q3,32800000,0.0,0.0,0.0,0.0,0.0,0.0,0.0,0.0,0.0,0.0,0.0,32800000.0,1.0,32800000.0,1.0,0.0,0.0,0.0,0.0,0.0,0.0,0.14,0.14,25148000,25148000,,,1620599972,18:39:32,20210509
139,1986-06-30,WTS,USD,1986-06-30,1986-06-30,Q2,34100000,0.0,0.0,0.0,0.0,0.0,0.0,0.0,0.0,0.0,0.0,0.0,-78900000.0,-2.313782991202346,-78900000.0,-2.313782991202346,0.0,0.0,0.0,0.0,0.0,0.0,0.0,0.0,23148000,23148000,,,1620599972,18:39:32,20210509
140,1986-03-31,WTS,USD,1986-03-31,1986-03-31,Q1,36600000,0.0,0.0,0.0,0.0,0.0,0.0,0.0,0.0,0.0,0.0,0.0,36600000.0,1.0,36600000.0,1.0,0.0,0.0,0.0,0.0,0.0,0.0,0.17,0.17,23148000,23148000,,,1620599972,18:39:32,20210509
141,1985-12-31,WTS,USD,1985-12-31,1985-12-31,Q4,34300000,0.0,0.0,0.0,0.0,0.0,0.0,0.0,0.0,0.0,0.0,0.0,34300000.0,1.0,34300000.0,1.0,0.0,0.0,0.0,0.0,0.0,0.0,0.14,0.14,23148000,23148000,,,1620599972,18:39:32,20210509
142,1985-09-30,WTS,USD,1985-09-30,1985-09-30,Q3,32000000,0.0,0.0,0.0,0.0,0.0,0.0,0.0,0.0,0.0,0.0,0.0,32000000.0,1.0,32000000.0,1.0,0.0,0.0,0.0,0.0,0.0,0.0,0.13,0.13,23148000,23148000,,,1620599972,18:39:32,20210509
