,date,symbol,reportedCurrency,fillingDate,acceptedDate,period,revenue,costOfRevenue,grossProfit,grossProfitRatio,researchAndDevelopmentExpenses,generalAndAdministrativeExpenses,sellingAndMarketingExpenses,otherExpenses,operatingExpenses,costAndExpenses,interestExpense,depreciationAndAmortization,ebitda,ebitdaratio,operatingIncome,operatingIncomeRatio,totalOtherIncomeExpensesNet,incomeBeforeTax,incomeBeforeTaxRatio,incomeTaxExpense,netIncome,netIncomeRatio,eps,epsdiluted,weightedAverageShsOut,weightedAverageShsOutDil,link,finalLink,timestamp,est_time,est_date
0,2019-09-30,0520.HK,CNY,2019-09-30,2019-09-30,Q3,1507541750,942351000,565190750,0.3749088540997289,0.0,53048250,0.0,7201750.0,0.0,1366760500,23711250.0,209846500,350627750,0.23258244755078922,140781250,0.09338464423953764,0.0,125798250,0.08344594768270928,53138750,72025000,0.04777645461560186,0.06755,0.06695,1066334000,1075807000,https://www1.hkexnews.hk/search/titlesearch.xhtml,https://www1.hkexnews.hk/search/titlesearch.xhtml,1620584769,14:26:09,20210509
1,2019-06-30,0520.HK,CNY,2019-06-30,2019-06-30,Q2,1507541750,942351000,565190750,0.3749088540997289,0.0,53048250,0.0,7201750.0,0.0,1366760500,23711250.0,209846500,350627750,0.23258244755078922,140781250,0.09338464423953764,0.0,125798250,0.08344594768270928,53138750,72025000,0.04777645461560186,0.06755,0.06695,1066334000,1075807000,https://www1.hkexnews.hk/search/titlesearch.xhtml,https://www1.hkexnews.hk/search/titlesearch.xhtml,1620584769,14:26:09,20210509
2,2019-03-31,0520.HK,CNY,2019-03-31,2019-03-31,Q1,1507541750,942351000,565190750,0.3749088540997289,0.0,53048250,0.0,7201750.0,0.0,1366760500,23711250.0,209846500,350627750,0.23258244755078922,140781250,0.09338464423953764,0.0,125798250,0.08344594768270928,53138750,72025000,0.04777645461560186,0.06755,0.06695,1066334000,1075807000,https://www1.hkexnews.hk/search/titlesearch.xhtml,https://www1.hkexnews.hk/search/titlesearch.xhtml,1620584769,14:26:09,20210509
3,2019-01-31,0520.HK,CNY,2019-01-31,2019-01-31,Q1,1507541750,942351000,565190750,0.3749088540997289,0.0,53048250,0.0,7201750.0,0.0,1366760500,23711250.0,209846500,350627750,0.23258244755078922,140781250,0.09338464423953764,0.0,125798250,0.08344594768270928,53138750,72025000,0.04777645461560186,0.06755,0.06695,1066334000,1075807000,https://www1.hkexnews.hk/search/titlesearch.xhtml,https://www1.hkexnews.hk/search/titlesearch.xhtml,1620584769,14:26:09,20210509
4,2018-09-30,0520.HK,CNY,2018-09-30,2018-09-30,Q3,1183520000,738087250,445432750,0.37636267236717585,0.0,42673750,0.0,6282750.0,0.0,1050879000,0.0,55279250,187920250,0.15878079795863187,132641000,0.1120733067459781,0.0,152360000,0.12873462214411246,36867000,115619500,0.09769120927403001,0.108725,0.107025,1063420000,1080213000,https://www1.hkexnews.hk/search/titlesearch.xhtml,https://www1.hkexnews.hk/search/titlesearch.xhtml,1620584769,14:26:09,20210509
5,2018-06-30,0520.HK,CNY,2018-06-30,2018-06-30,Q2,1183520000,738087250,445432750,0.37636267236717585,0.0,42673750,0.0,6282750.0,0.0,1050879000,0.0,55279250,187920250,0.15878079795863187,132641000,0.1120733067459781,0.0,152360000,0.12873462214411246,36867000,115619500,0.09769120927403001,0.108725,0.107025,1063420000,1080213000,https://www1.hkexnews.hk/search/titlesearch.xhtml,https://www1.hkexnews.hk/search/titlesearch.xhtml,1620584769,14:26:09,20210509
6,2018-03-31,0520.HK,CNY,2018-03-31,2018-03-31,Q1,1183520000,738087250,445432750,0.37636267236717585,0.0,42673750,0.0,6282750.0,0.0,1050879000,0.0,55279250,187920250,0.15878079795863187,132641000,0.1120733067459781,0.0,152360000,0.12873462214411246,36867000,115619500,0.09769120927403001,0.108725,0.107025,1063420000,1080213000,https://www1.hkexnews.hk/search/titlesearch.xhtml,https://www1.hkexnews.hk/search/titlesearch.xhtml,1620584769,14:26:09,20210509
7,2018-01-31,0520.HK,CNY,2018-01-31,2018-01-31,Q1,1183520000,738087250,445432750,0.37636267236717585,0.0,42673750,0.0,6282750.0,0.0,1050879000,0.0,55279250,187920250,0.15878079795863187,132641000,0.1120733067459781,0.0,152360000,0.12873462214411246,36867000,115619500,0.09769120927403001,0.108725,0.107025,1063420000,1080213000,https://www1.hkexnews.hk/search/titlesearch.xhtml,https://www1.hkexnews.hk/search/titlesearch.xhtml,1620584769,14:26:09,20210509
8,2017-09-30,0520.HK,CNY,2017-09-30,2017-09-30,Q3,915998250,549651500,366346750,0.3999426308947643,0.0,32889750,0.0,4900000.0,0.0,788800000,0.0,37831250,165029500,0.18016355380591612,127198250,0.13886298363561284,0.0,135696750,0.1481408397887223,30654250,105042500,0.11467543742578111,0.098325,0.0969,1068366000,1083900000,https://www1.hkexnews.hk/search/titlesearch.xhtml,https://www1.hkexnews.hk/search/titlesearch.xhtml,1620584769,14:26:09,20210509
9,2017-06-30,0520.HK,CNY,2017-06-30,2017-06-30,Q2,915998250,549651500,366346750,0.3999426308947643,0.0,32889750,0.0,4900000.0,0.0,788800000,0.0,37831250,165029500,0.18016355380591612,127198250,0.13886298363561284,0.0,135696750,0.1481408397887223,30654250,105042500,0.11467543742578111,0.098325,0.0969,1068366000,1083900000,https://www1.hkexnews.hk/search/titlesearch.xhtml,https://www1.hkexnews.hk/search/titlesearch.xhtml,1620584769,14:26:09,20210509
10,2017-03-31,0520.HK,CNY,2017-03-31,2017-03-31,Q1,915998250,549651500,366346750,0.3999426308947643,0.0,32889750,0.0,4900000.0,0.0,788800000,0.0,37831250,165029500,0.18016355380591612,127198250,0.13886298363561284,0.0,135696750,0.1481408397887223,30654250,105042500,0.11467543742578111,0.098325,0.0969,1068366000,1083900000,https://www1.hkexnews.hk/search/titlesearch.xhtml,https://www1.hkexnews.hk/search/titlesearch.xhtml,1620584769,14:26:09,20210509
11,2017-01-31,0520.HK,CNY,2017-01-31,2017-01-31,Q1,915998250,549651500,366346750,0.3999426308947643,0.0,32889750,0.0,4900000.0,0.0,788800000,0.0,37831250,165029500,0.18016355380591612,127198250,0.13886298363561284,0.0,135696750,0.1481408397887223,30654250,105042500,0.11467543742578111,0.098325,0.0969,1068366000,1083900000,https://www1.hkexnews.hk/search/titlesearch.xhtml,https://www1.hkexnews.hk/search/titlesearch.xhtml,1620584769,14:26:09,20210509
12,2016-09-30,0520.HK,CNY,2016-09-30,2016-09-30,Q3,689534250,407803500,281730750,0.40858122711090855,0.0,27237750,0.0,2068250.0,0.0,588186750,0.0,28492000,129839500,0.18830029110229116,101347500,0.14697964604368818,0.0,118280500,0.17153680183399156,26273500,92007000,0.133433545904355,0.086775,0.0862,1060147000,1067363000,https://www1.hkexnews.hk/search/titlesearch.xhtml,https://www1.hkexnews.hk/search/titlesearch.xhtml,1620584769,14:26:09,20210509
13,2016-06-30,0520.HK,CNY,2016-06-30,2016-06-30,Q2,689534250,407803500,281730750,0.40858122711090855,0.0,27237750,0.0,2068250.0,0.0,588186750,0.0,28492000,129839500,0.18830029110229116,101347500,0.14697964604368818,0.0,118280500,0.17153680183399156,26273500,92007000,0.133433545904355,0.086775,0.0862,1060147000,1067363000,https://www1.hkexnews.hk/search/titlesearch.xhtml,https://www1.hkexnews.hk/search/titlesearch.xhtml,1620584769,14:26:09,20210509
14,2016-03-31,0520.HK,CNY,2016-03-31,2016-03-31,Q1,689534250,407803500,281730750,0.40858122711090855,0.0,27237750,0.0,2068250.0,0.0,588186750,0.0,28492000,129839500,0.18830029110229116,101347500,0.14697964604368818,0.0,118280500,0.17153680183399156,26273500,92007000,0.133433545904355,0.086775,0.0862,1060147000,1067363000,https://www1.hkexnews.hk/search/titlesearch.xhtml,https://www1.hkexnews.hk/search/titlesearch.xhtml,1620584769,14:26:09,20210509
15,2016-01-31,0520.HK,CNY,2016-01-31,2016-01-31,Q1,689534250,407803500,281730750,0.40858122711090855,0.0,27237750,0.0,2068250.0,0.0,588186750,0.0,28492000,129839500,0.18830029110229116,101347500,0.14697964604368818,0.0,118280500,0.17153680183399156,26273500,92007000,0.133433545904355,0.086775,0.0862,1060147000,1067363000,https://www1.hkexnews.hk/search/titlesearch.xhtml,https://www1.hkexnews.hk/search/titlesearch.xhtml,1620584769,14:26:09,20210509
16,2015-09-30,0520.HK,CNY,2015-09-30,2015-09-30,Q3,606151500,372286000,233865500,0.38582021161376323,0.0,25343750,0.0,1346750.0,0.0,544084000,0.0,30005500,92073000,0.15189766914706967,62067500,0.10239601815717687,0.0,80780000,0.13326701327968338,14939250,65840750,0.10862094707346266,0.0619,0.061475,1063473000,1070927000,https://www1.hkexnews.hk/search/titlesearch.xhtml,https://www1.hkexnews.hk/search/titlesearch.xhtml,1620584769,14:26:09,20210509
17,2015-06-30,0520.HK,CNY,2015-06-30,2015-06-30,Q2,606151500,372286000,233865500,0.38582021161376323,0.0,25343750,0.0,1346750.0,0.0,544084000,0.0,30005500,92073000,0.15189766914706967,62067500,0.10239601815717687,0.0,80780000,0.13326701327968338,14939250,65840750,0.10862094707346266,0.0619,0.061475,1063473000,1070927000,https://www1.hkexnews.hk/search/titlesearch.xhtml,https://www1.hkexnews.hk/search/titlesearch.xhtml,1620584769,14:26:09,20210509
18,2015-03-31,0520.HK,CNY,2015-03-31,2015-03-31,Q1,606151500,372286000,233865500,0.38582021161376323,0.0,25343750,0.0,1346750.0,0.0,544084000,0.0,30005500,92073000,0.15189766914706967,62067500,0.10239601815717687,0.0,80780000,0.13326701327968338,14939250,65840750,0.10862094707346266,0.0619,0.061475,1063473000,1070927000,https://www1.hkexnews.hk/search/titlesearch.xhtml,https://www1.hkexnews.hk/search/titlesearch.xhtml,1620584769,14:26:09,20210509
19,2015-01-31,0520.HK,CNY,2015-01-31,2015-01-31,Q1,606151500,372286000,233865500,0.38582021161376323,0.0,25343750,0.0,1346750.0,0.0,544084000,0.0,30005500,92073000,0.15189766914706967,62067500,0.10239601815717687,0.0,80780000,0.13326701327968338,14939250,65840750,0.10862094707346266,0.0619,0.061475,1063473000,1070927000,https://www1.hkexnews.hk/search/titlesearch.xhtml,https://www1.hkexnews.hk/search/titlesearch.xhtml,1620584769,14:26:09,20210509
20,2014-09-30,0520.HK,CNY,2014-09-30,2014-09-30,Q3,550497250,348789250,201708000,0.36641054973480797,0.0,23307500,0.0,1362000.0,0.0,506431750,0.0,22929000,66994500,0.1216981556220308,44065500,0.08004672139597428,0.0,46510750,0.08448861461160796,11212500,35298250,0.06412066545291552,0.0422,0.0419,474837000,842347000,https://www1.hkexnews.hk/search/titlesearch.xhtml,https://www1.hkexnews.hk/search/titlesearch.xhtml,1620584769,14:26:09,20210509
21,2014-06-30,0520.HK,CNY,2014-06-30,2014-06-30,Q2,550497250,348789250,201708000,0.36641054973480797,0.0,23307500,0.0,1362000.0,0.0,506431750,0.0,22929000,66994500,0.1216981556220308,44065500,0.08004672139597428,0.0,46510750,0.08448861461160796,11212500,35298250,0.06412066545291552,0.0422,0.0419,474837000,842347000,https://www1.hkexnews.hk/search/titlesearch.xhtml,https://www1.hkexnews.hk/search/titlesearch.xhtml,1620584769,14:26:09,20210509
22,2014-03-31,0520.HK,CNY,2014-03-31,2014-03-31,Q1,550497250,348789250,201708000,0.36641054973480797,0.0,23307500,0.0,1362000.0,0.0,506431750,0.0,22929000,66994500,0.1216981556220308,44065500,0.08004672139597428,0.0,46510750,0.08448861461160796,11212500,35298250,0.06412066545291552,0.0422,0.0419,474837000,842347000,https://www1.hkexnews.hk/search/titlesearch.xhtml,https://www1.hkexnews.hk/search/titlesearch.xhtml,1620584769,14:26:09,20210509
23,2014-01-31,0520.HK,CNY,2014-01-31,2014-01-31,Q1,550497250,348789250,201708000,0.36641054973480797,0.0,23307500,0.0,1362000.0,0.0,506431750,0.0,22929000,66994500,0.1216981556220308,44065500,0.08004672139597428,0.0,46510750,0.08448861461160796,11212500,35298250,0.06412066545291552,0.0422,0.0419,474837000,842347000,https://www1.hkexnews.hk/search/titlesearch.xhtml,https://www1.hkexnews.hk/search/titlesearch.xhtml,1620584769,14:26:09,20210509
24,2013-09-30,0520.HK,CNY,2013-09-30,2013-09-30,Q3,472617500,304215000,168402500,0.3563187990288129,0.0,19586500,0.0,1054500.0,0.0,426046750,0.0,21801500,68372250,0.14466719916211312,46570750,0.09853792972118045,0.0,46177000,0.09770480356736684,10999500,35177500,0.07443122609721392,0.01819425,0.01819425,1054364152,1054364152,https://www1.hkexnews.hk/search/titlesearch.xhtml,https://www1.hkexnews.hk/search/titlesearch.xhtml,1620584769,14:26:09,20210509
25,2013-06-30,0520.HK,CNY,2013-06-30,2013-06-30,Q2,472617500,304215000,168402500,0.3563187990288129,0.0,19586500,0.0,1054500.0,0.0,426046750,0.0,21801500,68372250,0.14466719916211312,46570750,0.09853792972118045,0.0,46177000,0.09770480356736684,10999500,35177500,0.07443122609721392,0.01819425,0.01819425,1054364152,1054364152,https://www1.hkexnews.hk/search/titlesearch.xhtml,https://www1.hkexnews.hk/search/titlesearch.xhtml,1620584769,14:26:09,20210509
26,2013-03-31,0520.HK,CNY,2013-03-31,2013-03-31,Q1,472617500,304215000,168402500,0.3563187990288129,0.0,19586500,0.0,1054500.0,0.0,426046750,0.0,21801500,68372250,0.14466719916211312,46570750,0.09853792972118045,0.0,46177000,0.09770480356736684,10999500,35177500,0.07443122609721392,0.01819425,0.01819425,1054364152,1054364152,https://www1.hkexnews.hk/search/titlesearch.xhtml,https://www1.hkexnews.hk/search/titlesearch.xhtml,1620584769,14:26:09,20210509
27,2013-01-31,0520.HK,CNY,2013-01-31,2013-01-31,Q1,472617500,304215000,168402500,0.3563187990288129,0.0,19586500,0.0,1054500.0,0.0,426046750,0.0,21801500,68372250,0.14466719916211312,46570750,0.09853792972118045,0.0,46177000,0.09770480356736684,10999500,35177500,0.07443122609721392,0.01819425,0.01819425,1054364152,1054364152,https://www1.hkexnews.hk/search/titlesearch.xhtml,https://www1.hkexnews.hk/search/titlesearch.xhtml,1620584769,14:26:09,20210509
