,date,symbol,reportedCurrency,fillingDate,acceptedDate,period,revenue,costOfRevenue,grossProfit,grossProfitRatio,researchAndDevelopmentExpenses,generalAndAdministrativeExpenses,sellingAndMarketingExpenses,otherExpenses,operatingExpenses,costAndExpenses,interestExpense,depreciationAndAmortization,ebitda,ebitdaratio,operatingIncome,operatingIncomeRatio,totalOtherIncomeExpensesNet,incomeBeforeTax,incomeBeforeTaxRatio,incomeTaxExpense,netIncome,netIncomeRatio,eps,epsdiluted,weightedAverageShsOut,weightedAverageShsOutDil,link,finalLink,timestamp,est_time,est_date
0,2020-12-31,SVEG.OL,NOK,2020-12-31,2020-12-31,Q4,1004000000,0.0,0.0,0.0,0.0,0.0,0.0,0.0,369000000,0.0,302000000,49000000,0.0,0.0,0.0,0.897410358565737,0.0,901000000,0.897410358565737,122000000,778000000.0,0.7749003984063745,7.25103645550847,7.25103645550847,107295006,107295006,https://www.oslobors.no/ob_eng/,https://www.oslobors.no/ob_eng/,1620598470,18:14:30,20210509
1,2020-09-30,SVEG.OL,NOK,2020-09-30,2020-09-30,Q3,884000000,0.0,0.0,0.0,0.0,58000000.0,9000000.0,0.0,346000000,0.0,332000000,47000000,0.0,0.0,0.0,0.6233031674208145,0.0,551000000,0.6233031674208145,111000000,440000000.0,0.497737556561086,1.59,1.59,107295006,107295006,https://www.oslobors.no/ob_eng/,https://www.oslobors.no/ob_eng/,1620598470,18:14:30,20210509
2,2020-06-30,SVEG.OL,NOK,2020-06-30,2020-06-30,Q2,984000000,0.0,0.0,0.0,0.0,0.0,0.0,0.0,349000000,0.0,595000000,46000000,0.0,0.0,0.0,0.6209349593495935,0.0,611000000,0.6209349593495935,114000000,497000000.0,0.5050813008130082,1.79,1.79,107224159,107224159,https://www.oslobors.no/ob_eng/,https://www.oslobors.no/ob_eng/,1620598470,18:14:30,20210509
3,2020-03-31,SVEG.OL,NOK,2020-03-31,2020-03-31,Q1,864000000,0.0,0.0,0.0,0.0,0.0,0.0,0.0,384000000,0.0,800000000,46000000,0.0,0.0,0.0,0.37962962962962965,0.0,328000000,0.37962962962962965,11000000,318000000.0,0.3680555555555556,1.12,1.12,107312565,107312565,https://www.oslobors.no/ob_eng/,https://www.oslobors.no/ob_eng/,1620598470,18:14:30,20210509
4,2019-12-31,SVEG.OL,NOK,2019-12-31,2019-12-31,Q4,1015000000,0.0,0.0,0.0,0.0,0.0,0.0,0.0,408000000,0.0,758000000,48000000,0.0,0.0,0.0,0.6147783251231527,0.0,624000000,0.6147783251231527,135000000,537000000.0,0.529064039408867,5.0048927719897796,5.0048927719897796,107295006,107295006,https://www.oslobors.no/ob_eng/,https://www.oslobors.no/ob_eng/,1620598470,18:14:30,20210509
5,2019-09-30,SVEG.OL,NOK,2019-09-30,2019-09-30,Q3,978000000,0.0,0.0,0.0,0.0,52000000.0,10000000.0,0.0,365000000,0.0,705000000,47000000,0.0,0.0,0.0,0.6574642126789366,0.0,643000000,0.6574642126789366,138000000,482000000.0,0.49284253578732107,1.8,1.8,60270202,60270202,https://www.oslobors.no/ob_eng/,https://www.oslobors.no/ob_eng/,1620598470,18:14:30,20210509
6,2019-06-30,SVEG.OL,NOK,2019-06-30,2019-06-30,Q2,1120000000,0.0,0.0,0.0,0.0,52000000.0,16000000.0,0.0,381000000,0.0,642000000,49000000,0.0,0.0,0.0,0.7098214285714286,0.0,795000000,0.7098214285714286,134000000,660000000.0,0.5892857142857143,2.42,2.42,60228749,60228749,https://www.oslobors.no/ob_eng/,https://www.oslobors.no/ob_eng/,1620598470,18:14:30,20210509
7,2019-03-31,SVEG.OL,NOK,2019-03-31,2019-03-31,Q1,879000000,0.0,0.0,0.0,0.0,56000000.0,15000000.0,0.0,371000000,0.0,594000000,53000000,0.0,0.0,0.0,0.6040955631399317,0.0,531000000,0.6040955631399317,123000000,408000000.0,0.4641638225255973,1.48,1.48,60228583,60228583,https://www.oslobors.no/ob_eng/,https://www.oslobors.no/ob_eng/,1620598470,18:14:30,20210509
8,2018-12-31,SVEG.OL,NOK,2018-12-31,2018-12-31,Q4,917000000,0.0,0.0,0.0,0.0,52000000.0,15000000.0,0.0,401000000,0.0,547000000,36000000,0.0,0.0,0.0,0.579062159214831,0.0,531000000,0.579062159214831,126000000,403000000.0,0.4394765539803708,3.7559996035603,3.7559996035603,107295006,107295006,https://www.oslobors.no/ob_eng/,https://www.oslobors.no/ob_eng/,1620598470,18:14:30,20210509
9,2018-09-30,SVEG.OL,NOK,2018-09-30,2018-09-30,Q3,917000000,0.0,0.0,0.0,0.0,50000000.0,9000000.0,0.0,359000000,0.0,509000000,34000000,0.0,0.0,0.0,0.5932388222464559,0.0,544000000,0.5932388222464559,127000000,417000000.0,0.4547437295528899,1.51,1.51,60165455,60165455,https://www.oslobors.no/ob_eng/,https://www.oslobors.no/ob_eng/,1620598470,18:14:30,20210509
10,2018-06-30,SVEG.OL,NOK,2018-06-30,2018-06-30,Q2,938000000,0.0,0.0,0.0,0.0,54000000.0,14000000.0,0.0,367000000,0.0,506000000,33000000,0.0,0.0,0.0,0.6716417910447762,0.0,630000000,0.6716417910447762,125000000,505000000.0,0.5383795309168443,1.84,1.84,60265455,60265455,https://www.oslobors.no/ob_eng/,https://www.oslobors.no/ob_eng/,1620598470,18:14:30,20210509
11,2018-03-31,SVEG.OL,NOK,2018-03-31,2018-03-31,Q1,795000000,0.0,0.0,0.0,0.0,55000000.0,13000000.0,0.0,369000000,0.0,449000000,32000000,0.0,0.0,0.0,0.5647798742138365,0.0,449000000,0.5647798742138365,113000000,336000000.0,0.4226415094339623,1.22,1.22,58957894,58957894,https://www.oslobors.no/ob_eng/,https://www.oslobors.no/ob_eng/,1620598470,18:14:30,20210509
12,2017-12-31,SVEG.OL,NOK,2017-12-31,2017-12-31,Q4,775000000,0.0,0.0,0.0,0.0,49000000.0,12000000.0,0.0,382000000,0.0,439000000,33000000,0.0,0.0,0.0,0.5974193548387097,0.0,463000000,0.5974193548387097,108000000,355000000.0,0.45806451612903226,3.308634886510934,3.308634886510934,107295006,107295006,https://www.oslobors.no/ob_eng/,https://www.oslobors.no/ob_eng/,1620598470,18:14:30,20210509
13,2017-09-30,SVEG.OL,NOK,2017-09-30,2017-09-30,Q3,838000000,0.0,0.0,0.0,0.0,54000000.0,10000000.0,0.0,344000000,0.0,438000000,31000000,0.0,0.0,0.0,0.6121718377088305,0.0,513000000,0.6121718377088305,117000000,395000000.0,0.4713603818615752,1.52,1.52,58714537,58714537,https://www.oslobors.no/ob_eng/,https://www.oslobors.no/ob_eng/,1620598470,18:14:30,20210509
14,2017-06-30,SVEG.OL,NOK,2017-06-30,2017-06-30,Q2,797000000,0.0,0.0,0.0,0.0,53000000.0,15000000.0,0.0,359000000,0.0,457000000,34000000,0.0,0.0,0.0,0.5470514429109159,0.0,436000000,0.5470514429109159,102000000,334000000.0,0.4190715181932246,1.28,1.28,260937500,260937500,https://www.oslobors.no/ob_eng/,https://www.oslobors.no/ob_eng/,1620598470,18:14:30,20210509
15,2017-03-31,SVEG.OL,NOK,2017-03-31,2017-03-31,Q1,785000000,0.0,0.0,0.0,0.0,54000000.0,14000000.0,0.0,354000000,0.0,479000000,30000000,0.0,0.0,0.0,0.5503184713375796,0.0,432000000,0.5503184713375796,100000000,332000000.0,0.4229299363057325,1.26,1.26,58955297,58955297,https://www.oslobors.no/ob_eng/,https://www.oslobors.no/ob_eng/,1620598470,18:14:30,20210509
16,2016-12-31,SVEG.OL,NOK,2016-12-31,2016-12-31,Q4,747000000,0.0,0.0,0.0,0.0,64000000.0,15000000.0,0.0,384000000,0.0,475000000,30000000,0.0,0.0,0.0,0.48326639892904955,0.0,361000000,0.48326639892904955,91000000,270000000.0,0.3614457831325301,2.5164265334026825,2.5164265334026825,107295006,107295006,https://www.oslobors.no/ob_eng/,https://www.oslobors.no/ob_eng/,1620598470,18:14:30,20210509
17,2016-09-30,SVEG.OL,NOK,2016-09-30,2016-09-30,Q3,790000000,0.0,0.0,0.0,0.0,51000000.0,12000000.0,0.0,95000000,0.0,457000000,31000000,0.0,0.0,0.0,0.9734177215189873,0.0,769000000,0.9734177215189873,178000000,591000000.0,0.7481012658227848,2.44,2.44,59025297,59025297,https://www.oslobors.no/ob_eng/,https://www.oslobors.no/ob_eng/,1620598470,18:14:30,20210509
18,2016-06-30,SVEG.OL,NOK,2016-06-30,2016-06-30,Q2,846000000,0.0,0.0,0.0,0.0,50000000.0,16000000.0,0.0,418000000,0.0,463000000,30000000,0.0,0.0,0.0,0.5957446808510638,0.0,504000000,0.5957446808510638,86000000,418000000.0,0.4940898345153664,1.73,1.73,241618497,241618497,https://www.oslobors.no/ob_eng/,https://www.oslobors.no/ob_eng/,1620598470,18:14:30,20210509
19,2016-03-31,SVEG.OL,NOK,2016-03-31,2016-03-31,Q1,709000000,0.0,0.0,0.0,0.0,56000000.0,14000000.0,0.0,369000000,0.0,478000000,30000000,0.0,0.0,0.0,0.4541607898448519,0.0,322000000,0.4541607898448519,80000000,242000000.0,0.34132581100141046,0.99,0.99,59032549,59032549,https://www.oslobors.no/ob_eng/,https://www.oslobors.no/ob_eng/,1620598470,18:14:30,20210509
20,2015-12-31,SVEG.OL,NOK,2015-12-31,2015-12-31,Q4,683000000,0.0,0.0,0.0,0.0,48000000.0,14000000.0,0.0,368000000,0.0,528000000,40000000,0.0,0.0,0.0,0.4992679355783309,0.0,341000000,0.4992679355783309,75000000,266000000.0,0.38945827232796487,2.479146140315235,2.479146140315235,107295006,107295006,https://www.oslobors.no/ob_eng/,https://www.oslobors.no/ob_eng/,1620598470,18:14:30,20210509
21,2015-09-30,SVEG.OL,NOK,2015-09-30,2015-09-30,Q3,670000000,0.0,0.0,0.0,0.0,53000000.0,10000000.0,0.0,348000000,0.0,554000000,27000000,0.0,0.0,0.0,0.44776119402985076,0.0,300000000,0.44776119402985076,86000000,214000000.0,0.3194029850746269,1.077959,1.077959,59032549,59032549,https://www.oslobors.no/ob_eng/,https://www.oslobors.no/ob_eng/,1620598470,18:14:30,20210509
22,2015-06-30,SVEG.OL,NOK,2015-06-30,2015-06-30,Q2,730000000,0.0,0.0,0.0,0.0,56000000.0,21000000.0,0.0,364000000,0.0,595000000,25000000,0.0,0.0,0.0,0.4767123287671233,0.0,348000000,0.4767123287671233,88000000,260000000.0,0.3561643835616438,1.308362,1.308362,198721761,198721761,https://www.oslobors.no/ob_eng/,https://www.oslobors.no/ob_eng/,1620598470,18:14:30,20210509
23,2015-03-31,SVEG.OL,NOK,2015-03-31,2015-03-31,Q1,785000000,0.0,0.0,0.0,0.0,54000000.0,15000000.0,0.0,353000000,0.0,622000000,26000000,0.0,0.0,0.0,0.5184713375796178,0.0,407000000,0.5184713375796178,100000000,307000000.0,0.3910828025477707,1.546994,1.546994,38590981,38590981,https://www.oslobors.no/ob_eng/,https://www.oslobors.no/ob_eng/,1620598470,18:14:30,20210509
24,2014-12-31,SVEG.OL,NOK,2014-12-31,2014-12-31,Q4,734000000,0.0,0.0,0.0,0.0,59000000.0,20000000.0,0.0,365000000,0.0,716000000,26000000,0.0,0.0,0.0,0.48501362397820164,0.0,356000000,0.48501362397820164,78000000,278000000.0,0.3787465940054496,2.5909873195775766,2.5909873195775766,107295006,107295006,https://www.oslobors.no/ob_eng/,https://www.oslobors.no/ob_eng/,1620598470,18:14:30,20210509
25,2014-09-30,SVEG.OL,NOK,2014-09-30,2014-09-30,Q3,752000000,0.0,0.0,0.0,0.0,56000000.0,12000000.0,0.0,373000000,0.0,749000000,27000000,0.0,0.0,0.0,0.23670212765957446,0.0,178000000,0.23670212765957446,40000000,138000000.0,0.18351063829787234,0.732354,0.732354,38590981,38590981,https://www.oslobors.no/ob_eng/,https://www.oslobors.no/ob_eng/,1620598470,18:14:30,20210509
26,2014-06-30,SVEG.OL,NOK,2014-06-30,2014-06-30,Q2,748000000,0.0,0.0,0.0,0.0,59000000.0,17000000.0,0.0,365000000,0.0,747000000,27000000,0.0,0.0,0.0,0.5788770053475936,0.0,433000000,0.5788770053475936,73000000,360000000.0,0.48128342245989303,1.909056,1.909056,188574828,188574828,https://www.oslobors.no/ob_eng/,https://www.oslobors.no/ob_eng/,1620598470,18:14:30,20210509
27,2014-03-31,SVEG.OL,NOK,2014-03-31,2014-03-31,Q1,916000000,0.0,0.0,0.0,0.0,54000000.0,18000000.0,0.0,360000000,0.0,733000000,29000000,0.0,0.0,0.0,0.574235807860262,0.0,526000000,0.574235807860262,114000000,412000000.0,0.4497816593886463,2.188832,2.188832,38489313,38489313,https://www.oslobors.no/ob_eng/,https://www.oslobors.no/ob_eng/,1620598470,18:14:30,20210509
28,2013-12-31,SVEG.OL,NOK,2013-12-31,2013-12-31,Q4,727000000,0.0,0.0,0.0,0.0,55000000.0,21000000.0,0.0,341000000,0.0,728000000,30000000,0.0,0.0,0.0,0.33837689133425036,0.0,246000000,0.33837689133425036,49000000,197000000.0,0.27097661623108665,1.836059359556772,1.836059359556772,107295006,107295006,https://www.oslobors.no/ob_eng/,https://www.oslobors.no/ob_eng/,1620598470,18:14:30,20210509
29,2013-09-30,SVEG.OL,NOK,2013-09-30,2013-09-30,Q3,745000000,0.0,0.0,0.0,0.0,58000000.0,15000000.0,0.0,356000000,0.0,731000000,28000000,0.0,0.0,0.0,0.4966442953020134,0.0,370000000,0.4966442953020134,96000000,274000000.0,0.36778523489932885,1.522308,1.522308,38489313,38489313,https://www.oslobors.no/ob_eng/,https://www.oslobors.no/ob_eng/,1620598470,18:14:30,20210509
30,2013-06-30,SVEG.OL,NOK,2013-06-30,2013-06-30,Q2,722000000,0.0,0.0,0.0,0.0,56000000.0,13000000.0,0.0,372000000,0.0,727000000,27000000,0.0,0.0,0.0,0.4598337950138504,0.0,332000000,0.4598337950138504,91000000,241000000.0,0.3337950138504155,1.333048,1.333048,180788679,180788679,https://www.oslobors.no/ob_eng/,https://www.oslobors.no/ob_eng/,1620598470,18:14:30,20210509
31,2013-03-31,SVEG.OL,NOK,2013-03-31,2013-03-31,Q1,637000000,0.0,0.0,0.0,0.0,56000000.0,21000000.0,0.0,351000000,0.0,727000000,27000000,0.0,0.0,0.0,0.42857142857142855,0.0,273000000,0.42857142857142855,77000000,196000000.0,0.3076923076923077,1.094416,1.094416,38598225,38598225,https://www.oslobors.no/ob_eng/,https://www.oslobors.no/ob_eng/,1620598470,18:14:30,20210509
32,2012-12-31,SVEG.OL,NOK,2012-12-31,2012-12-31,Q4,692000000,0.0,0.0,0.0,0.0,0.0,0.0,0.0,166000000,0.0,745000000,28000000,0.0,0.0,0.0,0.6979768786127167,0.0,483000000,0.6979768786127167,142000000,341000000.0,0.49277456647398843,3.178153510704869,3.178153510704869,107295006,107295006,https://www.oslobors.no/ob_eng/,https://www.oslobors.no/ob_eng/,1620598470,18:14:30,20210509
33,2012-09-30,SVEG.OL,NOK,2012-09-30,2012-09-30,Q3,707000000,0.0,0.0,0.0,0.0,0.0,0.0,0.0,388000000,0.0,773000000,28000000,0.0,0.0,0.0,0.42857142857142855,0.0,303000000,0.42857142857142855,81000000,222000000.0,0.314002828854314,1.283676,1.283676,38598225,38598225,https://www.oslobors.no/ob_eng/,https://www.oslobors.no/ob_eng/,1620598470,18:14:30,20210509
34,2012-06-30,SVEG.OL,NOK,2012-06-30,2012-06-30,Q2,561000000,0.0,0.0,0.0,0.0,0.0,0.0,0.0,382000000,0.0,797000000,30000000,0.0,0.0,0.0,0.3048128342245989,0.0,171000000,0.3048128342245989,46000000,125000000.0,0.22281639928698752,0.724125,0.724125,172622159,172622159,https://www.oslobors.no/ob_eng/,https://www.oslobors.no/ob_eng/,1620598470,18:14:30,20210509
35,2012-03-31,SVEG.OL,NOK,2012-03-31,2012-03-31,Q1,660000000,0.0,0.0,0.0,0.0,0.0,0.0,-50000000.0,376000000,0.0,832000000,28000000,0.0,0.0,0.0,0.35454545454545455,0.0,234000000,0.35454545454545455,58000000,176000000.0,0.26666666666666666,1.036815,1.036815,37195478,37195478,https://www.oslobors.no/ob_eng/,https://www.oslobors.no/ob_eng/,1620598470,18:14:30,20210509
36,2011-12-31,SVEG.OL,NOK,2011-12-31,2011-12-31,Q4,671000000,0.0,0.0,0.0,0.0,0.0,0.0,0.0,367000000,0.0,786000000,28000000,0.0,0.0,0.0,0.2965722801788376,0.0,199000000,0.2965722801788376,38000000,161000000.0,0.2399403874813711,1.5005358217697475,1.5005358217697475,107295006,107295006,https://www.oslobors.no/ob_eng/,https://www.oslobors.no/ob_eng/,1620598470,18:14:30,20210509
37,2011-09-30,SVEG.OL,NOK,2011-09-30,2011-09-30,Q3,485000000,0.0,0.0,0.0,0.0,0.0,0.0,-32000000.0,318000000,0.0,720000000,27000000,0.0,0.0,0.0,0.27835051546391754,0.0,135000000,0.27835051546391754,50000000,85000000.0,0.17525773195876287,0.600695,0.600695,37195478,37195478,https://www.oslobors.no/ob_eng/,https://www.oslobors.no/ob_eng/,1620598470,18:14:30,20210509
38,2011-06-30,SVEG.OL,NOK,2011-06-30,2011-06-30,Q2,541000000,0.0,0.0,0.0,0.0,89000000.0,0.0,0.0,327000000,0.0,653000000,27000000,0.0,0.0,0.0,0.33826247689463956,0.0,183000000,0.33826247689463956,44000000,139000000.0,0.25693160813308685,0.979214,0.979214,141950538,141950538,https://www.oslobors.no/ob_eng/,https://www.oslobors.no/ob_eng/,1620598470,18:14:30,20210509
39,2011-03-31,SVEG.OL,NOK,2011-03-31,2011-03-31,Q1,549000000,0.0,0.0,0.0,0.0,0.0,0.0,-11000000.0,323000000,0.0,641000000,25000000,0.0,0.0,0.0,0.39162112932604737,0.0,215000000,0.39162112932604737,52000000,163000000.0,0.29690346083788705,1.143788,1.143788,25753029,25753029,https://www.oslobors.no/ob_eng/,https://www.oslobors.no/ob_eng/,1620598470,18:14:30,20210509
40,2010-12-31,SVEG.OL,NOK,2010-12-31,2010-12-31,Q4,486000000,0.0,0.0,0.0,0.0,86000000.0,0.0,0.0,263000000,0.0,657000000,25000000,0.0,0.0,0.0,0.345679012345679,0.0,168000000,0.345679012345679,45000000,123000000.0,0.25308641975308643,1.1463720874389998,1.1463720874389998,107295006,107295006,https://www.oslobors.no/ob_eng/,https://www.oslobors.no/ob_eng/,1620598470,18:14:30,20210509
41,2010-09-30,SVEG.OL,NOK,2010-09-30,2010-09-30,Q3,552000000,0.0,0.0,0.0,0.0,76000000.0,0.0,0.0,326000000,0.0,654000000,24000000,0.0,0.0,0.0,0.3423913043478261,0.0,189000000,0.3423913043478261,44000000,145000000.0,0.26268115942028986,1.086187,1.086187,25753029,25753029,https://www.oslobors.no/ob_eng/,https://www.oslobors.no/ob_eng/,1620598470,18:14:30,20210509
42,2010-06-30,SVEG.OL,NOK,2010-06-30,2010-06-30,Q2,-356000000,0.0,0.0,0.0,0.0,255000000.0,0.0,-35000000.0,319000000,0.0,579000000,25000000,0.0,0.0,0.0,-0.6657303370786517,0.0,237000000,-0.6657303370786517,43000000,194000000.0,-0.5449438202247191,1.890998,1.890998,102591354,102591354,https://www.oslobors.no/ob_eng/,https://www.oslobors.no/ob_eng/,1620598470,18:14:30,20210509
43,2010-03-31,SVEG.OL,NOK,2010-03-31,2010-03-31,Q1,552000000,0.0,0.0,0.0,0.0,78000000.0,0.0,0.0,312000000,0.0,541000000,24000000,0.0,0.0,0.0,0.37318840579710144,0.0,206000000,0.37318840579710144,57000000,149000000.0,0.26992753623188404,1.452364,1.452364,102591354,102591354,https://www.oslobors.no/ob_eng/,https://www.oslobors.no/ob_eng/,1620598470,18:14:30,20210509
44,2009-12-31,SVEG.OL,NOK,2009-12-31,2009-12-31,Q4,490000000,0.0,0.0,0.0,0.0,726000000.0,0.0,0.0,310000000,0.0,494000000,22000000,0.0,0.0,0.0,0.3020408163265306,0.0,148000000,0.3020408163265306,36000000,112000000.0,0.22857142857142856,1.04385100644852,1.04385100644852,107295006,107295006,https://www.oslobors.no/ob_eng/,https://www.oslobors.no/ob_eng/,1620598470,18:14:30,20210509
45,2009-09-30,SVEG.OL,NOK,2009-09-30,2009-09-30,Q3,533000000,0.0,0.0,0.0,0.0,65000000.0,0.0,0.0,272000000,0.0,507000000,22000000,0.0,0.0,0.0,0.2926829268292683,0.0,156000000,0.2926829268292683,35000000,121000000.0,0.2270168855534709,1.25899,1.25899,96108797,96108797,https://www.oslobors.no/ob_eng/,https://www.oslobors.no/ob_eng/,1620598470,18:14:30,20210509
46,2009-06-30,SVEG.OL,NOK,2009-06-30,2009-06-30,Q2,-475000000,0.0,0.0,0.0,0.0,232000000.0,0.0,-53000000.0,294000000,0.0,620000000,22000000,0.0,0.0,0.0,-0.3494736842105263,0.0,166000000,-0.3494736842105263,39000000,127000000.0,-0.2673684210526316,20.736303,20.736303,91144500,91144500,https://www.oslobors.no/ob_eng/,https://www.oslobors.no/ob_eng/,1620598470,18:14:30,20210509
47,2009-03-31,SVEG.OL,NOK,2009-03-31,2009-03-31,Q1,396000000,0.0,0.0,0.0,0.0,78000000.0,0.0,0.0,296000000,0.0,881000000,21000000,0.0,0.0,0.0,0.07575757575757576,0.0,30000000,0.07575757575757576,27000000,3000000.0,0.007575757575757576,0.032915,0.032915,91144500,91144500,https://www.oslobors.no/ob_eng/,https://www.oslobors.no/ob_eng/,1620598470,18:14:30,20210509
