,date,symbol,reportedCurrency,fillingDate,acceptedDate,period,revenue,costOfRevenue,grossProfit,grossProfitRatio,researchAndDevelopmentExpenses,generalAndAdministrativeExpenses,sellingAndMarketingExpenses,otherExpenses,operatingExpenses,costAndExpenses,interestExpense,depreciationAndAmortization,ebitda,ebitdaratio,operatingIncome,operatingIncomeRatio,totalOtherIncomeExpensesNet,incomeBeforeTax,incomeBeforeTaxRatio,incomeTaxExpense,netIncome,netIncomeRatio,eps,epsdiluted,weightedAverageShsOut,weightedAverageShsOutDil,link,finalLink,timestamp,est_time,est_date
0,2019-09-30,IPHS,USD,2019-11-06 00:00:00,2019-11-06 16:05:19,Q3,189300000,156700000,32700000,0.17274167987321712,1200000.0,17800000,0.0,0.0,19000000.0,175666000,3991000.0,11200000.0,24900000.0,0.13153724247226625,13700000.0,0.07237189646064449,0.0,9300000.0,0.0491283676703645,2900000.0,6500000.0,0.03433703116745906,0.32828,0.32828,19800000,19800000,https://www.sec.gov/Archives/edgar/data/1364099/000136409919000021/0001364099-19-000021-index.html,https://www.sec.gov/Archives/edgar/data/1364099/000136409919000021/iphs10q093019.htm,1620593714,16:55:14,20210509
1,2019-06-30,IPHS,USD,2019-08-08 00:00:00,2019-08-08 07:53:11,Q2,185000000,148600000,36400000,0.19675675675675675,1200000.0,20300000,0.0,0.0,21500000.0,170139000,3887000.0,10800000.0,25700000.0,0.13891891891891892,14900000.0,0.08054054054054054,0.0,11500000.0,0.062162162162162166,10100000.0,1400000.0,0.0075675675675675675,0.07071,0.07071,19800000,19800000,https://www.sec.gov/Archives/edgar/data/1364099/000136409919000013/0001364099-19-000013-index.html,https://www.sec.gov/Archives/edgar/data/1364099/000136409919000013/iphs10q063019.htm,1620593714,16:55:14,20210509
2,2019-03-31,IPHS,USD,2019-05-01 00:00:00,2019-05-01 16:11:54,Q1,191400000,155000000,36400000,0.19017763845350052,1300000.0,19400000,0.0,0.0,20800000.00000001,175784000,3702000.0,9800000.0,25400000.0,0.13270637408568442,15600000.0,0.08150470219435736,0.0,12300000.0,0.06426332288401254,3600000.0,8700000.0,0.045454545454545456,0.44162,0.44162,19700000,19700000,https://www.sec.gov/Archives/edgar/data/1364099/000136409919000006/0001364099-19-000006-index.html,https://www.sec.gov/Archives/edgar/data/1364099/000136409919000006/iphs10q033119.htm,1620593714,16:55:14,20210509
3,2018-12-31,IPHS,USD,2019-02-27 00:00:00,2019-02-27 16:06:35,Q4,192700000,163200000,29600000,0.15360664244940322,1100000.0,16600000,0.0,0.0,17600000.000000022,180832000,3993000.0,11600000.000000002,23500000.0,0.12195121951219512,11900000.0,0.06175402179553711,0.0,7800000.0,0.040477426050856254,3000000.0,4800000.0,0.024909185262065387,0.24365,0.24365,19700000,19700000,https://www.sec.gov/Archives/edgar/data/1364099/000136409919000004/0001364099-19-000004-index.html,https://www.sec.gov/Archives/edgar/data/1364099/000136409919000004/iphs10k123118.htm,1620593714,16:55:14,20210509
4,2018-09-30,IPHS,USD,2018-11-01 00:00:00,2018-11-01 16:37:30,Q3,196900000,161700000,35200000,0.1787709497206704,1200000.0,19500000,0.0,0.0,20800000.00000001,182471000,3428000.0,10799999.999999996,25299999.999999996,0.12849162011173182,14500000.0,0.07364144235652616,0.0,11600000.0,0.05891315388522093,4900000.0,14100000.0,0.07160995429151853,0.71212,0.71212,19800000,19800000,https://www.sec.gov/Archives/edgar/data/1364099/000136409918000014/0001364099-18-000014-index.html,https://www.sec.gov/Archives/edgar/data/1364099/000136409918000014/iphs10q093018.htm,1620593714,16:55:14,20210509
5,2018-06-30,IPHS,USD,2018-07-31 00:00:00,2018-07-31 16:22:58,Q2,206700000,170300000,36400000,0.1761006289308176,1300000.0,22500000,0.0,0.0,23899999.999999978,194181000,3198000.0,11100000.0,23600000.0,0.11417513304305757,12500000.0,0.06047411707789066,0.0,8200000.0,0.03967102080309628,2000000.0,6200000.0,0.02999516207063377,0.31313,0.31313,19800000,19800000,https://www.sec.gov/Archives/edgar/data/1364099/000136409918000011/0001364099-18-000011-index.html,https://www.sec.gov/Archives/edgar/data/1364099/000136409918000011/iphs10q063018.htm,1620593714,16:55:14,20210509
6,2018-03-31,IPHS,USD,2018-05-09 00:00:00,2018-05-09 16:21:45,Q1,205400000,163200000,42200000,0.20545277507302823,400000.0,22700000,0.0,0.0,23900000.000000007,187144000,2904000.0,11400000.0,29700000.0,0.14459591041869524,18300000.0,0.08909444985394352,0.0,15600000.0,0.0759493670886076,4700000.0,10900000.0,0.05306718597857838,0.5533,0.5533,19700000,19700000,https://www.sec.gov/Archives/edgar/data/1364099/000136409918000007/0001364099-18-000007-index.html,https://www.sec.gov/Archives/edgar/data/1364099/000136409918000007/iphs10q033118.htm,1620593714,16:55:14,20210509
7,2017-12-31,IPHS,USD,2018-03-01 00:00:00,2018-03-01 16:07:52,Q4,193100000,160700000,32400000,0.16778871051268773,1000000.0,20000000,0.0,0.0,23200000.00000002,183840000,2573000.0,11399999.999999998,20600000.0,0.10668047643707923,9200000.0,0.047643707923355774,0.0,7200000.0,0.03728638011393061,1200000.0,-11300000.0,-0.0585189021232522,-0.57653,-0.57653,19600000,19600000,https://www.sec.gov/Archives/edgar/data/1364099/000136409918000004/0001364099-18-000004-index.html,https://www.sec.gov/Archives/edgar/data/1364099/000136409918000004/iphs10k123117.htm,1620593714,16:55:14,20210509
8,2017-09-30,IPHS,USD,2017-10-31 00:00:00,2017-10-31 16:49:44,Q3,183800000,142900000,41000000,0.22306855277475518,1100000.0,17900000,0.0,0.0,21900000.000000007,164829000,1630000.0,9899999.999999998,28900000.0,0.1572361262241567,19000000.0,0.10337323177366703,0.0,17300000.0,0.0941240478781284,5700000.0,11600000.0,0.06311207834602829,0.58883,0.58883,19700000,19700000,https://www.sec.gov/Archives/edgar/data/1364099/000136409917000038/0001364099-17-000038-index.html,https://www.sec.gov/Archives/edgar/data/1364099/000136409917000038/iphs10q093017.htm,1620593714,16:55:14,20210509
9,2017-06-30,IPHS,USD,2017-08-01 00:00:00,2017-08-01 16:41:19,Q2,179100000,140100000,39100000,0.21831379117811278,800000.0,19900000,0.0,0.0,20700000.00000002,160749000,1452000.0,9500000.000000002,27900000.0,0.15577889447236182,18400000.0,0.1027359017308766,0.0,17000000.0,0.09491903964265773,5800000.0,11200000.0,0.06253489670575098,0.56853,0.56853,19700000,19700000,https://www.sec.gov/Archives/edgar/data/1364099/000136409917000031/0001364099-17-000031-index.html,https://www.sec.gov/Archives/edgar/data/1364099/000136409917000031/iphs10q063017.htm,1620593714,16:55:14,20210509
10,2017-03-31,IPHS,USD,2017-05-02 00:00:00,2017-05-02 16:59:39,Q1,165900000,129400000,36500000,0.22001205545509342,800000.0,19300000,0.0,0.0,20099999.999999993,149539000,1353000.0,9600000.0,26000000.0,0.1567209162145871,16400000.0,0.09885473176612417,0.0,15100000.0,0.09101868595539482,4200000.0,10900000.0,0.06570223025919228,0.5533,0.5533,19700000,19700000,https://www.sec.gov/Archives/edgar/data/1364099/000136409917000021/0001364099-17-000021-index.html,https://www.sec.gov/Archives/edgar/data/1364099/000136409917000021/iphs10q033117.htm,1620593714,16:55:14,20210509
11,2016-12-31,IPHS,USD,2017-02-28 00:00:00,2017-02-28 17:09:04,Q4,167800000,134800000,33000000,0.1966626936829559,800000.0,15800000,0.0,0.0,16699999.99999999,151469000,2042000.0,8899999.999999998,25200000.0,0.1501787842669845,16300000.0,0.09713945172824791,0.0,13600000.0,0.08104886769964244,4200000.0,9400000.0,0.05601907032181168,0.47959,0.47959,19600000,19600000,https://www.sec.gov/Archives/edgar/data/1364099/000136409917000007/0001364099-17-000007-index.html,https://www.sec.gov/Archives/edgar/data/1364099/000136409917000007/iphs10k123116.htm,1620593714,16:55:14,20210509
12,2016-09-30,IPHS,USD,2016-10-31 00:00:00,2016-10-31 15:58:00,Q3,186000000,145500000,40500000,0.21774193548387097,900000.0,17700000,0.0,-2017000.0,18599999.999999993,164142000,1915000.0,10000000.0,31900000.0,0.17150537634408602,21900000.0,0.11774193548387096,0.0,19900000.0,0.10698924731182796,6200000.0,13600000.0,0.07311827956989247,0.69036,0.69036,19700000,19700000,https://www.sec.gov/Archives/edgar/data/1364099/000136409916000092/0001364099-16-000092-index.html,https://www.sec.gov/Archives/edgar/data/1364099/000136409916000092/iphs10q093016.htm,1620593714,16:55:14,20210509
13,2016-06-30,IPHS,USD,2016-08-02,2016-08-02 16:05:00,Q2,181900000,145700000,36200000,0.19901044529961517,1000000.0,15700000,0.0,2017000.0,16800000.00000001,162491000,1913000.0,9300000.0,28700000.0,0.1577789994502474,19400000.0,0.10665200659703133,0.0,17100000.0,0.09400769653655855,5000000.0,12100000.0,0.06652006597031336,0.61735,0.61735,19600000,19600000,https://www.sec.gov/Archives/edgar/data/1364099/000136409916000084/iphs10q063016.htm,https://www.sec.gov/Archives/edgar/data/1364099/000136409916000084/iphs10q063016.htm,1620593714,16:55:14,20210509
14,2016-03-31,IPHS,USD,2016-04-29 00:00:00,2016-04-29 16:37:53,Q1,189600000,148900000,40700000,0.21466244725738395,1000000.0,18200000,0.0,0.0,19199999.99999999,168145000,1799000.0,9300000.0,30800000.0,0.16244725738396623,21500000.0,0.11339662447257384,0.0,19700000.0,0.10390295358649788,6900000.0,12800000.0,0.06751054852320675,0.65979,0.65979,19400000,19400000,https://www.sec.gov/Archives/edgar/data/1364099/000136409916000070/0001364099-16-000070-index.html,https://www.sec.gov/Archives/edgar/data/1364099/000136409916000070/iphs10q033116.htm,1620593714,16:55:14,20210509
15,2015-12-31,IPHS,USD,2016-02-26 00:00:00,2016-02-26 16:31:44,Q4,170600000,145900000,24700000,0.1447831184056272,1100000.0,27300000,0.0,0.0,28400000.000000007,174295000,3095000.0,8800000.0,5100000.0,0.029894490035169988,-3700000.0,-0.021688159437280186,0.0,-5600000.0,-0.032825322391559206,-900000.0,-4600000.0,-0.026963657678780773,-0.23958,-0.23958,19200000,19200000,https://www.sec.gov/Archives/edgar/data/1364099/000136409916000053/0001364099-16-000053-index.html,https://www.sec.gov/Archives/edgar/data/1364099/000136409916000053/iphs10k123115.htm,1620593714,16:55:14,20210509
16,2015-09-30,IPHS,USD,2015-11-04 00:00:00,2015-11-04 16:39:49,Q3,199600000,162500000,37100000,0.18587174348697394,1200000.0,23400000,0.0,0.0,24599999.999999993,187052000,1869000.0,9099999.999999998,21700000.0,0.10871743486973948,12600000.0,0.06312625250501001,0.0,8100000.0,0.0405811623246493,2600000.0,5400000.0,0.027054108216432865,0.27411,0.27411,19700000,19700000,https://www.sec.gov/Archives/edgar/data/1364099/000136409915000028/0001364099-15-000028-index.html,https://www.sec.gov/Archives/edgar/data/1364099/000136409915000028/iphs10q093015.htm,1620593714,16:55:14,20210509
17,2015-06-30,IPHS,USD,2015-07-29 00:00:00,2015-07-29 13:57:57,Q2,217300000,176300000,41000000,0.18867924528301888,1100000.0,18700000,0.0,0.0,19699999.99999999,196029000,1403000.0,10700000.000000002,32000000.0,0.14726184997699032,21300000.0,0.0980211688909342,0.0,19700000.0,0.09065807639208467,6100000.0,13600000.0,0.06258628624022089,0.657,0.657,20700000,20700000,https://www.sec.gov/Archives/edgar/data/1364099/000136409915000021/0001364099-15-000021-index.html,https://www.sec.gov/Archives/edgar/data/1364099/000136409915000021/iphs10q063015.htm,1620593714,16:55:14,20210509
18,2015-03-31,IPHS,USD,2015-04-28 00:00:00,2015-04-28 15:33:27,Q1,201600000,161100000,40500000,0.20089285714285715,1200000.0,18000000,0.0,0.0,19099999.999999993,180248000,1151000.0,9900000.0,31300000.0,0.1552579365079365,21400000.0,0.10615079365079365,0.0,17900000.0,0.08878968253968254,6000000.0,11900000.0,0.059027777777777776,0.55349,0.55349,21500000,21500000,https://www.sec.gov/Archives/edgar/data/1364099/000136409915000011/0001364099-15-000011-index.html,https://www.sec.gov/Archives/edgar/data/1364099/000136409915000011/iphs10q033115.htm,1620593714,16:55:14,20210509
19,2014-12-31,IPHS,USD,2015-02-19,2015-02-19 12:31:48,Q4,194500000,152500000,42000000,0.2159383033419023,1400000.0,17900000,0.0,0.0,19300000.00000001,171822000,1432000.0,8899999.999999998,31600000.0,0.16246786632390744,22700000.0,0.1167095115681234,0.0,17900000.0,0.09203084832904884,6600000.0,11300000.0,0.05809768637532134,0.51598,0.51598,21900000,21900000,https://www.sec.gov/Archives/edgar/data/1364099/000136409915000006/iphs10k123114.htm,https://www.sec.gov/Archives/edgar/data/1364099/000136409915000006/iphs10k123114.htm,1620593714,16:55:14,20210509
20,2014-09-30,IPHS,USD,2014-10-29 00:00:00,2014-10-29 16:40:23,Q3,208800000,157900000,51000000,0.2442528735632184,1200000.0,19400000,0.0,0.0,20500000.0,178439000,1089000.0,9200000.000000004,39600000.0,0.1896551724137931,30400000.0,0.14559386973180077,0.0,27500000.0,0.13170498084291188,9200000.0,18300000.0,0.08764367816091954,0.82805,0.82805,22100000,22100000,https://www.sec.gov/Archives/edgar/data/1364099/000136409914000028/0001364099-14-000028-index.html,https://www.sec.gov/Archives/edgar/data/1364099/000136409914000028/iphs10q093014.htm,1620593714,16:55:14,20210509
21,2014-06-30,IPHS,USD,2014-07-30 00:00:00,2014-07-30 15:35:16,Q2,219500000,167000000,52600000,0.23963553530751708,1100000.0,19700000,0.0,0.0,20699999.99999999,187733000,1128000.0,8899999.999999998,40700000.0,0.18542141230068337,31800000.0,0.144874715261959,0.0,31700000.0,0.14441913439635534,11100000.0,20600000.0,0.0938496583143508,0.92377,0.92377,22300000,22300000,https://www.sec.gov/Archives/edgar/data/1364099/000136409914000021/0001364099-14-000021-index.html,https://www.sec.gov/Archives/edgar/data/1364099/000136409914000021/iphs10q063014.htm,1620593714,16:55:14,20210509
22,2014-03-31,IPHS,USD,2014-04-29 00:00:00,2014-04-29 15:59:23,Q1,216300000,174400000,41900000,0.19371243643088304,1000000.0,19000000,0.0,0.0,20000000.0,194397000,705000.0,8500000.0,30400000.0,0.14054553860379104,21900000.0,0.10124826629680998,0.0,20200000.0,0.09338881183541378,6100000.0,14200000.0,0.06564956079519187,0.63964,0.63964,22200000,22200000,https://www.sec.gov/Archives/edgar/data/1364099/000136409914000015/0001364099-14-000015-index.html,https://www.sec.gov/Archives/edgar/data/1364099/000136409914000015/iphs10q033114.htm,1620593714,16:55:14,20210509
23,2013-12-31,IPHS,USD,2014-02-27,2014-02-27 17:15:15,Q4,196500000,154900000,41700000,0.21221374045801528,1500000.0,17100000,0.0,0.0,18500000.0,173425000,-29000.0,7699999.999999999,30800000.0,0.15674300254452928,23100000.0,0.11755725190839694,0.0,23000000.0,0.11704834605597965,8400000.0,14600000.0,0.0743002544529262,0.65179,0.65179,22400000,22400000,https://www.sec.gov/Archives/edgar/data/1364099/000136409914000006/iphs10k123113.htm,https://www.sec.gov/Archives/edgar/data/1364099/000136409914000006/iphs10k123113.htm,1620593714,16:55:14,20210509
24,2013-09-30,IPHS,USD,2013-10-30 00:00:00,2013-10-30 16:18:51,Q3,220000000,181300000,38700000,0.1759090909090909,800000.0,17200000,0.0,0.0,18000000.0,199272000,1709000.0,8900000.000000002,29600000.0,0.13454545454545455,20700000.0,0.09409090909090909,0.0,18300000.0,0.08318181818181818,7400000.0,10900000.0,0.049545454545454545,0.48879,0.48879,22300000,22300000,https://www.sec.gov/Archives/edgar/data/1364099/000136409913000036/0001364099-13-000036-index.html,https://www.sec.gov/Archives/edgar/data/1364099/000136409913000036/iphs10q093013.htm,1620593714,16:55:14,20210509
25,2013-06-30,IPHS,USD,2013-07-31 00:00:00,2013-07-31 17:03:01,Q2,213200000,172300000,40900000,0.19183864915572232,800000.0,17900000,0.0,0.0,18699999.99999999,191046000,1594000.0,9499999.999999998,31600000.0,0.14821763602251406,22100000.0,0.10365853658536585,0.0,17600000.0,0.0825515947467167,6100000.0,11600000.0,0.054409005628517824,0.52018,0.52018,22300000,22300000,https://www.sec.gov/Archives/edgar/data/1364099/000136409913000028/0001364099-13-000028-index.html,https://www.sec.gov/Archives/edgar/data/1364099/000136409913000028/iphs10q063013.htm,1620593714,16:55:14,20210509
26,2013-03-31,IPHS,USD,2013-04-30 00:00:00,2013-04-30 17:18:30,Q1,214400000,177400000,37000000,0.17257462686567165,800000.0,18400000,0.0,0.0,19099999.999999993,196516000,1152000.0,9400000.0,27300000.0,0.12733208955223882,17900000.0,0.08348880597014925,0.0,17300000.0,0.08069029850746269,4900000.0,12400000.0,0.05783582089552239,0.55605,0.55605,22300000,22300000,https://www.sec.gov/Archives/edgar/data/1364099/000136409913000015/0001364099-13-000015-index.html,https://www.sec.gov/Archives/edgar/data/1364099/000136409913000015/iphs10q033113.htm,1620593714,16:55:14,20210509
27,2012-12-31,IPHS,USD,2013-02-20 00:00:00,2013-02-20 16:13:15,Q4,208800000,172400000,36400000,0.1743295019157088,800000.0,14600000,0.0,0.0,15400000.000000006,187794000,1441000.0,10199999.999999996,31199999.999999996,0.14942528735632182,21000000.0,0.10057471264367816,0.0,19300000.0,0.09243295019157088,5900000.0,13400000.0,0.06417624521072797,0.60909,0.60909,22000000,22000000,https://www.sec.gov/Archives/edgar/data/1364099/000136409913000005/0001364099-13-000005-index.html,https://www.sec.gov/Archives/edgar/data/1364099/000136409913000005/iphs10k123112.htm,1620593714,16:55:14,20210509
28,2012-09-30,IPHS,USD,2012-11-08 00:00:00,2012-11-08 13:51:44,Q3,211200000,168400000,42800000,0.20265151515151514,800000.0,17400000,0.0,0.0,18199999.99999999,186602000,1314000.0,10500000.0,35100000.0,0.16619318181818182,24600000.0,0.11647727272727272,0.0,25100000.0,0.11884469696969698,8400000.0,16700000.0,0.0790719696969697,0.74222,0.74222,22500000,22500000,https://www.sec.gov/Archives/edgar/data/1364099/000136409912000045/0001364099-12-000045-index.html,https://www.sec.gov/Archives/edgar/data/1364099/000136409912000045/iphs10q093012.htm,1620593714,16:55:14,20210509
29,2012-06-30,IPHS,USD,2012-08-09 00:00:00,2012-08-09 14:07:16,Q2,214200000,171800000,42400000,0.19794584500466852,800000.0,15200000,0.0,0.0,16099999.999999994,187897000,1595000.0,11400000.000000002,37700000.0,0.17600373482726425,26300000.0,0.12278244631185807,0.0,24800000.0,0.1157796451914099,8300000.0,16500000.0,0.07703081232492998,0.72687,0.72687,22700000,22700000,https://www.sec.gov/Archives/edgar/data/1364099/000136409912000040/0001364099-12-000040-index.html,https://www.sec.gov/Archives/edgar/data/1364099/000136409912000040/iphs10q063012.htm,1620593714,16:55:14,20210509
30,2012-03-31,IPHS,USD,2012-05-02,2012-05-02 12:56:03,Q1,228300000,172400000,55900000,0.2448532632501095,700000.0,17000000,0.0,0.0,17699999.99999999,190113000,1627000.0,10200000.0,48300000.0,0.21156373193166886,38100000.0,0.16688567674113008,0.0,36800000.0,0.16119141480508103,9200000.0,27600000.0,0.12089356110381078,1.21586,1.21586,22700000,22700000,https://www.sec.gov/Archives/edgar/data/1364099/000136409912000028/iphs10q033112.htm,https://www.sec.gov/Archives/edgar/data/1364099/000136409912000028/iphs10q033112.htm,1620593714,16:55:14,20210509
31,2011-12-31,IPHS,USD,2012-02-29 00:00:00,2012-02-29 16:05:17,Q4,209200000,159600000,49600000,0.23709369024856597,700000.0,18400000,0.0,0.0,19099999.999999993,178712000,1639000.0,11300000.000000004,41700000.0,0.19933078393881454,30400000.0,0.14531548757170173,0.0,30000000.0,0.14340344168260039,9000000.0,21000000.0,0.10038240917782026,0.93333,0.93333,22500000,22500000,https://www.sec.gov/Archives/edgar/data/1364099/000136409912000016/0001364099-12-000016-index.html,https://www.sec.gov/Archives/edgar/data/1364099/000136409912000016/iphs10k123111.htm,1620593714,16:55:14,20210509
32,2011-09-30,IPHS,USD,2011-11-08 00:00:00,2011-11-08 14:37:46,Q3,202100000,152900000,49200000,0.2434438396833251,800000.0,15300000,0.0,0.0,16099999.999999994,168977000,1502000.0,11500000.0,44600000.0,0.22068283028203858,33100000.0,0.16378030677882235,0.0,30200000.0,0.14943097476496783,11300000.0,18900000.0,0.09351806036615537,0.83628,0.83628,22600000,22600000,https://www.sec.gov/Archives/edgar/data/1364099/000136409911000049/0001364099-11-000049-index.html,https://www.sec.gov/Archives/edgar/data/1364099/000136409911000049/iphs10q93011.htm,1620593714,16:55:14,20210509
33,2011-06-30,IPHS,USD,2011-08-02 00:00:00,2011-08-02 14:53:18,Q2,201600000,152500000,49200000,0.24404761904761904,800000.0,15800000,0.0,0.0,16500000.0,169010000,1282000.0,10700000.0,43300000.0,0.21478174603174602,32600000.0,0.16170634920634921,0.0,31500000.0,0.15625,10700000.0,20700000.0,0.10267857142857142,0.91593,0.91593,22600000,22600000,https://www.sec.gov/Archives/edgar/data/1364099/000136409911000025/0001364099-11-000025-index.html,https://www.sec.gov/Archives/edgar/data/1364099/000136409911000025/iphs10q63011.htm,1620593714,16:55:14,20210509
34,2011-03-31,IPHS,USD,2011-05-04 00:00:00,2011-05-04 15:41:44,Q1,197600000,140300000,57300000,0.2899797570850202,700000.0,15800000,0.0,0.0,16500000.0,156776000,1303000.0,10200000.0,51000000.0,0.25809716599190285,40800000.0,0.20647773279352227,0.0,38800000.0,0.19635627530364372,12800000.0,26000000.0,0.13157894736842105,1.15044,1.15044,22600000,22600000,https://www.sec.gov/Archives/edgar/data/1364099/000136409911000016/0001364099-11-000016-index.html,https://www.sec.gov/Archives/edgar/data/1364099/000136409911000016/iphs10q33111.htm,1620593714,16:55:14,20210509
35,2010-12-31,IPHS,USD,2011-02-28,2011-02-28 17:29:45,Q4,192200000,143500000,48700000,0.2533818938605619,600000.0,17300000,0.0,0.0,17900000.000000007,161388000,-1571000.0,11600000.000000002,42400000.0,0.2206035379812695,30800000.0,0.16024973985431842,0.0,29200000.0,0.15192507804370448,9900000.0,19300000.0,0.1004162330905307,0.85778,0.85778,22500000,22500000,https://www.sec.gov/Archives/edgar/data/1364099/000119312511050251/d10k.htm,https://www.sec.gov/Archives/edgar/data/1364099/000119312511050251/d10k.htm,1620593714,16:55:14,20210509
36,2010-09-30,IPHS,USD,2010-11-03 00:00:00,2010-11-03 16:59:26,Q3,169000000,144000000,25000000,0.14792899408284024,600000.0,14000000,0.0,0.0,14699999.999999989,158667000,-15613000.0,13000000.0,23300000.0,0.1378698224852071,10300000.0,0.06094674556213018,0.0,-5400000.0,-0.03195266272189349,-3300000.0,-2100000.0,-0.01242603550295858,-0.09813,-0.09813,21400000,21400000,https://www.sec.gov/Archives/edgar/data/1364099/000119312510246284/0001193125-10-246284-index.html,https://www.sec.gov/Archives/edgar/data/1364099/000119312510246284/d10q.htm,1620593714,16:55:14,20210509
37,2010-06-30,IPHS,USD,2010-08-03 00:00:00,2010-08-03 16:11:35,Q2,184000000,137000000,47100000,0.2559782608695652,600000.0,13800000,0.0,0.0,14400000.000000006,151356000,-5278000.0,12200000.0,44900000.0,0.2440217391304348,32700000.0,0.17771739130434783,0.0,26700000.0,0.1451086956521739,9100000.0,17600000.0,0.09565217391304348,0.78924,0.78924,22300000,22300000,https://www.sec.gov/Archives/edgar/data/1364099/000119312510175263/0001193125-10-175263-index.html,https://www.sec.gov/Archives/edgar/data/1364099/000119312510175263/d10q.htm,1620593714,16:55:14,20210509
38,2010-03-31,IPHS,USD,2010-05-07 00:00:00,2010-05-07 17:20:03,Q1,169000000,132300000,36700000,0.21715976331360948,600000.0,14500000,0.0,0.0,15099999.999999994,147384000,-5827000.0,12700000.0,34300000.0,0.2029585798816568,21600000.0,0.12781065088757396,0.0,16000000.0,0.09467455621301775,5700000.0,10400000.0,0.06153846153846154,0.46847,0.46847,22200000,22200000,https://www.sec.gov/Archives/edgar/data/1364099/000119312510113093/0001193125-10-113093-index.html,https://www.sec.gov/Archives/edgar/data/1364099/000119312510113093/d10q.htm,1620593714,16:55:14,20210509
39,2009-12-31,IPHS,USD,2010-03-08 00:00:00,2010-03-08 17:31:05,Q4,147200000,118200000,29100000,0.19769021739130435,400000.0,17400000,0.0,0.0,17399999.99999999,135564000,-5971000.0,13000000.0,24700000.0,0.16779891304347827,11700000.0,0.07948369565217392,0.0,6000000.0,0.04076086956521739,5800000.0,200000.0,0.001358695652173913,0.00901,0.00901,22200000,22200000,https://www.sec.gov/Archives/edgar/data/1364099/000119312510050381/0001193125-10-050381-index.html,https://www.sec.gov/Archives/edgar/data/1364099/000119312510050381/d10k.htm,1620593714,16:55:14,20210509
40,2009-09-30,IPHS,USD,2009-11-04 00:00:00,2009-11-04 16:54:38,Q3,161900000,114200000,47700000,0.29462631253860405,500000.0,18800000,0.0,0.0,19200000.000000004,133443000,-6009000.0,14400000.000000002,42900000.0,0.2649783817171093,28500000.0,0.17603458925262508,0.0,22700000.0,0.14021000617665225,7600000.0,15100000.0,0.0932674490426189,0.68326,0.68326,22100000,22100000,https://www.sec.gov/Archives/edgar/data/1364099/000119312509223903/0001193125-09-223903-index.html,https://www.sec.gov/Archives/edgar/data/1364099/000119312509223903/d10q.htm,1620593714,16:55:14,20210509
41,2009-06-30,IPHS,USD,2009-08-06 00:00:00,2009-08-06 17:00:02,Q2,166800000,117400000,49400000,0.2961630695443645,500000.0,17000000,0.0,0.0,14400000.000000006,135331000,-3612000.0,12200000.000000002,47100000.0,0.2823741007194245,34900000.0,0.2092326139088729,-200000.0,28300000.0,0.1696642685851319,10700000.0,17600000.0,0.10551558752997602,0.80365,0.80365,21900000,21900000,https://www.sec.gov/Archives/edgar/data/1364099/000119312509167325/0001193125-09-167325-index.html,https://www.sec.gov/Archives/edgar/data/1364099/000119312509167325/d10q.htm,1620593714,16:55:14,20210509
42,2009-03-31,IPHS,USD,2009-05-08 00:00:00,2009-05-08 10:10:49,Q1,190800000,121000000,69800000,0.3658280922431866,500000.0,14000000,0.0,0.0,14500000.0,135531000,-7721000.0,11600000.0,66900000.0,0.35062893081761004,55300000.0,0.28983228511530396,200000.0,47400000.0,0.24842767295597484,17100000.0,30200000.0,0.15828092243186584,1.38532,1.38532,21800000,21800000,https://www.sec.gov/Archives/edgar/data/1364099/000119312509104722/0001193125-09-104722-index.html,https://www.sec.gov/Archives/edgar/data/1364099/000119312509104722/d10q.htm,1620593714,16:55:14,20210509
43,2008-12-31,IPHS,USD,2009-03-12 00:00:00,2009-03-12 17:15:17,Q4,216400000,127000000,89400000,0.41312384473197783,700000.0,16100000,0.0,-386000.0,16900000.000000007,143877000,-8244000.0,12100000.000000002,84700000.0,0.3914048059149723,72600000.0,0.33548983364140483,0.0,60800000.0,0.2809611829944547,1800000.0,59000000.0,0.27264325323475047,2.70642,2.70642,21800000,21800000,https://www.sec.gov/Archives/edgar/data/1364099/000119312509052357/0001193125-09-052357-index.html,https://www.sec.gov/Archives/edgar/data/1364099/000119312509052357/d10k.htm,1620593714,16:55:14,20210509
44,2008-09-30,IPHS,USD,2008-11-04 00:00:00,2008-11-04 16:17:19,Q3,291800000,165200000,126600000,0.43385880740233035,500000.0,13200000,0.0,0.0,13700000.000000017,178867000,-8886000.0,13299999.999999996,126200000.0,0.43248800548320765,112900000.0,0.3869088416723783,200000.0,105000000.0,0.3598355037697053,25400000.0,79700000.0,0.2731322823851953,3.62273,3.62273,22000000,22000000,https://www.sec.gov/Archives/edgar/data/1364099/000119312508224305/0001193125-08-224305-index.html,https://www.sec.gov/Archives/edgar/data/1364099/000119312508224305/d10q.htm,1620593714,16:55:14,20210509
45,2008-06-30,IPHS,USD,2008-08-07 00:00:00,2008-08-07 09:09:41,Q2,264000000,156100000,107900000,0.4087121212121212,600000.0,17400000,0.0,80000.0,17900000.000000007,174049000,-8443000.0,14600000.000000002,104600000.0,0.39621212121212124,90000000.0,0.3409090909090909,200000.0,82000000.0,0.3106060606060606,22700000.0,59300000.0,0.2246212121212121,2.74537,2.74537,21600000,21600000,https://www.sec.gov/Archives/edgar/data/1364099/000119312508169330/0001193125-08-169330-index.html,https://www.sec.gov/Archives/edgar/data/1364099/000119312508169330/d10q.htm,1620593714,16:55:14,20210509
46,2008-03-31,IPHS,USD,2008-05-09 00:00:00,2008-05-09 09:19:07,Q1,162500000,121800000,40700000,0.25046153846153846,500000.0,16800000,0.0,-80000.0,17299999.999999996,139110000,-8620000.0,12500000.0,35900000.0,0.22092307692307692,23400000.0,0.144,100000.0,14600000.0,0.08984615384615384,5300000.0,9300000.0,0.05723076923076923,0.43458,0.43458,21400000,21400000,https://www.sec.gov/Archives/edgar/data/1364099/000119312508108971/0001193125-08-108971-index.html,https://www.sec.gov/Archives/edgar/data/1364099/000119312508108971/d10q.htm,1620593714,16:55:14,20210509
47,2007-12-31,IPHS,USD,2008-03-14,2008-03-14 09:09:45,Q4,143900000,122400000,21500000,0.14940931202223767,500000.0,14700000,0.0,-43000.0,15099999.999999994,137546000,-8945000.0,13000000.0,19400000.0,0.1348158443363447,6400000.0,0.04447533009034051,0.0,-2500000.0,-0.017373175816539264,1300000.0,-3900000.0,-0.027102154273801252,-0.19118,-0.19118,20400000,20400000,https://www.sec.gov/Archives/edgar/data/1364099/000119312508056536/d10k.htm,https://www.sec.gov/Archives/edgar/data/1364099/000119312508056536/d10k.htm,1620593714,16:55:14,20210509
48,2007-09-30,IPHS,USD,2007-11-14 00:00:00,2007-11-14 10:55:53,Q3,146500000,116700000,29700000,0.20273037542662117,500000.0,11300000,0.0,-158000.0,11799999.999999996,128477000,-9256000.0,11800000.0,29800000.0,0.20341296928327646,18000000.0,0.12286689419795221,200000.0,8800000.0,0.060068259385665526,3200000.0,5600000.0,0.03822525597269624,0.26168,0.26168,21400000,21400000,https://www.sec.gov/Archives/edgar/data/1364099/000119312507246687/0001193125-07-246687-index.html,https://www.sec.gov/Archives/edgar/data/1364099/000119312507246687/d10q.htm,1620593714,16:55:14,20210509
49,2007-06-30,IPHS,USD,2007-08-10 00:00:00,2007-08-10 16:08:56,Q2,151900000,120000000,31900000,0.21000658327847269,500000.0,18100000,0.0,-156000.0,18599999.999999993,138597000,-13437000.0,11100000.0,24400000.0,0.16063199473337722,13300000.0,0.08755760368663594,200000.0,-100000.0,-0.0006583278472679394,5100000.0,-5200000.0,-0.03423304805793285,-0.25243,-0.25243,20600000,20600000,https://www.sec.gov/Archives/edgar/data/1364099/000119312507179040/0001193125-07-179040-index.html,https://www.sec.gov/Archives/edgar/data/1364099/000119312507179040/d10q.htm,1620593714,16:55:14,20210509
50,2007-03-31,IPHS,USD,2007-05-15 00:00:00,2007-05-14 17:41:45,Q1,136700000,115700000,21000000,0.15362106803218728,500000.0,10400000,0.0,58000.0,11000000.0,126653000,-9921000.0,11600000.0,21600000.0,0.15801024140453548,10000000.0,0.07315288953913679,-100000.0,200000.0,0.001463057790782736,2300000.0,-2100000.0,-0.015362106803218726,-0.10194,-0.10194,20600000,20600000,https://www.sec.gov/Archives/edgar/data/1364099/000119312507113888/0001193125-07-113888-index.html,https://www.sec.gov/Archives/edgar/data/1364099/000119312507113888/d10q.htm,1620593714,16:55:14,20210509
51,2006-12-31,IPHS,USD,2007-03-22,2007-03-22 09:05:45,Q4,131600000,107300000,24300000,0.18465045592705168,500000.0,27700000,0.0,-22174000.0,28100000.00000001,17547000,-44896000.0,11299999.999999996,7399999.999999996,0.05623100303951365,-3900000.0,-0.029635258358662615,500000.0,-22500000.0,-0.17097264437689969,2200000.0,-24700000.0,-0.18768996960486323,-1.21675,-1.21675,20300000,20300000,https://www.sec.gov/Archives/edgar/data/1364099/000119312507061161/d10k.htm,https://www.sec.gov/Archives/edgar/data/1364099/000119312507061161/d10k.htm,1620593714,16:55:14,20210509
