,date,symbol,reportedCurrency,fillingDate,acceptedDate,period,revenue,costOfRevenue,grossProfit,grossProfitRatio,researchAndDevelopmentExpenses,generalAndAdministrativeExpenses,sellingAndMarketingExpenses,otherExpenses,operatingExpenses,costAndExpenses,interestExpense,depreciationAndAmortization,ebitda,ebitdaratio,operatingIncome,operatingIncomeRatio,totalOtherIncomeExpensesNet,incomeBeforeTax,incomeBeforeTaxRatio,incomeTaxExpense,netIncome,netIncomeRatio,eps,epsdiluted,weightedAverageShsOut,weightedAverageShsOutDil,link,finalLink,timestamp,est_time,est_date
0,2020-12-31,BNET,USD,2021-02-08,2021-02-08 11:09:00,Q2,0.0,0.0,0.0,0.0,155385.0,291682.0,0.0,0.207,447274.0,447274.0,-303171.0,414.0,-33.274,0.0,-447.274,0.0,0.0,-750.445,0.0,0.0,-750.445,0.0,-0.024370134424537226,-0.024370134424537226,30793634.0,30793634.0,https://www.sec.gov/Archives/edgar/data/875729/000107997321000065/0001079973-21-000065-index.htm,https://www.sec.gov/Archives/edgar/data/875729/000107997321000065/bion_10q-123120.htm,1620589534,15:45:34,20210509
1,2020-09-30,BNET,USD,2020-11-09,2020-11-09 14:35:24,Q1,0.0,0.0,0.0,0.0,90988.0,302877.0,0.0,0.207,394072.0,394072.0,104340.0,207.0,-393865.0,0.0,-394072.0,0.0,0.0,-498412.0,0.0,0.0,-497897.0,0.0,-0.02,-0.02,30793634.0,30793634.0,https://www.sec.gov/Archives/edgar/data/875729/000107997320000945/0001079973-20-000945-index.htm,https://www.sec.gov/Archives/edgar/data/875729/000107997320000945/bion_10q-093020.htm,1620589534,15:45:34,20210509
2,2020-06-30,BNET,USD,2020-09-22,2020-09-22 10:21:29,Q4,0.0,0.0,0.0,0.0,751000.0,2113164.0,0.0,0.0,2864371.0,2864371.0,103467.0,207.0,-2864164.0,0.0,-2864371.0,0.0,0.0,-2839415.0,0.0,0.0,-2833698.0,0.0,-0.09202220173169558,-0.09202220173169558,30793634.0,30793634.0,https://www.sec.gov/Archives/edgar/data/875729/000107997320000805/0001079973-20-000805-index.htm,https://www.sec.gov/Archives/edgar/data/875729/000107997320000805/bion_10k-063020.htm,1620589534,15:45:34,20210509
3,2020-03-31,BNET,USD,2020-05-11,2020-05-11 12:43:25,Q3,0.0,0.0,0.0,0.0,135057.0,268771.0,0.0,0.0,404175.0,404175.0,103084.0,347.0,-403828.0,0.0,-404175.0,0.0,0.0,-507259.0,0.0,0.0,-506743.0,0.0,-0.02,-0.02,29640938.0,29640938.0,https://www.sec.gov/Archives/edgar/data/875729/000107997320000367/0001079973-20-000367-index.htm,https://www.sec.gov/Archives/edgar/data/875729/000107997320000367/bion_10q-033120.htm,1620589534,15:45:34,20210509
4,2019-12-31,BNET,USD,2020-02-07,2020-02-07 11:57:58,Q2,0.0,0.0,0.0,0.0,114454.0,387526.0,0.0,0.0,502327.0,502327.0,142738.0,347.0,-501980.0,0.0,-502327.0,0.0,0.0,-645065.0,0.0,0.0,-644297.0,0.0,-0.02,-0.02,28804007.0,28804007.0,https://www.sec.gov/Archives/edgar/data/875729/000107997320000092/0001079973-20-000092-index.htm,https://www.sec.gov/Archives/edgar/data/875729/000107997320000092/bion_10q-123119.htm,1620589534,15:45:34,20210509
5,2019-09-30,BNET,USD,2019-11-12,2019-11-12 09:53:40,Q1,0.0,0.0,0.0,0.0,123325.0,320228.0,0.0,0.0,443900.0,443900.0,117602.0,347.0,-443553.0,0.0,-443900.0,0.0,0.0,-561502.0,0.0,0.0,-560997.0,0.0,-0.02,-0.02,27466812.0,27466812.0,https://www.sec.gov/Archives/edgar/data/875729/000107997319000569/0001079973-19-000569-index.htm,https://www.sec.gov/Archives/edgar/data/875729/000155335019000992/bion_10k.htm,1620589534,15:45:34,20210509
6,2019-06-30,BNET,USD,2019-09-24,2019-09-24 11:47:41,Q4,0.0,0.0,0.0,0.0,132642.0,452051.0,0.0,0.0,585041.0,585041.0,122975.0,348.0,-584693.0,0.0,-585041.0,0.0,0.0,-708016.0,0.0,0.0,-707283.0,0.0,-0.025750458407768618,-0.025750458407768618,27466812.0,27466812.0,https://www.sec.gov/Archives/edgar/data/875729/000155335019000992/0001553350-19-000992-index.htm,https://www.sec.gov/Archives/edgar/data/875729/000155335019000992/bion_10k.htm,1620589534,15:45:34,20210509
7,2019-03-31,BNET,USD,2019-05-08,2019-05-08 09:27:29,Q3,0.0,0.0,0.0,0.0,103529.0,305137.0,0.0,0.0,408937.0,408937.0,100282.0,271.0,-408666.0,0.0,-408937.0,0.0,0.0,-509219.0,0.0,0.0,-508714.0,0.0,-0.01,-0.01,26842776.0,26842776.0,https://www.sec.gov/Archives/edgar/data/875729/000107997319000279/0001079973-19-000279-index.htm,https://www.sec.gov/Archives/edgar/data/875729/000107997319000279/bion_10q-033119.htm,1620589534,15:45:34,20210509
8,2018-12-31,BNET,USD,2019-02-07,2019-02-07 08:16:57,Q2,0.0,0.0,0.0,0.0,114192.0,289599.0,0.0,0.0,404050.0,404050.0,97304.0,259.0,-403791.0,0.0,-404050.0,0.0,0.0,-501354.0,0.0,0.0,-500831.0,0.0,-0.02,-0.02,26382778.0,26382778.0,https://www.sec.gov/Archives/edgar/data/875729/000107997319000060/0001079973-19-000060-index.htm,https://www.sec.gov/Archives/edgar/data/875729/000107997319000060/bion_10q-123118.htm,1620589534,15:45:34,20210509
9,2018-09-30,BNET,USD,2018-11-08,2018-11-08 15:00:04,Q1,0.0,0.0,0.0,0.0,169721.0,677890.0,0.0,0.0,848047.0,848047.0,92496.0,436.0,-847611.0,0.0,-848047.0,0.0,0.0,-940543.0,0.0,0.0,-937374.0,0.0,-0.04,-0.04,25659730.0,25659730.0,https://www.sec.gov/Archives/edgar/data/875729/000107997318000607/0001079973-18-000607-index.htm,https://www.sec.gov/Archives/edgar/data/875729/000107997318000517/bion_10k-063018.htm,1620589534,15:45:34,20210509
10,2018-06-30,BNET,USD,2018-09-24,2018-09-24 16:41:35,Q4,0.0,0.0,0.0,0.0,59380.0,257980.0,0.0,154488.0,317796.0,317796.0,0.0,436.0,-317360.0,0.0,-317796.0,0.0,154488.0,-246985.0,0.0,0.0,-246477.0,0.0,-0.00960559600588159,-0.00960559600588159,25659730.0,25659730.0,https://www.sec.gov/Archives/edgar/data/875729/000107997318000517/0001079973-18-000517-index.htm,https://www.sec.gov/Archives/edgar/data/875729/000107997318000517/bion_10k-063018.htm,1620589534,15:45:34,20210509
11,2018-03-31,BNET,USD,2018-05-10,2018-05-10 11:34:35,Q3,0.0,0.0,0.0,0.0,680436.0,956826.0,0.0,-8000.0,1637698.0,1637698.0,0.0,436.0,-1637262.0,0.0,-1637698.0,0.0,-8000.0,-1730412.0,0.0,0.0,-1728940.0,0.0,-0.07,-0.07,24465814.0,24465814.0,https://www.sec.gov/Archives/edgar/data/875729/000107997318000313/0001079973-18-000313-index.htm,https://www.sec.gov/Archives/edgar/data/875729/000107997318000313/bion_10q-033118.htm,1620589534,15:45:34,20210509
12,2017-12-31,BNET,USD,2018-02-09,2018-02-09 15:51:05,Q2,0.0,0.0,0.0,0.0,338755.0,0.0,0.0,0.0,1147767.0,1147767.0,0.0,436.0,-1147331.0,0.0,-1147767.0,0.0,718580.0,-522849.0,0.0,0.0,-522342.0,0.0,-0.02,-0.02,24233123.0,24233123.0,https://www.sec.gov/Archives/edgar/data/875729/000107997318000099/0001079973-18-000099-index.htm,https://www.sec.gov/Archives/edgar/data/875729/000107997318000099/bion_10q-123117.htm,1620589534,15:45:34,20210509
13,2017-09-30,BNET,USD,2017-11-09,2017-11-09 15:01:12,Q1,0.0,0.0,0.0,0.0,106746.0,0.0,0.0,0.0,419299.0,419299.0,0.0,436.0,-418863.0,0.0,-419299.0,0.0,0.0,-517738.0,0.0,0.0,-517231.0,0.0,-0.02,-0.02,24067093.0,24067093.0,https://www.sec.gov/Archives/edgar/data/875729/000107997317000642/0001079973-17-000642-index.htm,https://www.sec.gov/Archives/edgar/data/875729/000107997317000560/bion_10k-063017.htm,1620589534,15:45:34,20210509
14,2017-06-30,BNET,USD,2017-09-26,2017-09-26 14:50:16,Q4,0.0,0.0,0.0,0.0,101856.0,0.0,0.0,0.0,405330.0,405330.0,0.0,474.0,-404856.0,0.0,-405330.0,0.0,0.0,-502550.0,0.0,0.0,-502040.0,0.0,-0.02086001828305562,-0.02086001828305562,24067093.0,24067093.0,https://www.sec.gov/Archives/edgar/data/875729/000107997317000560/0001079973-17-000560-index.htm,https://www.sec.gov/Archives/edgar/data/875729/000107997317000560/bion_10k-063017.htm,1620589534,15:45:34,20210509
15,2017-03-31,BNET,USD,2017-05-08,2017-05-08 12:49:34,Q3,0.0,0.0,0.0,0.0,85802.0,0.0,0.0,0.0,487650.0,487650.0,0.0,502.0,-487148.0,0.0,-487650.0,0.0,0.0,-582290.0,0.0,0.0,-581782.0,0.0,-0.02,-0.02,23348981.0,23348981.0,https://www.sec.gov/Archives/edgar/data/875729/000107997317000269/0001079973-17-000269-index.htm,https://www.sec.gov/Archives/edgar/data/875729/000107997317000269/bion_10q-033117.htm,1620589534,15:45:34,20210509
16,2016-12-31,BNET,USD,2017-02-10,2017-02-10 13:26:51,Q2,0.0,0.0,0.0,0.0,126082.0,0.0,0.0,0.0,653282.0,653282.0,0.0,503.0,-652779.0,0.0,-653282.0,0.0,0.0,-747847.0,0.0,0.0,-746985.0,0.0,-0.03,-0.03,23328499.0,23328499.0,https://www.sec.gov/Archives/edgar/data/875729/000107997317000109/0001079973-17-000109-index.htm,https://www.sec.gov/Archives/edgar/data/875729/000107997317000109/bion_10q-123116.htm,1620589534,15:45:34,20210509
17,2016-09-30,BNET,USD,2016-11-14,2016-11-14 14:30:41,Q1,0.0,0.0,0.0,0.0,112243.0,0.0,0.0,0.0,537436.0,537436.0,0.0,502.0,-536934.0,0.0,-537436.0,0.0,0.0,-630200.0,0.0,0.0,-629666.0,0.0,-0.03,-0.03,23544122.0,23544122.0,https://www.sec.gov/Archives/edgar/data/875729/000107997316001283/0001079973-16-001283-index.htm,https://www.sec.gov/Archives/edgar/data/875729/000094883016000132/f1bion6301610k.htm,1620589534,15:45:34,20210509
18,2016-06-30,BNET,USD,2016-09-19,2016-09-19 13:28:21,Q4,0.0,0.0,0.0,0.0,66408.0,0.0,0.0,0.0,395788.0,395788.0,0.0,72623.0,-323165.0,0.0,-395788.0,0.0,0.0,-2173705.0,0.0,0.0,-2173172.0,0.0,-0.09230210410904259,-0.09230210410904259,23544122.0,23544122.0,https://www.sec.gov/Archives/edgar/data/875729/000094883016000132/0000948830-16-000132-index.htm,https://www.sec.gov/Archives/edgar/data/875729/000094883016000132/f1bion6301610k.htm,1620589534,15:45:34,20210509
19,2016-03-31,BNET,USD,2016-05-09,2016-05-09 12:13:02,Q3,3658.0,0.0,0.0,0.0,63376.0,0.0,0.0,0.0,633952.0,633952.0,0.0,68992.0,-561302.0,-153.44505194095134,-630294.0,-172.30563149261891,0.0,-718964.0,-196.54565336249317,0.0,-718432.0,-196.4002186987425,-0.03,-0.03,22888963.0,22888963.0,https://www.sec.gov/Archives/edgar/data/875729/000094883016000114/0000948830-16-000114-index.htm,https://www.sec.gov/Archives/edgar/data/875729/000094883016000114/f1bion03311610q.htm,1620589534,15:45:34,20210509
20,2015-12-31,BNET,USD,2016-02-04,2016-02-04 11:46:23,Q2,0.0,0.0,0.0,0.0,84286.0,0.0,0.0,0.0,710464.0,710464.0,0.0,76083.0,-634381.0,0.0,-710464.0,0.0,0.0,-796869.0,0.0,0.0,-795595.0,0.0,-0.03,-0.03,22585001.0,22585001.0,https://www.sec.gov/Archives/edgar/data/875729/000094883016000099/0000948830-16-000099-index.htm,https://www.sec.gov/Archives/edgar/data/875729/000094883016000099/bion12311510q.htm,1620589534,15:45:34,20210509
21,2015-09-30,BNET,USD,2015-11-09,2015-11-09 13:11:26,Q1,0.0,0.0,0.0,0.0,134489.0,0.0,0.0,0.0,718273.0,718273.0,0.0,75879.0,-642394.0,0.0,-718273.0,0.0,0.0,-832529.0,0.0,0.0,-831234.0,0.0,-0.04,-0.04,22289077.0,22289077.0,https://www.sec.gov/Archives/edgar/data/875729/000094883015000081/0000948830-15-000081-index.htm,https://www.sec.gov/Archives/edgar/data/875729/000094883015000065/f1bion6301510kf.htm,1620589534,15:45:34,20210509
22,2015-06-30,BNET,USD,2015-09-22,2015-09-22 15:03:21,Q4,0.0,0.0,0.0,0.0,136614.0,0.0,0.0,0.0,739509.0,739509.0,98662.0,155891.0,-583618.0,0.0,-739509.0,0.0,0.0,-2588171.0,0.0,0.0,-2586896.0,0.0,-0.11606115408009043,-0.11606115408009043,22289077.0,22289077.0,https://www.sec.gov/Archives/edgar/data/875729/000094883015000065/0000948830-15-000065-index.htm,https://www.sec.gov/Archives/edgar/data/875729/000094883015000065/f1bion6301510kf.htm,1620589534,15:45:34,20210509
23,2015-03-31,BNET,USD,2015-05-14,2015-05-14 15:31:27,Q3,3658.0,0.0,3658.0,1.0,213025.0,0.0,0.0,0.0,1606629.0,1606629.0,77740.0,156000.0,-1446971.0,-395.56342263531985,-1602971.0,-438.2096774193548,0.0,-1680711.0,-459.4617277200656,0.0,-1672688.0,-457.26845270639694,-0.08,-0.08,20835885.0,20835885.0,https://www.sec.gov/Archives/edgar/data/875729/000094883015000046/0000948830-15-000046-index.htm,https://www.sec.gov/Archives/edgar/data/875729/000094883015000046/bion03311510q.htm,1620589534,15:45:34,20210509
24,2014-12-31,BNET,USD,2015-02-11,2015-02-11 17:03:36,Q2,0.0,0.0,0.0,0.0,104237.0,0.0,0.0,0.0,564592.0,564592.0,100356.0,127159.0,-437433.0,0.0,-564592.0,0.0,0.0,-664948.0,0.0,0.0,-663920.0,0.0,-0.03,-0.03,19965459.0,19965459.0,https://www.sec.gov/Archives/edgar/data/875729/000094883015000016/0000948830-15-000016-index.htm,https://www.sec.gov/Archives/edgar/data/875729/000094883015000016/bion12311410qedgar.htm,1620589534,15:45:34,20210509
25,2014-09-30,BNET,USD,2014-11-07,2014-11-07 13:17:12,Q1,0.0,0.0,0.0,0.0,66586.0,0.0,0.0,0.0,608811.0,608811.0,96947.0,184884.0,-423927.0,0.0,-608811.0,0.0,0.0,-705758.0,0.0,0.0,-704687.0,0.0,-0.04,-0.04,19817076.0,19817076.0,https://www.sec.gov/Archives/edgar/data/875729/000094883014000099/0000948830-14-000099-index.htm,https://www.sec.gov/Archives/edgar/data/875729/000094883014000087/f1bion63014form10k.htm,1620589534,15:45:34,20210509
26,2014-06-30,BNET,USD,2014-09-26,2014-09-26 14:14:22,Q4,1483.0,0.0,1483.0,1.0,109117.0,0.0,0.0,0.0,636834.0,636834.0,128408.0,244239.0,-391112.0,-263.7302764666217,-635351.0,-428.42279163857046,-1979887.0,-2743646.0,-1850.0647336480108,0.0,-2744735.0,-1850.7990559676332,-0.1385035309951882,-0.1385035309951882,19817076.0,19817076.0,https://www.sec.gov/Archives/edgar/data/875729/000094883014000087/0000948830-14-000087-index.htm,https://www.sec.gov/Archives/edgar/data/875729/000094883014000087/f1bion63014form10k.htm,1620589534,15:45:34,20210509
27,2014-03-31,BNET,USD,2014-05-07,2014-05-07 16:47:56,Q3,4448.0,0.0,4448.0,1.0,79190.0,0.0,0.0,0.0,677451.0,677451.0,100285.0,244256.0,-428747.0,-96.39096223021583,-673003.0,-151.30463129496403,0.0,-773288.0,-173.85071942446044,0.0,-771961.0,-173.55238309352518,-0.04,-0.04,18783957.0,18783957.0,https://www.sec.gov/Archives/edgar/data/875729/000094883014000047/0000948830-14-000047-index.htm,https://www.sec.gov/Archives/edgar/data/875729/000094883014000047/1bion03311410q.htm,1620589534,15:45:34,20210509
28,2013-12-31,BNET,USD,2014-02-07,2014-02-07 14:56:34,Q2,0.0,0.0,0.0,0.0,33584.0,941603.0,0.0,0.0,650862.0,650862.0,88606.0,244307.0,-406555.0,0.0,-650862.0,0.0,0.0,-739468.0,0.0,0.0,-738024.0,0.0,-0.04,-0.04,18405229.0,18405229.0,https://www.sec.gov/Archives/edgar/data/875729/000094883014000005/0000948830-14-000005-index.htm,https://www.sec.gov/Archives/edgar/data/875729/000094883014000005/f1bion12311310q.htm,1620589534,15:45:34,20210509
29,2013-09-30,BNET,USD,2013-11-07,2013-11-07 14:06:42,Q1,0.0,0.0,0.0,0.0,66558.0,0.0,0.0,0.0,1417558.0,1417558.0,86111.0,245996.0,-1171562.0,0.0,-1417558.0,0.0,-1918.0,0.0,0.0,0.0,-1504293.0,0.0,-0.08,-0.08,18055025.0,18055025.0,https://www.sec.gov/Archives/edgar/data/875729/000143790413000091/0001437904-13-000091-index.htm,https://www.sec.gov/Archives/edgar/data/875729/000143790413000083/f1bion63013form10k.htm,1620589534,15:45:34,20210509
30,2013-06-30,BNET,USD,2013-09-20,2013-09-20 14:21:56,Q4,1483.0,0.0,1483.0,1.0,52131.0,0.0,0.0,0.0,3442318.0,3442318.0,82218.0,246655.0,-3194180.0,-2153.863789615644,-3440835.0,-2320.1854349291975,0.0,-3523193.0,-2375.72016183412,0.0,-3521316.0,-2374.454484153742,-0.19503246326161278,-0.19503246326161278,18055025.0,18055025.0,https://www.sec.gov/Archives/edgar/data/875729/000143790413000083/0001437904-13-000083-index.htm,https://www.sec.gov/Archives/edgar/data/875729/000143790413000083/f1bion63013form10k.htm,1620589534,15:45:34,20210509
31,2013-03-31,BNET,USD,2013-05-14,2013-05-14 12:10:22,Q3,10379.0,0.0,10379.0,1.0,53259.0,0.0,0.0,0.0,1022762.0,1022762.0,80002.0,246679.0,-765704.0,-73.77435205703826,-1012383.0,-97.54147798439156,0.0,-1092341.0,-105.24530301570479,0.0,-1090875.0,-105.10405626746315,-0.06,-0.06,17476779.0,17476779.0,https://www.sec.gov/Archives/edgar/data/875729/000143790413000060/0001437904-13-000060-index.htm,https://www.sec.gov/Archives/edgar/data/875729/000143790413000060/f1bion3311310q.htm,1620589534,15:45:34,20210509
32,2012-12-31,BNET,USD,2013-02-07,2013-02-07 12:42:22,Q2,0.0,0.0,0.0,0.0,37713.0,0.0,0.0,0.0,1109407.0,1109407.0,72068.0,246746.0,-862661.0,0.0,-1109407.0,0.0,0.0,0.0,0.0,0.0,-1180036.0,0.0,-0.07,-0.07,17196001.0,17196001.0,https://www.sec.gov/Archives/edgar/data/875729/000143790413000022/0001437904-13-000022-index.htm,https://www.sec.gov/Archives/edgar/data/875729/000143790413000022/f1bion12311210q.htm,1620589534,15:45:34,20210509
33,2012-09-30,BNET,USD,2012-11-07,2012-11-07 14:55:43,Q1,0.0,0.0,0.0,0.0,48606.0,0.0,0.0,0.0,2397666.0,2397666.0,55316.0,165791.0,-2231875.0,0.0,-2397666.0,0.0,0.0,0.0,0.0,0.0,-2451534.0,0.0,-0.14,-0.14,16927270.0,16927270.0,https://www.sec.gov/Archives/edgar/data/875729/000143790412000086/0001437904-12-000086-index.htm,https://www.sec.gov/Archives/edgar/data/875729/000143790412000069/f1bion63012form10k.htm,1620589534,15:45:34,20210509
34,2012-06-30,BNET,USD,2012-09-25,2012-09-25 14:05:59,Q4,0.0,0.0,0.0,0.0,28237.0,0.0,0.0,0.0,741722.0,741722.0,18324.0,3859.0,-737863.0,0.0,-741722.0,0.0,0.0,0.0,0.0,0.0,-632720.0,0.0,-0.037378738568002993,-0.037378738568002993,16927270.0,16927270.0,https://www.sec.gov/Archives/edgar/data/875729/000143790412000069/0001437904-12-000069-index.htm,https://www.sec.gov/Archives/edgar/data/875729/000143790412000069/f1bion63012form10k.htm,1620589534,15:45:34,20210509
35,2012-03-31,BNET,USD,2012-05-09,2012-05-09 15:53:40,Q3,0.0,0.0,0.0,0.0,34810.0,0.0,0.0,0.0,896381.0,896381.0,35431.0,3801.0,-892580.0,0.0,-896381.0,0.0,0.0,0.0,0.0,0.0,-930121.0,0.0,-0.06,-0.06,16145128.0,16145128.0,https://www.sec.gov/Archives/edgar/data/875729/000143790412000033/0001437904-12-000033-index.htm,https://www.sec.gov/Archives/edgar/data/875729/000143790412000033/bion3311210q.htm,1620589534,15:45:34,20210509
36,2011-12-31,BNET,USD,2012-02-07,2012-02-07 16:38:28,Q2,0.0,0.0,0.0,0.0,28360.0,0.0,0.0,0.0,1053988.0,1053988.0,7215.0,4065.0,-1049923.0,0.0,-1053988.0,0.0,0.0,0.0,0.0,0.0,-1059337.0,0.0,-0.08,-0.08,15818467.0,15818467.0,https://www.sec.gov/Archives/edgar/data/875729/000143790412000008/0001437904-12-000008-index.htm,https://www.sec.gov/Archives/edgar/data/875729/000143790412000008/bion12311110qfinal.htm,1620589534,15:45:34,20210509
37,2011-09-30,BNET,USD,2011-11-08,2011-11-08 15:44:48,Q1,0.0,0.0,0.0,0.0,70134.0,0.0,0.0,0.0,3832561.0,3832561.0,7215.0,4084.0,-3828477.0,0.0,-3832561.0,0.0,0.0,0.0,0.0,0.0,-3825666.0,0.0,-0.34,-0.34,13450823.0,13450823.0,https://www.sec.gov/Archives/edgar/data/875729/000143790411000118/0001437904-11-000118-index.htm,https://www.sec.gov/Archives/edgar/data/875729/000143790411000104/bion63011form10k.htm,1620589534,15:45:34,20210509
38,2011-06-30,BNET,USD,2011-09-21,2011-09-20 18:34:29,Q4,0.0,0.0,0.0,0.0,56859.0,0.0,0.0,0.0,1002809.0,1002809.0,14509.0,4216.0,-998593.0,0.0,-1002809.0,0.0,0.0,0.0,0.0,0.0,-1014875.0,0.0,-0.07545077353259351,-0.07545077353259351,13450823.0,13450823.0,https://www.sec.gov/Archives/edgar/data/875729/000143790411000104/0001437904-11-000104-index.htm,https://www.sec.gov/Archives/edgar/data/875729/000143790411000104/bion63011form10k.htm,1620589534,15:45:34,20210509
39,2011-03-31,BNET,USD,2011-05-11 00:00:00,2011-05-11 15:19:09,Q3,0.0,0.0,0.0,0.0,478804.0,0.0,0.0,0.0,1991135.0,1991135.0,5202.0,4164.0,-1986971.0,0.0,-1991135.0,0.0,0.0,0.0,0.0,0.0,-1993857.0,0.0,-0.17,-0.17,12410074.0,12410074.0,https://www.sec.gov/Archives/edgar/data/875729/000143790411000056/0001437904-11-000056-index.html,https://www.sec.gov/Archives/edgar/data/875729/000143790411000056/bion3311110qfinalhtml.htm,1620589534,15:45:34,20210509
40,2010-12-31,BNET,USD,2010-12-31,2010-12-31,Q2,0.0,0.0,0.0,0.0,51956.0,0.0,0.0,0.0,3140148.0,3140148.0,4997.0,4163.0,-3135985.0,0.0,-3140148.0,0.0,0.0,0.0,0.0,0.0,-3143060.0,0.0,-0.27,-0.27,12178602.0,12178602.0,,,1620589534,15:45:34,20210509
41,2010-09-30,BNET,USD,2010-11-12 00:00:00,2010-11-12 16:12:20,Q1,0.0,0.0,0.0,0.0,49001.0,0.0,0.0,0.0,840475.0,840475.0,4125.0,4261.0,-836214.0,0.0,-840475.0,0.0,0.0,0.0,0.0,0.0,-840597.0,0.0,-0.08,-0.08,12080554.0,12080554.0,https://www.sec.gov/Archives/edgar/data/875729/000143790410000104/0001437904-10-000104-index.html,https://www.sec.gov/Archives/edgar/data/875729/000143790410000104/bion10q.txt,1620589534,15:45:34,20210509
42,2010-06-30,BNET,USD,2010-09-21 00:00:00,2010-09-21 17:09:52,Q4,0.0,0.0,0.0,0.0,33279.0,0.0,0.0,0.0,737536.0,737536.0,0.0,4355.0,-733181.0,0.0,-737536.0,0.0,0.0,0.0,0.0,0.0,-746974.0,0.0,-0.06183276031877346,-0.06183276031877346,12080554.0,12080554.0,https://www.sec.gov/Archives/edgar/data/875729/000143790410000078/0001437904-10-000078-index.html,https://www.sec.gov/Archives/edgar/data/875729/000143790410000078/bion10k.txt,1620589534,15:45:34,20210509
43,2010-03-31,BNET,USD,2010-05-05 00:00:00,2010-05-05 14:25:55,Q3,0.0,0.0,0.0,0.0,53266.0,0.0,0.0,0.0,616543.0,616543.0,0.0,4333.0,-612210.0,0.0,-616543.0,0.0,-5764.0,0.0,0.0,0.0,-612477.0,0.0,-0.06,-0.06,11942793.0,11942793.0,https://www.sec.gov/Archives/edgar/data/875729/000143790410000030/0001437904-10-000030-index.html,https://www.sec.gov/Archives/edgar/data/875729/000143790410000030/bion10q.txt,1620589534,15:45:34,20210509
44,2009-12-31,BNET,USD,2010-02-09 00:00:00,2010-02-09 17:16:09,Q2,0.0,0.0,0.0,0.0,35319.0,0.0,0.0,0.0,645004.0,645004.0,0.0,4235.0,-640769.0,0.0,-645004.0,0.0,-6810.0,0.0,0.0,0.0,-640707.0,0.0,-0.06,-0.06,11744697.0,11744697.0,https://www.sec.gov/Archives/edgar/data/875729/000143790410000004/0001437904-10-000004-index.html,https://www.sec.gov/Archives/edgar/data/875729/000143790410000004/bion10q.txt,1620589534,15:45:34,20210509
45,2009-09-30,BNET,USD,2009-11-12 00:00:00,2009-11-12 12:28:33,Q1,0.0,0.0,0.0,0.0,72517.0,0.0,0.0,0.0,973169.0,973169.0,1515.0,3963.0,-969206.0,0.0,-973169.0,0.0,0.0,0.0,0.0,0.0,-970559.0,0.0,-0.09,-0.09,11605762.0,11605762.0,https://www.sec.gov/Archives/edgar/data/875729/000143790409000069/0001437904-09-000069-index.html,https://www.sec.gov/Archives/edgar/data/875729/000143790409000069/bion10q.txt,1620589534,15:45:34,20210509
46,2009-06-30,BNET,USD,2009-09-23 00:00:00,2009-09-23 13:28:00,Q4,0.0,0.0,0.0,0.0,-36077.0,0.0,0.0,0.0,354504.0,354504.0,8122.0,3523.0,-350981.0,0.0,-354504.0,0.0,76826.0,0.0,0.0,0.0,-357231.0,0.0,-0.03078048645147126,-0.03078048645147126,11605762.0,11605762.0,https://www.sec.gov/Archives/edgar/data/875729/000143790409000047/0001437904-09-000047-index.html,https://www.sec.gov/Archives/edgar/data/875729/000143790409000047/bion10k.txt,1620589534,15:45:34,20210509
47,2009-03-31,BNET,USD,2009-05-14 00:00:00,2009-05-14 12:51:18,Q3,0.0,0.0,0.0,0.0,46438.0,0.0,0.0,0.0,827425.0,827425.0,2722.0,3567.0,-823858.0,0.0,-827425.0,0.0,0.0,0.0,0.0,0.0,-818426.0,0.0,-0.08,-0.08,10723818.0,10723818.0,https://www.sec.gov/Archives/edgar/data/875729/000143790409000026/0001437904-09-000026-index.html,https://www.sec.gov/Archives/edgar/data/875729/000143790409000026/bion10q.txt,1620589534,15:45:34,20210509
48,2008-12-31,BNET,USD,2009-02-12 00:00:00,2009-02-12 11:21:19,Q2,0.0,0.0,0.0,0.0,70630.0,0.0,0.0,0.0,229197.0,229197.0,0.0,4077.0,-225120.0,0.0,-229197.0,0.0,1034184.0,0.0,0.0,0.0,794193.0,0.0,0.07622608268001828,0.0761293766030374,10418914.0,10432149.0,https://www.sec.gov/Archives/edgar/data/875729/000143790409000017/0001437904-09-000017-index.html,https://www.sec.gov/Archives/edgar/data/875729/000143790409000017/bion10q.txt,1620589534,15:45:34,20210509
49,2008-09-30,BNET,USD,2008-11-14 00:00:00,2008-11-14 13:42:23,Q1,0.0,0.0,0.0,0.0,276340.0,0.0,0.0,0.0,906015.0,906015.0,0.0,4287.0,-901728.0,0.0,-906015.0,0.0,0.0,0.0,0.0,0.0,-930393.0,0.0,-0.09,-0.09,10366349.0,10366349.0,https://www.sec.gov/Archives/edgar/data/875729/000143790408000012/0001437904-08-000012-index.html,https://www.sec.gov/Archives/edgar/data/875729/000143790408000012/bion10q.txt,1620589534,15:45:34,20210509
50,2008-06-30,BNET,USD,2008-06-30,2008-06-30,Q4,0.0,0.0,0.0,0.0,-453458.0,0.0,0.0,0.0,1089123.0,1089123.0,0.0,4093.0,-1085030.0,0.0,-1089123.0,0.0,126712.0,0.0,0.0,0.0,-1000033.0,0.0,-0.09646916190068461,-0.09646916190068461,10366349.0,10366349.0,,,1620589534,15:45:34,20210509
51,2008-03-31,BNET,USD,2008-03-31,2008-03-31,Q3,0.0,0.0,0.0,0.0,573721.0,0.0,0.0,0.0,811568.0,811568.0,0.0,4094.0,-807474.0,0.0,-811568.0,0.0,0.0,0.0,0.0,0.0,-841354.0,0.0,-0.1,-0.1,8351030.0,8351030.0,,,1620589534,15:45:34,20210509
52,2007-12-31,BNET,USD,2007-12-31,2007-12-31,Q2,0.0,0.0,0.0,0.0,544700.0,0.0,0.0,0.0,699431.0,699431.0,0.0,4046.0,-695385.0,0.0,-699431.0,0.0,0.0,0.0,0.0,0.0,-793564.0,0.0,-0.1,-0.1,8021789.0,8021789.0,,,1620589534,15:45:34,20210509
53,2007-09-30,BNET,USD,2007-11-14,2007-11-14,Q1,0.0,0.0,0.0,0.0,126968.0,0.0,0.0,0.0,280824.0,280824.0,0.0,4020.0,-276804.0,0.0,-280824.0,0.0,1258195.0,0.0,0.0,0.0,856389.0,0.0,0.11,0.1,7932197.0,9300407.0,https://www.sec.gov/Archives/edgar/data/875729/000126327907000265/0001263279-07-000265-index.htm,https://www.sec.gov/Archives/edgar/data/875729/000126327907000265/bion10q.txt,1620589534,15:45:34,20210509
54,2007-06-30,BNET,USD,2007-06-30,2007-06-30,Q4,0.0,0.0,0.0,0.0,374571.0,0.0,0.0,0.0,621017.0,621017.0,0.0,3910.0,-617107.0,0.0,-621017.0,0.0,0.0,0.0,0.0,0.0,-2127860.0,0.0,-0.2682560707960228,-0.2682560707960228,7932197.0,7932197.0,,,1620589534,15:45:34,20210509
55,2007-03-31,BNET,USD,2007-03-31,2007-03-31,Q3,0.0,0.0,0.0,0.0,104233.0,0.0,0.0,0.0,45323.0,45323.0,0.0,3910.0,-41413.0,0.0,-45323.0,0.0,0.0,0.0,0.0,0.0,-84293.0,0.0,-0.01,-0.01,8607684.0,8607684.0,,,1620589534,15:45:34,20210509
56,2006-12-31,BNET,USD,2006-12-31,2006-12-31,Q2,0.0,0.0,0.0,0.0,922333.0,0.0,0.0,0.0,1206364.0,1206364.0,0.0,0.0,-1206364.0,0.0,-1206364.0,0.0,0.0,0.0,0.0,0.0,-1227509.0,0.0,-0.14,-0.14,8619039.0,8619039.0,,,1620589534,15:45:34,20210509
57,2006-09-30,BNET,USD,2006-09-30,2006-09-30,Q1,0.0,0.0,0.0,0.0,110000.0,-280000.0,0.0,0.0,-180000.0,-180000.0,-20000.0,0.0,-590000.0,0.0,180000.0,0.0,0.0,160000.0,0.0,0.0,-570000.0,0.0,-0.06605,-0.06605,8630000.0,8630000.0,,,1620589534,15:45:34,20210509
58,2006-06-30,BNET,USD,2006-06-30,2006-06-30,Q4,0.0,0.0,0.0,0.0,1130000.0,470000.0,0.0,0.0,1600000.0,1600000.0,-10000.0,20000.000000000004,-1580000.0,0.0,-1600000.0,0.0,0.0,-1610000.0,0.0,0.0,-1610000.0,0.0,-0.18656,-0.18656,8630000.0,8630000.0,,,1620589534,15:45:34,20210509
59,2006-03-31,BNET,USD,2006-03-31,2006-03-31,Q3,0.0,0.0,0.0,0.0,1020000.0,350000.0,0.0,0.0,1370000.0,1370000.0,-10000.0,49999.99999999999,-1320000.0,0.0,-1370000.0,0.0,0.0,-1380000.0,0.0,0.0,-1380000.0,0.0,-0.16009,-0.16009,8620000.0,8620000.0,,,1620589534,15:45:34,20210509
60,2005-12-31,BNET,USD,2005-12-31,2005-12-31,Q2,0.0,0.0,0.0,0.0,1120000.0,340000.0,0.0,0.0,1460000.0,1460000.0,-30000.0,0.0,-1510000.0,0.0,-1460000.0,0.0,10000.0,-1480000.0,0.0,0.0,-1480000.0,0.0,-0.18687,-0.18687,7920000.0,7920000.0,,,1620589534,15:45:34,20210509
61,2005-09-30,BNET,USD,2005-09-30,2005-09-30,Q1,0.0,0.0,0.0,0.0,540000.0,180000.0,0.0,0.0,720000.0,720000.0,-60000.0,0.0,-760000.0,0.0,-720000.0,0.0,90000.0,-700000.0,0.0,0.0,-700000.0,0.0,-0.16432,-0.16432,4260000.0,4260000.0,,,1620589534,15:45:34,20210509
62,2003-09-30,BNET,USD,2003-09-30,2003-09-30,Q4,0.0,-10370.0,10370.0,0.0,283374.0,0.0,0.0,0.0,948020.0,937650.0,0.0,5808.0,-931842.0,0.0,-937650.0,0.0,37232.0,0.0,0.0,0.0,-1029776.0,0.0,-0.24,-0.24,4205993.0,4205993.0,,,1620589534,15:45:34,20210509
63,2003-06-30,BNET,USD,2003-10-14,2003-10-14,Q3,6765.0,184543.0,-177778.0,-26.279083518107907,43601.0,0.0,0.0,0.0,552753.0,737296.0,0.0,74887.0,-655644.0,-96.91707317073171,-730531.0,-107.98684405025868,-9937.0,0.0,0.0,0.0,-731942.0,-108.19541759053955,-0.17402358967311643,-0.17402358967311643,4205993.0,4205993.0,https://www.sec.gov/Archives/edgar/data/875729/000126327903000032/0001263279-03-000032-index.htm,https://www.sec.gov/Archives/edgar/data/875729/000126327903000032/bion10k.txt,1620589534,15:45:34,20210509
64,2003-03-31,BNET,USD,2003-03-31,2003-03-31,Q2,0.0,191022.0,-191022.0,0.0,180964.0,0.0,0.0,0.0,658925.0,849947.0,0.0,20840.0,-829107.0,0.0,-849947.0,0.0,67425.0,0.0,0.0,0.0,-737751.0,0.0,-0.18,-0.18,4093352.0,4093352.0,,,1620589534,15:45:34,20210509
65,2002-12-31,BNET,USD,2003-02-19,2003-02-19,Q1,62626.0,191398.0,-128772.0,-2.056206687318366,185332.0,0.0,0.0,0.0,967510.0,1158908.0,0.0,20731.0,-1075551.0,-17.174192827260242,-1096282.0,-17.505221473509405,-3914.0,0.0,0.0,0.0,-1139438.0,-18.19432823427969,-0.28,-0.28,4117352.0,4117352.0,https://www.sec.gov/Archives/edgar/data/875729/000094883003000062/0000948830-03-000062-index.htm,https://www.sec.gov/Archives/edgar/data/875729/000094883003000062/bion10q.txt,1620589534,15:45:34,20210509
66,2002-09-30,BNET,USD,2002-11-14,2002-11-14,Q4,46638.0,195718.0,-149080.0,-3.196535014365968,149862.0,574094.0,0.0,0.0,723956.0,919674.0,0.0,20543.0,-852493.0,-18.27893563188816,-873036.0,-18.719413353917407,-16699.0,0.0,0.0,0.0,-849129.0,-18.20680560915991,-0.21,-0.21,4117352.0,4117352.0,https://www.sec.gov/Archives/edgar/data/875729/000094883002000408/0000948830-02-000408-index.htm,https://www.sec.gov/Archives/edgar/data/875729/000094883002000408/bion10qsb.txt,1620589534,15:45:34,20210509
67,2002-06-30,BNET,USD,2003-01-17,2003-01-17,Q3,19525.0,143023.0,-123498.0,-6.325121638924456,119395.0,826770.0,0.0,0.0,946165.0,1089188.0,0.0,17720.0,-1051943.0,-53.87672215108835,-1069663.0,-54.78427656850192,1749.0,0.0,0.0,0.0,-997614.0,-51.094186939820744,-0.2422950478851456,-0.2422950478851456,4117352.0,4117352.0,https://www.sec.gov/Archives/edgar/data/875729/000094883003000025/0000948830-03-000025-index.htm,https://www.sec.gov/Archives/edgar/data/875729/000094883003000025/bion10ksba1.txt,1620589534,15:45:34,20210509
68,2002-03-31,BNET,USD,2002-05-23,2002-05-23,Q2,21245.0,160418.0,-139173.0,-6.550859025653095,219062.0,4925685.0,0.0,0.0,5144747.0,5305165.0,0.0,16910.0,-5267010.0,-247.91762767710048,-5283920.0,-248.7135796658037,4496.0,0.0,0.0,0.0,-11310293.0,-532.3743469051542,-3.1,-3.1,3702218.0,3702218.0,https://www.sec.gov/Archives/edgar/data/875729/000094883002000213/0000948830-02-000213-index.htm,https://www.sec.gov/Archives/edgar/data/875729/000094883002000213/bion10qa.txt,1620589534,15:45:34,20210509
69,2001-12-31,BNET,USD,2001-12-31,2001-12-31,Q1,15610.0,123586.0,-107976.0,-6.917104420243434,183698.0,867496.0,0.0,0.0,1051194.0,1174780.0,0.0,795141.0,-364029.0,-23.320243433696348,-1159170.0,-74.25816784112749,27252.0,0.0,0.0,0.0,-2551771.0,-163.47027546444588,-1.9,-1.9,1329805.0,1329805.0,,,1620589534,15:45:34,20210509
70,2001-09-30,BNET,USD,2001-09-30,2001-09-30,Q4,13003.0,119090.0,-106087.0,-8.158655694839652,213467.0,846009.0,0.0,0.0,1059476.0,1178566.0,0.0,796853.0,-368710.0,-28.355764054448972,-1165563.0,-89.63800661385834,41358.0,0.0,0.0,0.0,-2234221.0,-171.82350226870722,-1.7,-1.7,1306839.0,1306839.0,,,1620589534,15:45:34,20210509
71,2001-06-30,BNET,USD,2001-06-30,2001-06-30,Q3,41078.0,133113.0,-92035.0,-2.240493694921856,326056.0,887580.0,0.0,0.0,1213636.0,1346749.0,0.0,451615.0,-854056.0,-20.791080383660354,-1305671.0,-31.785164808413263,-61188.0,0.0,0.0,0.0,-2086846.0,-50.80203515263645,-1.596865413413588,-1.596865413413588,1306839.0,1306839.0,,,1620589534,15:45:34,20210509
72,2001-03-31,BNET,USD,2001-05-15,2001-05-15,Q2,1268.0,1234100.0,-1232832.0,-972.2649842271294,302732.0,3043500.0,0.0,0.0,3346232.0,4580332.0,0.0,395120.0,-4183944.0,-3299.640378548896,-4579064.0,-3611.2492113564667,25109.0,-4022731.0,-3172.5007886435333,0.0,-4022731.0,-3172.5007886435333,-3.1,-3.1,1306722.0,1306722.0,https://www.sec.gov/Archives/edgar/data/875729/000094883001500255/0000948830-01-500255-index.htm,https://www.sec.gov/Archives/edgar/data/875729/000094883001500255/bion10q.txt,1620589534,15:45:34,20210509
73,2000-12-31,BNET,USD,2000-12-31,2000-12-31,Q1,24324.0,-373074.0,397398.0,16.33769116921559,250903.0,3329815.0,0.0,0.0,4161478.0,3788404.0,0.0,580760.0,-3183320.0,-130.87156717645124,-3764080.0,-154.74757441210326,-7588.0,0.0,0.0,0.0,-5178569.0,-212.89956421641176,-4.0,-4.0,1305604.0,1305604.0,,,1620589534,15:45:34,20210509
74,2000-09-30,BNET,USD,2002-02-20,2002-02-20,Q4,17652.0,-562421.0,580073.0,32.861602084749606,382319.0,3171654.0,0.0,0.0,4197201.0,3634780.0,0.0,643228.0,-2973900.0,-168.47382732834805,-3617128.0,-204.91321096759575,-6799.0,0.0,0.0,0.0,-4265076.0,-241.61998640380693,-3.4,-3.4,1256808.0,1256808.0,https://www.sec.gov/Archives/edgar/data/875729/000094883002000056/0000948830-02-000056-index.htm,https://www.sec.gov/Archives/edgar/data/875729/000094883002000056/bion9q.txt,1620589534,15:45:34,20210509
75,2000-06-30,BNET,USD,2000-06-30,2000-06-30,Q3,63674.0,-2024171.0,2087845.0,32.789600150767974,303006.0,3252228.0,0.0,0.0,5698805.0,3674634.0,0.0,2143571.0,-1467389.0,-23.045340327292145,-3610960.0,-56.71011715928008,-44131.0,0.0,0.0,0.0,-5388021.0,-84.61885541979458,-4.28706771440029,-4.28706771440029,1256808.0,1256808.0,,,1620589534,15:45:34,20210509
76,2000-03-31,BNET,USD,2000-03-31,2000-03-31,Q2,23509.0,109707.0,-86198.0,-3.6665957718320645,135158.0,860733.0,0.0,0.0,995891.0,1105598.0,0.0,-335170.0,-1417259.0,-60.28580543621592,-1082089.0,-46.02871240801395,-7898.0,0.0,0.0,0.0,-1293875.0,-55.03743247267004,-1.1,-1.1,1182239.0,1182239.0,,,1620589534,15:45:34,20210509
77,1999-12-31,BNET,USD,1999-12-31,1999-12-31,Q1,27314.0,-268218.0,295532.0,10.819799370286301,71324.0,2262716.0,0.0,0.0,2663990.0,2395772.0,0.0,329950.0,-2038508.0,-74.63234971077104,-2368458.0,-86.71223548363477,-4943.0,0.0,0.0,0.0,-3479263.0,-127.38020795196603,-3.2,-3.2,1086630.0,1086630.0,,,1620589534,15:45:34,20210509
78,1999-09-30,BNET,USD,1999-09-30,1999-09-30,Q4,43948.0,50460.0,-6512.0,-0.14817511604623645,88816.0,1023859.0,0.0,0.0,1161678.0,1212138.0,0.0,49003.0,-1119187.0,-25.466164558114134,-1168190.0,-26.581186857194865,-52492.0,0.0,0.0,0.0,-1363248.0,-31.019568581050333,-1.3,-1.3,1020038.0,1020038.0,,,1620589534,15:45:34,20210509
79,1999-06-30,BNET,USD,1999-06-30,1999-06-30,Q3,100000.0,110000.0,-10000.0,-0.1,70000.0,1340000.0,0.0,0.0,1600000.0,1710000.0,-70000.0,19999.999999999996,-1580000.0,-15.8,-1600000.0,-16.0,20000.0,-1650000.0,-16.5,0.0,-1650000.0,-16.5,-1.94118,-1.94118,850000.0,850000.0,,,1620589534,15:45:34,20210509
80,1999-03-31,BNET,USD,1999-03-31,1999-03-31,Q2,10000.0,60000.0,-50000.0,-5.0,60000.0,690000.0,0.0,0.0,750000.0,810000.0,-20000.0,10000.000000000002,-790000.0,-79.0,-800000.0,-80.0,0.0,-820000.0,-82.0,0.0,-820000.0,-82.0,-0.9011,-0.9011,910000.0,910000.0,,,1620589534,15:45:34,20210509
81,1998-12-31,BNET,USD,1998-12-31,1998-12-31,Q1,40000.0,90000.0,-50000.0,-1.25,60000.0,520000.0,0.0,0.0,570000.0000000001,660000.0000000001,-20000.0,19999.999999999996,-600000.0,-15.0,-620000.0,-15.5,-10000.0,-650000.0,-16.25,0.0,-650000.0,-16.25,-0.66327,-0.66327,980000.0,980000.0,,,1620589534,15:45:34,20210509
82,1998-09-30,BNET,USD,1998-11-16,1998-11-16,Q4,60000.0,120000.0,-60000.0,-1.0,70000.0,380000.0,0.0,0.0,449999.99999999994,570000.0,-20000.0,10000.0,-500000.0,-8.333333333333334,-510000.0,-8.5,0.0,-530000.0,-8.833333333333334,0.0,-530000.0,-8.833333333333334,-0.54639,-0.54639,970000.0,970000.0,https://www.sec.gov/Archives/edgar/data/875729/0000949303-98-000128-index.html,https://www.sec.gov/Archives/edgar/data/875729/,1620589534,15:45:34,20210509
83,1998-06-30,BNET,USD,1998-06-30,1998-06-30,Q3,190000.0,140000.0,50000.0,0.2631578947368421,160000.0,750000.0,0.0,0.0,900000.0,1040000.0,-20000.0,19999.999999999996,-830000.0,-4.368421052631579,-850000.0,-4.473684210526316,40000.0,-830000.0,-4.368421052631579,0.0,-830000.0,-4.368421052631579,-0.36245,-0.36245,2290000.0,2290000.0,,,1620589534,15:45:34,20210509
84,1998-03-31,BNET,USD,1998-05-15,1998-05-15,Q2,220000.0,130000.0,90000.0,0.4090909090909091,60000.0,480000.0,0.0,0.0,540000.0,670000.0,-30000.0,10000.000000000002,-440000.0,-2.0,-450000.0,-2.0454545454545454,0.0,-480000.0,-2.1818181818181817,0.0,-480000.0,-2.1818181818181817,-0.55814,-0.55814,860000.0,860000.0,https://www.sec.gov/Archives/edgar/data/875729/0000949303-98-000056-index.html,https://www.sec.gov/Archives/edgar/data/875729/,1620589534,15:45:34,20210509
85,1997-12-31,BNET,USD,1997-12-31,1997-12-31,Q1,120000.0,190000.0,-70000.0,-0.5833333333333334,60000.0,310000.0,0.0,0.0,360000.00000000006,550000.0,-20000.0,19999.999999999996,-410000.0,-3.4166666666666665,-430000.0,-3.5833333333333335,0.0,-460000.0,-3.8333333333333335,0.0,-460000.0,-3.8333333333333335,-1.04545,-1.04545,440000.0,440000.0,,,1620589534,15:45:34,20210509
86,1997-09-30,BNET,USD,1997-09-30,1997-09-30,Q4,30000.0,90000.0,-70000.0,-2.3333333333333335,50000.0,470000.0,0.0,0.0,530000.0,620000.0,-20000.0,10000.0,-580000.0,-19.333333333333332,-590000.0,-19.666666666666668,0.0,-610000.0,-20.333333333333332,0.0,-610000.0,-20.333333333333332,-1.45238,-1.45238,420000.0,420000.0,,,1620589534,15:45:34,20210509
87,1997-06-30,BNET,USD,1997-06-30,1997-06-30,Q3,30000.0,40000.0,-10000.0,-0.3333333333333333,170000.0,1060000.0,0.0,0.0,1230000.0,1270000.0,-70000.0,20000.0,-1220000.0,-40.666666666666664,-1240000.0,-41.333333333333336,120000.0,-1190000.0,-39.666666666666664,0.0,-1190000.0,-39.666666666666664,-3.5,-3.5,340000.0,340000.0,,,1620589534,15:45:34,20210509
88,1997-03-31,BNET,USD,1997-03-31,1997-03-31,Q2,40000.0,110000.0,-70000.0,-1.75,0.0,470000.0,0.0,0.0,470000.0,580000.0,-70000.0,0.0,-740000.0,-18.5,-540000.0,-13.5,-50000.0,-670000.0,-16.75,0.0,-670000.0,-16.75,-3.04545,-3.04545,220000.0,220000.0,,,1620589534,15:45:34,20210509
89,1996-12-31,BNET,USD,1996-12-31,1996-12-31,Q1,30000.0,170000.0,-150000.0,-5.0,0.0,460000.0,0.0,0.0,459999.99999999994,630000.0,-70000.0,10000.0,-590000.0,-19.666666666666668,-600000.0,-20.0,-30000.0,-710000.0,-23.666666666666668,0.0,-710000.0,-23.666666666666668,-3.55,-3.55,200000.0,200000.0,,,1620589534,15:45:34,20210509
90,1996-09-30,BNET,USD,1996-09-30,1996-09-30,Q4,40000.0,110000.0,-80000.0,-2.0,0.0,340000.0,0.0,0.0,340000.0,450000.0,-70000.0,10000.0,-410000.0,-10.25,-420000.0,-10.5,70000.0,-420000.0,-10.5,0.0,-420000.0,-10.5,-2.21053,-2.21053,190000.0,190000.0,,,1620589534,15:45:34,20210509
91,1996-06-30,BNET,USD,1996-06-30,1996-06-30,Q3,20000.0,80000.0,-60000.0,-3.0,0.0,440000.0,0.0,0.0,440000.0,520000.0,-70000.0,10000.0,-490000.0,-24.5,-500000.0,-25.0,-10000.0,-580000.0,-29.0,0.0,-580000.0,-29.0,-3.22222,-3.22222,180000.0,180000.0,,,1620589534,15:45:34,20210509
92,1996-03-31,BNET,USD,1996-05-15 00:00:00,1996-05-15 00:00:00,Q2,10000.0,30000.0,-20000.0,-2.0,0.0,460000.0,0.0,0.0,459999.99999999994,489999.99999999994,-50000.0,0.0,-640000.0,-64.0,-480000.0,-48.0,-60000.0,-590000.0,-59.0,0.0,-590000.0,-59.0,-3.27778,-3.27778,180000.0,180000.0,https://www.sec.gov/Archives/edgar/data/875729/000087572996000001/0000875729-96-000001-index.html,https://www.sec.gov/Archives/edgar/data/875729/0000875729-96-000001.txt,1620589534,15:45:34,20210509
93,1995-12-31,BNET,USD,1995-12-31,1995-12-31,Q1,50000.0,40000.0,10000.0,0.2,0.0,430000.0,0.0,0.0,430000.0,470000.0,-50000.0,0.0,-590000.0,-11.8,-420000.0,-8.4,-60000.0,-540000.0,-10.8,0.0,-540000.0,-10.8,-3.17647,-3.17647,170000.0,170000.0,,,1620589534,15:45:34,20210509
94,1995-09-30,BNET,USD,1995-09-30,1995-09-30,Q4,40000.0,30000.0,10000.0,0.25,0.0,310000.0,0.0,0.0,310000.00000000006,340000.00000000006,-40000.0,0.0,-190000.0,-4.75,-300000.0,-7.5,200000.0,-150000.0,-3.75,0.0,-150000.0,-3.75,-0.9375,-0.9375,160000.0,160000.0,,,1620589534,15:45:34,20210509
95,1995-06-30,BNET,USD,1995-06-30,1995-06-30,Q3,30000.0,10000.0,20000.0,0.6666666666666666,0.0,950000.0,0.0,0.0,950000.0,960000.0,-20000.0,0.0,-680000.0,-22.666667,-930000.0,-31.0,300000.0,-660000.0,-22.0,0.0,-660000.0,-22.0,-4.125,-4.125,160000.0,160000.0,,,1620589534,15:45:34,20210509
96,1995-03-31,BNET,USD,1995-03-31,1995-03-31,Q2,10000.0,70000.0,-60000.0,-6.0,0.0,330000.0,0.0,0.0,330000.0,400000.0,-10000.0,0.0,-320000.0,-32.0,-390000.0,-39.0,90000.0,-310000.0,-31.0,0.0,-310000.0,-31.0,-1.9375,-1.9375,160000.0,160000.0,,,1620589534,15:45:34,20210509
