,date,symbol,reportedCurrency,fillingDate,acceptedDate,period,revenue,costOfRevenue,grossProfit,grossProfitRatio,researchAndDevelopmentExpenses,generalAndAdministrativeExpenses,sellingAndMarketingExpenses,otherExpenses,operatingExpenses,costAndExpenses,interestExpense,depreciationAndAmortization,ebitda,ebitdaratio,operatingIncome,operatingIncomeRatio,totalOtherIncomeExpensesNet,incomeBeforeTax,incomeBeforeTaxRatio,incomeTaxExpense,netIncome,netIncomeRatio,eps,epsdiluted,weightedAverageShsOut,weightedAverageShsOutDil,link,finalLink,timestamp,est_time,est_date
0,2019-09-30,0366.HK,HKD,2019-09-30,2019-09-30,Q3,162522250,106912500,55609750,0.3421669955959876,0.0,21403750,13536750.0,4082000.0,0.0,141698750,615750.0,17888250.0,38711750.0,0.23819353965380125,20823500.0,0.12812707183170305,0.0,38324500.0,0.23581078898427754,7954500.0,30570000.0,0.1880973220589796,0.0605,0.0605,505297418,505297418,https://www1.hkexnews.hk/search/titlesearch.xhtml,https://www1.hkexnews.hk/search/titlesearch.xhtml,1620584693,14:24:53,20210509
1,2019-06-30,0366.HK,HKD,2019-06-30,2019-06-30,Q2,162522250,106912500,55609750,0.3421669955959876,0.0,21403750,13536750.0,4082000.0,0.0,141698750,615750.0,17888250.0,38711750.0,0.23819353965380125,20823500.0,0.12812707183170305,0.0,38324500.0,0.23581078898427754,7954500.0,30570000.0,0.1880973220589796,0.0605,0.0605,505297418,505297418,https://www1.hkexnews.hk/search/titlesearch.xhtml,https://www1.hkexnews.hk/search/titlesearch.xhtml,1620584693,14:24:53,20210509
2,2019-03-31,0366.HK,HKD,2019-03-31,2019-03-31,Q1,162522250,106912500,55609750,0.3421669955959876,0.0,21403750,13536750.0,4082000.0,0.0,141698750,615750.0,17888250.0,38711750.0,0.23819353965380125,20823500.0,0.12812707183170305,0.0,38324500.0,0.23581078898427754,7954500.0,30570000.0,0.1880973220589796,0.0605,0.0605,505297418,505297418,https://www1.hkexnews.hk/search/titlesearch.xhtml,https://www1.hkexnews.hk/search/titlesearch.xhtml,1620584693,14:24:53,20210509
3,2019-01-31,0366.HK,HKD,2019-01-31,2019-01-31,Q1,162522250,106912500,55609750,0.3421669955959876,0.0,21403750,13536750.0,4082000.0,0.0,141698750,615750.0,17888250.0,38711750.0,0.23819353965380125,20823500.0,0.12812707183170305,0.0,38324500.0,0.23581078898427754,7954500.0,30570000.0,0.1880973220589796,0.0605,0.0605,505297418,505297418,https://www1.hkexnews.hk/search/titlesearch.xhtml,https://www1.hkexnews.hk/search/titlesearch.xhtml,1620584693,14:24:53,20210509
4,2018-09-30,0366.HK,HKD,2018-09-30,2018-09-30,Q3,180951250,120367500,60583750,0.3348070267544435,0.0,20859250,17329000.0,-1725250.0,0.0,158555750,483750.0,18165750.0,40561250.0,0.22415567728877253,22395500.0,0.12376537879677538,0.0,43213000.0,0.23881017677413116,7358000.0,36032000.0,0.1991254550604099,0.07125,0.07125,505297418,505297418,https://www1.hkexnews.hk/search/titlesearch.xhtml,https://www1.hkexnews.hk/search/titlesearch.xhtml,1620584693,14:24:53,20210509
5,2018-06-30,0366.HK,HKD,2018-06-30,2018-06-30,Q2,180951250,120367500,60583750,0.3348070267544435,0.0,20859250,17329000.0,-1725250.0,0.0,158555750,483750.0,18165750.0,40561250.0,0.22415567728877253,22395500.0,0.12376537879677538,0.0,43213000.0,0.23881017677413116,7358000.0,36032000.0,0.1991254550604099,0.07125,0.07125,505297418,505297418,https://www1.hkexnews.hk/search/titlesearch.xhtml,https://www1.hkexnews.hk/search/titlesearch.xhtml,1620584693,14:24:53,20210509
6,2018-03-31,0366.HK,HKD,2018-03-31,2018-03-31,Q1,180951250,120367500,60583750,0.3348070267544435,0.0,20859250,17329000.0,-1725250.0,0.0,158555750,483750.0,18165750.0,40561250.0,0.22415567728877253,22395500.0,0.12376537879677538,0.0,43213000.0,0.23881017677413116,7358000.0,36032000.0,0.1991254550604099,0.07125,0.07125,505297418,505297418,https://www1.hkexnews.hk/search/titlesearch.xhtml,https://www1.hkexnews.hk/search/titlesearch.xhtml,1620584693,14:24:53,20210509
7,2018-01-31,0366.HK,HKD,2018-01-31,2018-01-31,Q1,180951250,120367500,60583750,0.3348070267544435,0.0,20859250,17329000.0,-1725250.0,0.0,158555750,483750.0,18165750.0,40561250.0,0.22415567728877253,22395500.0,0.12376537879677538,0.0,43213000.0,0.23881017677413116,7358000.0,36032000.0,0.1991254550604099,0.07125,0.07125,505297418,505297418,https://www1.hkexnews.hk/search/titlesearch.xhtml,https://www1.hkexnews.hk/search/titlesearch.xhtml,1620584693,14:24:53,20210509
8,2017-09-30,0366.HK,HKD,2017-09-30,2017-09-30,Q3,166268000,107776500,58491500,0.3517904828349412,0.0,18121000,18955000.0,-103750.0,0.0,144852500,345750.0,14569250.0,35984750.0,0.21642619144994826,21415500.0,0.12880109221257247,0.0,31079000.0,0.1869211153078163,7555000.0,23604250.0,0.1419650804724902,0.04675,0.04675,505297418,505297418,https://www1.hkexnews.hk/search/titlesearch.xhtml,https://www1.hkexnews.hk/search/titlesearch.xhtml,1620584693,14:24:53,20210509
9,2017-06-30,0366.HK,HKD,2017-06-30,2017-06-30,Q2,166268000,107776500,58491500,0.3517904828349412,0.0,18121000,18955000.0,-103750.0,0.0,144852500,345750.0,14569250.0,35984750.0,0.21642619144994826,21415500.0,0.12880109221257247,0.0,31079000.0,0.1869211153078163,7555000.0,23604250.0,0.1419650804724902,0.04675,0.04675,505297418,505297418,https://www1.hkexnews.hk/search/titlesearch.xhtml,https://www1.hkexnews.hk/search/titlesearch.xhtml,1620584693,14:24:53,20210509
10,2017-03-31,0366.HK,HKD,2017-03-31,2017-03-31,Q1,166268000,107776500,58491500,0.3517904828349412,0.0,18121000,18955000.0,-103750.0,0.0,144852500,345750.0,14569250.0,35984750.0,0.21642619144994826,21415500.0,0.12880109221257247,0.0,31079000.0,0.1869211153078163,7555000.0,23604250.0,0.1419650804724902,0.04675,0.04675,505297418,505297418,https://www1.hkexnews.hk/search/titlesearch.xhtml,https://www1.hkexnews.hk/search/titlesearch.xhtml,1620584693,14:24:53,20210509
11,2017-01-31,0366.HK,HKD,2017-01-31,2017-01-31,Q1,166268000,107776500,58491500,0.3517904828349412,0.0,18121000,18955000.0,-103750.0,0.0,144852500,345750.0,14569250.0,35984750.0,0.21642619144994826,21415500.0,0.12880109221257247,0.0,31079000.0,0.1869211153078163,7555000.0,23604250.0,0.1419650804724902,0.04675,0.04675,505297418,505297418,https://www1.hkexnews.hk/search/titlesearch.xhtml,https://www1.hkexnews.hk/search/titlesearch.xhtml,1620584693,14:24:53,20210509
12,2016-09-30,0366.HK,HKD,2016-09-30,2016-09-30,Q3,155671250,100598000,55073250,0.3537791981499474,0.0,15348000,12759500.0,1576750.0,0.0,128705500,220500.0,12143750.0,39109500.0,0.2512313609609995,26965750.0,0.17322241582822775,0.0,32035000.0,0.20578623220408393,5318500.0,27993500.0,0.17982446983627356,0.0555,0.0555,505297418,505297418,https://www1.hkexnews.hk/search/titlesearch.xhtml,https://www1.hkexnews.hk/search/titlesearch.xhtml,1620584693,14:24:53,20210509
13,2016-06-30,0366.HK,HKD,2016-06-30,2016-06-30,Q2,155671250,100598000,55073250,0.3537791981499474,0.0,15348000,12759500.0,1576750.0,0.0,128705500,220500.0,12143750.0,39109500.0,0.2512313609609995,26965750.0,0.17322241582822775,0.0,32035000.0,0.20578623220408393,5318500.0,27993500.0,0.17982446983627356,0.0555,0.0555,505297418,505297418,https://www1.hkexnews.hk/search/titlesearch.xhtml,https://www1.hkexnews.hk/search/titlesearch.xhtml,1620584693,14:24:53,20210509
14,2016-03-31,0366.HK,HKD,2016-03-31,2016-03-31,Q1,155671250,100598000,55073250,0.3537791981499474,0.0,15348000,12759500.0,1576750.0,0.0,128705500,220500.0,12143750.0,39109500.0,0.2512313609609995,26965750.0,0.17322241582822775,0.0,32035000.0,0.20578623220408393,5318500.0,27993500.0,0.17982446983627356,0.0555,0.0555,505297418,505297418,https://www1.hkexnews.hk/search/titlesearch.xhtml,https://www1.hkexnews.hk/search/titlesearch.xhtml,1620584693,14:24:53,20210509
15,2016-01-31,0366.HK,HKD,2016-01-31,2016-01-31,Q1,155671250,100598000,55073250,0.3537791981499474,0.0,15348000,12759500.0,1576750.0,0.0,128705500,220500.0,12143750.0,39109500.0,0.2512313609609995,26965750.0,0.17322241582822775,0.0,32035000.0,0.20578623220408393,5318500.0,27993500.0,0.17982446983627356,0.0555,0.0555,505297418,505297418,https://www1.hkexnews.hk/search/titlesearch.xhtml,https://www1.hkexnews.hk/search/titlesearch.xhtml,1620584693,14:24:53,20210509
16,2015-09-30,0366.HK,HKD,2015-09-30,2015-09-30,Q3,152581750,97028250,55553500,0.3640900697494949,0.0,17016500,12479750.0,-207750.0,0.0,126524500,440500.0,12206750.0,38264000.0,0.25077704247067556,26057250.0,0.17077566615928838,0.0,30559750.0,0.20028443768668272,8427000.0,22395000.0,0.14677377864652882,0.04425,0.04425,505297418,505297418,https://www1.hkexnews.hk/search/titlesearch.xhtml,https://www1.hkexnews.hk/search/titlesearch.xhtml,1620584693,14:24:53,20210509
17,2015-06-30,0366.HK,HKD,2015-06-30,2015-06-30,Q2,152581750,97028250,55553500,0.3640900697494949,0.0,17016500,12479750.0,-207750.0,0.0,126524500,440500.0,12206750.0,38264000.0,0.25077704247067556,26057250.0,0.17077566615928838,0.0,30559750.0,0.20028443768668272,8427000.0,22395000.0,0.14677377864652882,0.04425,0.04425,505297418,505297418,https://www1.hkexnews.hk/search/titlesearch.xhtml,https://www1.hkexnews.hk/search/titlesearch.xhtml,1620584693,14:24:53,20210509
18,2015-03-31,0366.HK,HKD,2015-03-31,2015-03-31,Q1,152581750,97028250,55553500,0.3640900697494949,0.0,17016500,12479750.0,-207750.0,0.0,126524500,440500.0,12206750.0,38264000.0,0.25077704247067556,26057250.0,0.17077566615928838,0.0,30559750.0,0.20028443768668272,8427000.0,22395000.0,0.14677377864652882,0.04425,0.04425,505297418,505297418,https://www1.hkexnews.hk/search/titlesearch.xhtml,https://www1.hkexnews.hk/search/titlesearch.xhtml,1620584693,14:24:53,20210509
19,2015-01-31,0366.HK,HKD,2015-01-31,2015-01-31,Q1,152581750,97028250,55553500,0.3640900697494949,0.0,17016500,12479750.0,-207750.0,0.0,126524500,440500.0,12206750.0,38264000.0,0.25077704247067556,26057250.0,0.17077566615928838,0.0,30559750.0,0.20028443768668272,8427000.0,22395000.0,0.14677377864652882,0.04425,0.04425,505297418,505297418,https://www1.hkexnews.hk/search/titlesearch.xhtml,https://www1.hkexnews.hk/search/titlesearch.xhtml,1620584693,14:24:53,20210509
20,2014-09-30,0366.HK,HKD,2014-09-30,2014-09-30,Q3,155796000,98115750,57680250,0.37022933836555494,0.0,20686000,9063500.0,-6978750.0,0.0,127865250,587500.0,13799500.0,41730250.0,0.2678518703946186,27930750.0,0.17927770931217746,0.0,29737750.0,0.19087620991553056,7376000.0,23131500.0,0.14847300315797582,0.04575,0.04575,505297418,505297418,https://www1.hkexnews.hk/search/titlesearch.xhtml,https://www1.hkexnews.hk/search/titlesearch.xhtml,1620584693,14:24:53,20210509
21,2014-06-30,0366.HK,HKD,2014-06-30,2014-06-30,Q2,155796000,98115750,57680250,0.37022933836555494,0.0,20686000,9063500.0,-6978750.0,0.0,127865250,587500.0,13799500.0,41730250.0,0.2678518703946186,27930750.0,0.17927770931217746,0.0,29737750.0,0.19087620991553056,7376000.0,23131500.0,0.14847300315797582,0.04575,0.04575,505297418,505297418,https://www1.hkexnews.hk/search/titlesearch.xhtml,https://www1.hkexnews.hk/search/titlesearch.xhtml,1620584693,14:24:53,20210509
22,2014-03-31,0366.HK,HKD,2014-03-31,2014-03-31,Q1,155796000,98115750,57680250,0.37022933836555494,0.0,20686000,9063500.0,-6978750.0,0.0,127865250,587500.0,13799500.0,41730250.0,0.2678518703946186,27930750.0,0.17927770931217746,0.0,29737750.0,0.19087620991553056,7376000.0,23131500.0,0.14847300315797582,0.04575,0.04575,505297418,505297418,https://www1.hkexnews.hk/search/titlesearch.xhtml,https://www1.hkexnews.hk/search/titlesearch.xhtml,1620584693,14:24:53,20210509
23,2014-01-31,0366.HK,HKD,2014-01-31,2014-01-31,Q1,155796000,98115750,57680250,0.37022933836555494,0.0,20686000,9063500.0,-6978750.0,0.0,127865250,587500.0,13799500.0,41730250.0,0.2678518703946186,27930750.0,0.17927770931217746,0.0,29737750.0,0.19087620991553056,7376000.0,23131500.0,0.14847300315797582,0.04575,0.04575,505297418,505297418,https://www1.hkexnews.hk/search/titlesearch.xhtml,https://www1.hkexnews.hk/search/titlesearch.xhtml,1620584693,14:24:53,20210509
24,2013-09-30,0366.HK,HKD,2013-09-30,2013-09-30,Q3,149437500,94252000,55185500,0.36928816394813885,0.0,17245500,7328500.0,-27688500.0,0.0,118826000,1624000.0,12502000.0,43113500.0,0.28850522793810124,30611500.0,0.204844834797156,0.0,34809750.0,0.23293851944792973,6825250.0,33179500.0,0.2220292764533668,0.06525,0.06525,508073478,508073478,https://www1.hkexnews.hk/search/titlesearch.xhtml,https://www1.hkexnews.hk/search/titlesearch.xhtml,1620584693,14:24:53,20210509
25,2013-06-30,0366.HK,HKD,2013-06-30,2013-06-30,Q2,149437500,94252000,55185500,0.36928816394813885,0.0,17245500,7328500.0,-27688500.0,0.0,118826000,1624000.0,12502000.0,43113500.0,0.28850522793810124,30611500.0,0.204844834797156,0.0,34809750.0,0.23293851944792973,6825250.0,33179500.0,0.2220292764533668,0.06525,0.06525,508073478,508073478,https://www1.hkexnews.hk/search/titlesearch.xhtml,https://www1.hkexnews.hk/search/titlesearch.xhtml,1620584693,14:24:53,20210509
26,2013-03-31,0366.HK,HKD,2013-03-31,2013-03-31,Q1,149437500,94252000,55185500,0.36928816394813885,0.0,17245500,7328500.0,-27688500.0,0.0,118826000,1624000.0,12502000.0,43113500.0,0.28850522793810124,30611500.0,0.204844834797156,0.0,34809750.0,0.23293851944792973,6825250.0,33179500.0,0.2220292764533668,0.06525,0.06525,508073478,508073478,https://www1.hkexnews.hk/search/titlesearch.xhtml,https://www1.hkexnews.hk/search/titlesearch.xhtml,1620584693,14:24:53,20210509
27,2013-01-31,0366.HK,HKD,2013-01-31,2013-01-31,Q1,149437500,94252000,55185500,0.36928816394813885,0.0,17245500,7328500.0,-27688500.0,0.0,118826000,1624000.0,12502000.0,43113500.0,0.28850522793810124,30611500.0,0.204844834797156,0.0,34809750.0,0.23293851944792973,6825250.0,33179500.0,0.2220292764533668,0.06525,0.06525,508073478,508073478,https://www1.hkexnews.hk/search/titlesearch.xhtml,https://www1.hkexnews.hk/search/titlesearch.xhtml,1620584693,14:24:53,20210509
28,2012-09-30,0366.HK,HKD,2012-09-30,2012-09-30,Q3,167328750,105030750,62298000,0.37230900248761795,0.0,18260750,5733750.0,-4339250.0,0.0,129025250,3979250.0,12873750.0,51177250.0,0.30584851676714253,38303500.0,0.2289116484764274,0.0,42129000.0,0.25177382846641716,10052500.0,32340250.0,0.19327372014671718,0.06325,0.06325,510562046,510562046,https://www1.hkexnews.hk/search/titlesearch.xhtml,https://www1.hkexnews.hk/search/titlesearch.xhtml,1620584693,14:24:53,20210509
29,2012-06-30,0366.HK,HKD,2012-06-30,2012-06-30,Q2,167328750,105030750,62298000,0.37230900248761795,0.0,18260750,5733750.0,-4339250.0,0.0,129025250,3979250.0,12873750.0,51177250.0,0.30584851676714253,38303500.0,0.2289116484764274,0.0,42129000.0,0.25177382846641716,10052500.0,32340250.0,0.19327372014671718,0.06325,0.06325,510562046,510562046,https://www1.hkexnews.hk/search/titlesearch.xhtml,https://www1.hkexnews.hk/search/titlesearch.xhtml,1620584693,14:24:53,20210509
30,2012-03-31,0366.HK,HKD,2012-03-31,2012-03-31,Q1,167328750,105030750,62298000,0.37230900248761795,0.0,18260750,5733750.0,-4339250.0,0.0,129025250,3979250.0,12873750.0,51177250.0,0.30584851676714253,38303500.0,0.2289116484764274,0.0,42129000.0,0.25177382846641716,10052500.0,32340250.0,0.19327372014671718,0.06325,0.06325,510562046,510562046,https://www1.hkexnews.hk/search/titlesearch.xhtml,https://www1.hkexnews.hk/search/titlesearch.xhtml,1620584693,14:24:53,20210509
31,2012-01-31,0366.HK,HKD,2012-01-31,2012-01-31,Q1,167328750,105030750,62298000,0.37230900248761795,0.0,18260750,5733750.0,-4339250.0,0.0,129025250,3979250.0,12873750.0,51177250.0,0.30584851676714253,38303500.0,0.2289116484764274,0.0,42129000.0,0.25177382846641716,10052500.0,32340250.0,0.19327372014671718,0.06325,0.06325,510562046,510562046,https://www1.hkexnews.hk/search/titlesearch.xhtml,https://www1.hkexnews.hk/search/titlesearch.xhtml,1620584693,14:24:53,20210509
32,2011-09-30,0366.HK,HKD,2011-09-30,2011-09-30,Q3,203865750,127252250,76613500,0.37580368453259066,0.0,17650500,11425000.0,0.0,0.0,173859250,0.0,13950250.0,43956750.0,0.2156161591635672,30006500.0,0.14718754866867043,0.0,27189500.0,0.1333696317306855,11651500.0,15999250.0,0.07847934241038526,0.03125205742182329,0.031239769838173025,511942295,512143658,https://www1.hkexnews.hk/search/titlesearch.xhtml,https://www1.hkexnews.hk/search/titlesearch.xhtml,1620584693,14:24:53,20210509
33,2011-06-30,0366.HK,HKD,2011-06-30,2011-06-30,Q2,203865750,127252250,76613500,0.37580368453259066,0.0,17650500,11425000.0,0.0,0.0,173859250,0.0,13950250.0,43956750.0,0.2156161591635672,30006500.0,0.14718754866867043,0.0,27189500.0,0.1333696317306855,11651500.0,15999250.0,0.07847934241038526,0.03125205742182329,0.031239769838173025,511942295,512143658,https://www1.hkexnews.hk/search/titlesearch.xhtml,https://www1.hkexnews.hk/search/titlesearch.xhtml,1620584693,14:24:53,20210509
34,2011-03-31,0366.HK,HKD,2011-03-31,2011-03-31,Q1,203865750,127252250,76613500,0.37580368453259066,0.0,17650500,11425000.0,0.0,0.0,173859250,0.0,13950250.0,43956750.0,0.2156161591635672,30006500.0,0.14718754866867043,0.0,27189500.0,0.1333696317306855,11651500.0,15999250.0,0.07847934241038526,0.03125205742182329,0.031239769838173025,511942295,512143658,https://www1.hkexnews.hk/search/titlesearch.xhtml,https://www1.hkexnews.hk/search/titlesearch.xhtml,1620584693,14:24:53,20210509
35,2011-01-31,0366.HK,HKD,2011-01-31,2011-01-31,Q1,203865750,127252250,76613500,0.37580368453259066,0.0,17650500,11425000.0,0.0,0.0,173859250,0.0,13950250.0,43956750.0,0.2156161591635672,30006500.0,0.14718754866867043,0.0,27189500.0,0.1333696317306855,11651500.0,15999250.0,0.07847934241038526,0.03125205742182329,0.031239769838173025,511942295,512143658,https://www1.hkexnews.hk/search/titlesearch.xhtml,https://www1.hkexnews.hk/search/titlesearch.xhtml,1620584693,14:24:53,20210509
36,2010-09-30,0366.HK,HKD,2010-09-30,2010-09-30,Q3,209610250,137090500,72519750,0.34597425459871356,0.0,20724000,17247750.0,0.0,0.0,181757000,10011500.0,15442250.0,43295500.0,0.2065523990358296,27853250.0,0.13288114488676006,0.0,16937250.0,0.08080353894907334,5923000.0,11344250.0,0.054120683506651036,0.022183019179961367,0.022162675973806015,511393418,511862828,https://www1.hkexnews.hk/search/titlesearch.xhtml,https://www1.hkexnews.hk/search/titlesearch.xhtml,1620584693,14:24:53,20210509
37,2010-06-30,0366.HK,HKD,2010-06-30,2010-06-30,Q2,209610250,137090500,72519750,0.34597425459871356,0.0,20724000,17247750.0,0.0,0.0,181757000,10011500.0,15442250.0,43295500.0,0.2065523990358296,27853250.0,0.13288114488676006,0.0,16937250.0,0.08080353894907334,5923000.0,11344250.0,0.054120683506651036,0.022183019179961367,0.022162675973806015,511393418,511862828,https://www1.hkexnews.hk/search/titlesearch.xhtml,https://www1.hkexnews.hk/search/titlesearch.xhtml,1620584693,14:24:53,20210509
38,2010-03-31,0366.HK,HKD,2010-03-31,2010-03-31,Q1,209610250,137090500,72519750,0.34597425459871356,0.0,20724000,17247750.0,0.0,0.0,181757000,10011500.0,15442250.0,43295500.0,0.2065523990358296,27853250.0,0.13288114488676006,0.0,16937250.0,0.08080353894907334,5923000.0,11344250.0,0.054120683506651036,0.022183019179961367,0.022162675973806015,511393418,511862828,https://www1.hkexnews.hk/search/titlesearch.xhtml,https://www1.hkexnews.hk/search/titlesearch.xhtml,1620584693,14:24:53,20210509
39,2010-01-31,0366.HK,HKD,2010-01-31,2010-01-31,Q1,209610250,137090500,72519750,0.34597425459871356,0.0,20724000,17247750.0,0.0,0.0,181757000,10011500.0,15442250.0,43295500.0,0.2065523990358296,27853250.0,0.13288114488676006,0.0,16937250.0,0.08080353894907334,5923000.0,11344250.0,0.054120683506651036,0.022183019179961367,0.022162675973806015,511393418,511862828,https://www1.hkexnews.hk/search/titlesearch.xhtml,https://www1.hkexnews.hk/search/titlesearch.xhtml,1620584693,14:24:53,20210509
40,2009-09-30,0366.HK,HKD,2009-09-30,2009-09-30,Q3,180458250,90598250,89860000,0.49795451302448074,0.0,25043500,15588250.0,-998750.0,0.0,137254500,6061750.0,8868500.0,52072250.0,0.2885556631520033,43203750.0,0.23941133198399075,0.0,36143500.0,0.20028732407634453,9955750.0,26763750.0,0.14830992764254336,0.052295564599084514,0.052242078435877394,511778584,512302550,https://www1.hkexnews.hk/search/titlesearch.xhtml,https://www1.hkexnews.hk/search/titlesearch.xhtml,1620584693,14:24:53,20210509
41,2009-06-30,0366.HK,HKD,2009-06-30,2009-06-30,Q2,180458250,90598250,89860000,0.49795451302448074,0.0,25043500,15588250.0,-998750.0,0.0,137254500,6061750.0,8868500.0,52072250.0,0.2885556631520033,43203750.0,0.23941133198399075,0.0,36143500.0,0.20028732407634453,9955750.0,26763750.0,0.14830992764254336,0.052295564599084514,0.052242078435877394,511778584,512302550,https://www1.hkexnews.hk/search/titlesearch.xhtml,https://www1.hkexnews.hk/search/titlesearch.xhtml,1620584693,14:24:53,20210509
42,2009-03-31,0366.HK,HKD,2009-03-31,2009-03-31,Q1,180458250,90598250,89860000,0.49795451302448074,0.0,25043500,15588250.0,-998750.0,0.0,137254500,6061750.0,8868500.0,52072250.0,0.2885556631520033,43203750.0,0.23941133198399075,0.0,36143500.0,0.20028732407634453,9955750.0,26763750.0,0.14830992764254336,0.052295564599084514,0.052242078435877394,511778584,512302550,https://www1.hkexnews.hk/search/titlesearch.xhtml,https://www1.hkexnews.hk/search/titlesearch.xhtml,1620584693,14:24:53,20210509
43,2009-01-31,0366.HK,HKD,2009-01-31,2009-01-31,Q1,180458250,90598250,89860000,0.49795451302448074,0.0,25043500,15588250.0,-998750.0,0.0,137254500,6061750.0,8868500.0,52072250.0,0.2885556631520033,43203750.0,0.23941133198399075,0.0,36143500.0,0.20028732407634453,9955750.0,26763750.0,0.14830992764254336,0.052295564599084514,0.052242078435877394,511778584,512302550,https://www1.hkexnews.hk/search/titlesearch.xhtml,https://www1.hkexnews.hk/search/titlesearch.xhtml,1620584693,14:24:53,20210509
44,2008-09-30,0366.HK,HKD,2008-09-30,2008-09-30,Q3,148686500,68669250,80017250,0.5381608283199887,0.0,24667000,10359000.0,-605500.0,0.0,39084250,5467000.0,7109750.0,116712000.0,0.7849535768210295,109602250.0,0.7371365255083683,0.0,103305500.0,0.6947873546017964,25867250.0,78096000.0,0.5252393458720194,0.14125,0.141,552483742,553626691,https://www1.hkexnews.hk/search/titlesearch.xhtml,https://www1.hkexnews.hk/search/titlesearch.xhtml,1620584693,14:24:53,20210509
45,2008-06-30,0366.HK,HKD,2008-06-30,2008-06-30,Q2,148686500,68669250,80017250,0.5381608283199887,0.0,24667000,10359000.0,-605500.0,0.0,39084250,5467000.0,7109750.0,116712000.0,0.7849535768210295,109602250.0,0.7371365255083683,0.0,103305500.0,0.6947873546017964,25867250.0,78096000.0,0.5252393458720194,0.14125,0.141,552483742,553626691,https://www1.hkexnews.hk/search/titlesearch.xhtml,https://www1.hkexnews.hk/search/titlesearch.xhtml,1620584693,14:24:53,20210509
46,2008-03-31,0366.HK,HKD,2008-03-31,2008-03-31,Q1,148686500,68669250,80017250,0.5381608283199887,0.0,24667000,10359000.0,-605500.0,0.0,39084250,5467000.0,7109750.0,116712000.0,0.7849535768210295,109602250.0,0.7371365255083683,0.0,103305500.0,0.6947873546017964,25867250.0,78096000.0,0.5252393458720194,0.14125,0.141,552483742,553626691,https://www1.hkexnews.hk/search/titlesearch.xhtml,https://www1.hkexnews.hk/search/titlesearch.xhtml,1620584693,14:24:53,20210509
47,2008-01-31,0366.HK,HKD,2008-01-31,2008-01-31,Q1,148686500,68669250,80017250,0.5381608283199887,0.0,24667000,10359000.0,-605500.0,0.0,39084250,5467000.0,7109750.0,116712000.0,0.7849535768210295,109602250.0,0.7371365255083683,0.0,103305500.0,0.6947873546017964,25867250.0,78096000.0,0.5252393458720194,0.14125,0.141,552483742,553626691,https://www1.hkexnews.hk/search/titlesearch.xhtml,https://www1.hkexnews.hk/search/titlesearch.xhtml,1620584693,14:24:53,20210509
48,2007-09-30,0366.HK,HKD,2007-09-30,2007-09-30,Q3,132312750,63068250,69244500,0.5233395874547238,0.0,19577750,12406500.0,0.0,0.0,96291000,0.0,8020500.0,44042250.0,0.33286474659471593,36021750.0,0.27224700567405635,0.0,89030000.0,0.6728754409533473,14054500.0,74975500.0,0.5666536293743423,0.1385,0.1375,546281588,550254545,https://www1.hkexnews.hk/search/titlesearch.xhtml,https://www1.hkexnews.hk/search/titlesearch.xhtml,1620584693,14:24:53,20210509
49,2007-06-30,0366.HK,HKD,2007-06-30,2007-06-30,Q2,132312750,63068250,69244500,0.5233395874547238,0.0,19577750,12406500.0,0.0,0.0,96291000,0.0,8020500.0,44042250.0,0.33286474659471593,36021750.0,0.27224700567405635,0.0,89030000.0,0.6728754409533473,14054500.0,74975500.0,0.5666536293743423,0.1385,0.1375,546281588,550254545,https://www1.hkexnews.hk/search/titlesearch.xhtml,https://www1.hkexnews.hk/search/titlesearch.xhtml,1620584693,14:24:53,20210509
50,2007-03-31,0366.HK,HKD,2007-03-31,2007-03-31,Q1,132312750,63068250,69244500,0.5233395874547238,0.0,19577750,12406500.0,0.0,0.0,96291000,0.0,8020500.0,44042250.0,0.33286474659471593,36021750.0,0.27224700567405635,0.0,89030000.0,0.6728754409533473,14054500.0,74975500.0,0.5666536293743423,0.1385,0.1375,546281588,550254545,https://www1.hkexnews.hk/search/titlesearch.xhtml,https://www1.hkexnews.hk/search/titlesearch.xhtml,1620584693,14:24:53,20210509
51,2007-01-31,0366.HK,HKD,2007-01-31,2007-01-31,Q1,132312750,63068250,69244500,0.5233395874547238,0.0,19577750,12406500.0,0.0,0.0,96291000,0.0,8020500.0,44042250.0,0.33286474659471593,36021750.0,0.27224700567405635,0.0,89030000.0,0.6728754409533473,14054500.0,74975500.0,0.5666536293743423,0.1385,0.1375,546281588,550254545,https://www1.hkexnews.hk/search/titlesearch.xhtml,https://www1.hkexnews.hk/search/titlesearch.xhtml,1620584693,14:24:53,20210509
52,2006-09-30,0366.HK,HKD,2006-09-30,2006-09-30,Q3,93436000,43333250,50102750,0.5362253307076501,0.0,17691500,6536000.0,0.0,0.0,88694500,0.0,4656500.0,9398000.0,0.10058221670448221,4741500.0,0.05074596515261783,0.0,65284250.0,0.6987055310586926,15721500.0,49562750.0,0.5304459737146282,0.1015,0.09975,493455665,502112782,https://www1.hkexnews.hk/search/titlesearch.xhtml,https://www1.hkexnews.hk/search/titlesearch.xhtml,1620584693,14:24:53,20210509
53,2006-06-30,0366.HK,HKD,2006-06-30,2006-06-30,Q2,93436000,43333250,50102750,0.5362253307076501,0.0,17691500,6536000.0,0.0,0.0,88694500,0.0,4656500.0,9398000.0,0.10058221670448221,4741500.0,0.05074596515261783,0.0,65284250.0,0.6987055310586926,15721500.0,49562750.0,0.5304459737146282,0.1015,0.09975,493455665,502112782,https://www1.hkexnews.hk/search/titlesearch.xhtml,https://www1.hkexnews.hk/search/titlesearch.xhtml,1620584693,14:24:53,20210509
54,2006-03-31,0366.HK,HKD,2006-03-31,2006-03-31,Q1,93436000,43333250,50102750,0.5362253307076501,0.0,17691500,6536000.0,0.0,0.0,88694500,0.0,4656500.0,9398000.0,0.10058221670448221,4741500.0,0.05074596515261783,0.0,65284250.0,0.6987055310586926,15721500.0,49562750.0,0.5304459737146282,0.1015,0.09975,493455665,502112782,https://www1.hkexnews.hk/search/titlesearch.xhtml,https://www1.hkexnews.hk/search/titlesearch.xhtml,1620584693,14:24:53,20210509
55,2006-01-31,0366.HK,HKD,2006-01-31,2006-01-31,Q1,93436000,43333250,50102750,0.5362253307076501,0.0,17691500,6536000.0,0.0,0.0,88694500,0.0,4656500.0,9398000.0,0.10058221670448221,4741500.0,0.05074596515261783,0.0,65284250.0,0.6987055310586926,15721500.0,49562750.0,0.5304459737146282,0.1015,0.09975,493455665,502112782,https://www1.hkexnews.hk/search/titlesearch.xhtml,https://www1.hkexnews.hk/search/titlesearch.xhtml,1620584693,14:24:53,20210509
56,2005-09-30,0366.HK,HKD,2005-09-30,2005-09-30,Q3,78268500,38980000,39288500,0.5019707800711652,0.0,15238500,6424500.0,0.0,0.0,107275500,0.0,4966250.0,-24040750.0,-0.3071574132633179,-29007000.0,-0.3706088656356005,0.0,14736750.0,0.18828455892217175,8327750.0,6409000.0,0.08188479401036176,0.01125,0.01125,498066667,498066667,https://www1.hkexnews.hk/search/titlesearch.xhtml,https://www1.hkexnews.hk/search/titlesearch.xhtml,1620584693,14:24:53,20210509
57,2005-06-30,0366.HK,HKD,2005-06-30,2005-06-30,Q2,78268500,38980000,39288500,0.5019707800711652,0.0,15238500,6424500.0,0.0,0.0,107275500,0.0,4966250.0,-24040750.0,-0.3071574132633179,-29007000.0,-0.3706088656356005,0.0,14736750.0,0.18828455892217175,8327750.0,6409000.0,0.08188479401036176,0.01125,0.01125,498066667,498066667,https://www1.hkexnews.hk/search/titlesearch.xhtml,https://www1.hkexnews.hk/search/titlesearch.xhtml,1620584693,14:24:53,20210509
58,2005-03-31,0366.HK,HKD,2005-03-31,2005-03-31,Q1,78268500,38980000,39288500,0.5019707800711652,0.0,15238500,6424500.0,0.0,0.0,107275500,0.0,4966250.0,-24040750.0,-0.3071574132633179,-29007000.0,-0.3706088656356005,0.0,14736750.0,0.18828455892217175,8327750.0,6409000.0,0.08188479401036176,0.01125,0.01125,498066667,498066667,https://www1.hkexnews.hk/search/titlesearch.xhtml,https://www1.hkexnews.hk/search/titlesearch.xhtml,1620584693,14:24:53,20210509
59,2005-01-31,0366.HK,HKD,2005-01-31,2005-01-31,Q1,78268500,38980000,39288500,0.5019707800711652,0.0,15238500,6424500.0,0.0,0.0,107275500,0.0,4966250.0,-24040750.0,-0.3071574132633179,-29007000.0,-0.3706088656356005,0.0,14736750.0,0.18828455892217175,8327750.0,6409000.0,0.08188479401036176,0.01125,0.01125,498066667,498066667,https://www1.hkexnews.hk/search/titlesearch.xhtml,https://www1.hkexnews.hk/search/titlesearch.xhtml,1620584693,14:24:53,20210509
60,2004-09-30,0366.HK,HKD,2004-09-30,2004-09-30,Q3,69536000,34862500,34673500,0.49864099171652093,0.0,16745750,3372750.0,0.0,0.0,66575500,0.0,5906500.0,8867000.0,0.1275166820064427,2960500.0,0.04257506902899218,0.0,12293500.0,0.17679331569259088,1577250.0,7658000.0,0.11013000460193281,0.0185,0.01825,413945946,419616438,https://www1.hkexnews.hk/search/titlesearch.xhtml,https://www1.hkexnews.hk/search/titlesearch.xhtml,1620584693,14:24:53,20210509
61,2004-06-30,0366.HK,HKD,2004-06-30,2004-06-30,Q2,69536000,34862500,34673500,0.49864099171652093,0.0,16745750,3372750.0,0.0,0.0,66575500,0.0,5906500.0,8867000.0,0.1275166820064427,2960500.0,0.04257506902899218,0.0,12293500.0,0.17679331569259088,1577250.0,7658000.0,0.11013000460193281,0.0185,0.01825,413945946,419616438,https://www1.hkexnews.hk/search/titlesearch.xhtml,https://www1.hkexnews.hk/search/titlesearch.xhtml,1620584693,14:24:53,20210509
62,2004-03-31,0366.HK,HKD,2004-03-31,2004-03-31,Q1,69536000,34862500,34673500,0.49864099171652093,0.0,16745750,3372750.0,0.0,0.0,66575500,0.0,5906500.0,8867000.0,0.1275166820064427,2960500.0,0.04257506902899218,0.0,12293500.0,0.17679331569259088,1577250.0,7658000.0,0.11013000460193281,0.0185,0.01825,413945946,419616438,https://www1.hkexnews.hk/search/titlesearch.xhtml,https://www1.hkexnews.hk/search/titlesearch.xhtml,1620584693,14:24:53,20210509
63,2004-01-31,0366.HK,HKD,2004-01-31,2004-01-31,Q1,69536000,34862500,34673500,0.49864099171652093,0.0,16745750,3372750.0,0.0,0.0,66575500,0.0,5906500.0,8867000.0,0.1275166820064427,2960500.0,0.04257506902899218,0.0,12293500.0,0.17679331569259088,1577250.0,7658000.0,0.11013000460193281,0.0185,0.01825,413945946,419616438,https://www1.hkexnews.hk/search/titlesearch.xhtml,https://www1.hkexnews.hk/search/titlesearch.xhtml,1620584693,14:24:53,20210509
64,2003-09-30,0366.HK,HKD,2003-09-30,2003-09-30,Q3,62573750,30248750,32325000,0.5165904233005054,0.0,16528500,2939250.0,0.0,0.0,57593500,0.0,5858750.0,10839000.0,0.17321960087097224,4980250.0,0.07959008370123255,0.0,8732000.0,0.13954733414570805,788000.0,5045750.0,0.08063684851874788,0.016,0.0155,315359375,325532258,https://www1.hkexnews.hk/search/titlesearch.xhtml,https://www1.hkexnews.hk/search/titlesearch.xhtml,1620584693,14:24:53,20210509
65,2003-06-30,0366.HK,HKD,2003-06-30,2003-06-30,Q2,62573750,30248750,32325000,0.5165904233005054,0.0,16528500,2939250.0,0.0,0.0,57593500,0.0,5858750.0,10839000.0,0.17321960087097224,4980250.0,0.07959008370123255,0.0,8732000.0,0.13954733414570805,788000.0,5045750.0,0.08063684851874788,0.016,0.0155,315359375,325532258,https://www1.hkexnews.hk/search/titlesearch.xhtml,https://www1.hkexnews.hk/search/titlesearch.xhtml,1620584693,14:24:53,20210509
66,2003-03-31,0366.HK,HKD,2003-03-31,2003-03-31,Q1,62573750,30248750,32325000,0.5165904233005054,0.0,16528500,2939250.0,0.0,0.0,57593500,0.0,5858750.0,10839000.0,0.17321960087097224,4980250.0,0.07959008370123255,0.0,8732000.0,0.13954733414570805,788000.0,5045750.0,0.08063684851874788,0.016,0.0155,315359375,325532258,https://www1.hkexnews.hk/search/titlesearch.xhtml,https://www1.hkexnews.hk/search/titlesearch.xhtml,1620584693,14:24:53,20210509
67,2003-01-31,0366.HK,HKD,2003-01-31,2003-01-31,Q1,62573750,30248750,32325000,0.5165904233005054,0.0,16528500,2939250.0,0.0,0.0,57593500,0.0,5858750.0,10839000.0,0.17321960087097224,4980250.0,0.07959008370123255,0.0,8732000.0,0.13954733414570805,788000.0,5045750.0,0.08063684851874788,0.016,0.0155,315359375,325532258,https://www1.hkexnews.hk/search/titlesearch.xhtml,https://www1.hkexnews.hk/search/titlesearch.xhtml,1620584693,14:24:53,20210509
68,2002-09-30,0366.HK,HKD,2002-09-30,2002-09-30,Q3,54430000,28443250,25986750,0.4774343193092045,0.0,17260750,2180750.0,0.0,0.0,50670000,0.0,0.0,3760000.0,14.476063829787234,3760000.0,0.06907955171780268,0.0,14812500.0,0.27213852654785964,90750.0,13089500.0,0.24048318941760058,0.0425,0.0425,307988235,307988235,https://www1.hkexnews.hk/search/titlesearch.xhtml,https://www1.hkexnews.hk/search/titlesearch.xhtml,1620584693,14:24:53,20210509
69,2002-06-30,0366.HK,HKD,2002-06-30,2002-06-30,Q2,54430000,28443250,25986750,0.4774343193092045,0.0,17260750,2180750.0,0.0,0.0,50670000,0.0,0.0,3760000.0,14.476063829787234,3760000.0,0.06907955171780268,0.0,14812500.0,0.27213852654785964,90750.0,13089500.0,0.24048318941760058,0.0425,0.0425,307988235,307988235,https://www1.hkexnews.hk/search/titlesearch.xhtml,https://www1.hkexnews.hk/search/titlesearch.xhtml,1620584693,14:24:53,20210509
70,2002-03-31,0366.HK,HKD,2002-03-31,2002-03-31,Q1,54430000,28443250,25986750,0.4774343193092045,0.0,17260750,2180750.0,0.0,0.0,50670000,0.0,0.0,3760000.0,14.476063829787234,3760000.0,0.06907955171780268,0.0,14812500.0,0.27213852654785964,90750.0,13089500.0,0.24048318941760058,0.0425,0.0425,307988235,307988235,https://www1.hkexnews.hk/search/titlesearch.xhtml,https://www1.hkexnews.hk/search/titlesearch.xhtml,1620584693,14:24:53,20210509
71,2002-01-31,0366.HK,HKD,2002-01-31,2002-01-31,Q1,54430000,28443250,25986750,0.4774343193092045,0.0,17260750,2180750.0,0.0,0.0,50670000,0.0,0.0,3760000.0,14.476063829787234,3760000.0,0.06907955171780268,0.0,14812500.0,0.27213852654785964,90750.0,13089500.0,0.24048318941760058,0.0425,0.0425,307988235,307988235,https://www1.hkexnews.hk/search/titlesearch.xhtml,https://www1.hkexnews.hk/search/titlesearch.xhtml,1620584693,14:24:53,20210509
72,2001-09-30,0366.HK,HKD,2001-09-30,2001-09-30,Q3,43758250,25623250,18135000,0.4144361349002759,0.0,16059250,0.0,0.0,0.0,43688500,0.0,0.0,69750.0,627.3584229390681,69750.0,0.0015939851342318305,0.0,9993750.0,0.2283855044477327,0.0,9115500.0,0.20831500345649107,0.0275,0.0275,331472727,331472727,https://www1.hkexnews.hk/search/titlesearch.xhtml,https://www1.hkexnews.hk/search/titlesearch.xhtml,1620584693,14:24:53,20210509
73,2001-06-30,0366.HK,HKD,2001-06-30,2001-06-30,Q2,43758250,25623250,18135000,0.4144361349002759,0.0,16059250,0.0,0.0,0.0,43688500,0.0,0.0,69750.0,627.3584229390681,69750.0,0.0015939851342318305,0.0,9993750.0,0.2283855044477327,0.0,9115500.0,0.20831500345649107,0.0275,0.0275,331472727,331472727,https://www1.hkexnews.hk/search/titlesearch.xhtml,https://www1.hkexnews.hk/search/titlesearch.xhtml,1620584693,14:24:53,20210509
74,2001-03-31,0366.HK,HKD,2001-03-31,2001-03-31,Q1,43758250,25623250,18135000,0.4144361349002759,0.0,16059250,0.0,0.0,0.0,43688500,0.0,0.0,69750.0,627.3584229390681,69750.0,0.0015939851342318305,0.0,9993750.0,0.2283855044477327,0.0,9115500.0,0.20831500345649107,0.0275,0.0275,331472727,331472727,https://www1.hkexnews.hk/search/titlesearch.xhtml,https://www1.hkexnews.hk/search/titlesearch.xhtml,1620584693,14:24:53,20210509
75,2001-01-31,0366.HK,HKD,2001-01-31,2001-01-31,Q1,43758250,25623250,18135000,0.4144361349002759,0.0,16059250,0.0,0.0,0.0,43688500,0.0,0.0,69750.0,627.3584229390681,69750.0,0.0015939851342318305,0.0,9993750.0,0.2283855044477327,0.0,9115500.0,0.20831500345649107,0.0275,0.0275,331472727,331472727,https://www1.hkexnews.hk/search/titlesearch.xhtml,https://www1.hkexnews.hk/search/titlesearch.xhtml,1620584693,14:24:53,20210509
76,2000-09-30,0366.HK,HKD,2000-09-30,2000-09-30,Q3,33215750,19748000,13467750,0.40546276992089597,0.0,16825500,0.0,0.0,0.0,60030500,0.0,0.0,-26814750.0,-1.2387119029638538,-26814750.0,-0.8072902162377787,0.0,-167126500.0,-5.031543770650972,0.0,-166535500.0,-5.01375100667605,-0.49,-0.49,339868367,339868367,https://www1.hkexnews.hk/search/titlesearch.xhtml,https://www1.hkexnews.hk/search/titlesearch.xhtml,1620584693,14:24:53,20210509
77,2000-06-30,0366.HK,HKD,2000-06-30,2000-06-30,Q2,33215750,19748000,13467750,0.40546276992089597,0.0,16825500,0.0,0.0,0.0,60030500,0.0,0.0,-26814750.0,-1.2387119029638538,-26814750.0,-0.8072902162377787,0.0,-167126500.0,-5.031543770650972,0.0,-166535500.0,-5.01375100667605,-0.49,-0.49,339868367,339868367,https://www1.hkexnews.hk/search/titlesearch.xhtml,https://www1.hkexnews.hk/search/titlesearch.xhtml,1620584693,14:24:53,20210509
78,2000-03-31,0366.HK,HKD,2000-03-31,2000-03-31,Q1,33215750,19748000,13467750,0.40546276992089597,0.0,16825500,0.0,0.0,0.0,60030500,0.0,0.0,-26814750.0,-1.2387119029638538,-26814750.0,-0.8072902162377787,0.0,-167126500.0,-5.031543770650972,0.0,-166535500.0,-5.01375100667605,-0.49,-0.49,339868367,339868367,https://www1.hkexnews.hk/search/titlesearch.xhtml,https://www1.hkexnews.hk/search/titlesearch.xhtml,1620584693,14:24:53,20210509
79,2000-01-31,0366.HK,HKD,2000-01-31,2000-01-31,Q1,33215750,19748000,13467750,0.40546276992089597,0.0,16825500,0.0,0.0,0.0,60030500,0.0,0.0,-26814750.0,-1.2387119029638538,-26814750.0,-0.8072902162377787,0.0,-167126500.0,-5.031543770650972,0.0,-166535500.0,-5.01375100667605,-0.49,-0.49,339868367,339868367,https://www1.hkexnews.hk/search/titlesearch.xhtml,https://www1.hkexnews.hk/search/titlesearch.xhtml,1620584693,14:24:53,20210509
