,date,symbol,reportedCurrency,fillingDate,acceptedDate,period,revenue,costOfRevenue,grossProfit,grossProfitRatio,researchAndDevelopmentExpenses,generalAndAdministrativeExpenses,sellingAndMarketingExpenses,otherExpenses,operatingExpenses,costAndExpenses,interestExpense,depreciationAndAmortization,ebitda,ebitdaratio,operatingIncome,operatingIncomeRatio,totalOtherIncomeExpensesNet,incomeBeforeTax,incomeBeforeTaxRatio,incomeTaxExpense,netIncome,netIncomeRatio,eps,epsdiluted,weightedAverageShsOut,weightedAverageShsOutDil,link,finalLink,timestamp,est_time,est_date
0,2019-06-30,SFE.L,GBP,2019-06-30,2019-06-30,Q2,31559250.0,23584250.0,7975000.0,0.25269928784746154,0.0,0.0,0.0,0.0,8583000.0,32167250.0,131500.0,1723000.0,1115000.0,0.035330370652027536,-608000.0,-0.019265350095455373,0.0,-958000.0,-0.030355600972773435,-131500.0,-826500.0,-0.026188835286009647,-0.009980799188494004,-0.00918588496804668,82809000,89975000,https://find-and-update.company-information.service.gov.uk/search/companies?q=Safestyle+UK+PLC,https://find-and-update.company-information.service.gov.uk/search/companies?q=Safestyle+UK+PLC,1620597785,18:03:05,20210509
1,2019-03-31,SFE.L,GBP,2019-03-31,2019-03-31,Q1,31559250.0,23584250.0,7975000.0,0.25269928784746154,0.0,0.0,0.0,0.0,8583000.0,32167250.0,131500.0,1723000.0,1115000.0,0.035330370652027536,-608000.0,-0.019265350095455373,0.0,-958000.0,-0.030355600972773435,-131500.0,-826500.0,-0.026188835286009647,-0.009980799188494004,-0.00918588496804668,82809000,89975000,https://find-and-update.company-information.service.gov.uk/search/companies?q=Safestyle+UK+PLC,https://find-and-update.company-information.service.gov.uk/search/companies?q=Safestyle+UK+PLC,1620597785,18:03:05,20210509
2,2019-01-31,SFE.L,GBP,2019-01-31,2019-01-31,Q1,31559250.0,23584250.0,7975000.0,0.25269928784746154,0.0,0.0,0.0,0.0,8583000.0,32167250.0,131500.0,1723000.0,1115000.0,0.035330370652027536,-608000.0,-0.019265350095455373,0.0,-958000.0,-0.030355600972773435,-131500.0,-826500.0,-0.026188835286009647,-0.009980799188494004,-0.00918588496804668,82809000,89975000,https://find-and-update.company-information.service.gov.uk/search/companies?q=Safestyle+UK+PLC,https://find-and-update.company-information.service.gov.uk/search/companies?q=Safestyle+UK+PLC,1620597785,18:03:05,20210509
3,2018-06-30,SFE.L,GBP,2018-06-30,2018-06-30,Q2,29106500.0,22637250.0,6469250.0,0.22226135055743562,0.0,0.0,0.0,0.0,10501000.0,33138250.0,0.0,528750.0,-3503000.0,-0.12035112431931012,-4031750.0,-0.13851716970436156,0.0,-4065500.0,-0.13967670451617337,-741000.0,-3324500.0,-0.11421847353683885,-0.04014660242244201,-0.039075447525241246,82809000,85079000,https://find-and-update.company-information.service.gov.uk/search/companies?q=Safestyle+UK+PLC,https://find-and-update.company-information.service.gov.uk/search/companies?q=Safestyle+UK+PLC,1620597785,18:03:05,20210509
4,2018-03-31,SFE.L,GBP,2018-03-31,2018-03-31,Q1,29106500.0,22637250.0,6469250.0,0.22226135055743562,0.0,0.0,0.0,0.0,10501000.0,33138250.0,0.0,528750.0,-3503000.0,-0.12035112431931012,-4031750.0,-0.13851716970436156,0.0,-4065500.0,-0.13967670451617337,-741000.0,-3324500.0,-0.11421847353683885,-0.04014660242244201,-0.039075447525241246,82809000,85079000,https://find-and-update.company-information.service.gov.uk/search/companies?q=Safestyle+UK+PLC,https://find-and-update.company-information.service.gov.uk/search/companies?q=Safestyle+UK+PLC,1620597785,18:03:05,20210509
5,2018-01-31,SFE.L,GBP,2018-01-31,2018-01-31,Q1,29106500.0,22637250.0,6469250.0,0.22226135055743562,0.0,0.0,0.0,0.0,10501000.0,33138250.0,0.0,528750.0,-3503000.0,-0.12035112431931012,-4031750.0,-0.13851716970436156,0.0,-4065500.0,-0.13967670451617337,-741000.0,-3324500.0,-0.11421847353683885,-0.04014660242244201,-0.039075447525241246,82809000,85079000,https://find-and-update.company-information.service.gov.uk/search/companies?q=Safestyle+UK+PLC,https://find-and-update.company-information.service.gov.uk/search/companies?q=Safestyle+UK+PLC,1620597785,18:03:05,20210509
6,2017-06-30,SFE.L,GBP,2017-06-30,2017-06-30,Q2,39638000.0,26783250.0,12854750.0,0.324303698471164,0.0,0.0,0.0,0.0,9407500.0,36190750.0,2500.0,432500.0,3879750.0,0.09787956001816439,3447250.0,0.0869683132347747,0.0,3453500.0,0.08712599021141329,746500.0,2707000.0,0.06829305212170139,0.03275,0.0325,82883000,83279000,https://find-and-update.company-information.service.gov.uk/search/companies?q=Safestyle+UK+PLC,https://find-and-update.company-information.service.gov.uk/search/companies?q=Safestyle+UK+PLC,1620597785,18:03:05,20210509
7,2017-03-31,SFE.L,GBP,2017-03-31,2017-03-31,Q1,39638000.0,26783250.0,12854750.0,0.324303698471164,0.0,0.0,0.0,0.0,9407500.0,36190750.0,2500.0,432500.0,3879750.0,0.09787956001816439,3447250.0,0.0869683132347747,0.0,3453500.0,0.08712599021141329,746500.0,2707000.0,0.06829305212170139,0.03275,0.0325,82883000,83279000,https://find-and-update.company-information.service.gov.uk/search/companies?q=Safestyle+UK+PLC,https://find-and-update.company-information.service.gov.uk/search/companies?q=Safestyle+UK+PLC,1620597785,18:03:05,20210509
8,2017-01-31,SFE.L,GBP,2017-01-31,2017-01-31,Q1,39638000.0,26783250.0,12854750.0,0.324303698471164,0.0,0.0,0.0,0.0,9407500.0,36190750.0,2500.0,432500.0,3879750.0,0.09787956001816439,3447250.0,0.0869683132347747,0.0,3453500.0,0.08712599021141329,746500.0,2707000.0,0.06829305212170139,0.03275,0.0325,82883000,83279000,https://find-and-update.company-information.service.gov.uk/search/companies?q=Safestyle+UK+PLC,https://find-and-update.company-information.service.gov.uk/search/companies?q=Safestyle+UK+PLC,1620597785,18:03:05,20210509
9,2016-06-30,SFE.L,GBP,2016-06-30,2016-06-30,Q2,40779000.0,26876750.0,13902250.0,0.3409168934991049,0.0,0.0,0.0,0.0,9090500.0,35967250.0,2750.0,292000.0,5103750.0,0.12515633046420951,4811750.0,0.11799578214276957,0.0,4833500.0,0.1185291449030138,944500.0,3889000.0,0.09536771377424655,0.0475,0.04725,82006000,82347000,https://find-and-update.company-information.service.gov.uk/search/companies?q=Safestyle+UK+PLC,https://find-and-update.company-information.service.gov.uk/search/companies?q=Safestyle+UK+PLC,1620597785,18:03:05,20210509
10,2016-03-31,SFE.L,GBP,2016-03-31,2016-03-31,Q1,40779000.0,26876750.0,13902250.0,0.3409168934991049,0.0,0.0,0.0,0.0,9090500.0,35967250.0,2750.0,292000.0,5103750.0,0.12515633046420951,4811750.0,0.11799578214276957,0.0,4833500.0,0.1185291449030138,944500.0,3889000.0,0.09536771377424655,0.0475,0.04725,82006000,82347000,https://find-and-update.company-information.service.gov.uk/search/companies?q=Safestyle+UK+PLC,https://find-and-update.company-information.service.gov.uk/search/companies?q=Safestyle+UK+PLC,1620597785,18:03:05,20210509
11,2016-01-31,SFE.L,GBP,2016-01-31,2016-01-31,Q1,40779000.0,26876750.0,13902250.0,0.3409168934991049,0.0,0.0,0.0,0.0,9090500.0,35967250.0,2750.0,292000.0,5103750.0,0.12515633046420951,4811750.0,0.11799578214276957,0.0,4833500.0,0.1185291449030138,944500.0,3889000.0,0.09536771377424655,0.0475,0.04725,82006000,82347000,https://find-and-update.company-information.service.gov.uk/search/companies?q=Safestyle+UK+PLC,https://find-and-update.company-information.service.gov.uk/search/companies?q=Safestyle+UK+PLC,1620597785,18:03:05,20210509
12,2015-09-30,SFE.L,GBP,2015-09-30,2015-09-30,Q3,37225500.0,23596000.0,13629500.0,0.36613343004123516,0.0,0.0,0.0,0.0,9258250.0,32854250.0,4500.0,283000.0,4654250.0,0.12502854226269627,4371250.0,0.11742622664571328,0.0,4390750.0,0.1179500611140213,900750.0,3490000.0,0.09375293817410109,0.0445,0.04325,78283000,80718000,https://find-and-update.company-information.service.gov.uk/search/companies?q=Safestyle+UK+PLC,https://find-and-update.company-information.service.gov.uk/search/companies?q=Safestyle+UK+PLC,1620597785,18:03:05,20210509
13,2015-06-30,SFE.L,GBP,2015-06-30,2015-06-30,Q2,37225500.0,23596000.0,13629500.0,0.36613343004123516,0.0,0.0,0.0,0.0,9258250.0,32854250.0,4500.0,283000.0,4654250.0,0.12502854226269627,4371250.0,0.11742622664571328,0.0,4390750.0,0.1179500611140213,900750.0,3490000.0,0.09375293817410109,0.0445,0.04325,78283000,80718000,https://find-and-update.company-information.service.gov.uk/search/companies?q=Safestyle+UK+PLC,https://find-and-update.company-information.service.gov.uk/search/companies?q=Safestyle+UK+PLC,1620597785,18:03:05,20210509
14,2015-03-31,SFE.L,GBP,2015-03-31,2015-03-31,Q1,37225500.0,23596000.0,13629500.0,0.36613343004123516,0.0,0.0,0.0,0.0,9258250.0,32854250.0,4500.0,283000.0,4654250.0,0.12502854226269627,4371250.0,0.11742622664571328,0.0,4390750.0,0.1179500611140213,900750.0,3490000.0,0.09375293817410109,0.0445,0.04325,78283000,80718000,https://find-and-update.company-information.service.gov.uk/search/companies?q=Safestyle+UK+PLC,https://find-and-update.company-information.service.gov.uk/search/companies?q=Safestyle+UK+PLC,1620597785,18:03:05,20210509
15,2015-01-31,SFE.L,GBP,2015-01-31,2015-01-31,Q1,37225500.0,23596000.0,13629500.0,0.36613343004123516,0.0,0.0,0.0,0.0,9258250.0,32854250.0,4500.0,283000.0,4654250.0,0.12502854226269627,4371250.0,0.11742622664571328,0.0,4390750.0,0.1179500611140213,900750.0,3490000.0,0.09375293817410109,0.0445,0.04325,78283000,80718000,https://find-and-update.company-information.service.gov.uk/search/companies?q=Safestyle+UK+PLC,https://find-and-update.company-information.service.gov.uk/search/companies?q=Safestyle+UK+PLC,1620597785,18:03:05,20210509
16,2014-09-30,SFE.L,GBP,2014-09-30,2014-09-30,Q3,34003000.0,21580750.0,12422250.0,0.3653280592888863,0.0,0.0,0.0,0.0,8334750.0,29915500.0,11000.0,261500.0,4349000.0,0.1279004793694674,4087500.0,0.12020998147222305,0.0,4100750.0,0.1205996529717966,893000.0,3207750.0,0.09433726435902715,0.04125,0.03975,77778000,80621000,https://find-and-update.company-information.service.gov.uk/search/companies?q=Safestyle+UK+PLC,https://find-and-update.company-information.service.gov.uk/search/companies?q=Safestyle+UK+PLC,1620597785,18:03:05,20210509
17,2014-06-30,SFE.L,GBP,2014-06-30,2014-06-30,Q2,34003000.0,21580750.0,12422250.0,0.3653280592888863,0.0,0.0,0.0,0.0,8334750.0,29915500.0,11000.0,261500.0,4349000.0,0.1279004793694674,4087500.0,0.12020998147222305,0.0,4100750.0,0.1205996529717966,893000.0,3207750.0,0.09433726435902715,0.04125,0.03975,77778000,80621000,https://find-and-update.company-information.service.gov.uk/search/companies?q=Safestyle+UK+PLC,https://find-and-update.company-information.service.gov.uk/search/companies?q=Safestyle+UK+PLC,1620597785,18:03:05,20210509
18,2014-03-31,SFE.L,GBP,2014-03-31,2014-03-31,Q1,34003000.0,21580750.0,12422250.0,0.3653280592888863,0.0,0.0,0.0,0.0,8334750.0,29915500.0,11000.0,261500.0,4349000.0,0.1279004793694674,4087500.0,0.12020998147222305,0.0,4100750.0,0.1205996529717966,893000.0,3207750.0,0.09433726435902715,0.04125,0.03975,77778000,80621000,https://find-and-update.company-information.service.gov.uk/search/companies?q=Safestyle+UK+PLC,https://find-and-update.company-information.service.gov.uk/search/companies?q=Safestyle+UK+PLC,1620597785,18:03:05,20210509
19,2014-01-31,SFE.L,GBP,2014-01-31,2014-01-31,Q1,34003000.0,21580750.0,12422250.0,0.3653280592888863,0.0,0.0,0.0,0.0,8334750.0,29915500.0,11000.0,261500.0,4349000.0,0.1279004793694674,4087500.0,0.12020998147222305,0.0,4100750.0,0.1205996529717966,893000.0,3207750.0,0.09433726435902715,0.04125,0.03975,77778000,80621000,https://find-and-update.company-information.service.gov.uk/search/companies?q=Safestyle+UK+PLC,https://find-and-update.company-information.service.gov.uk/search/companies?q=Safestyle+UK+PLC,1620597785,18:03:05,20210509
20,2013-09-30,SFE.L,GBP,2013-09-30,2013-09-30,Q3,31199250.0,19905000.0,11294250.0,0.3620038943243828,0.0,0.0,0.0,0.0,8957500.0,28862500.0,12000.0,230750.0,2567500.0,0.08229364487928395,2336750.0,0.07489763375722173,0.0,2365750.0,0.07582714328068783,750500.0,1615250.0,0.051772077854435605,0.02075,0.019,77778000,77909000,https://find-and-update.company-information.service.gov.uk/search/companies?q=Safestyle+UK+PLC,https://find-and-update.company-information.service.gov.uk/search/companies?q=Safestyle+UK+PLC,1620597785,18:03:05,20210509
21,2013-06-30,SFE.L,GBP,2013-06-30,2013-06-30,Q2,31199250.0,19905000.0,11294250.0,0.3620038943243828,0.0,0.0,0.0,0.0,8957500.0,28862500.0,12000.0,230750.0,2567500.0,0.08229364487928395,2336750.0,0.07489763375722173,0.0,2365750.0,0.07582714328068783,750500.0,1615250.0,0.051772077854435605,0.02075,0.019,77778000,77909000,https://find-and-update.company-information.service.gov.uk/search/companies?q=Safestyle+UK+PLC,https://find-and-update.company-information.service.gov.uk/search/companies?q=Safestyle+UK+PLC,1620597785,18:03:05,20210509
22,2013-03-31,SFE.L,GBP,2013-03-31,2013-03-31,Q1,31199250.0,19905000.0,11294250.0,0.3620038943243828,0.0,0.0,0.0,0.0,8957500.0,28862500.0,12000.0,230750.0,2567500.0,0.08229364487928395,2336750.0,0.07489763375722173,0.0,2365750.0,0.07582714328068783,750500.0,1615250.0,0.051772077854435605,0.02075,0.019,77778000,77909000,https://find-and-update.company-information.service.gov.uk/search/companies?q=Safestyle+UK+PLC,https://find-and-update.company-information.service.gov.uk/search/companies?q=Safestyle+UK+PLC,1620597785,18:03:05,20210509
23,2013-01-31,SFE.L,GBP,2013-01-31,2013-01-31,Q1,31199250.0,19905000.0,11294250.0,0.3620038943243828,0.0,0.0,0.0,0.0,8957500.0,28862500.0,12000.0,230750.0,2567500.0,0.08229364487928395,2336750.0,0.07489763375722173,0.0,2365750.0,0.07582714328068783,750500.0,1615250.0,0.051772077854435605,0.02075,0.019,77778000,77909000,https://find-and-update.company-information.service.gov.uk/search/companies?q=Safestyle+UK+PLC,https://find-and-update.company-information.service.gov.uk/search/companies?q=Safestyle+UK+PLC,1620597785,18:03:05,20210509
24,2012-09-30,SFE.L,GBP,2012-09-30,2012-09-30,Q3,27560729.5,18000413.0,9560316.5,0.34688183779750825,0.0,0.0,0.0,0.0,7178060.75,25178473.75,21717.0,216510.25,2598766.0,0.09429235173183642,2382255.75,0.08643659994558563,0.0,2382272.75,0.0864372167652529,608154.25,1774118.5,0.064371246051379,0.02281,0.02281,77777777,77777777,https://find-and-update.company-information.service.gov.uk/search/companies?q=Safestyle+UK+PLC,https://find-and-update.company-information.service.gov.uk/search/companies?q=Safestyle+UK+PLC,1620597785,18:03:05,20210509
25,2012-06-30,SFE.L,GBP,2012-06-30,2012-06-30,Q2,27560729.5,18000413.0,9560316.5,0.34688183779750825,0.0,0.0,0.0,0.0,7178060.75,25178473.75,21717.0,216510.25,2598766.0,0.09429235173183642,2382255.75,0.08643659994558563,0.0,2382272.75,0.0864372167652529,608154.25,1774118.5,0.064371246051379,0.02281,0.02281,77777777,77777777,https://find-and-update.company-information.service.gov.uk/search/companies?q=Safestyle+UK+PLC,https://find-and-update.company-information.service.gov.uk/search/companies?q=Safestyle+UK+PLC,1620597785,18:03:05,20210509
26,2012-03-31,SFE.L,GBP,2012-03-31,2012-03-31,Q1,27560729.5,18000413.0,9560316.5,0.34688183779750825,0.0,0.0,0.0,0.0,7178060.75,25178473.75,21717.0,216510.25,2598766.0,0.09429235173183642,2382255.75,0.08643659994558563,0.0,2382272.75,0.0864372167652529,608154.25,1774118.5,0.064371246051379,0.02281,0.02281,77777777,77777777,https://find-and-update.company-information.service.gov.uk/search/companies?q=Safestyle+UK+PLC,https://find-and-update.company-information.service.gov.uk/search/companies?q=Safestyle+UK+PLC,1620597785,18:03:05,20210509
27,2012-01-31,SFE.L,GBP,2012-01-31,2012-01-31,Q1,27560729.5,18000413.0,9560316.5,0.34688183779750825,0.0,0.0,0.0,0.0,7178060.75,25178473.75,21717.0,216510.25,2598766.0,0.09429235173183642,2382255.75,0.08643659994558563,0.0,2382272.75,0.0864372167652529,608154.25,1774118.5,0.064371246051379,0.02281,0.02281,77777777,77777777,https://find-and-update.company-information.service.gov.uk/search/companies?q=Safestyle+UK+PLC,https://find-and-update.company-information.service.gov.uk/search/companies?q=Safestyle+UK+PLC,1620597785,18:03:05,20210509
28,2011-09-30,SFE.L,GBP,2011-09-30,2011-09-30,Q3,24643041.0,15977507.0,8665534.0,0.3516422344141699,0.0,0.0,0.0,0.0,6778114.5,22755621.5,141279.25,292145.75,2179565.25,0.08844546620686952,1887419.5,0.07659036480116233,0.0,1760666.0,0.07144678288690101,443938.5,1316727.5,0.05343202164051101,0.01692925,0.01692925,77777777,77777777,https://find-and-update.company-information.service.gov.uk/search/companies?q=Safestyle+UK+PLC,https://find-and-update.company-information.service.gov.uk/search/companies?q=Safestyle+UK+PLC,1620597785,18:03:05,20210509
29,2011-06-30,SFE.L,GBP,2011-06-30,2011-06-30,Q2,24643041.0,15977507.0,8665534.0,0.3516422344141699,0.0,0.0,0.0,0.0,6778114.5,22755621.5,141279.25,292145.75,2179565.25,0.08844546620686952,1887419.5,0.07659036480116233,0.0,1760666.0,0.07144678288690101,443938.5,1316727.5,0.05343202164051101,0.01692925,0.01692925,77777777,77777777,https://find-and-update.company-information.service.gov.uk/search/companies?q=Safestyle+UK+PLC,https://find-and-update.company-information.service.gov.uk/search/companies?q=Safestyle+UK+PLC,1620597785,18:03:05,20210509
30,2011-03-31,SFE.L,GBP,2011-03-31,2011-03-31,Q1,24643041.0,15977507.0,8665534.0,0.3516422344141699,0.0,0.0,0.0,0.0,6778114.5,22755621.5,141279.25,292145.75,2179565.25,0.08844546620686952,1887419.5,0.07659036480116233,0.0,1760666.0,0.07144678288690101,443938.5,1316727.5,0.05343202164051101,0.01692925,0.01692925,77777777,77777777,https://find-and-update.company-information.service.gov.uk/search/companies?q=Safestyle+UK+PLC,https://find-and-update.company-information.service.gov.uk/search/companies?q=Safestyle+UK+PLC,1620597785,18:03:05,20210509
31,2011-01-31,SFE.L,GBP,2011-01-31,2011-01-31,Q1,24643041.0,15977507.0,8665534.0,0.3516422344141699,0.0,0.0,0.0,0.0,6778114.5,22755621.5,141279.25,292145.75,2179565.25,0.08844546620686952,1887419.5,0.07659036480116233,0.0,1760666.0,0.07144678288690101,443938.5,1316727.5,0.05343202164051101,0.01692925,0.01692925,77777777,77777777,https://find-and-update.company-information.service.gov.uk/search/companies?q=Safestyle+UK+PLC,https://find-and-update.company-information.service.gov.uk/search/companies?q=Safestyle+UK+PLC,1620597785,18:03:05,20210509
32,2010-09-30,SFE.L,GBP,2010-09-30,2010-09-30,Q3,23692576.25,14985799.75,8706776.5,0.3674896477330109,0.0,0.0,0.0,0.0,6565298.0,21551097.75,171647.5,294893.25,2436371.75,0.1028327069328309,2141478.5,0.09038605499897885,0.0,1980385.5,0.0835867522004915,665352.0,1315033.5,0.05550403156347339,0.0169075,0.0169075,77777777,77777777,https://find-and-update.company-information.service.gov.uk/search/companies?q=Safestyle+UK+PLC,https://find-and-update.company-information.service.gov.uk/search/companies?q=Safestyle+UK+PLC,1620597785,18:03:05,20210509
33,2010-06-30,SFE.L,GBP,2010-06-30,2010-06-30,Q2,23692576.25,14985799.75,8706776.5,0.3674896477330109,0.0,0.0,0.0,0.0,6565298.0,21551097.75,171647.5,294893.25,2436371.75,0.1028327069328309,2141478.5,0.09038605499897885,0.0,1980385.5,0.0835867522004915,665352.0,1315033.5,0.05550403156347339,0.0169075,0.0169075,77777777,77777777,https://find-and-update.company-information.service.gov.uk/search/companies?q=Safestyle+UK+PLC,https://find-and-update.company-information.service.gov.uk/search/companies?q=Safestyle+UK+PLC,1620597785,18:03:05,20210509
34,2010-03-31,SFE.L,GBP,2010-03-31,2010-03-31,Q1,23692576.25,14985799.75,8706776.5,0.3674896477330109,0.0,0.0,0.0,0.0,6565298.0,21551097.75,171647.5,294893.25,2436371.75,0.1028327069328309,2141478.5,0.09038605499897885,0.0,1980385.5,0.0835867522004915,665352.0,1315033.5,0.05550403156347339,0.0169075,0.0169075,77777777,77777777,https://find-and-update.company-information.service.gov.uk/search/companies?q=Safestyle+UK+PLC,https://find-and-update.company-information.service.gov.uk/search/companies?q=Safestyle+UK+PLC,1620597785,18:03:05,20210509
35,2010-01-31,SFE.L,GBP,2010-01-31,2010-01-31,Q1,23692576.25,14985799.75,8706776.5,0.3674896477330109,0.0,0.0,0.0,0.0,6565298.0,21551097.75,171647.5,294893.25,2436371.75,0.1028327069328309,2141478.5,0.09038605499897885,0.0,1980385.5,0.0835867522004915,665352.0,1315033.5,0.05550403156347339,0.0169075,0.0169075,77777777,77777777,https://find-and-update.company-information.service.gov.uk/search/companies?q=Safestyle+UK+PLC,https://find-and-update.company-information.service.gov.uk/search/companies?q=Safestyle+UK+PLC,1620597785,18:03:05,20210509
