,date,symbol,reportedCurrency,fillingDate,acceptedDate,period,revenue,costOfRevenue,grossProfit,grossProfitRatio,researchAndDevelopmentExpenses,generalAndAdministrativeExpenses,sellingAndMarketingExpenses,otherExpenses,operatingExpenses,costAndExpenses,interestExpense,depreciationAndAmortization,ebitda,ebitdaratio,operatingIncome,operatingIncomeRatio,totalOtherIncomeExpensesNet,incomeBeforeTax,incomeBeforeTaxRatio,incomeTaxExpense,netIncome,netIncomeRatio,eps,epsdiluted,weightedAverageShsOut,weightedAverageShsOutDil,link,finalLink,timestamp,est_time,est_date
0,2020-12-31,ATXI,USD,2021-03-31,2021-03-31 08:04:27,Q4,0.0,0.0,0.0,0.0,2866.0,2347.0,0.0,0.0,5213.0,5213.0,0.0,0.0,-5213.0,0.0,-5.213,0.0,0.0,-5.151,0.0,0.0,-5.151,0.0,-0.00031181399105927407,-0.00031181399105927407,16519464.0,16519464.0,https://www.sec.gov/Archives/edgar/data/1644963/000110465921044358/0001104659-21-044358-index.htm,https://www.sec.gov/Archives/edgar/data/1644963/000110465921044358/tm2140561_10k.htm,1620588909,15:35:09,20210509
1,2020-09-30,ATXI,USD,2020-11-04,2020-11-04 17:09:08,Q3,0.0,0.0,0.0,0.0,466000.0,571000.0,0.0,0.0,1037000.0,1037000.0,0.0,0.0,-1037000.0,0.0,-1037000.0,0.0,0.0,-1028000.0,0.0,0.0,-1028000.0,0.0,-0.06,-0.06,16519464.0,16519464.0,https://www.sec.gov/Archives/edgar/data/1644963/000110465920121404/0001104659-20-121404-index.htm,https://www.sec.gov/Archives/edgar/data/1644963/000110465920121404/tm2029615-1_10q.htm,1620588909,15:35:09,20210509
2,2020-06-30,ATXI,USD,2020-08-14 00:00:00,2020-08-14 17:15:42,Q2,0.0,0.0,0.0,0.0,1219000.0,684000.0,0.0,0.0,1903000.0,1903000.0,0.0,0.0,-1903000.0,0.0,-1903000.0,0.0,0.0,-1888000.0,0.0,0.0,-1888000.0,0.0,-0.11,-0.11,16474655.0,16474655.0,https://www.sec.gov/Archives/edgar/data/1644963/000110465920095653/0001104659-20-095653-index.htm,https://www.sec.gov/Archives/edgar/data/1644963/000110465920095653/tm2020540-1_10q.htm,1620588909,15:35:09,20210509
3,2020-03-31,ATXI,USD,2020-05-11,2020-05-11 09:31:03,Q1,0.0,0.0,0.0,0.0,697000.0,577000.0,0.0,0.0,1274000.0,1274000.0,0.0,0.0,-1274000.0,0.0,-1274000.0,0.0,0.0,-1242000.0,0.0,0.0,-1242000.0,0.0,-0.08,-0.08,16474655.0,16474655.0,https://www.sec.gov/Archives/edgar/data/1644963/000110465920059247/0001104659-20-059247-index.htm,https://www.sec.gov/Archives/edgar/data/1644963/000110465920059247/tm2014545d1_10q.htm,1620588909,15:35:09,20210509
4,2019-12-31,ATXI,USD,2020-03-30 00:00:00,2020-03-30 16:03:53,Q4,0.0,0.0,0.0,0.0,4855000.0,619000.0,0.0,0.0,5474000.0,5474000.0,0.0,0.0,-5474000.0,0.0,-5474000.0,0.0,0.0,-5415000.0,0.0,0.0,-5415000.0,0.0,-0.3286867008747679,-0.3286867008747679,16474655.0,16474655.0,https://www.sec.gov/Archives/edgar/data/1644963/000110465920040345/0001104659-20-040345-index.html,https://www.sec.gov/Archives/edgar/data/1644963/000110465920040345/tm205363-1_10k.htm,1620588909,15:35:09,20210509
5,2019-09-30,ATXI,USD,2019-11-13 00:00:00,2019-11-13 16:18:11,Q3,0.0,0.0,0.0,0.0,1706000.0,617000.0,0.0,0.0,2323000.0,2323000.0,0.0,0.0,-2323000.0,0.0,-2323000.0,0.0,0.0,-2242000.0,0.0,0.0,-2242000.0,0.0,-0.14,-0.14,16376204.0,16376204.0,https://www.sec.gov/Archives/edgar/data/1644963/000110465919063331/0001104659-19-063331-index.html,https://www.sec.gov/Archives/edgar/data/1644963/000110465919063331/tm1919485-1_10q.htm,1620588909,15:35:09,20210509
6,2019-06-30,ATXI,USD,2019-08-14 00:00:00,2019-08-14 09:31:26,Q2,0.0,0.0,0.0,0.0,6392000.0,716000.0,0.0,0.0,7108000.0,7108000.0,0.0,0.0,-7108000.0,0.0,-7108000.0,0.0,0.0,-6982000.0,0.0,0.0,-6982000.0,0.0,-0.43,-0.43,16314763.0,16314763.0,https://www.sec.gov/Archives/edgar/data/1644963/000114420419039777/0001144204-19-039777-index.html,https://www.sec.gov/Archives/edgar/data/1644963/000114420419039777/tv525981_10q.htm,1620588909,15:35:09,20210509
7,2019-03-31,ATXI,USD,2019-05-13 00:00:00,2019-05-13 13:43:18,Q1,0.0,0.0,0.0,0.0,10241000.0,1119000.0,0.0,0.0,11360000.0,11360000.0,0.0,0.0,-11360000.0,0.0,-11360000.0,0.0,0.0,-11269000.0,0.0,0.0,-11269000.0,0.0,-0.82,-0.82,13742649.0,13742649.0,https://www.sec.gov/Archives/edgar/data/1644963/000114420419025546/0001144204-19-025546-index.html,https://www.sec.gov/Archives/edgar/data/1644963/000114420419025546/tv520739_10q.htm,1620588909,15:35:09,20210509
8,2018-12-31,ATXI,USD,2019-03-12 00:00:00,2019-03-12 17:12:30,Q4,0.0,0.0,0.0,0.0,2715000.0,1387000.0,0.0,0.0,4102000.0,4102000.0,0.0,0.0,-3919000.0,0.0,-4102000.0,0.0,0.0,-3919000.0,0.0,0.0,-3919000.0,0.0,-0.2851706392268332,-0.2851706392268332,13742649.0,13742649.0,https://www.sec.gov/Archives/edgar/data/1644963/000114420419013543/0001144204-19-013543-index.html,https://www.sec.gov/Archives/edgar/data/1644963/000114420419013543/tv514657_10k.htm,1620588909,15:35:09,20210509
9,2018-09-30,ATXI,USD,2018-11-14 00:00:00,2018-11-14 16:50:37,Q3,0.0,0.0,0.0,0.0,1788000.0,820000.0,0.0,0.0,2608000.0,2608000.0,0.0,0.0,-2595000.0,0.0,-2608000.0,0.0,0.0,-2595000.0,0.0,0.0,-2595000.0,0.0,-0.25,-0.25,10295958.0,10295958.0,https://www.sec.gov/Archives/edgar/data/1644963/000114420418060006/0001144204-18-060006-index.html,https://www.sec.gov/Archives/edgar/data/1644963/000114420418060006/tv506527_10q.htm,1620588909,15:35:09,20210509
10,2018-06-30,ATXI,USD,2018-08-14 00:00:00,2018-08-14 09:02:55,Q2,0.0,0.0,0.0,0.0,3754000.0,927000.0,0.0,0.0,4681000.0,4681000.0,0.0,0.0,-4657000.0,0.0,-4681000.0,0.0,0.0,-4657000.0,0.0,0.0,-4657000.0,0.0,-0.45,-0.45,10251950.0,10251950.0,https://www.sec.gov/Archives/edgar/data/1644963/000114420418044262/0001144204-18-044262-index.html,https://www.sec.gov/Archives/edgar/data/1644963/000114420418044262/tv499145_10q.htm,1620588909,15:35:09,20210509
11,2018-03-31,ATXI,USD,2018-05-03 00:00:00,2018-05-03 09:31:21,Q1,0.0,0.0,0.0,0.0,9439000.0,986000.0,0.0,0.0,10425000.0,10425000.0,0.0,0.0,-10377000.0,0.0,-10425000.0,0.0,0.0,-10377000.0,0.0,0.0,-10377000.0,0.0,-1.03,-1.03,10099331.0,10099331.0,https://www.sec.gov/Archives/edgar/data/1644963/000114420418024942/0001144204-18-024942-index.html,https://www.sec.gov/Archives/edgar/data/1644963/000114420418024942/tv492576_10q.htm,1620588909,15:35:09,20210509
12,2017-12-31,ATXI,USD,2018-03-01 00:00:00,2018-03-01 17:22:46,Q4,0.0,0.0,0.0,0.0,5221000.0,1104000.0,0.0,0.0,6325000.0,6325000.0,0.0,0.0,-6243000.0,0.0,-6325000.0,0.0,0.0,-6243000.0,0.0,0.0,-6243000.0,0.0,-0.63,-0.63,9968497.0,9968497.0,https://www.sec.gov/Archives/edgar/data/1644963/000114420418012321/0001144204-18-012321-index.html,https://www.sec.gov/Archives/edgar/data/1644963/000114420418012321/tv486678_10k.htm,1620588909,15:35:09,20210509
13,2017-09-30,ATXI,USD,2017-11-09 00:00:00,2017-11-09 08:31:10,Q3,0.0,0.0,0.0,0.0,2000000.0,848000.0,0.0,0.0,2848000.0,2848000.0,106000.0,0.0,-2842000.0,0.0,-2848000.0,0.0,0.0,-2948000.0,0.0,0.0,-2948000.0,0.0,-0.3,-0.3,9972663.0,9972663.0,https://www.sec.gov/Archives/edgar/data/1644963/000114420417057449/0001144204-17-057449-index.html,https://www.sec.gov/Archives/edgar/data/1644963/000114420417057449/tv478531_10q.htm,1620588909,15:35:09,20210509
14,2017-06-30,ATXI,USD,2017-08-11 00:00:00,2017-08-11 16:06:26,Q2,0.0,0.0,0.0,0.0,447000.0,1297000.0,0.0,-95000.0,1744000.0,1744000.0,113000.0,0.0,-1839000.0,0.0,-1744000.0,0.0,-549000.0,-2406000.0,0.0,0.0,-2406000.0,0.0,-0.7,-0.7,3459942.0,3459942.0,https://www.sec.gov/Archives/edgar/data/1644963/000114420417042457/0001144204-17-042457-index.html,https://www.sec.gov/Archives/edgar/data/1644963/000114420417042457/v471746_10q.htm,1620588909,15:35:09,20210509
15,2017-03-31,ATXI,USD,2017-05-12 00:00:00,2017-05-12 17:24:12,Q1,0.0,0.0,0.0,0.0,133000.0,371000.0,0.0,-4000.0,504000.0,504000.0,156000.0,0.0,-508000.0,0.0,-504000.0,0.0,-1000.0,-661000.0,0.0,0.0,-661000.0,0.0,-0.075,-0.075,8841468.0,8841468.0,https://www.sec.gov/Archives/edgar/data/1644963/000114420417026957/0001144204-17-026957-index.html,https://www.sec.gov/Archives/edgar/data/1644963/000114420417026957/v466281_10q.htm,1620588909,15:35:09,20210509
16,2016-12-31,ATXI,USD,2016-12-31,2016-12-31,Q4,0.0,0.0,0.0,0.0,212000.0,304000.0,0.0,0.0,516000.0,516000.0,219000.0,0.0,-516000.0,0.0,-516000.0,0.0,-80000.0,-815000.0,0.0,0.0,-815000.0,0.0,-0.09217926253875487,-0.09217926253875487,8841468.0,8841468.0,,,1620588909,15:35:09,20210509
17,2016-09-30,ATXI,USD,2016-09-30,2016-09-30,Q3,0.0,0.0,0.0,0.0,183000.0,200000.0,0.0,0.0,383000.0,383000.0,142000.0,0.0,-383000.0,0.0,-383000.0,0.0,-19000.0,-544000.0,0.0,0.0,-544000.0,0.0,-0.061528,-0.061528,8841468.0,8841468.0,,,1620588909,15:35:09,20210509
18,2016-06-30,ATXI,USD,2016-06-30,2016-06-30,Q2,0.0,0.0,0.0,0.0,421000.0,217000.0,0.0,0.0,638000.0,638000.0,133000.0,0.0,-638000.0,0.0,-638000.0,0.0,0.0,-771000.0,0.0,0.0,-771000.0,0.0,-0.087203,-0.087203,8841468.0,8841468.0,,,1620588909,15:35:09,20210509
19,2016-03-31,ATXI,USD,2016-03-31,2016-03-31,Q1,0.0,0.0,0.0,0.0,564000.0,276000.0,0.0,-89000.0,840000.0,840000.0,118000.0,0.0,-929000.0,0.0,-840000.0,0.0,-89000.0,-1047000.0,0.0,0.0,-1047000.0,0.0,-0.118419,-0.118419,8841468.0,8841468.0,,,1620588909,15:35:09,20210509
