,date,symbol,reportedCurrency,fillingDate,acceptedDate,period,revenue,costOfRevenue,grossProfit,grossProfitRatio,researchAndDevelopmentExpenses,generalAndAdministrativeExpenses,sellingAndMarketingExpenses,otherExpenses,operatingExpenses,costAndExpenses,interestExpense,depreciationAndAmortization,ebitda,ebitdaratio,operatingIncome,operatingIncomeRatio,totalOtherIncomeExpensesNet,incomeBeforeTax,incomeBeforeTaxRatio,incomeTaxExpense,netIncome,netIncomeRatio,eps,epsdiluted,weightedAverageShsOut,weightedAverageShsOutDil,link,finalLink,timestamp,est_time,est_date
0,2019-06-30,RMT.AX,AUD,2019-06-30,2019-06-30,Q2,0.0,0.0,0.0,0.0,0.0,13624.75,0.0,0.0,18620.75,0.0,11825.25,0.0,-32245.5,0.0,-32245.5,0.0,0.0,-44070.75,0.0,0.0,-44070.75,0.0,-2.5e-05,-2.5e-05,2100235625,2100235625,,,1620597336,17:55:36,20210509
1,2019-03-31,RMT.AX,AUD,2019-03-31,2019-03-31,Q1,0.0,0.0,0.0,0.0,0.0,13624.75,0.0,0.0,18620.75,0.0,11825.25,0.0,-32245.5,0.0,-32245.5,0.0,0.0,-44070.75,0.0,0.0,-44070.75,0.0,-2.5e-05,-2.5e-05,2100235625,2100235625,,,1620597336,17:55:36,20210509
2,2019-01-31,RMT.AX,AUD,2019-01-31,2019-01-31,Q1,0.0,0.0,0.0,0.0,0.0,13624.75,0.0,0.0,18620.75,0.0,11825.25,0.0,-32245.5,0.0,-32245.5,0.0,0.0,-44070.75,0.0,0.0,-44070.75,0.0,-2.5e-05,-2.5e-05,2100235625,2100235625,,,1620597336,17:55:36,20210509
3,2018-06-30,RMT.AX,AUD,2018-06-30,2018-06-30,Q2,0.0,0.0,0.0,0.0,0.0,12429.25,0.0,1875.0,23745.75,0.0,8611.0,0.0,-34283.25,0.0,-36175.0,0.0,1875.0,-42894.25,0.0,0.0,-42894.25,0.0,-2.5e-05,-2.5e-05,2100235625,2100235625,,,1620597336,17:55:36,20210509
4,2018-03-31,RMT.AX,AUD,2018-03-31,2018-03-31,Q1,0.0,0.0,0.0,0.0,0.0,12429.25,0.0,1875.0,23745.75,0.0,8611.0,0.0,-34283.25,0.0,-36175.0,0.0,1875.0,-42894.25,0.0,0.0,-42894.25,0.0,-2.5e-05,-2.5e-05,2100235625,2100235625,,,1620597336,17:55:36,20210509
5,2018-01-31,RMT.AX,AUD,2018-01-31,2018-01-31,Q1,0.0,0.0,0.0,0.0,0.0,12429.25,0.0,1875.0,23745.75,0.0,8611.0,0.0,-34283.25,0.0,-36175.0,0.0,1875.0,-42894.25,0.0,0.0,-42894.25,0.0,-2.5e-05,-2.5e-05,2100235625,2100235625,,,1620597336,17:55:36,20210509
6,2017-06-30,RMT.AX,AUD,2017-06-30,2017-06-30,Q2,0.0,0.0,0.0,0.0,0.0,17558.75,0.0,0.0,28237.25,0.0,10452.0,0.0,-45680.25,0.0,-45796.0,0.0,0.0,-56132.25,0.0,0.0,-56132.25,0.0,-2.5e-05,-2.5e-05,2096733148,2096733148,,,1620597336,17:55:36,20210509
7,2017-03-31,RMT.AX,AUD,2017-03-31,2017-03-31,Q1,0.0,0.0,0.0,0.0,0.0,17558.75,0.0,0.0,28237.25,0.0,10452.0,0.0,-45680.25,0.0,-45796.0,0.0,0.0,-56132.25,0.0,0.0,-56132.25,0.0,-2.5e-05,-2.5e-05,2096733148,2096733148,,,1620597336,17:55:36,20210509
8,2017-01-31,RMT.AX,AUD,2017-01-31,2017-01-31,Q1,0.0,0.0,0.0,0.0,0.0,17558.75,0.0,0.0,28237.25,0.0,10452.0,0.0,-45680.25,0.0,-45796.0,0.0,0.0,-56132.25,0.0,0.0,-56132.25,0.0,-2.5e-05,-2.5e-05,2096733148,2096733148,,,1620597336,17:55:36,20210509
9,2016-06-30,RMT.AX,AUD,2016-06-30,2016-06-30,Q2,0.0,0.0,0.0,0.0,0.0,39206.0,0.0,0.0,15414.5,0.0,8166.75,0.0,-54361.0,0.0,-54620.5,0.0,-1403.25,-63931.0,0.0,0.0,-63931.0,0.0,-2.5e-05,-2.5e-05,1826291848,1826291848,,,1620597336,17:55:36,20210509
10,2016-03-31,RMT.AX,AUD,2016-03-31,2016-03-31,Q1,0.0,0.0,0.0,0.0,0.0,39206.0,0.0,0.0,15414.5,0.0,8166.75,0.0,-54361.0,0.0,-54620.5,0.0,-1403.25,-63931.0,0.0,0.0,-63931.0,0.0,-2.5e-05,-2.5e-05,1826291848,1826291848,,,1620597336,17:55:36,20210509
11,2016-01-31,RMT.AX,AUD,2016-01-31,2016-01-31,Q1,0.0,0.0,0.0,0.0,0.0,39206.0,0.0,0.0,15414.5,0.0,8166.75,0.0,-54361.0,0.0,-54620.5,0.0,-1403.25,-63931.0,0.0,0.0,-63931.0,0.0,-2.5e-05,-2.5e-05,1826291848,1826291848,,,1620597336,17:55:36,20210509
12,2015-09-30,RMT.AX,AUD,2015-09-30,2015-09-30,Q3,0.0,0.0,0.0,0.0,0.0,116333.5,0.0,10920.5,40067.75,0.0,7351.5,0.0,-144091.0,0.0,-156401.25,0.0,7373.25,-154989.75,0.0,0.0,-154989.75,0.0,-7.5e-05,-7.5e-05,1826291848,1826291848,,,1620597336,17:55:36,20210509
13,2015-06-30,RMT.AX,AUD,2015-06-30,2015-06-30,Q2,0.0,0.0,0.0,0.0,0.0,116333.5,0.0,10920.5,40067.75,0.0,7351.5,0.0,-144091.0,0.0,-156401.25,0.0,7373.25,-154989.75,0.0,0.0,-154989.75,0.0,-7.5e-05,-7.5e-05,1826291848,1826291848,,,1620597336,17:55:36,20210509
14,2015-03-31,RMT.AX,AUD,2015-03-31,2015-03-31,Q1,0.0,0.0,0.0,0.0,0.0,116333.5,0.0,10920.5,40067.75,0.0,7351.5,0.0,-144091.0,0.0,-156401.25,0.0,7373.25,-154989.75,0.0,0.0,-154989.75,0.0,-7.5e-05,-7.5e-05,1826291848,1826291848,,,1620597336,17:55:36,20210509
15,2015-01-31,RMT.AX,AUD,2015-01-31,2015-01-31,Q1,0.0,0.0,0.0,0.0,0.0,116333.5,0.0,10920.5,40067.75,0.0,7351.5,0.0,-144091.0,0.0,-156401.25,0.0,7373.25,-154989.75,0.0,0.0,-154989.75,0.0,-7.5e-05,-7.5e-05,1826291848,1826291848,,,1620597336,17:55:36,20210509
16,2014-09-30,RMT.AX,AUD,2014-09-30,2014-09-30,Q3,0.0,0.0,0.0,0.0,0.0,151250.25,0.0,0.0,3716462.0,0.0,13.25,0.0,-3862838.25,0.0,-3867712.25,0.0,0.0,-3862851.5,0.0,0.0,-3862851.5,0.0,-0.002125,-0.002125,1826291848,1826291848,,,1620597336,17:55:36,20210509
17,2014-06-30,RMT.AX,AUD,2014-06-30,2014-06-30,Q2,0.0,0.0,0.0,0.0,0.0,151250.25,0.0,0.0,3716462.0,0.0,13.25,0.0,-3862838.25,0.0,-3867712.25,0.0,0.0,-3862851.5,0.0,0.0,-3862851.5,0.0,-0.002125,-0.002125,1826291848,1826291848,,,1620597336,17:55:36,20210509
18,2014-03-31,RMT.AX,AUD,2014-03-31,2014-03-31,Q1,0.0,0.0,0.0,0.0,0.0,151250.25,0.0,0.0,3716462.0,0.0,13.25,0.0,-3862838.25,0.0,-3867712.25,0.0,0.0,-3862851.5,0.0,0.0,-3862851.5,0.0,-0.002125,-0.002125,1826291848,1826291848,,,1620597336,17:55:36,20210509
19,2014-01-31,RMT.AX,AUD,2014-01-31,2014-01-31,Q1,0.0,0.0,0.0,0.0,0.0,151250.25,0.0,0.0,3716462.0,0.0,13.25,0.0,-3862838.25,0.0,-3867712.25,0.0,0.0,-3862851.5,0.0,0.0,-3862851.5,0.0,-0.002125,-0.002125,1826291848,1826291848,,,1620597336,17:55:36,20210509
20,2013-09-30,RMT.AX,AUD,2013-09-30,2013-09-30,Q3,0.0,0.0,0.0,0.0,0.0,172782.0,0.0,0.0,57772.75,0.0,3241.0,0.0,-213390.25,0.0,-230554.75,0.0,0.0,-216631.25,0.0,0.0,-216631.25,0.0,-0.000125,-0.000125,1809440746,1809440746,,,1620597336,17:55:36,20210509
21,2013-06-30,RMT.AX,AUD,2013-06-30,2013-06-30,Q2,0.0,0.0,0.0,0.0,0.0,172782.0,0.0,0.0,57772.75,0.0,3241.0,0.0,-213390.25,0.0,-230554.75,0.0,0.0,-216631.25,0.0,0.0,-216631.25,0.0,-0.000125,-0.000125,1809440746,1809440746,,,1620597336,17:55:36,20210509
22,2013-03-31,RMT.AX,AUD,2013-03-31,2013-03-31,Q1,0.0,0.0,0.0,0.0,0.0,172782.0,0.0,0.0,57772.75,0.0,3241.0,0.0,-213390.25,0.0,-230554.75,0.0,0.0,-216631.25,0.0,0.0,-216631.25,0.0,-0.000125,-0.000125,1809440746,1809440746,,,1620597336,17:55:36,20210509
23,2013-01-31,RMT.AX,AUD,2013-01-31,2013-01-31,Q1,0.0,0.0,0.0,0.0,0.0,172782.0,0.0,0.0,57772.75,0.0,3241.0,0.0,-213390.25,0.0,-230554.75,0.0,0.0,-216631.25,0.0,0.0,-216631.25,0.0,-0.000125,-0.000125,1809440746,1809440746,,,1620597336,17:55:36,20210509
24,2012-09-30,RMT.AX,AUD,2012-09-30,2012-09-30,Q3,0.0,0.0,0.0,0.0,0.0,182314.5,0.0,0.0,83943.0,0.0,94790.5,0.0,-264016.0,0.0,-266257.5,0.0,0.0,-358806.5,0.0,0.0,-358806.5,0.0,-0.001075,-0.001075,337598490,337598490,,,1620597336,17:55:36,20210509
25,2012-06-30,RMT.AX,AUD,2012-06-30,2012-06-30,Q2,0.0,0.0,0.0,0.0,0.0,182314.5,0.0,0.0,83943.0,0.0,94790.5,0.0,-264016.0,0.0,-266257.5,0.0,0.0,-358806.5,0.0,0.0,-358806.5,0.0,-0.001075,-0.001075,337598490,337598490,,,1620597336,17:55:36,20210509
26,2012-03-31,RMT.AX,AUD,2012-03-31,2012-03-31,Q1,0.0,0.0,0.0,0.0,0.0,182314.5,0.0,0.0,83943.0,0.0,94790.5,0.0,-264016.0,0.0,-266257.5,0.0,0.0,-358806.5,0.0,0.0,-358806.5,0.0,-0.001075,-0.001075,337598490,337598490,,,1620597336,17:55:36,20210509
27,2012-01-31,RMT.AX,AUD,2012-01-31,2012-01-31,Q1,0.0,0.0,0.0,0.0,0.0,182314.5,0.0,0.0,83943.0,0.0,94790.5,0.0,-264016.0,0.0,-266257.5,0.0,0.0,-358806.5,0.0,0.0,-358806.5,0.0,-0.001075,-0.001075,337598490,337598490,,,1620597336,17:55:36,20210509
28,2011-09-30,RMT.AX,AUD,2011-09-30,2011-09-30,Q3,0.0,0.0,0.0,0.0,0.0,276849.75,0.0,0.0,86995.5,0.0,57015.5,0.0,-358424.25,0.0,-363845.25,0.0,0.0,-415439.75,0.0,0.0,-415439.75,0.0,-0.0009855,-0.0009855,408370382,408370382,,,1620597336,17:55:36,20210509
29,2011-06-30,RMT.AX,AUD,2011-06-30,2011-06-30,Q2,0.0,0.0,0.0,0.0,0.0,276849.75,0.0,0.0,86995.5,0.0,57015.5,0.0,-358424.25,0.0,-363845.25,0.0,0.0,-415439.75,0.0,0.0,-415439.75,0.0,-0.0009855,-0.0009855,408370382,408370382,,,1620597336,17:55:36,20210509
30,2011-03-31,RMT.AX,AUD,2011-03-31,2011-03-31,Q1,0.0,0.0,0.0,0.0,0.0,276849.75,0.0,0.0,86995.5,0.0,57015.5,0.0,-358424.25,0.0,-363845.25,0.0,0.0,-415439.75,0.0,0.0,-415439.75,0.0,-0.0009855,-0.0009855,408370382,408370382,,,1620597336,17:55:36,20210509
31,2011-01-31,RMT.AX,AUD,2011-01-31,2011-01-31,Q1,0.0,0.0,0.0,0.0,0.0,276849.75,0.0,0.0,86995.5,0.0,57015.5,0.0,-358424.25,0.0,-363845.25,0.0,0.0,-415439.75,0.0,0.0,-415439.75,0.0,-0.0009855,-0.0009855,408370382,408370382,,,1620597336,17:55:36,20210509
32,2010-09-30,RMT.AX,AUD,2010-09-30,2010-09-30,Q3,0.0,0.0,0.0,0.0,0.0,320042.0,0.0,8420.75,68254.0,0.0,423.0,0.0,-365932.75,0.0,-388296.0,0.0,6810.5,-367966.0,0.0,0.0,-367966.0,0.0,-0.00090675,-0.00090675,405305780,405305780,,,1620597336,17:55:36,20210509
33,2010-06-30,RMT.AX,AUD,2010-06-30,2010-06-30,Q2,0.0,0.0,0.0,0.0,0.0,320042.0,0.0,8420.75,68254.0,0.0,423.0,0.0,-365932.75,0.0,-388296.0,0.0,6810.5,-367966.0,0.0,0.0,-367966.0,0.0,-0.00090675,-0.00090675,405305780,405305780,,,1620597336,17:55:36,20210509
34,2010-03-31,RMT.AX,AUD,2010-03-31,2010-03-31,Q1,0.0,0.0,0.0,0.0,0.0,320042.0,0.0,8420.75,68254.0,0.0,423.0,0.0,-365932.75,0.0,-388296.0,0.0,6810.5,-367966.0,0.0,0.0,-367966.0,0.0,-0.00090675,-0.00090675,405305780,405305780,,,1620597336,17:55:36,20210509
35,2010-01-31,RMT.AX,AUD,2010-01-31,2010-01-31,Q1,0.0,0.0,0.0,0.0,0.0,320042.0,0.0,8420.75,68254.0,0.0,423.0,0.0,-365932.75,0.0,-388296.0,0.0,6810.5,-367966.0,0.0,0.0,-367966.0,0.0,-0.00090675,-0.00090675,405305780,405305780,,,1620597336,17:55:36,20210509
36,2009-09-30,RMT.AX,AUD,2009-09-30,2009-09-30,Q3,0.0,0.0,0.0,0.0,0.0,308033.75,0.0,9599.0,65251.75,0.0,429.75,0.0,-353323.0,0.0,-373285.5,0.0,9599.0,-353752.75,0.0,0.0,-353752.75,0.0,-0.00108425,-0.00108425,324959028,324959028,,,1620597336,17:55:36,20210509
37,2009-06-30,RMT.AX,AUD,2009-06-30,2009-06-30,Q2,0.0,0.0,0.0,0.0,0.0,308033.75,0.0,9599.0,65251.75,0.0,429.75,0.0,-353323.0,0.0,-373285.5,0.0,9599.0,-353752.75,0.0,0.0,-353752.75,0.0,-0.00108425,-0.00108425,324959028,324959028,,,1620597336,17:55:36,20210509
38,2009-03-31,RMT.AX,AUD,2009-03-31,2009-03-31,Q1,0.0,0.0,0.0,0.0,0.0,308033.75,0.0,9599.0,65251.75,0.0,429.75,0.0,-353323.0,0.0,-373285.5,0.0,9599.0,-353752.75,0.0,0.0,-353752.75,0.0,-0.00108425,-0.00108425,324959028,324959028,,,1620597336,17:55:36,20210509
39,2009-01-31,RMT.AX,AUD,2009-01-31,2009-01-31,Q1,0.0,0.0,0.0,0.0,0.0,308033.75,0.0,9599.0,65251.75,0.0,429.75,0.0,-353323.0,0.0,-373285.5,0.0,9599.0,-353752.75,0.0,0.0,-353752.75,0.0,-0.00108425,-0.00108425,324959028,324959028,,,1620597336,17:55:36,20210509
40,2008-09-30,RMT.AX,AUD,2008-09-30,2008-09-30,Q3,0.0,0.0,0.0,0.0,0.0,334832.25,0.0,8892.5,58263.75,0.0,101.75,0.0,-340123.0,0.0,-393096.0,0.0,8892.5,-340224.75,0.0,0.0,-340224.75,0.0,-0.001104,-0.001104,309448364,309448364,,,1620597336,17:55:36,20210509
41,2008-06-30,RMT.AX,AUD,2008-06-30,2008-06-30,Q2,0.0,0.0,0.0,0.0,0.0,334832.25,0.0,8892.5,58263.75,0.0,101.75,0.0,-340123.0,0.0,-393096.0,0.0,8892.5,-340224.75,0.0,0.0,-340224.75,0.0,-0.001104,-0.001104,309448364,309448364,,,1620597336,17:55:36,20210509
42,2008-03-31,RMT.AX,AUD,2008-03-31,2008-03-31,Q1,0.0,0.0,0.0,0.0,0.0,334832.25,0.0,8892.5,58263.75,0.0,101.75,0.0,-340123.0,0.0,-393096.0,0.0,8892.5,-340224.75,0.0,0.0,-340224.75,0.0,-0.001104,-0.001104,309448364,309448364,,,1620597336,17:55:36,20210509
43,2008-01-31,RMT.AX,AUD,2008-01-31,2008-01-31,Q1,0.0,0.0,0.0,0.0,0.0,334832.25,0.0,8892.5,58263.75,0.0,101.75,0.0,-340123.0,0.0,-393096.0,0.0,8892.5,-340224.75,0.0,0.0,-340224.75,0.0,-0.001104,-0.001104,309448364,309448364,,,1620597336,17:55:36,20210509
44,2007-09-30,RMT.AX,AUD,2007-09-30,2007-09-30,Q3,0.0,0.0,0.0,0.0,0.0,40565.0,0.0,0.0,60481.25,0.0,81.0,0.0,-94195.25,0.0,-101046.25,0.0,0.0,-94276.25,0.0,0.0,-94276.25,0.0,-0.00108425,-0.00108425,87802341,87802341,,,1620597336,17:55:36,20210509
45,2007-06-30,RMT.AX,AUD,2007-06-30,2007-06-30,Q2,0.0,0.0,0.0,0.0,0.0,40565.0,0.0,0.0,60481.25,0.0,81.0,0.0,-94195.25,0.0,-101046.25,0.0,0.0,-94276.25,0.0,0.0,-94276.25,0.0,-0.00108425,-0.00108425,87802341,87802341,,,1620597336,17:55:36,20210509
46,2007-03-31,RMT.AX,AUD,2007-03-31,2007-03-31,Q1,0.0,0.0,0.0,0.0,0.0,40565.0,0.0,0.0,60481.25,0.0,81.0,0.0,-94195.25,0.0,-101046.25,0.0,0.0,-94276.25,0.0,0.0,-94276.25,0.0,-0.00108425,-0.00108425,87802341,87802341,,,1620597336,17:55:36,20210509
47,2007-01-31,RMT.AX,AUD,2007-01-31,2007-01-31,Q1,0.0,0.0,0.0,0.0,0.0,40565.0,0.0,0.0,60481.25,0.0,81.0,0.0,-94195.25,0.0,-101046.25,0.0,0.0,-94276.25,0.0,0.0,-94276.25,0.0,-0.00108425,-0.00108425,87802341,87802341,,,1620597336,17:55:36,20210509
