,date,symbol,reportedCurrency,fillingDate,acceptedDate,period,revenue,costOfRevenue,grossProfit,grossProfitRatio,researchAndDevelopmentExpenses,generalAndAdministrativeExpenses,sellingAndMarketingExpenses,otherExpenses,operatingExpenses,costAndExpenses,interestExpense,depreciationAndAmortization,ebitda,ebitdaratio,operatingIncome,operatingIncomeRatio,totalOtherIncomeExpensesNet,incomeBeforeTax,incomeBeforeTaxRatio,incomeTaxExpense,netIncome,netIncomeRatio,eps,epsdiluted,weightedAverageShsOut,weightedAverageShsOutDil,link,finalLink,timestamp,est_time,est_date
0,2021-03-31,HFWA,USD,2021-05-05,2021-05-05 14:19:47,Q1,60489000.0,0.0,0.0,0.0,0.0,26862000.0,669000.0,0.0,0.0,0.0,1953000.0,-6796000.0,0.0,0.0,0.0,0.503331184182248,0.0,30446000.0,0.503331184182248,5102000.0,25344000.0,0.41898527004909986,0.7,0.7,36205714.0,36205714.0,https://www.sec.gov/Archives/edgar/data/1046025/000104602521000084/0001046025-21-000084-index.htm,https://www.sec.gov/Archives/edgar/data/1046025/000104602521000084/hfwa-20210331.htm,1620593061,16:44:21,20210509
1,2020-12-31,HFWA,USD,2021-02-26,2021-02-26 16:37:13,Q4,63740000.0,0.0,63740000.0,1.0,0.0,25310000.0,783000.0,10827.923,38000000.0,3099.245,2222000.0,-31003000.0,-30791799.113,-0.4830843914810167,211200.887,0.4441637903984939,8426.708,28311000.0,0.4441637903984939,4429000.0,23882000.0,0.37467838092249767,0.6650435541985992,0.6599319636175822,35910430.0,36188579.0,https://www.sec.gov/Archives/edgar/data/1046025/000104602521000012/0001046025-21-000012-index.htm,https://www.sec.gov/Archives/edgar/data/1046025/000104602521000012/hfwa-20201231.htm,1620593061,16:44:21,20210509
2,2020-09-30,HFWA,USD,2020-11-09,2020-11-09 16:38:21,Q3,57888000.0,0.0,57888000.0,1.0,0.0,24627000.0,755000.0,2077.0,755.0,755.0,2885000.0,24650000.0,24669113.0,0.4261524495577667,19113.0,0.00033017205638474295,2292.0,19113000.0,0.33017205638474295,2477000.0,16636000.0,0.28738253178551687,0.46328418527524345,0.46225577148671027,35908845.0,35988734.0,https://www.sec.gov/Archives/edgar/data/1046025/000104602520000186/0001046025-20-000186-index.htm,https://www.sec.gov/Archives/edgar/data/1046025/000104602520000186/hfwa-20200930.htm,1620593061,16:44:21,20210509
3,2020-06-30,HFWA,USD,2020-08-05,2020-08-05 16:56:25,Q2,58561000.0,0.0,0.0,0.0,0.0,24488000.0,696000.0,0.0,69000000.0,0.0,3681000.0,3355000.0,0.0,0.0,0.0,-0.12081419374669149,0.0,-7075000.0,-0.12081419374669149,-936000.0,-6139000.0,-0.10483086012875463,-0.17,-0.17,35898716.0,35898716.0,https://www.sec.gov/Archives/edgar/data/1046025/000104602520000172/0001046025-20-000172-index.htm,https://www.sec.gov/Archives/edgar/data/1046025/000104602520000172/hfwa-20200630.htm,1620593061,16:44:21,20210509
4,2020-03-31,HFWA,USD,2020-05-05,2020-05-04 21:33:21,Q1,58037000.0,0.0,0.0,0.0,0.0,24866000.0,866000.0,0.0,50000000.0,0.0,4535000.0,2998000.0,0.0,0.0,0.0,0.22108310215896756,0.0,12831000.0,0.22108310215896756,640000.0,12191000.0,0.21005565415166186,0.34,0.33,36342090.0,36596641.0,https://www.sec.gov/Archives/edgar/data/1046025/000104602520000097/0001046025-20-000097-index.htm,https://www.sec.gov/Archives/edgar/data/1046025/000104602520000037/hfwa-2019123110k.htm,1620593061,16:44:21,20210509
5,2019-12-31,HFWA,USD,2020-02-28,2020-02-28 13:59:32,Q4,58126000.0,0.0,0.0,0.0,0.0,24305000.0,461000.0,0.0,42000000.0,0.0,4828000.0,2924000.0,0.0,0.0,0.0,0.3539035887554623,0.0,20571000.0,0.3539035887554623,3445000.0,17126000.0,0.2946357912121942,0.4679612410268719,0.465071187718384,36597048.0,36824470.0,https://www.sec.gov/Archives/edgar/data/1046025/000104602520000037/0001046025-20-000037-index.htm,https://www.sec.gov/Archives/edgar/data/1046025/000104602520000037/hfwa-2019123110k.htm,1620593061,16:44:21,20210509
6,2019-09-30,HFWA,USD,2019-11-06,2019-11-05 19:11:01,Q3,58701000.0,0.0,0.0,0.0,0.0,24075000.0,816000.0,0.0,42000000.0,0.0,4641000.0,2940000.0,0.0,0.0,0.0,0.36653549343282055,0.0,21516000.0,0.36653549343282055,3621000.0,17895000.0,0.30485000255532274,0.49,0.48,36742862.0,36876548.0,https://www.sec.gov/Archives/edgar/data/1046025/000104602519000170/0001046025-19-000170-index.htm,https://www.sec.gov/Archives/edgar/data/1046025/000104602519000170/hfwa-2019093010q.htm,1620593061,16:44:21,20210509
7,2019-06-30,HFWA,USD,2019-08-08,2019-08-07 19:13:17,Q2,58100000.0,0.0,0.0,0.0,0.0,24517000.0,1106000.0,0.0,44000000.0,0.0,4680000.0,3047000.0,0.0,0.0,0.0,0.330223752151463,0.0,19186000.0,0.330223752151463,3202000.0,15984000.0,0.2751118760757315,0.4335213200463822,0.43182642911746394,36870159.0,37014872.0,https://www.sec.gov/Archives/edgar/data/1046025/000104602519000146/0001046025-19-000146-index.htm,https://www.sec.gov/Archives/edgar/data/1046025/000104602519000146/hfwa-2019063010q.htm,1620593061,16:44:21,20210509
8,2019-03-31,HFWA,USD,2019-05-09,2019-05-09 16:57:31,Q1,57217000.0,0.0,0.0,0.0,0.0,24372000.0,1098000.0,0.0,41000000.0,0.0,4019000.0,3259000.0,0.0,0.0,0.0,0.34556163378017024,0.0,19772000.0,0.34556163378017024,3220000.0,16552000.0,0.2892846531625216,0.44947076392542,0.44722274459452743,36825532.0,37010640.0,https://www.sec.gov/Archives/edgar/data/1046025/000104602519000084/0001046025-19-000084-index.htm,https://www.sec.gov/Archives/edgar/data/1046025/000104602519000013/hfwa-2018123110k.htm,1620593061,16:44:21,20210509
9,2018-12-31,HFWA,USD,2019-03-01,2019-03-01 12:21:42,Q4,59734000.0,0.0,0.0,0.0,0.0,25146000.0,721000.0,0.0,42000000.0,0.0,3595000.0,3384000.0,0.0,0.0,0.0,0.35535875715672816,0.0,21227000.0,0.35535875715672816,4618000.0,16609000.0,0.27804935212776644,0.45124634899075844,0.44890548038210887,36806946.0,36998880.0,https://www.sec.gov/Archives/edgar/data/1046025/000104602519000013/0001046025-19-000013-index.htm,https://www.sec.gov/Archives/edgar/data/1046025/000104602519000013/hfwa-2018123110k.htm,1620593061,16:44:21,20210509
10,2018-09-30,HFWA,USD,2018-11-06,2018-11-06 16:30:38,Q3,59176000.0,0.0,0.0,0.0,0.0,26522000.0,876000.0,0.0,44000000.0,0.0,3480000.0,3512000.0,0.0,0.0,0.0,0.3128633229687711,0.0,18514000.0,0.3128633229687711,3010000.0,15504000.0,0.26199810734081386,0.4216257687314128,0.41944370467050995,36771946.0,36963244.0,https://www.sec.gov/Archives/edgar/data/1046025/000104602518000176/0001046025-18-000176-index.htm,https://www.sec.gov/Archives/edgar/data/1046025/000104602518000176/hfwa-2018093010q.htm,1620593061,16:44:21,20210509
11,2018-06-30,HFWA,USD,2018-08-08,2018-08-08 16:53:45,Q2,51316000.0,0.0,0.0,0.0,0.0,22203000.0,823000.0,0.0,40000000.0,0.0,2928000.0,3305000.0,0.0,0.0,0.0,0.2700911996258477,0.0,13860000.0,0.2700911996258477,2003000.0,11857000.0,0.23105853924701847,0.34940676142307714,0.3476382704320237,33934661.0,34107292.0,https://www.sec.gov/Archives/edgar/data/1046025/000104602518000159/0001046025-18-000159-index.htm,https://www.sec.gov/Archives/edgar/data/1046025/000104602518000159/hfwa-2018063010q.htm,1620593061,16:44:21,20210509
12,2018-03-31,HFWA,USD,2018-05-10,2018-05-10 14:33:00,Q1,48385000.0,0.0,0.0,0.0,0.0,24327000.0,808000.0,0.0,40000000.0,0.0,2410000.0,3426000.0,0.0,0.0,0.0,0.21672005786917434,0.0,10486000.0,0.21672005786917434,1399000.0,9087000.0,0.18780613826599152,0.2736591050181798,0.27248927090363345,33205546.0,33348102.0,https://www.sec.gov/Archives/edgar/data/1046025/000104602518000104/0001046025-18-000104-index.htm,https://www.sec.gov/Archives/edgar/data/1046025/000104602518000014/hfwa-2017123110k.htm,1620593061,16:44:21,20210509
13,2017-12-31,HFWA,USD,2018-02-28,2018-02-28 17:21:40,Q4,46219000.0,0.0,0.0,0.0,0.0,18663000.0,398000.0,0.0,31000000.0,0.0,2389000.0,2907000.0,0.0,0.0,0.0,0.37415348666132975,0.0,17293000.0,0.37415348666132975,7270000.0,10023000.0,0.216858867565287,0.3364925630712052,0.3352791320033716,29786691.0,29894494.0,https://www.sec.gov/Archives/edgar/data/1046025/000104602518000014/0001046025-18-000014-index.htm,https://www.sec.gov/Archives/edgar/data/1046025/000104602518000014/hfwa-2017123110k.htm,1620593061,16:44:21,20210509
14,2017-09-30,HFWA,USD,2017-11-09,2017-11-09 16:16:27,Q3,43385000.0,0.0,0.0,0.0,0.0,18346000.0,933000.0,0.0,31000000.0,0.0,2333000.0,2977000.0,0.0,0.0,0.0,0.33527716952863895,0.0,14546000.0,0.33527716952863895,3922000.0,10624000.0,0.24487726172640314,0.3567100162453477,0.3554281581133402,29783296.0,29890710.0,https://www.sec.gov/Archives/edgar/data/1046025/000104602517000146/0001046025-17-000146-index.htm,https://www.sec.gov/Archives/edgar/data/1046025/000104602517000146/hfwa-2017093010q.htm,1620593061,16:44:21,20210509
15,2017-06-30,HFWA,USD,2017-08-08,2017-08-08 15:52:47,Q2,44843000.0,0.0,0.0,0.0,0.0,18631000.0,805000.0,0.0,31000000.0,0.0,1907000.0,2974000.0,0.0,0.0,0.0,0.35463729010101913,0.0,15903000.0,0.35463729010101913,4075000.0,11828000.0,0.26376469014115916,0.4,0.39,29756198.0,29839609.0,https://www.sec.gov/Archives/edgar/data/1046025/000104602517000128/0001046025-17-000128-index.htm,https://www.sec.gov/Archives/edgar/data/1046025/000104602517000128/hfwa-2017063010q.htm,1620593061,16:44:21,20210509
16,2017-03-31,HFWA,USD,2017-05-02,2017-05-02 17:25:51,Q1,40495000.0,0.0,0.0,0.0,0.0,18239000.0,807000.0,0.0,30000000.0,0.0,1717000.0,3132000.0,0.0,0.0,0.0,0.30633411532287935,0.0,12405000.0,0.30633411532287935,3089000.0,9316000.0,0.2300530929744413,0.31362880784963487,0.31311139865645093,29703904.0,29752989.0,https://www.sec.gov/Archives/edgar/data/1046025/000104602517000073/0001046025-17-000073-index.htm,https://www.sec.gov/Archives/edgar/data/1046025/000104602517000041/hfwa-2016123110k.htm,1620593061,16:44:21,20210509
17,2016-12-31,HFWA,USD,2017-03-09,2017-03-09 17:00:01,Q4,41241000.0,0.0,0.0,0.0,0.0,17805000.0,581000.0,0.0,30000000.0,0.0,1516000.0,3524000.0,0.0,0.0,0.0,0.3214034577241095,0.0,13255000.0,0.3214034577241095,3362000.0,9893000.0,0.23988264106107998,0.3332375243170256,0.33306883320429287,29687533.0,29702569.0,https://www.sec.gov/Archives/edgar/data/1046025/000104602517000041/0001046025-17-000041-index.htm,https://www.sec.gov/Archives/edgar/data/1046025/000104602517000041/hfwa-2016123110k.htm,1620593061,16:44:21,20210509
18,2016-09-30,HFWA,USD,2016-11-08,2016-11-08 14:35:05,Q3,43473000.0,0.0,0.0,0.0,0.0,17872000.0,745000.0,0.0,30000000.0,0.0,1508000.0,3419000.0,0.0,0.0,0.0,0.34872219538564164,0.0,15160000.0,0.34872219538564164,4121000.0,11039000.0,0.2539277252547558,0.37187413413104864,0.3717359953119306,29684775.0,29695806.0,https://www.sec.gov/Archives/edgar/data/1046025/000104602516000262/0001046025-16-000262-index.htm,https://www.sec.gov/Archives/edgar/data/1046025/000104602516000262/hfwa-2016093010q.htm,1620593061,16:44:21,20210509
19,2016-06-30,HFWA,USD,2016-08-05,2016-08-05 16:19:36,Q2,39661000.0,0.0,0.0,0.0,0.0,17255000.0,781000.0,0.0,29000000.0,0.0,1507000.0,3533000.0,0.0,0.0,0.0,0.30417790776833664,0.0,12064000.0,0.30417790776833664,3169000.0,8895000.0,0.224275736869973,0.29980931520855975,0.29968583019696415,29668858.0,29681083.0,https://www.sec.gov/Archives/edgar/data/1046025/000104602516000238/0001046025-16-000238-index.htm,https://www.sec.gov/Archives/edgar/data/1046025/000104602516000238/hfwa-2016063010q.htm,1620593061,16:44:21,20210509
20,2016-03-31,HFWA,USD,2016-05-03,2016-05-03 17:04:05,Q1,39750000.0,0.0,0.0,0.0,0.0,17405000.0,728000.0,0.0,29000000.0,0.0,1475000.0,3648000.0,0.0,0.0,0.0,0.3079748427672956,0.0,12242000.0,0.3079748427672956,3151000.0,9091000.0,0.22870440251572327,0.30638448512914657,0.3062374653091161,29671868.0,29686113.0,https://www.sec.gov/Archives/edgar/data/1046025/000104602516000174/0001046025-16-000174-index.htm,https://www.sec.gov/Archives/edgar/data/1046025/000104602516000163/hfwa-2015123110k.htm,1620593061,16:44:21,20210509
21,2015-12-31,HFWA,USD,2016-03-10,2016-03-10 17:09:46,Q4,40034000.0,0.0,0.0,0.0,0.0,17409000.0,471000.0,0.0,29000000.0,0.0,1482000.0,4004000.0,0.0,0.0,0.0,0.3032422440925214,0.0,12140000.0,0.3032422440925214,2647000.0,9493000.0,0.23712344507168906,0.31954162119658625,0.31931388517912657,29708180.0,29729368.0,https://www.sec.gov/Archives/edgar/data/1046025/000104602516000163/0001046025-16-000163-index.htm,https://www.sec.gov/Archives/edgar/data/1046025/000104602516000163/hfwa-2015123110k.htm,1620593061,16:44:21,20210509
22,2015-09-30,HFWA,USD,2015-11-05,2015-11-05 17:00:47,Q3,41484000.0,0.0,0.0,0.0,0.0,17815000.0,899000.0,0.0,30000000.0,0.0,1544000.0,4339000.0,0.0,0.0,0.0,0.3208706971362453,0.0,13311000.0,0.3208706971362453,3819000.0,9492000.0,0.22881110789702053,0.31963116207175546,0.3193903023521151,29696729.0,29719124.0,https://www.sec.gov/Archives/edgar/data/1046025/000104602515000123/0001046025-15-000123-index.htm,https://www.sec.gov/Archives/edgar/data/1046025/000104602515000123/hfwa-2015093010q.htm,1620593061,16:44:21,20210509
23,2015-06-30,HFWA,USD,2015-08-06,2015-08-06 14:07:08,Q2,39351000.0,0.0,0.0,0.0,0.0,16290000.0,1063000.0,0.0,29000000.0,0.0,1520000.0,3805000.0,0.0,0.0,0.0,0.3070569998221138,0.0,12083000.0,0.3070569998221138,3358000.0,8725000.0,0.2217224466976697,0.2931350591311369,0.2929283176037262,29764437.0,29785444.0,https://www.sec.gov/Archives/edgar/data/1046025/000104602515000099/0001046025-15-000099-index.htm,https://www.sec.gov/Archives/edgar/data/1046025/000104602515000099/hfwa-2015063010q.htm,1620593061,16:44:21,20210509
24,2015-03-31,HFWA,USD,2015-05-06,2015-05-06 13:50:39,Q1,41019000.0,0.0,0.0,0.0,0.0,16368000.0,633000.0,0.0,29000000.0,0.0,1575000.0,3919000.0,0.0,0.0,0.0,0.33577122796752723,0.0,13773000.0,0.33577122796752723,3994000.0,9779000.0,0.23840171627782247,0.32565256391368647,0.3254039131392836,30028936.0,30051882.0,https://www.sec.gov/Archives/edgar/data/1046025/000104602515000029/0001046025-15-000029-index.htm,https://www.sec.gov/Archives/edgar/data/1046025/000104602515000021/hfwa-2014123110k.htm,1620593061,16:44:21,20210509
25,2014-12-31,HFWA,USD,2015-03-11,2015-03-10 19:17:31,Q4,40677000.0,0.0,0.0,0.0,0.0,19134000.0,659000.0,0.0,34000000.0,0.0,1659000.0,4511000.0,0.0,0.0,0.0,0.2110037613393318,0.0,8583000.0,0.2110037613393318,1328000.0,7255000.0,0.1783563192959166,0.24166176958771068,0.24138025454953538,30021298.0,30056311.0,https://www.sec.gov/Archives/edgar/data/1046025/000104602515000021/0001046025-15-000021-index.htm,https://www.sec.gov/Archives/edgar/data/1046025/000104602515000021/hfwa-2014123110k.htm,1620593061,16:44:21,20210509
26,2014-09-30,HFWA,USD,2014-11-05,2014-11-05 15:05:32,Q3,38790000.0,0.0,0.0,0.0,0.0,17960000.0,841000.0,0.0,31000000.0,0.0,1724000.0,4817000.0,0.0,0.0,0.0,0.2534931683423563,0.0,9833000.0,0.2534931683423563,2765000.0,7068000.0,0.18221191028615621,0.2351029531731664,0.23481652683101076,30063425.0,30100096.0,https://www.sec.gov/Archives/edgar/data/1046025/000104602514000022/0001046025-14-000022-index.htm,https://www.sec.gov/Archives/edgar/data/1046025/000104602514000022/hfwa-2014093010q.htm,1620593061,16:44:21,20210509
27,2014-06-30,HFWA,USD,2014-08-08,2014-08-08 12:35:25,Q2,33339000.0,0.0,0.0,0.0,0.0,17242000.0,496000.0,0.0,29000000.0,0.0,1427000.0,2652000.0,0.0,0.0,0.0,0.1707309757341252,0.0,5692000.0,0.1707309757341252,1544000.0,4148000.0,0.12441884879570474,0.16314129908614128,0.16282311094279253,25425812.0,25475499.0,https://www.sec.gov/Archives/edgar/data/1046025/000104602514000013/0001046025-14-000013-index.htm,https://www.sec.gov/Archives/edgar/data/1046025/000104602514000013/hfwa-2014063010q.htm,1620593061,16:44:21,20210509
28,2014-03-31,HFWA,USD,2014-05-01,2014-04-30 19:12:26,Q1,19040000.0,0.0,0.0,0.0,0.0,9259000.0,505000.0,0.0,16000000.0,0.0,872000.0,2822000.0,0.0,0.0,0.0,0.2001575630252101,0.0,3811000.0,0.2001575630252101,1268000.0,2543000.0,0.1335609243697479,0.15876843146654207,0.15867170506006126,16017038.0,16026802.0,https://www.sec.gov/Archives/edgar/data/1046025/000104602514000006/0001046025-14-000006-index.htm,https://www.sec.gov/Archives/edgar/data/1046025/000104602514000003/hfwa-20131231x10k.htm,1620593061,16:44:21,20210509
29,2013-12-31,HFWA,USD,2014-03-11,2014-03-11 16:29:12,Q4,20063000.0,0.0,0.0,0.0,0.0,10646000.0,409000.0,0.0,20000000.0,0.0,906000.0,1572000.0,0.0,0.0,0.0,0.05692069979564372,0.0,1142000.0,0.05692069979564372,432000.0,710000.0,0.03538852614265065,0.0443546800122194,0.044327599943285646,16007330.0,16017109.0,https://www.sec.gov/Archives/edgar/data/1046025/000104602514000003/0001046025-14-000003-index.htm,https://www.sec.gov/Archives/edgar/data/1046025/000104602514000003/hfwa-20131231x10k.htm,1620593061,16:44:21,20210509
30,2013-09-30,HFWA,USD,2013-11-01,2013-11-01 16:18:25,Q3,20163000.0,0.0,0.0,0.0,0.0,9204000.0,477000.0,0.0,16000000.0,0.0,952000.0,1581000.0,0.0,0.0,0.0,0.23805981252789762,0.0,4800000.0,0.23805981252789762,1510000.0,3290000.0,0.16317016317016317,0.20616343446474866,0.2060233074355565,15958213.0,15969067.0,https://www.sec.gov/Archives/edgar/data/1046025/000144530513002641/0001445305-13-002641-index.htm,https://www.sec.gov/Archives/edgar/data/1046025/000144530513002641/hfwa-2013930x10q.htm,1620593061,16:44:21,20210509
31,2013-06-30,HFWA,USD,2013-07-31,2013-07-31 17:09:00,Q2,18273000.0,0.0,0.0,0.0,0.0,8612000.0,386000.0,0.0,15000000.0,0.0,919000.0,1394000.0,0.0,0.0,0.0,0.21791714551524108,0.0,3982000.0,0.21791714551524108,1292000.0,2690000.0,0.14721173315821157,0.17957035422955941,0.17942732933025848,14980201.0,14992142.0,https://www.sec.gov/Archives/edgar/data/1046025/000119312513312820/0001193125-13-312820-index.htm,https://www.sec.gov/Archives/edgar/data/1046025/000119312513312820/d537032d10q.htm,1620593061,16:44:21,20210509
32,2013-03-31,HFWA,USD,2013-04-30,2013-04-30 17:11:55,Q1,18419000.0,0.0,0.0,0.0,0.0,8958000.0,326000.0,0.0,16000000.0,0.0,946000.0,1407000.0,0.0,0.0,0.0,0.2303599543949183,0.0,4243000.0,0.2303599543949183,1358000.0,2885000.0,0.15663173896519897,0.19307741507555148,0.1928709417964969,14942193.0,14958189.0,https://www.sec.gov/Archives/edgar/data/1046025/000119312513187851/0001193125-13-187851-index.htm,https://www.sec.gov/Archives/edgar/data/1046025/000119312513093956/d442850d10k.htm,1620593061,16:44:21,20210509
33,2012-12-31,HFWA,USD,2013-03-06,2013-03-06 16:40:26,Q4,17411000.0,0.0,0.0,0.0,0.0,8183000.0,310000.0,0.0,14000000.0,0.0,984000.0,1370000.0,0.0,0.0,0.0,0.25093331801734536,0.0,4369000.0,0.25093331801734536,1335000.0,3034000.0,0.17425765320774222,0.20294755571609416,0.20273329112507288,14949675.0,14965475.0,https://www.sec.gov/Archives/edgar/data/1046025/000119312513093956/0001193125-13-093956-index.htm,https://www.sec.gov/Archives/edgar/data/1046025/000119312513093956/d442850d10k.htm,1620593061,16:44:21,20210509
34,2012-09-30,HFWA,USD,2012-11-07,2012-11-07 13:20:27,Q3,17482000.0,0.0,0.0,0.0,0.0,8112000.0,435000.0,0.0,14000000.0,0.0,1076000.0,1265000.0,0.0,0.0,0.0,0.2386454639057316,0.0,4172000.0,0.2386454639057316,1309000.0,2863000.0,0.16376844754604736,0.19144243617487716,0.19126614513740064,14954887.0,14968671.0,https://www.sec.gov/Archives/edgar/data/1046025/000119312512456801/0001193125-12-456801-index.htm,https://www.sec.gov/Archives/edgar/data/1046025/000119312512456801/d398652d10q.htm,1620593061,16:44:21,20210509
35,2012-06-30,HFWA,USD,2012-08-03,2012-08-03 15:13:16,Q2,18274000.0,0.0,0.0,0.0,0.0,8218000.0,369000.0,0.0,15000000.0,0.0,1179000.0,1097000.0,0.0,0.0,0.0,0.26184743351209366,0.0,4785000.0,0.26184743351209366,1591000.0,3194000.0,0.17478384590128052,0.211185408027201,0.2101671829273709,15124151.0,15197425.0,https://www.sec.gov/Archives/edgar/data/1046025/000119312512334619/0001193125-12-334619-index.htm,https://www.sec.gov/Archives/edgar/data/1046025/000119312512334619/d351687d10q.htm,1620593061,16:44:21,20210509
36,2012-03-31,HFWA,USD,2012-05-01,2012-05-01 15:23:54,Q1,18602000.0,0.0,0.0,0.0,0.0,8064000.0,403000.0,0.0,14000000.0,0.0,1295000.0,985000.0,0.0,0.0,0.0,0.32862057843242665,0.0,6113000.0,0.32862057843242665,1943000.0,4170000.0,0.22416944414579076,0.2726436608158557,0.2713424854919615,15294689.0,15368032.0,https://www.sec.gov/Archives/edgar/data/1046025/000119312512200385/0001193125-12-200385-index.htm,https://www.sec.gov/Archives/edgar/data/1046025/000119312512094695/d274728d10k.htm,1620593061,16:44:21,20210509
37,2011-12-31,HFWA,USD,2012-03-02,2012-03-02 17:06:57,Q4,19390000.0,0.0,0.0,0.0,0.0,7805000.0,277000.0,0.0,17000000.0,0.0,1360000.0,1037000.0,0.0,0.0,0.0,0.16781846312532234,0.0,3254000.0,0.16781846312532234,1022000.0,2232000.0,0.11511088189788551,0.1459330098179832,0.1459330098179832,15294689.0,15294689.0,https://www.sec.gov/Archives/edgar/data/1046025/000119312512094695/0001193125-12-094695-index.htm,https://www.sec.gov/Archives/edgar/data/1046025/000119312512094695/d274728d10k.htm,1620593061,16:44:21,20210509
38,2011-09-30,HFWA,USD,2011-11-03,2011-11-03 15:04:21,Q3,18160000.0,0.0,0.0,0.0,0.0,7432000.0,390000.0,0.0,17000000.0,0.0,1622000.0,831000.0,0.0,0.0,0.0,0.13970264317180617,0.0,2537000.0,0.13970264317180617,701000.0,1836000.0,0.10110132158590308,0.11876734247397679,0.11836508420844091,15458795.0,15511331.0,https://www.sec.gov/Archives/edgar/data/1046025/000119312511294785/0001193125-11-294785-index.htm,https://www.sec.gov/Archives/edgar/data/1046025/000119312511294785/d238172d10q.htm,1620593061,16:44:21,20210509
39,2011-06-30,HFWA,USD,2011-08-04,2011-08-04 16:59:09,Q2,19008000.0,0.0,0.0,0.0,0.0,8143000.0,379000.0,0.0,18000000.0,0.0,1702000.0,322000.0,0.0,0.0,0.0,0.12147516835016835,0.0,2309000.0,0.12147516835016835,624000.0,1685000.0,0.08864688552188552,0.10896796665127534,0.10847854812568704,15463260.0,15533025.0,https://www.sec.gov/Archives/edgar/data/1046025/000119312511210524/0001193125-11-210524-index.htm,https://www.sec.gov/Archives/edgar/data/1046025/000119312511210524/d10q.htm,1620593061,16:44:21,20210509
40,2011-03-31,HFWA,USD,2011-05-09,2011-05-09 14:57:30,Q1,19074000.0,0.0,0.0,0.0,0.0,7916000.0,315000.0,0.0,19000000.0,0.0,1897000.0,435000.0,0.0,0.0,0.0,0.054996330082835276,0.0,1049000.0,0.054996330082835276,285000.0,764000.0,0.040054524483590224,0.049947186080791406,0.049700424834547674,15296157.0,15372102.0,https://www.sec.gov/Archives/edgar/data/1046025/000119312511132163/0001193125-11-132163-index.htm,https://www.sec.gov/Archives/edgar/data/1046025/000119312511056414/d10k.htm,1620593061,16:44:21,20210509
41,2010-12-31,HFWA,USD,2011-03-04,2011-03-04 17:12:55,Q4,19801000.0,0.0,0.0,0.0,0.0,9008000.0,276000.0,-11392000.0,16000000.0,0.0,2117000.0,934000.0,0.0,0.0,0.0,0.7297611231755972,0.0,14450000.0,0.7297611231755972,4689000.0,9761000.0,0.49295490126761277,0.6381341404903206,0.6381341404903206,15296157.0,15296157.0,https://www.sec.gov/Archives/edgar/data/1046025/000119312511056414/0001193125-11-056414-index.htm,https://www.sec.gov/Archives/edgar/data/1046025/000119312511056414/d10k.htm,1620593061,16:44:21,20210509
42,2010-09-30,HFWA,USD,2010-11-08,2010-11-08 16:42:01,Q3,15154000.0,0.0,0.0,0.0,0.0,5740000.0,261000.0,-438000.0,15000000.0,0.0,2261000.0,566000.0,0.0,0.0,0.0,0.20232281905767455,0.0,3066000.0,0.20232281905767455,1024000.0,2042000.0,0.13474990101623333,0.16,0.15,11014545.0,11068240.0,https://www.sec.gov/Archives/edgar/data/1046025/000119312510252190/0001193125-10-252190-index.htm,https://www.sec.gov/Archives/edgar/data/1046025/000119312510252190/d10q.htm,1620593061,16:44:21,20210509
43,2010-06-30,HFWA,USD,2010-08-03,2010-08-03 17:16:57,Q2,12902000.0,0.0,0.0,0.0,0.0,4963000.0,423000.0,0.0,14000000.0,0.0,1950000.0,351000.0,0.0,0.0,0.0,0.09905441016896605,0.0,1278000.0,0.09905441016896605,423000.0,855000.0,0.06626879553557588,0.07764489854853987,0.07728991020449193,11011670.0,11062246.0,https://www.sec.gov/Archives/edgar/data/1046025/000119312510175435/0001193125-10-175435-index.htm,https://www.sec.gov/Archives/edgar/data/1046025/000119312510175435/d10q.htm,1620593061,16:44:21,20210509
44,2010-03-31,HFWA,USD,2010-05-04,2010-05-04 16:10:13,Q1,12821000.0,0.0,0.0,0.0,0.0,4789000.0,211000.0,0.0,14000000.0,0.0,2183000.0,424000.0,0.0,0.0,0.0,0.07768504796817721,0.0,996000.0,0.07768504796817721,300000.0,696000.0,0.054285937134388895,0.06326699298254512,0.06302380615615814,11000997.0,11043446.0,https://www.sec.gov/Archives/edgar/data/1046025/000119312510106516/0001193125-10-106516-index.htm,https://www.sec.gov/Archives/edgar/data/1046025/000119312510046044/d10k.htm,1620593061,16:44:21,20210509
45,2009-12-31,HFWA,USD,2010-03-02,2010-03-02 17:14:54,Q4,13006000.0,0.0,0.0,0.0,0.0,3834000.0,247000.0,0.0,14000000.0,0.0,2533000.0,346000.0,0.0,0.0,0.0,0.05228356143318468,0.0,680000.0,0.05228356143318468,-92000.0,772000.0,0.0593572197447332,0.0701754577335127,0.0701754577335127,11000997.0,11000997.0,https://www.sec.gov/Archives/edgar/data/1046025/000119312510046044/0001193125-10-046044-index.htm,https://www.sec.gov/Archives/edgar/data/1046025/000119312510046044/d10k.htm,1620593061,16:44:21,20210509
46,2009-09-30,HFWA,USD,2009-10-29,2009-10-29 16:53:26,Q3,12634000.0,0.0,0.0,0.0,0.0,4460000.0,283000.0,0.0,15000000.0,0.0,2775000.0,357000.0,0.0,0.0,0.0,0.02944435649833782,0.0,372000.0,0.02944435649833782,60000.0,312000.0,0.024695266740541396,0.04412577713342829,0.04412577713342829,7070697.0,7070697.0,https://www.sec.gov/Archives/edgar/data/1046025/000119312509217525/0001193125-09-217525-index.htm,https://www.sec.gov/Archives/edgar/data/1046025/000119312509217525/d10q.htm,1620593061,16:44:21,20210509
47,2009-06-30,HFWA,USD,2009-07-31,2009-07-30 21:44:41,Q2,12607000.0,0.0,0.0,0.0,0.0,4876000.0,234000.0,0.0,15000000.0,0.0,2974000.0,240000.0,0.0,0.0,0.0,0.003252161497580709,0.0,41000.0,0.003252161497580709,-50000.0,91000.0,0.007218212104386452,-0.04,-0.04,6615989.0,6615989.0,https://www.sec.gov/Archives/edgar/data/1046025/000119312509159922/0001193125-09-159922-index.htm,https://www.sec.gov/Archives/edgar/data/1046025/000119312509159922/d10q.htm,1620593061,16:44:21,20210509
48,2009-03-31,HFWA,USD,2009-05-11,2009-05-11 16:32:47,Q1,12115000.0,0.0,0.0,0.0,0.0,4385000.0,226000.0,0.0,16000000.0,0.0,3363000.0,275000.0,0.0,0.0,0.0,-0.08378043747420554,0.0,-1015000.0,-0.08378043747420554,-421000.0,-594000.0,-0.04903012794056954,-0.14,-0.14,6610410.0,6610410.0,https://www.sec.gov/Archives/edgar/data/1046025/000119312509107215/0001193125-09-107215-index.htm,https://www.sec.gov/Archives/edgar/data/1046025/000119312509041122/d10k.htm,1620593061,16:44:21,20210509
49,2008-12-31,HFWA,USD,2009-02-27,2009-02-27 16:55:38,Q4,12086000.0,0.0,0.0,0.0,0.0,5589000.0,268000.0,0.0,16000000.0,0.0,4045000.0,285000.0,0.0,0.0,0.0,-0.03367532682442496,0.0,-407000.0,-0.03367532682442496,-213000.0,-194000.0,-0.016051629985106734,-0.029347650145754953,-0.029347650145754953,6610410.0,6610410.0,https://www.sec.gov/Archives/edgar/data/1046025/000119312509041122/0001193125-09-041122-index.htm,https://www.sec.gov/Archives/edgar/data/1046025/000119312509041122/d10k.htm,1620593061,16:44:21,20210509
50,2008-09-30,HFWA,USD,2008-10-31,2008-10-31 16:56:37,Q3,12107000.0,0.0,0.0,0.0,0.0,3658000.0,135000.0,0.0,13000000.0,0.0,4337000.0,285000.0,0.0,0.0,0.0,0.25497645989923184,0.0,3087000.0,0.25497645989923184,1006000.0,2081000.0,0.17188403402990005,0.32,0.31,6601432.0,6643259.0,https://www.sec.gov/Archives/edgar/data/1046025/000119312508221699/0001193125-08-221699-index.htm,https://www.sec.gov/Archives/edgar/data/1046025/000119312508221699/d10q.htm,1620593061,16:44:21,20210509
51,2008-06-30,HFWA,USD,2008-08-06,2008-08-06 11:14:42,Q2,11663000.0,0.0,0.0,0.0,0.0,3665000.0,195000.0,0.0,12000000.0,0.0,4587000.0,546000.0,0.0,0.0,0.0,0.22867186830146619,0.0,2667000.0,0.22867186830146619,863000.0,1804000.0,0.15467718425790963,0.27,0.27,6681481.0,6681481.0,https://www.sec.gov/Archives/edgar/data/1046025/000119312508167775/0001193125-08-167775-index.htm,https://www.sec.gov/Archives/edgar/data/1046025/000119312508167775/d10q.htm,1620593061,16:44:21,20210509
52,2008-03-31,HFWA,USD,2008-05-05,2008-05-05 17:04:52,Q1,11310000.0,0.0,0.0,0.0,0.0,3721000.0,103000.0,0.0,13000000.0,0.0,5637000.0,125000.0,0.0,0.0,0.0,0.35190097259062775,0.0,3980000.0,0.35190097259062775,1320000.0,2660000.0,0.23519009725906279,0.4,0.4,6650000.0,6650000.0,https://www.sec.gov/Archives/edgar/data/1046025/000119312508102465/0001193125-08-102465-index.htm,https://www.sec.gov/Archives/edgar/data/1046025/000119312508047987/d10k.htm,1620593061,16:44:21,20210509
53,2007-12-31,HFWA,USD,2008-03-05,2008-03-05 17:26:09,Q4,11262000.0,0.0,0.0,0.0,0.0,3533000.0,104000.0,0.0,13000000.0,0.0,6428000.0,497000.0,0.0,0.0,0.0,0.36618717812111523,0.0,4124000.0,0.36618717812111523,1349000.0,2775000.0,0.2464038359083644,0.41729323308270677,0.41729323308270677,6650000.0,6650000.0,https://www.sec.gov/Archives/edgar/data/1046025/000119312508047987/0001193125-08-047987-index.htm,https://www.sec.gov/Archives/edgar/data/1046025/000119312508047987/d10k.htm,1620593061,16:44:21,20210509
54,2007-09-30,HFWA,USD,2007-11-02,2007-11-02 16:01:08,Q3,11669000.0,0.0,0.0,0.0,0.0,3722000.0,133000.0,0.0,14000000.0,0.0,6790000.0,670000.0,0.0,0.0,0.0,0.3797240551889622,0.0,4431000.0,0.3797240551889622,1498000.0,2933000.0,0.2513497300539892,0.45,0.44,6517778.0,6665909.0,https://www.sec.gov/Archives/edgar/data/1046025/000119312507233779/0001193125-07-233779-index.htm,https://www.sec.gov/Archives/edgar/data/1046025/000119312507233779/d10q.htm,1620593061,16:44:21,20210509
55,2007-06-30,HFWA,USD,2007-07-27,2007-07-27 15:35:52,Q2,11331000.0,0.0,0.0,0.0,0.0,3672000.0,174000.0,0.0,14000000.0,0.0,6525000.0,-48000.0,0.0,0.0,0.0,0.3508075191951284,0.0,3975000.0,0.3508075191951284,1348000.0,2627000.0,0.23184184979260436,0.4,0.39,6567500.0,6735897.0,https://www.sec.gov/Archives/edgar/data/1046025/000119312507164101/0001193125-07-164101-index.htm,https://www.sec.gov/Archives/edgar/data/1046025/000119312507164101/d10q.htm,1620593061,16:44:21,20210509
56,2007-03-31,HFWA,USD,2007-05-01,2007-05-01 15:19:46,Q1,10930000.0,0.0,0.0,0.0,0.0,3836000.0,89000.0,0.0,13000000.0,0.0,6027000.0,497000.0,0.0,0.0,0.0,0.3261665141811528,0.0,3565000.0,0.3261665141811528,1192000.0,2373000.0,0.2171088746569076,0.37,0.36,6413514.0,6591667.0,https://www.sec.gov/Archives/edgar/data/1046025/000119312507097628/0001193125-07-097628-index.htm,https://www.sec.gov/Archives/edgar/data/1046025/000119312507046427/d10k.htm,1620593061,16:44:21,20210509
57,2006-12-31,HFWA,USD,2007-03-05,2007-03-05 16:37:39,Q4,11212000.0,0.0,0.0,0.0,0.0,4237000.0,0.0,0.0,13000000.0,0.0,5661000.0,425000.0,0.0,0.0,0.0,0.3541740991794506,0.0,3971000.0,0.3541740991794506,1413000.0,2558000.0,0.22814841241526934,0.39884531319336014,0.39884531319336014,6413514.0,6413514.0,https://www.sec.gov/Archives/edgar/data/1046025/000119312507046427/0001193125-07-046427-index.htm,https://www.sec.gov/Archives/edgar/data/1046025/000119312507046427/d10k.htm,1620593061,16:44:21,20210509
58,2006-09-30,HFWA,USD,2006-11-03,2006-11-03 14:10:34,Q3,11557000.0,0.0,0.0,0.0,0.0,3646000.0,0.0,0.0,13000000.0,0.0,5291000.0,398000.0,0.0,0.0,0.0,0.3752703988924461,0.0,4337000.0,0.3752703988924461,1447000.0,2890000.0,0.25006489573418705,0.45,0.43,6422222.0,6720930.0,https://www.sec.gov/Archives/edgar/data/1046025/000119312506223460/0001193125-06-223460-index.htm,https://www.sec.gov/Archives/edgar/data/1046025/000119312506223460/d10q.htm,1620593061,16:44:21,20210509
59,2006-06-30,HFWA,USD,2006-08-03,2006-08-03 16:24:31,Q2,10701000.0,0.0,0.0,0.0,0.0,3714000.0,0.0,0.0,12000000.0,0.0,4628000.0,419000.0,0.0,0.0,0.0,0.35370526119054296,0.0,3785000.0,0.35370526119054296,1250000.0,2535000.0,0.2368937482478273,0.4,0.39,6337500.0,6500000.0,https://www.sec.gov/Archives/edgar/data/1046025/000119312506160957/0001193125-06-160957-index.htm,https://www.sec.gov/Archives/edgar/data/1046025/000119312506160957/d10q.htm,1620593061,16:44:21,20210509
60,2006-03-31,HFWA,USD,2006-05-08,2006-05-08 16:27:00,Q1,10256000.0,0.0,0.0,0.0,0.0,3405000.0,117000.0,0.0,10000000.0,0.0,3885000.0,445000.0,0.0,0.0,0.0,0.3735374414976599,0.0,3831000.0,0.3735374414976599,1267000.0,2564000.0,0.25,0.41,0.4,6253659.0,6410000.0,https://www.sec.gov/Archives/edgar/data/1046025/000119312506103555/0001193125-06-103555-index.htm,https://www.sec.gov/Archives/edgar/data/1046025/000119312506045118/d10k.htm,1620593061,16:44:21,20210509
61,2005-12-31,HFWA,USD,2006-03-03,2006-03-03 16:50:30,Q4,10425000.0,0.0,0.0,0.0,0.0,3254000.0,125000.0,0.0,10000000.0,0.0,3499000.0,438000.0,0.0,0.0,0.0,0.38455635491606716,0.0,4009000.0,0.38455635491606716,1317000.0,2692000.0,0.2582254196642686,0.43046798682179505,0.43046798682179505,6253659.0,6253659.0,https://www.sec.gov/Archives/edgar/data/1046025/000119312506045118/0001193125-06-045118-index.htm,https://www.sec.gov/Archives/edgar/data/1046025/000119312506045118/d10k.htm,1620593061,16:44:21,20210509
62,2005-09-30,HFWA,USD,2005-10-27,2005-10-27 12:06:19,Q3,10274000.0,0.0,0.0,0.0,0.0,3150000.0,145000.0,0.0,9000000.0,0.0,3026000.0,420000.0,0.0,0.0,0.0,0.38913762896632276,0.0,3998000.0,0.38913762896632276,1275000.0,2723000.0,0.2650379598987736,0.44,0.43,6188636.0,6332558.0,https://www.sec.gov/Archives/edgar/data/1046025/000119312505209697/0001193125-05-209697-index.htm,https://www.sec.gov/Archives/edgar/data/1046025/000119312505209697/d10q.htm,1620593061,16:44:21,20210509
63,2005-06-30,HFWA,USD,2005-07-28,2005-07-28 14:05:46,Q2,10012000.0,0.0,0.0,0.0,0.0,3169000.0,118000.0,0.0,9000000.0,0.0,2718000.0,458000.0,0.0,0.0,0.0,0.3697562924490611,0.0,3702000.0,0.3697562924490611,1205000.0,2497000.0,0.24940071913703557,0.4,0.390476,6242500.0,6394756.0,https://www.sec.gov/Archives/edgar/data/1046025/000119312505151139/0001193125-05-151139-index.htm,https://www.sec.gov/Archives/edgar/data/1046025/000119312505151139/d10q.htm,1620593061,16:44:21,20210509
64,2005-03-31,HFWA,USD,2005-05-04,2005-05-04 17:10:01,Q1,9799000.0,0.0,0.0,0.0,0.0,3045000.0,106000.0,0.0,8000000.0,0.0,2305000.0,454000.0,0.0,0.0,0.0,0.3886110827635473,0.0,3808000.0,0.3886110827635473,1245000.0,2563000.0,0.26155730176548625,0.409524,0.4,6258488.0,6407500.0,https://www.sec.gov/Archives/edgar/data/1046025/000119312505095890/0001193125-05-095890-index.htm,https://www.sec.gov/Archives/edgar/data/1046025/000119312505051068/d10k.htm,1620593061,16:44:21,20210509
65,2004-12-31,HFWA,USD,2005-03-15,2005-03-15 16:17:29,Q4,9916000.0,0.0,0.0,0.0,0.0,3026000.0,114000.0,0.0,0.0,0.0,2043000.0,419000.0,0.0,0.0,0.0,0.3953206938281565,0.0,3920000.0,0.3953206938281565,1287000.0,2633000.0,0.2655304558289633,0.42070864400475005,0.42070864400475005,6258488.0,6258488.0,https://www.sec.gov/Archives/edgar/data/1046025/000119312505051068/0001193125-05-051068-index.htm,https://www.sec.gov/Archives/edgar/data/1046025/000119312505051068/d10k.htm,1620593061,16:44:21,20210509
66,2004-09-30,HFWA,USD,2004-11-02,2004-11-02 13:47:06,Q3,9546000.0,0.0,0.0,0.0,0.0,2960000.0,101000.0,0.0,0.0,0.0,1840000.0,407000.0,0.0,0.0,0.0,0.38277812696417346,0.0,3654000.0,0.38277812696417346,1211000.0,2443000.0,0.2559187094070815,0.4,0.390476,6107500.0,6256463.0,https://www.sec.gov/Archives/edgar/data/1046025/000119312504183628/0001193125-04-183628-index.htm,https://www.sec.gov/Archives/edgar/data/1046025/000119312504183628/d10q.htm,1620593061,16:44:21,20210509
67,2004-06-30,HFWA,USD,2004-07-30,2004-07-30 16:52:31,Q2,9492000.0,0.0,0.0,0.0,0.0,3111000.0,116000.0,0.0,0.0,0.0,1667000.0,423000.0,0.0,0.0,0.0,0.35914454277286134,0.0,3409000.0,0.35914454277286134,1119000.0,2290000.0,0.24125579435313949,0.371429,0.361905,6165385.0,6327632.0,https://www.sec.gov/Archives/edgar/data/1046025/000119312504128254/0001193125-04-128254-index.htm,https://www.sec.gov/Archives/edgar/data/1046025/000119312504128254/d10q.htm,1620593061,16:44:21,20210509
68,2004-03-31,HFWA,USD,2004-05-04,2004-05-03 17:55:23,Q1,9270000.0,0.0,0.0,0.0,0.0,3126000.0,93000.0,0.0,0.0,0.0,1668000.0,459000.0,0.0,0.0,0.0,0.3587918015102481,0.0,3326000.0,0.3587918015102481,1107000.0,2219000.0,0.23937432578209278,0.342857,0.333333,6472083.0,6657000.0,https://www.sec.gov/Archives/edgar/data/1046025/000119312504076884/0001193125-04-076884-index.htm,https://www.sec.gov/Archives/edgar/data/1046025/000119312504036203/d10k.htm,1620593061,16:44:21,20210509
69,2003-12-31,HFWA,USD,2004-03-08,2004-03-08 12:21:46,Q4,9195000.0,0.0,0.0,0.0,0.0,2937000.0,134000.0,0.0,0.0,0.0,1690000.0,499000.0,0.0,0.0,0.0,0.3694399129961936,0.0,3397000.0,0.3694399129961936,1173000.0,2224000.0,0.2418705818379554,0.343629709322331,0.343629709322331,6472083.0,6472083.0,https://www.sec.gov/Archives/edgar/data/1046025/000119312504036203/0001193125-04-036203-index.htm,https://www.sec.gov/Archives/edgar/data/1046025/000119312504036203/d10k.htm,1620593061,16:44:21,20210509
70,2003-09-30,HFWA,USD,2003-11-10,2003-11-10 16:50:52,Q3,9458000.0,0.0,0.0,0.0,0.0,2961000.0,95000.0,0.0,0.0,0.0,1746000.0,470000.0,0.0,0.0,0.0,0.3913089448086276,0.0,3701000.0,0.3913089448086276,1288000.0,2413000.0,0.25512793402410655,0.361905,0.352381,6667500.0,6847703.0,https://www.sec.gov/Archives/edgar/data/1046025/000119312503076308/0001193125-03-076308-index.htm,https://www.sec.gov/Archives/edgar/data/1046025/000119312503076308/d10q.htm,1620593061,16:44:21,20210509
71,2003-06-30,HFWA,USD,2003-07-31,2003-07-30 19:08:44,Q2,9314000.0,0.0,0.0,0.0,0.0,2947000.0,103000.0,0.0,0.0,0.0,1873000.0,445000.0,0.0,0.0,0.0,0.36246510629160406,0.0,3376000.0,0.36246510629160406,1170000.0,2206000.0,0.236847756066137,0.314286,0.304762,7019091.0,7238438.0,https://www.sec.gov/Archives/edgar/data/1046025/000119312503026537/0001193125-03-026537-index.htm,https://www.sec.gov/Archives/edgar/data/1046025/000119312503026537/d10q.htm,1620593061,16:44:21,20210509
72,2003-03-31,HFWA,USD,2003-05-09,2003-05-09 17:24:32,Q1,8904000.0,0.0,0.0,0.0,0.0,2803000.0,82000.0,0.0,0.0,0.0,2000000.0,449000.0,0.0,0.0,0.0,0.35489667565139266,0.0,3160000.0,0.35489667565139266,1099000.0,2061000.0,0.23146900269541779,0.295238,0.285714,6980806.0,7213500.0,https://www.sec.gov/Archives/edgar/data/1046025/000089843003002845/0000898430-03-002845-index.htm,https://www.sec.gov/Archives/edgar/data/1046025/000103221003000350/d10k.htm,1620593061,16:44:21,20210509
73,2002-12-31,HFWA,USD,2003-03-19,2003-03-19 15:01:41,Q4,9374000.0,0.0,0.0,0.0,0.0,3172000.0,0.0,0.0,0.0,0.0,2273000.0,436000.0,0.0,0.0,0.0,0.3949221250266695,0.0,3702000.0,0.3949221250266695,1289000.0,2413000.0,0.25741412417324516,0.3456620911682691,0.3456620911682691,6980806.0,6980806.0,https://www.sec.gov/Archives/edgar/data/1046025/000103221003000350/0001032210-03-000350-index.htm,https://www.sec.gov/Archives/edgar/data/1046025/000103221003000350/d10k.htm,1620593061,16:44:21,20210509
74,2002-09-30,HFWA,USD,2002-11-12,2002-11-12 12:18:45,Q3,9161000.0,0.0,0.0,0.0,0.0,2614000.0,0.0,0.0,0.0,0.0,2398000.0,434000.0,0.0,0.0,0.0,0.40628752319615763,0.0,3722000.0,0.40628752319615763,1262000.0,2460000.0,0.2685296365025652,0.329524,0.319048,7465318.0,7710448.0,https://www.sec.gov/Archives/edgar/data/1046025/000103221002001549/0001032210-02-001549-index.htm,https://www.sec.gov/Archives/edgar/data/1046025/000103221002001549/d10q.htm,1620593061,16:44:21,20210509
75,2002-06-30,HFWA,USD,2002-08-01,2002-08-01 12:32:13,Q2,9095000.0,0.0,0.0,0.0,0.0,2585000.0,141000.0,0.0,0.0,0.0,2610000.0,513000.0,0.0,0.0,0.0,0.37482133040131943,0.0,3409000.0,0.37482133040131943,1152000.0,2257000.0,0.24815832875206156,0.291429,0.282857,7744608.0,7979293.0,https://www.sec.gov/Archives/edgar/data/1046025/000103221002001137/0001032210-02-001137-index.htm,https://www.sec.gov/Archives/edgar/data/1046025/000103221002001137/d10q.htm,1620593061,16:44:21,20210509
76,2002-03-31,HFWA,USD,2002-05-10 00:00:00,2002-05-10 16:54:02,Q1,8754000.0,0.0,0.0,0.0,0.0,2586000.0,99000.0,0.0,0.0,0.0,2943000.0,391000.0,0.0,0.0,0.0,0.39547635366689515,0.0,3462000.0,0.39547635366689515,1169000.0,2293000.0,0.2619374000456934,0.295238,0.285714,7766613.0,8025500.0,https://www.sec.gov/Archives/edgar/data/1046025/000103221002000787/0001032210-02-000787-index.html,https://www.sec.gov/Archives/edgar/data/1046025/000103221002000787/d10q.htm,1620593061,16:44:21,20210509
77,2001-12-31,HFWA,USD,2002-03-20 00:00:00,2002-03-20 00:00:00,Q4,8789000.0,0.0,0.0,0.0,0.0,2510000.0,97000.0,0.0,0.0,0.0,3666000.0,702000.0,0.0,0.0,0.0,0.38195471612242576,0.0,3357000.0,0.38195471612242576,1147000.0,2210000.0,0.2514506769825919,0.2845513224361765,0.2845513224361765,7766613.0,7766613.0,https://www.sec.gov/Archives/edgar/data/1046025/000103221002000421/0001032210-02-000421-index.html,https://www.sec.gov/Archives/edgar/data/1046025/000103221002000421/d10k.txt,1620593061,16:44:21,20210509
78,2001-09-30,HFWA,USD,2001-11-08 00:00:00,2001-11-08 00:00:00,Q3,8287000.0,0.0,0.0,0.0,0.0,2372000.0,102000.0,0.0,0.0,0.0,4434000.0,468000.0,0.0,0.0,0.0,0.38747435742729575,0.0,3211000.0,0.38747435742729575,1132000.0,2079000.0,0.25087486424520333,0.253333,0.248571,8206579.0,8363793.0,https://www.sec.gov/Archives/edgar/data/1046025/000103221001501292/0001032210-01-501292-index.html,https://www.sec.gov/Archives/edgar/data/1046025/000103221001501292/d10q.txt,1620593061,16:44:21,20210509
79,2001-06-30,HFWA,USD,2001-08-08 00:00:00,2001-08-08 00:00:00,Q2,7860000.0,0.0,0.0,0.0,0.0,2696000.0,112000.0,0.0,0.0,0.0,4948000.0,558000.0,0.0,0.0,0.0,0.2553435114503817,0.0,2007000.0,0.2553435114503817,723000.0,1284000.0,0.1633587786259542,0.153333,0.150476,8373913.0,8532911.0,https://www.sec.gov/Archives/edgar/data/1046025/000103221001500960/0001032210-01-500960-index.html,https://www.sec.gov/Archives/edgar/data/1046025/000103221001500960/d10q.txt,1620593061,16:44:21,20210509
80,2001-03-31,HFWA,USD,2001-05-14 00:00:00,2001-05-14 00:00:00,Q1,7621000.0,0.0,0.0,0.0,0.0,2715000.0,81000.0,0.0,0.0,0.0,5509000.0,575000.0,0.0,0.0,0.0,0.28408345361501114,0.0,2165000.0,0.28408345361501114,776000.0,1389000.0,0.18225954599133973,0.161905,0.158095,8579118.0,8785843.0,https://www.sec.gov/Archives/edgar/data/1046025/000103221001500560/0001032210-01-500560-index.html,https://www.sec.gov/Archives/edgar/data/1046025/000103221001500560/d10q.txt,1620593061,16:44:21,20210509
81,2000-12-31,HFWA,USD,2001-03-20 00:00:00,2001-03-20 00:00:00,Q4,7291000.0,0.0,0.0,0.0,0.0,2422000.0,111000.0,0.0,0.0,0.0,5573000.0,821000.0,0.0,0.0,0.0,0.31724043341105473,0.0,2313000.0,0.31724043341105473,778000.0,1535000.0,0.21053353449458237,0.17892282167001317,0.17892282167001317,8579118.0,8579118.0,https://www.sec.gov/Archives/edgar/data/1046025/000103221001500073/0001032210-01-500073-index.html,https://www.sec.gov/Archives/edgar/data/1046025/000103221001500073/d10k.txt,1620593061,16:44:21,20210509
82,2000-09-30,HFWA,USD,2000-11-07 00:00:00,2000-11-07 00:00:00,Q3,7282000.0,0.0,0.0,0.0,0.0,2445000.0,96000.0,0.0,0.0,0.0,5165000.0,600000.0,0.0,0.0,0.0,0.31062894809118374,0.0,2262000.0,0.31062894809118374,756000.0,1506000.0,0.20681131557264487,0.16381,0.160952,9193605.0,9356805.0,https://www.sec.gov/Archives/edgar/data/1046025/000103221000002147/0001032210-00-002147-index.html,https://www.sec.gov/Archives/edgar/data/1046025/000103221000002147/0001032210-00-002147-0001.txt,1620593061,16:44:21,20210509
83,2000-06-30,HFWA,USD,2000-08-11 00:00:00,2000-08-11 00:00:00,Q2,7286000.0,0.0,0.0,0.0,0.0,2625000.0,124000.0,0.0,0.0,0.0,4665000.0,379000.0,0.0,0.0,0.0,0.2994784518254186,0.0,2182000.0,0.2994784518254186,709000.0,1473000.0,0.20216854241010157,0.150476,0.148571,9788924.0,9914423.0,https://www.sec.gov/Archives/edgar/data/1046025/000103221000001626/0001032210-00-001626-index.html,https://www.sec.gov/Archives/edgar/data/1046025/000103221000001626/0001032210-00-001626-0001.txt,1620593061,16:44:21,20210509
84,2000-03-31,HFWA,USD,2000-05-10 00:00:00,2000-05-10 00:00:00,Q1,7172000.0,0.0,0.0,0.0,0.0,2613000.0,70000.0,0.0,0.0,0.0,3997000.0,456000.0,0.0,0.0,0.0,0.301728945900725,0.0,2164000.0,0.301728945900725,704000.0,1460000.0,0.20356943669827104,0.140952,0.139048,10358108.0,10500000.0,https://www.sec.gov/Archives/edgar/data/1046025/000103221000000937/0001032210-00-000937-index.html,https://www.sec.gov/Archives/edgar/data/1046025/0001032210-00-000937.txt,1620593061,16:44:21,20210509
85,1999-12-31,HFWA,USD,2000-03-17 00:00:00,2000-03-17 00:00:00,Q4,7200000.0,0.0,0.0,0.0,0.0,2300000.0,100000.0,0.0,0.0,0.0,3600000.0,700000.0,0.0,0.0,0.0,0.375,0.0,2700000.0,0.375,900000.0,1800000.0,0.25,0.17377690983720193,0.17377690983720193,10358108.0,10358108.0,https://www.sec.gov/Archives/edgar/data/1046025/000103221000000511/0001032210-00-000511-index.html,https://www.sec.gov/Archives/edgar/data/1046025/0001032210-00-000511.txt,1620593061,16:44:21,20210509
86,1999-09-30,HFWA,USD,1999-11-12 00:00:00,1999-11-12 00:00:00,Q3,7100000.0,0.0,0.0,0.0,0.0,2400000.0,100000.0,0.0,0.0,0.0,3200000.0,600000.0,0.0,0.0,0.0,0.30985915492957744,0.0,2200000.0,0.30985915492957744,800000.0,1400000.0,0.19718309859154928,0.117867,0.117867,11877828.0,11877828.0,https://www.sec.gov/Archives/edgar/data/1046025/000103221099001590/0001032210-99-001590-index.html,https://www.sec.gov/Archives/edgar/data/1046025/0001032210-99-001590.txt,1620593061,16:44:21,20210509
87,1999-06-30,HFWA,USD,1999-08-12 00:00:00,1999-08-12 00:00:00,Q2,6700000.0,0.0,0.0,0.0,0.0,2400000.0,100000.0,0.0,0.0,0.0,3000000.0,500000.0,0.0,0.0,0.0,0.2537313432835821,0.0,1700000.0,0.2537313432835821,600000.0,1100000.0,0.16417910447761194,0.099733,0.090667,11029412.0,12132353.0,https://www.sec.gov/Archives/edgar/data/1046025/000103221099001208/0001032210-99-001208-index.html,https://www.sec.gov/Archives/edgar/data/1046025/0001032210-99-001208.txt,1620593061,16:44:21,20210509
88,1999-03-31,HFWA,USD,1999-05-12 00:00:00,1999-05-12 00:00:00,Q1,6600000.0,0.0,0.0,0.0,0.0,2500000.0,100000.0,0.0,0.0,0.0,3200000.0,500000.0,0.0,0.0,0.0,0.25757575757575757,0.0,1700000.0,0.25757575757575757,600000.0,1100000.0,0.16666666666666666,0.090667,0.090667,12132353.0,12132353.0,https://www.sec.gov/Archives/edgar/data/1046025/000103221099000742/0001032210-99-000742-index.html,https://www.sec.gov/Archives/edgar/data/1046025/0001032210-99-000742.txt,1620593061,16:44:21,20210509
89,1998-12-31,HFWA,USD,1999-03-30 00:00:00,1999-03-30 00:00:00,Q4,7190000.0,3580000.0,7190000.0,1.0,0.0,5910000.0,0.0,0.0,9490000.0,0.0,3580000.0,600000.0000000001,1880000.0,0.2614742698191933,1280000.0,0.1780250347705146,0.0,1280000.0,0.1780250347705146,480000.0,810000.0,0.11265646731571627,0.06989,0.06989,11590000.0,11590000.0,https://www.sec.gov/Archives/edgar/data/1046025/000103221099000426/0001032210-99-000426-index.html,https://www.sec.gov/Archives/edgar/data/1046025/0001032210-99-000426.txt,1620593061,16:44:21,20210509
90,1998-09-30,HFWA,USD,1998-11-05 00:00:00,1998-11-05 00:00:00,Q3,5800000.0,0.0,0.0,0.0,0.0,2000000.0,100000.0,0.0,0.0,0.0,3100000.0,300000.0,0.0,0.0,0.0,0.3448275862068966,0.0,2000000.0,0.3448275862068966,700000.0,1300000.0,0.22413793103448276,0.117867,0.117867,11029412.0,11029412.0,https://www.sec.gov/Archives/edgar/data/1046025/000103221098001191/0001032210-98-001191-index.html,https://www.sec.gov/Archives/edgar/data/1046025/0001032210-98-001191.txt,1620593061,16:44:21,20210509
91,1998-06-30,HFWA,USD,1998-09-14 00:00:00,1998-09-14 00:00:00,Q2,4900000.0,0.0,0.0,0.0,0.0,1500000.0,100000.0,0.0,0.0,0.0,2600000.0,400000.0,0.0,0.0,0.0,0.3877551020408163,0.0,1900000.0,0.3877551020408163,700000.0,1200000.0,0.24489795918367346,0.10879999767893338,0.10879999767893338,11029412.0,11029412.0,https://www.sec.gov/Archives/edgar/data/1046025/000103221098001012/0001032210-98-001012-index.html,https://www.sec.gov/Archives/edgar/data/1046025/0001032210-98-001012.txt,1620593061,16:44:21,20210509
92,1998-03-31,HFWA,USD,1998-05-15 00:00:00,1998-05-15 00:00:00,Q1,4600000.0,0.0,0.0,0.0,0.0,1500000.0,100000.0,0.0,0.0,0.0,2500000.0,100000.0,0.0,0.0,0.0,0.391304347826087,0.0,1800000.0,0.391304347826087,600000.0,1200000.0,0.2608695652173913,0.1088,0.099733,2078005.0,2078005.0,https://www.sec.gov/Archives/edgar/data/1046025/000103221098000518/0001032210-98-000518-index.html,https://www.sec.gov/Archives/edgar/data/1046025/0001032210-98-000518.txt,1620593061,16:44:21,20210509
93,1997-12-31,HFWA,USD,1997-12-31,1997-12-31,Q4,3700000.0,0.0,0.0,0.0,0.0,1500000.0,0.0,0.0,0.0,0.0,2600000.0,0.0,0.0,0.0,0.0,0.2702702702702703,0.0,1000000.0,0.2702702702702703,400000.0,600000.0,0.16216216216216217,0.3264,0.317333,1838235.0,1890756.0,,,1620593061,16:44:21,20210509
94,1997-09-30,HFWA,USD,1997-09-30,1997-09-30,Q3,0.0,0.0,0.0,0.0,0.0,0.0,0.0,0.0,0.0,0.0,0.0,0.0,0.0,0.0,0.0,0.0,0.0,0.0,0.0,0.0,600000.0,0.0,0.2992,0.2992,2005348.0,2005348.0,,,1620593061,16:44:21,20210509
