,date,symbol,reportedCurrency,fillingDate,acceptedDate,period,revenue,costOfRevenue,grossProfit,grossProfitRatio,researchAndDevelopmentExpenses,generalAndAdministrativeExpenses,sellingAndMarketingExpenses,otherExpenses,operatingExpenses,costAndExpenses,interestExpense,depreciationAndAmortization,ebitda,ebitdaratio,operatingIncome,operatingIncomeRatio,totalOtherIncomeExpensesNet,incomeBeforeTax,incomeBeforeTaxRatio,incomeTaxExpense,netIncome,netIncomeRatio,eps,epsdiluted,weightedAverageShsOut,weightedAverageShsOutDil,link,finalLink,timestamp,est_time,est_date
0,2020-12-31,EGOV,USD,2021-02-25,2021-02-25 16:39:49,Q4,141156000.0,96421000.0,44735000.0,0.31691886990280255,0.0,0.0,0.0,0.0,20811000.0,117232000.0,0.0,1164000.0,25088000.0,0.17773243787015783,23924000.0,0.16948624217178157,0.0,23924000.0,0.16948624217178157,6080000.0,17844000.0,0.12641332993284027,0.2662091600775772,0.26567013072090045,67030000,67166000,https://www.sec.gov/Archives/edgar/data/1065332/000106533221000005/0001065332-21-000005-index.htm,https://www.sec.gov/Archives/edgar/data/1065332/000106533221000005/egov-20201231.htm,1620591518,16:18:38,20210509
1,2020-09-30,EGOV,USD,2020-10-28,2020-10-28 16:15:55,Q3,134590000.0,85097000.0,49493000.0,0.36773162939297127,7342000.0,0.0,8817000.0,95967.0,19687000.0,104784000.0,0.0,965000.0,30771000.0,0.22862768407756892,29806000.0,0.22145776060628575,0.0,29806000.0,0.22145776060628575,4715000.0,25091000.0,0.18642544022587115,0.37,0.37,67025000,67025000,https://www.sec.gov/Archives/edgar/data/1065332/000106533220000030/0001065332-20-000030-index.htm,https://www.sec.gov/Archives/edgar/data/1065332/000106533220000030/egov-20200930.htm,1620591518,16:18:38,20210509
2,2020-06-30,EGOV,USD,2020-07-29,2020-07-29 17:08:07,Q2,93589000.0,56220000.0,37369000.0,0.3992883779076601,7201000.0,0.0,0.0,0.0,18990000.0,75210000.0,0.0,973000.0,19352000.0,0.2067764374018314,18379000.0,0.19637991644317174,0.0,18379000.0,0.19637991644317174,4583000.0,13796000.0,0.14741048627509643,0.2,0.2,66999000,66999000,https://www.sec.gov/Archives/edgar/data/1065332/000106533220000024/0001065332-20-000024-index.htm,https://www.sec.gov/Archives/edgar/data/1065332/000106533220000024/egov-20200630.htm,1620591518,16:18:38,20210509
3,2020-03-31,EGOV,USD,2020-04-28 00:00:00,2020-04-28 16:40:50,Q1,91119000.0,56995000.0,34124000.0,0.374499281159802,7254000.0,0.0,0.0,0.0,18800000.0,75795000.0,0.0,1001000.0,16325000.0,0.17916131652015496,15324000.0,0.1681756823494551,0.0,15713000.0,0.1724448248993075,3850000.0,11863000.0,0.13019238578123113,0.18,0.18,66987000,66987000,https://www.sec.gov/Archives/edgar/data/1065332/000106533220000017/0001065332-20-000017-index.html,https://www.sec.gov/Archives/edgar/data/1065332/000106533220000017/egov-20200331.htm,1620591518,16:18:38,20210509
4,2019-12-31,EGOV,USD,2020-02-20 00:00:00,2020-02-20 16:43:38,Q4,87073000.0,56151000.0,30922000.0,0.3551273069723106,6917000.0,0.0,0.0,604000.0,19179000.0,75330000.0,0.0,1096000.0,12839000.0,0.1474509893996991,11743000.0,0.134863849873095,604000.0,12347000.0,0.14180055815235493,2390000.0,9957000.0,0.11435232506058135,0.15,0.15,66967000,66967000,https://www.sec.gov/Archives/edgar/data/1065332/000106533220000006/0001065332-20-000006-index.html,https://www.sec.gov/Archives/edgar/data/1065332/000106533220000006/egov-20191231.htm,1620591518,16:18:38,20210509
5,2019-09-30,EGOV,USD,2019-10-30 00:00:00,2019-10-30 16:28:42,Q3,90385000.0,53994000.0,36391000.0,0.40262211650163193,6743000.0,0.0,0.0,729000.0,18420000.0,72414000.0,0.0,1102000.0,19073000.0,0.2110195275764784,17971000.0,0.1988272390330254,729000.0,18700000.0,0.20689273662665264,4190000.0,14510000.0,0.1605354870830337,0.21,0.21,66960000,66960000,https://www.sec.gov/Archives/edgar/data/1065332/000106533219000026/0001065332-19-000026-index.html,https://www.sec.gov/Archives/edgar/data/1065332/000106533219000026/nic09301910q.htm,1620591518,16:18:38,20210509
6,2019-06-30,EGOV,USD,2019-07-31,2019-07-31 16:32:00,Q2,91566000.0,55606000.0,35960000.0,0.3927221894589695,6745000.0,0.0,0.0,577000.0,18231000.0,73837000.0,0.0,1114000.0,18843000.0,0.2057859904331302,17729000.0,0.19361990258392853,577000.0,18306000.0,0.19992136819343426,3846000.0,14460000.0,0.15791887818622632,0.21,0.21,66940000,66940000,https://www.sec.gov/Archives/edgar/data/1065332/000106533219000022/nic06301910q.htm,https://www.sec.gov/Archives/edgar/data/1065332/000106533219000022/nic06301910q.htm,1620591518,16:18:38,20210509
7,2019-03-31,EGOV,USD,2019-05-07 00:00:00,2019-05-07 16:10:11,Q1,85180000.0,51375000.0,33805000.0,0.39686546137590983,6445000.0,0.0,0.0,604000.0,18830000.0,70205000.0,0.0,1025000.0,16000000.0,0.1878375205447288,14975000.0,0.17580417938483212,604000.0,15579000.0,0.18289504578539564,4077000.0,11502000.0,0.13503169758159192,0.17,0.17,66670000,66670000,https://www.sec.gov/Archives/edgar/data/1065332/000106533219000016/0001065332-19-000016-index.html,https://www.sec.gov/Archives/edgar/data/1065332/000106533219000016/nic03311910q.htm,1620591518,16:18:38,20210509
8,2018-12-31,EGOV,USD,2019-02-21 00:00:00,2019-02-21 16:20:54,Q4,78649000.0,48766000.0,29883000.0,0.3799539727142112,0.0,0.0,0.0,404000.0,17313000.0,66079000.0,0.0,2466000.0,15036000.0,0.19117852738114915,12570000.0,0.15982402827753692,404000.0,12974000.0,0.16496077508932092,3127000.0,9847000.0,0.12520184617731947,0.14792170529826196,0.1477618883270059,66569000,66641000,https://www.sec.gov/Archives/edgar/data/1065332/000106533219000006/0001065332-19-000006-index.html,https://www.sec.gov/Archives/edgar/data/1065332/000106533219000006/egov-123118x10k.htm,1620591518,16:18:38,20210509
9,2018-09-30,EGOV,USD,2018-11-01 00:00:00,2018-11-01 16:30:12,Q3,87028000.0,50450000.0,36578000.0,0.42030151215700695,0.0,0.0,0.0,153000.0,17131000.0,67581000.0,0.0,2441000.0,21888000.0,0.2515052626740819,19447000.0,0.22345681849519694,153000.0,19600000.0,0.2252148733740865,3698000.0,15902000.0,0.18272280185687365,0.2389050809771341,0.23877593921739393,66562000,66598000,https://www.sec.gov/Archives/edgar/data/1065332/000106533218000018/0001065332-18-000018-index.html,https://www.sec.gov/Archives/edgar/data/1065332/000106533218000018/nic_093018x10q.htm,1620591518,16:18:38,20210509
10,2018-06-30,EGOV,USD,2018-08-01 00:00:00,2018-08-01 16:14:52,Q2,92498000.0,53946000.0,38552000.0,0.41678738999762155,0.0,0.0,0.0,57000.0,16148000.0,70094000.0,0.0,2145000.0,24549000.0,0.26540033298017257,22404000.0,0.24221064239226794,57000.0,22461000.0,0.2428268719323661,5450000.0,17011000.0,0.1839066790633311,0.25564689439593635,0.25557007857454067,66541000,66561000,https://www.sec.gov/Archives/edgar/data/1065332/000106533218000014/0001065332-18-000014-index.html,https://www.sec.gov/Archives/edgar/data/1065332/000106533218000014/nic_063018x10q.htm,1620591518,16:18:38,20210509
11,2018-03-31,EGOV,USD,2018-05-01 00:00:00,2018-05-01 17:08:47,Q1,86725000.0,50870000.0,35855000.0,0.4134332660709138,0.0,0.0,0.0,0.0,15215000.0,66085000.0,0.0,2065000.0,22705000.0,0.26180455462669355,20640000.0,0.23799365811473047,0.0,20640000.0,0.23799365811473047,5132000.0,15508000.0,0.17881810319976937,0.23,0.23,66323000,66323000,https://www.sec.gov/Archives/edgar/data/1065332/000106533218000007/0001065332-18-000007-index.html,https://www.sec.gov/Archives/edgar/data/1065332/000106533218000007/nic_033118x10q.htm,1620591518,16:18:38,20210509
12,2017-12-31,EGOV,USD,2018-02-22 00:00:00,2018-02-22 16:08:22,Q4,83472000.0,50333000.0,33139000.0,0.39700737972014566,0.0,0.0,0.0,0.0,15716000.0,66049000.0,0.0,1818000.0,19241000.0,0.23050843396588078,17423000.0,0.20872867548399462,0.0,17423000.0,0.20872867548399462,6583000.0,10840000.0,0.12986390645965115,0.1635732609023691,0.16341544306087377,66270000,66334000,https://www.sec.gov/Archives/edgar/data/1065332/000106533218000003/0001065332-18-000003-index.html,https://www.sec.gov/Archives/edgar/data/1065332/000106533218000003/egov-123117x10k.htm,1620591518,16:18:38,20210509
13,2017-09-30,EGOV,USD,2017-11-01 00:00:00,2017-11-01 16:09:37,Q3,84533000.0,50546000.0,33987000.0,0.40205600179811435,0.0,0.0,0.0,0.0,13901000.0,64447000.0,0.0,1810000.0,21896000.0,0.25902310340340456,20086000.0,0.23761134704789846,0.0,20086000.0,0.23761134704789846,6066000.0,14020000.0,0.1658523890078431,0.21,0.21,66267000,66267000,https://www.sec.gov/Archives/edgar/data/1065332/000162828017010504/0001628280-17-010504-index.html,https://www.sec.gov/Archives/edgar/data/1065332/000162828017010504/nic_093017x10q.htm,1620591518,16:18:38,20210509
14,2017-06-30,EGOV,USD,2017-08-02 00:00:00,2017-08-02 16:31:54,Q2,85326000.0,50788000.0,34538000.0,0.404776973021119,0.0,0.0,0.0,0.0,14819000.0,65607000.0,0.0,1688000.0,21407000.0,0.25088484166608066,19719000.0,0.2311018915688067,0.0,19719000.0,0.2311018915688067,6950000.0,12769000.0,0.14964957926071773,0.19,0.19,66248000,66248000,https://www.sec.gov/Archives/edgar/data/1065332/000115752317002248/0001157523-17-002248-index.html,https://www.sec.gov/Archives/edgar/data/1065332/000115752317002248/a51594608.htm,1620591518,16:18:38,20210509
15,2017-03-31,EGOV,USD,2017-05-02 00:00:00,2017-05-02 16:06:28,Q1,83177000.0,48795000.0,34382000.0,0.41335946235137117,0.0,0.0,0.0,0.0,13273000.0,62068000.0,0.0,1613000.0,22722000.0,0.27317647907474424,21109000.0,0.2537840989696671,0.0,21109000.0,0.2537840989696671,7124000.0,13985000.0,0.16813542205176912,0.21,0.21,66046000,66046000,https://www.sec.gov/Archives/edgar/data/1065332/000115752317001353/0001157523-17-001353-index.html,https://www.sec.gov/Archives/edgar/data/1065332/000115752317001353/a51547797.htm,1620591518,16:18:38,20210509
16,2016-12-31,EGOV,USD,2017-02-22 00:00:00,2017-02-22 16:16:52,Q4,78341670.0,47013677.0,31327993.0,0.3998892671039563,0.0,0.0,0.0,0.0,14555004.0,61568681.0,0.0,1675133.0,18448122.0,0.23548287903487378,16772989.0,0.21410047807252514,0.0,16772989.0,0.21410047807252514,3129490.0,13643499.0,0.1741537932494929,0.20677920916627515,0.20659134477067276,65981000,66041000,https://www.sec.gov/Archives/edgar/data/1065332/000115752317000579/0001157523-17-000579-index.html,https://www.sec.gov/Archives/edgar/data/1065332/000115752317000579/a51509339.htm,1620591518,16:18:38,20210509
17,2016-09-30,EGOV,USD,2016-11-03 00:00:00,2016-11-03 16:09:54,Q3,80373000.0,46635000.0,33738000.0,0.4197678324810571,0.0,0.0,0.0,0.0,13350000.0,59985000.0,0.0,1674000.0,22062000.0,0.274495166287186,20388000.0,0.2536672763241387,0.0,20388000.0,0.2536672763241387,4153000.0,16235000.0,0.20199569507172807,0.24606687077510686,0.245966214680706,65978000,66005000,https://www.sec.gov/Archives/edgar/data/1065332/000115752316007239/0001157523-16-007239-index.html,https://www.sec.gov/Archives/edgar/data/1065332/000115752316007239/a51447668.htm,1620591518,16:18:38,20210509
18,2016-06-30,EGOV,USD,2016-08-04 00:00:00,2016-08-04 16:07:18,Q2,80810000.0,47568000.0,33242000.0,0.41135998020047027,0.0,0.0,0.0,0.0,12901000.0,60469000.0,0.0,1736000.0,22077000.0,0.2731963865858186,20341000.0,0.2517138967949511,0.0,20341000.0,0.2517138967949511,7280000.0,13061000.0,0.16162603638163595,0.19803496429275394,0.19799293586187033,65953000,65967000,https://www.sec.gov/Archives/edgar/data/1065332/000115752316006446/0001157523-16-006446-index.html,https://www.sec.gov/Archives/edgar/data/1065332/000115752316006446/a51391509.htm,1620591518,16:18:38,20210509
19,2016-03-31,EGOV,USD,2016-05-03 00:00:00,2016-05-03 16:17:43,Q1,78390000.0,45028000.0,33362000.0,0.42558999872432707,0.0,0.0,0.0,0.0,13006000.0,58034000.0,0.0,1664000.0,22020000.0,0.2809031764255645,20356000.0,0.25967597907896417,0.0,20356000.0,0.25967597907896417,7462000.0,12894000.0,0.1644852659778033,0.19,0.19,65739000,65739000,https://www.sec.gov/Archives/edgar/data/1065332/000115752316005429/0001157523-16-005429-index.html,https://www.sec.gov/Archives/edgar/data/1065332/000115752316005429/a51330993.htm,1620591518,16:18:38,20210509
20,2015-12-31,EGOV,USD,2016-02-23 00:00:00,2016-02-23 16:02:38,Q4,71158296.0,44254978.0,26903318.0,0.37807704108035417,0.0,0.0,0.0,0.0,12838736.0,57093714.0,0.0,1673413.0,15737995.0,0.22116880089427662,14064582.0,0.19765203483793373,0.0,14064582.0,0.19765203483793373,5080059.0,8984523.0,0.1262610757289635,0.1369132760354759,0.13671743563211394,65622000,65716000,https://www.sec.gov/Archives/edgar/data/1065332/000115752316004701/0001157523-16-004701-index.html,https://www.sec.gov/Archives/edgar/data/1065332/000115752316004701/a51280953.htm,1620591518,16:18:38,20210509
21,2015-09-30,EGOV,USD,2015-11-05 00:00:00,2015-11-05 16:03:56,Q3,75047000.0,42423000.0,32624000.0,0.4347142457393367,0.0,0.0,0.0,0.0,12693000.0,55116000.0,0.0,2116000.0,22047000.0,0.29377590043572693,19931000.0,0.2655802363851986,0.0,19931000.0,0.2655802363851986,7181000.0,12750000.0,0.16989353338574492,0.1943064403060136,0.19425019425019424,65618000,65637000,https://www.sec.gov/Archives/edgar/data/1065332/000115752315003757/0001157523-15-003757-index.html,https://www.sec.gov/Archives/edgar/data/1065332/000115752315003757/a51212169.htm,1620591518,16:18:38,20210509
22,2015-06-30,EGOV,USD,2015-08-06 00:00:00,2015-08-06 16:02:04,Q2,75812000.0,44136000.0,31676000.0,0.4178230359309872,0.0,0.0,0.0,0.0,13122000.0,57258000.0,0.0,2304000.0,20858000.0,0.27512794808209784,18554000.0,0.24473698095288346,0.0,18554000.0,0.24473698095288346,7251000.0,11303000.0,0.1490924919537804,0.17,0.17,65588000,65588000,https://www.sec.gov/Archives/edgar/data/1065332/000115752315002817/0001157523-15-002817-index.html,https://www.sec.gov/Archives/edgar/data/1065332/000115752315002817/a51151489.htm,1620591518,16:18:38,20210509
23,2015-03-31,EGOV,USD,2015-05-05 00:00:00,2015-05-05 16:01:10,Q1,70359000.0,42784000.0,27575000.0,0.39191858895095155,0.0,0.0,0.0,0.0,12830000.0,55614000.0,0.0,2292000.0,17037000.0,0.24214386219247006,14745000.0,0.20956807231484245,0.0,14745000.0,0.20956807231484245,5804000.0,8941000.0,0.12707684873292685,0.14,0.14,65387000,65387000,https://www.sec.gov/Archives/edgar/data/1065332/000115752315001582/0001157523-15-001582-index.html,https://www.sec.gov/Archives/edgar/data/1065332/000115752315001582/a51089650.htm,1620591518,16:18:38,20210509
24,2014-12-31,EGOV,USD,2015-02-24,2015-02-24 16:02:23,Q4,66017571.0,44547941.0,21469630.0,0.3252108442462992,0.0,0.0,0.0,0.0,8690559.0,53238500.0,0.0,2358018.0,15137089.0,0.22928879040399713,12779071.0,0.19357075406485344,0.0,12926071.0,0.19579743398920266,4633852.0,8292219.0,0.12560624201093373,0.12698261921533796,0.12686411272432416,65302000,65363000,https://www.sec.gov/Archives/edgar/data/1065332/000115752315000683/a51038672.htm,https://www.sec.gov/Archives/edgar/data/1065332/000115752315000683/a51038672.htm,1620591518,16:18:38,20210509
25,2014-09-30,EGOV,USD,2014-11-06 00:00:00,2014-11-06 16:04:41,Q3,69527000.0,39317000.0,30210000.0,0.434507457534483,0.0,0.0,0.0,-19000.0,13731000.0,53048000.0,0.0,2292000.0,18771000.0,0.26998144605692753,16479000.0,0.23701583557466882,-19000.0,16460000.0,0.236742560444144,6099000.0,10361000.0,0.1490212435456729,0.16,0.16,65288000,65288000,https://www.sec.gov/Archives/edgar/data/1065332/000115752314004451/0001157523-14-004451-index.html,https://www.sec.gov/Archives/edgar/data/1065332/000115752314004451/a50970595.htm,1620591518,16:18:38,20210509
26,2014-06-30,EGOV,USD,2014-08-07 00:00:00,2014-08-07 16:02:31,Q2,71155000.0,39747000.0,31408000.0,0.4414025718501862,0.0,0.0,0.0,-24000.0,13141000.0,52888000.0,0.0,2277000.0,20544000.0,0.2887218045112782,18267000.0,0.256721242358232,-24000.0,18243000.0,0.2563839505305319,7213000.0,11030000.0,0.1550137024805003,0.17,0.17,65245000,65245000,https://www.sec.gov/Archives/edgar/data/1065332/000115752314003396/0001157523-14-003396-index.html,https://www.sec.gov/Archives/edgar/data/1065332/000115752314003396/a50916543.htm,1620591518,16:18:38,20210509
27,2014-03-31,EGOV,USD,2014-05-06 00:00:00,2014-05-06 16:00:53,Q1,65397000.0,37357000.0,28040000.0,0.42876584552808233,0.0,0.0,0.0,-104000.0,12550000.0,49907000.0,0.0,2250000.0,17740000.0,0.27126626603666837,15490000.0,0.23686101808951482,-104000.0,15386000.0,0.23527073107329083,6010000.0,9376000.0,0.14337049100111626,0.14,0.14,65057000,65057000,https://www.sec.gov/Archives/edgar/data/1065332/000115752314001936/0001157523-14-001936-index.html,https://www.sec.gov/Archives/edgar/data/1065332/000115752314001936/a50851439.htm,1620591518,16:18:38,20210509
28,2013-12-31,EGOV,USD,2014-02-27,2014-02-27 16:25:26,Q4,60786665.0,36774882.0,24011783.0,0.39501727887193677,0.0,0.0,0.0,-34301.0,12982731.0,49757613.0,0.0,2112089.0,13141141.0,0.21618460233013276,11029052.0,0.1814386757358707,-34301.0,10994751.0,0.18087439078949305,4813660.0,6181091.0,0.1016849830468574,0.09510541297390449,0.09500454957655123,64992000,65061000,https://www.sec.gov/Archives/edgar/data/1065332/000115752314000862/a50805531.htm,https://www.sec.gov/Archives/edgar/data/1065332/000115752314000862/a50805531.htm,1620591518,16:18:38,20210509
29,2013-09-30,EGOV,USD,2013-11-07 00:00:00,2013-11-07 16:06:52,Q3,61330000.0,40683000.0,20647000.0,0.33665416598728193,0.0,0.0,0.0,4000.0,12532000.0,53215000.0,0.0,2145000.0,10260000.0,0.16729170063590412,8115000.0,0.1323169737485733,4000.0,8119000.0,0.13238219468449372,3026000.0,5093000.0,0.08304255666068808,0.07840088668585767,0.07839123274176915,64961000,64969000,https://www.sec.gov/Archives/edgar/data/1065332/000115752313005402/0001157523-13-005402-index.html,https://www.sec.gov/Archives/edgar/data/1065332/000115752313005402/a50733620.htm,1620591518,16:18:38,20210509
30,2013-06-30,EGOV,USD,2013-08-01 00:00:00,2013-08-01 16:02:10,Q2,65938000.0,36088000.0,29850000.0,0.4526979890199885,0.0,0.0,0.0,-2000.0,12107000.0,48195000.0,0.0,2049000.0,19792000.0,0.30016075707482787,17743000.0,0.26908611119536535,-2000.0,17741000.0,0.26905577967181293,6933000.0,10808000.0,0.16391155327732113,0.16,0.16,64890000,64890000,https://www.sec.gov/Archives/edgar/data/1065332/000115752313003806/0001157523-13-003806-index.html,https://www.sec.gov/Archives/edgar/data/1065332/000115752313003806/a50678047.htm,1620591518,16:18:38,20210509
31,2013-03-31,EGOV,USD,2013-05-07 00:00:00,2013-05-07 09:00:58,Q1,61224000.0,33865000.0,27359000.0,0.4468672416045995,0.0,0.0,0.0,-19000.0,11635000.0,45500000.0,0.0,2027000.0,17751000.0,0.28993531948255585,15724000.0,0.2568273879524369,-19000.0,15705000.0,0.25651705213641707,5748000.0,9957000.0,0.16263230105840848,0.15,0.15,64710000,64710000,https://www.sec.gov/Archives/edgar/data/1065332/000115752313002421/0001157523-13-002421-index.html,https://www.sec.gov/Archives/edgar/data/1065332/000115752313002421/a50621150.htm,1620591518,16:18:38,20210509
32,2012-12-31,EGOV,USD,2013-02-28 00:00:00,2013-02-28 17:25:49,Q4,57211526.0,34440278.0,22771248.0,0.39801853913143304,0.0,0.0,0.0,-15000.0,10384478.0,44824756.0,0.0,2068940.0,14455710.0,0.25267128864907396,12386770.0,0.21650829589827755,-15211.0,12371559.0,0.21624242289918993,3748811.0,8622748.0,0.15071697266036918,0.13342330604855557,0.1332810065537282,64627000,64696000,https://www.sec.gov/Archives/edgar/data/1065332/000115752313001149/0001157523-13-001149-index.html,https://www.sec.gov/Archives/edgar/data/1065332/000115752313001149/a50564955.htm,1620591518,16:18:38,20210509
33,2012-09-30,EGOV,USD,2012-11-08 00:00:00,2012-11-08 17:25:22,Q3,53206000.0,32873000.0,20333000.0,0.3821561478028794,0.0,0.0,0.0,0.0,9877000.0,42750000.0,0.0,1606000.0,12062000.0,0.2267037552155772,10456000.0,0.19651918956508665,0.0,10456000.0,0.19651918956508665,4461000.0,5995000.0,0.11267526218847498,0.09282197380237203,0.09279611169587022,64586000,64604000,https://www.sec.gov/Archives/edgar/data/1065332/000115752312005927/0001157523-12-005927-index.html,https://www.sec.gov/Archives/edgar/data/1065332/000115752312005927/a50451987.htm,1620591518,16:18:38,20210509
34,2012-06-30,EGOV,USD,2012-08-02 00:00:00,2012-08-02 16:10:42,Q2,51982000.0,31558000.0,20424000.0,0.3929052364279943,0.0,0.0,0.0,0.0,9783000.0,41341000.0,0.0,1319000.0,11960000.0,0.23007964295333,10641000.0,0.20470547497210573,0.0,10641000.0,0.20470547497210573,4548000.0,6093000.0,0.11721365087915048,0.09,0.09,64489000,64489000,https://www.sec.gov/Archives/edgar/data/1065332/000115752312004187/0001157523-12-004187-index.html,https://www.sec.gov/Archives/edgar/data/1065332/000115752312004187/a50347998.htm,1620591518,16:18:38,20210509
35,2012-03-31,EGOV,USD,2012-05-01,2012-05-01 13:48:23,Q1,48743000.0,29708000.0,19035000.0,0.39051761278542557,0.0,0.0,0.0,0.0,9327000.0,39035000.0,0.0,1311000.0,11019000.0,0.22606322959194142,9708000.0,0.19916705988552202,-1000.0,9707000.0,0.19914654411915558,4079000.0,5628000.0,0.11546273311039534,0.09,0.09,64297000,64297000,https://www.sec.gov/Archives/edgar/data/1065332/000115752312001023/a50165356.htm,https://www.sec.gov/Archives/edgar/data/1065332/000115752312001023/a50165356.htm,1620591518,16:18:38,20210509
36,2011-12-31,EGOV,USD,2012-02-24 00:00:00,2012-02-24 12:46:59,Q4,45053171.0,26786853.0,18266318.0,0.40543911992343445,0.0,0.0,0.0,0.0,8646246.0,35433099.0,0.0,1214412.0,10834484.0,0.24048216273167541,9620072.0,0.21352707892636458,-28820.0,9591252.0,0.21288739032375767,4068770.0,5522482.0,0.12257698797716148,0.08605213787085515,0.08585280994947532,64176000,64325000,https://www.sec.gov/Archives/edgar/data/1065332/000115752312001023/0001157523-12-001023-index.html,https://www.sec.gov/Archives/edgar/data/1065332/000115752312001023/a50165356.htm,1620591518,16:18:38,20210509
37,2011-09-30,EGOV,USD,2011-11-03 00:00:00,2011-11-03 16:12:59,Q3,46689000.0,28185000.0,18504000.0,0.3963246160765919,0.0,0.0,0.0,0.0,7523000.0,35708000.0,0.0,1167000.0,12148000.0,0.26018976632611535,10981000.0,0.23519458544839256,-10000.0,10971000.0,0.23498040223607275,4139000.0,6832000.0,0.1463299706568999,0.10655021834061135,0.10641744548286604,64120000,64200000,https://www.sec.gov/Archives/edgar/data/1065332/000115752311006418/0001157523-11-006418-index.html,https://www.sec.gov/Archives/edgar/data/1065332/000115752311006418/a50043216.htm,1620591518,16:18:38,20210509
38,2011-06-30,EGOV,USD,2011-08-02 00:00:00,2011-08-02 16:05:57,Q2,46423000.0,27371000.0,19052000.0,0.41040001723283714,0.0,0.0,0.0,0.0,9610000.0,36981000.0,0.0,1109000.0,10551000.0,0.22727958124205674,9442000.0,0.20339056071343947,1000.0,9443000.0,0.20341210175990349,3910000.0,5533000.0,0.11918661008551795,0.08645582674458577,0.08637080282855404,63998000,64061000,https://www.sec.gov/Archives/edgar/data/1065332/000115752311004579/0001157523-11-004579-index.html,https://www.sec.gov/Archives/edgar/data/1065332/000115752311004579/a6807977.htm,1620591518,16:18:38,20210509
39,2011-03-31,EGOV,USD,2011-05-04 00:00:00,2011-05-04 16:01:38,Q1,42734000.0,26418000.0,16316000.0,0.38180371601067065,0.0,0.0,0.0,0.0,7851000.0,34269000.0,0.0,1084000.0,9549000.0,0.22345205223007442,8465000.0,0.19808583329433238,2000.0,8468000.0,0.19815603500725418,3413000.0,5055000.0,0.11828988627322506,0.07926800583337254,0.07919349532358885,63771000,63831000,https://www.sec.gov/Archives/edgar/data/1065332/000106533211000010/0001065332-11-000010-index.html,https://www.sec.gov/Archives/edgar/data/1065332/000106533211000010/form10q.htm,1620591518,16:18:38,20210509
40,2010-12-31,EGOV,USD,2011-03-16,2011-03-16 17:18:04,Q4,40818859.0,25588481.0,15230378.0,0.3731211105141376,0.0,0.0,0.0,0.0,7198264.0,32786745.0,0.0,1100748.0,9132862.0,0.22374123686308822,8032114.0,0.19677458402254702,-10690.0,8022557.0,0.19654045204938236,2964510.0,5058047.0,0.12391446316517568,0.07931578617239811,0.07931578617239811,63771000,63771000,https://www.sec.gov/Archives/edgar/data/1065332/000106533211000003/form10k.htm,https://www.sec.gov/Archives/edgar/data/1065332/000106533211000003/form10k.htm,1620591518,16:18:38,20210509
41,2010-09-30,EGOV,USD,2010-11-04 00:00:00,2010-11-04 16:03:01,Q3,41720000.0,24807000.0,16913000.0,0.40539309683604985,0.0,0.0,0.0,0.0,7666000.0,32473000.0,0.0,1081000.0,10328000.0,0.24755512943432406,9247000.0,0.22164429530201343,0.0,9248000.0,0.22166826462128475,3196000.0,6052000.0,0.14506232023010546,0.09514376896351145,0.09504067338798329,63609000,63678000,https://www.sec.gov/Archives/edgar/data/1065332/000106533210000018/0001065332-10-000018-index.html,https://www.sec.gov/Archives/edgar/data/1065332/000106533210000018/form10q.htm,1620591518,16:18:38,20210509
42,2010-06-30,EGOV,USD,2010-08-05 00:00:00,2010-08-05 16:03:27,Q2,40738000.0,24912000.0,15826000.0,0.388482497913496,0.0,0.0,0.0,0.0,9274000.0,34186000.0,0.0,1090000.0,7642000.0,0.18758898325887377,6552000.0,0.1608326378319996,-2000.0,6551000.0,0.1608080907261034,2621000.0,3930000.0,0.0964701261721243,0.06192096804688977,0.06186151206535598,63468000,63529000,https://www.sec.gov/Archives/edgar/data/1065332/000106533210000015/0001065332-10-000015-index.html,https://www.sec.gov/Archives/edgar/data/1065332/000106533210000015/form10q.htm,1620591518,16:18:38,20210509
43,2010-03-31,EGOV,USD,2010-05-07 00:00:00,2010-05-07 16:03:29,Q1,38257000.0,24224000.0,14033000.0,0.36680868860600674,0.0,0.0,0.0,0.0,8466000.0,32690000.0,0.0,1082000.0,6649000.0,0.17379825914211777,5567000.0,0.14551585330789138,0.0,5568000.0,0.14554199231513187,2245000.0,3323000.0,0.08685992106019813,0.05252343243713152,0.052462898642248186,63267000,63340000,https://www.sec.gov/Archives/edgar/data/1065332/000106533210000009/0001065332-10-000009-index.html,https://www.sec.gov/Archives/edgar/data/1065332/000106533210000009/form10q.htm,1620591518,16:18:38,20210509
44,2009-12-31,EGOV,USD,2010-03-16 00:00:00,2010-03-16 17:29:57,Q4,36419729.0,23642676.0,12777053.0,0.35082778897119193,0.0,0.0,0.0,0.0,11064464.0,34707140.0,0.0,2818666.0,4531255.0,0.12441759245380436,1712589.0,0.04702366126886886,0.0,3900549.0,0.10709989083114814,1583556.0,2316993.0,0.06361917190542521,0.03662245720517805,0.03662245720517805,63267000,63267000,https://www.sec.gov/Archives/edgar/data/1065332/000106533210000003/0001065332-10-000003-index.html,https://www.sec.gov/Archives/edgar/data/1065332/000106533210000003/form10k.htm,1620591518,16:18:38,20210509
45,2009-09-30,EGOV,USD,2009-11-05 00:00:00,2009-11-05 17:00:37,Q3,37254000.0,21742000.0,15512000.0,0.4163848177376926,0.0,0.0,0.0,0.0,8942000.0,30684000.0,0.0,2778000.0,9348000.0,0.2509260750523434,6570000.0,0.1763569012723466,0.0,6573000.0,0.17643742953776775,2453000.0,4120000.0,0.11059215117839695,0.06533252989121817,0.06521154180977856,63062000,63179000,https://www.sec.gov/Archives/edgar/data/1065332/000110465909062995/0001104659-09-062995-index.html,https://www.sec.gov/Archives/edgar/data/1065332/000110465909062995/a09-30835_110q.htm,1620591518,16:18:38,20210509
46,2009-06-30,EGOV,USD,2009-08-07 00:00:00,2009-08-07 17:19:39,Q2,31802000.0,18341000.0,13461000.0,0.4232752657065593,0.0,0.0,0.0,0.0,6538000.0,24879000.0,0.0,1633000.0,8556000.0,0.2690396830388026,6923000.0,0.21769071127602038,0.0,6928000.0,0.21784793409219547,2089000.0,4839000.0,0.15216024149424565,0.07688885357908953,0.07677540140889763,62935000,63028000,https://www.sec.gov/Archives/edgar/data/1065332/000110465909048294/0001104659-09-048294-index.html,https://www.sec.gov/Archives/edgar/data/1065332/000110465909048294/a09-18469_110q.htm,1620591518,16:18:38,20210509
47,2009-03-31,EGOV,USD,2009-05-05 00:00:00,2009-05-05 17:06:44,Q1,27410000.0,15508000.0,11902000.0,0.43422108719445457,0.0,0.0,0.0,0.0,7207000.0,22715000.0,0.0,936000.0,5631000.0,0.2054359722728931,4695000.0,0.1712878511492156,-1000.0,4735000.0,0.17274717256475738,1957000.0,2778000.0,0.10134987230937614,0.04423848652780432,0.04420469734580867,62796000,62844000,https://www.sec.gov/Archives/edgar/data/1065332/000110465909029601/0001104659-09-029601-index.html,https://www.sec.gov/Archives/edgar/data/1065332/000110465909029601/a09-11054_110q.htm,1620591518,16:18:38,20210509
48,2008-12-31,EGOV,USD,2009-03-13 00:00:00,2009-03-13 16:00:42,Q4,25253503.0,14920450.0,10333053.0,0.4091730561102751,0.0,0.0,0.0,0.0,6197839.0,21118289.0,0.0,985201.0,5120415.0,0.20276058335352526,4135214.0,0.16374813426873888,-25155.0,4222426.0,0.1672015957548543,1529349.0,2693077.0,0.10664172016056545,0.042886123319956684,0.042886123319956684,62796000,62796000,https://www.sec.gov/Archives/edgar/data/1065332/000120677409000483/0001206774-09-000483-index.html,https://www.sec.gov/Archives/edgar/data/1065332/000120677409000483/nic_10k.htm,1620591518,16:18:38,20210509
49,2008-09-30,EGOV,USD,2008-11-06 00:00:00,2008-11-06 16:00:31,Q3,24941000.0,14043000.0,10898000.0,0.4369512048434305,0.0,0.0,0.0,0.0,6423000.0,20466000.0,0.0,903000.0,5378000.0,0.21562888416663326,4475000.0,0.17942343931678761,-5000.0,4610000.0,0.18483621346377452,1550000.0,3060000.0,0.12268954733170281,0.0487851540080352,0.04859379714471741,62724000,62971000,https://www.sec.gov/Archives/edgar/data/1065332/000110465908068635/0001104659-08-068635-index.html,https://www.sec.gov/Archives/edgar/data/1065332/000110465908068635/a08-25345_110q.htm,1620591518,16:18:38,20210509
50,2008-06-30,EGOV,USD,2008-08-04 00:00:00,2008-08-04 16:30:29,Q2,25702000.0,13713000.0,11989000.0,0.466461753949109,0.0,0.0,0.0,0.0,6721000.0,20434000.0,0.0,898000.0,6166000.0,0.23990350945451716,5268000.0,0.2049645941950043,0.0,5378000.0,0.20924441677690453,2198000.0,3180000.0,0.12372578009493425,0.050882442357233146,0.050511468327085585,62497000,62956000,https://www.sec.gov/Archives/edgar/data/1065332/000110465908049610/0001104659-08-049610-index.html,https://www.sec.gov/Archives/edgar/data/1065332/000110465908049610/a08-18642_110q.htm,1620591518,16:18:38,20210509
51,2008-03-31,EGOV,USD,2008-05-12 00:00:00,2008-05-12 16:00:26,Q1,24679000.0,13137000.0,11542000.0,0.46768507638072854,0.0,0.0,0.0,0.0,6810000.0,19947000.0,0.0,847000.0,5579000.0,0.22606264435349893,4732000.0,0.19174196685441064,-19000.0,5046000.0,0.2044653349001175,2058000.0,2988000.0,0.12107459783621703,0.04810122506801462,0.047708004023566605,62119000,62631000,https://www.sec.gov/Archives/edgar/data/1065332/000110465908032382/0001104659-08-032382-index.html,https://www.sec.gov/Archives/edgar/data/1065332/000110465908032382/a08-11250_110q.htm,1620591518,16:18:38,20210509
52,2007-12-31,EGOV,USD,2008-03-17,2008-03-17 16:00:50,Q4,22086934.0,12371960.0,9714974.0,0.43985163354950035,0.0,0.0,0.0,0.0,6580008.0,18951968.0,0.0,757615.0,3892581.0,0.17623908325166363,3134966.0,0.14193758173950263,-15801.0,3600272.0,0.16300460715824117,933052.0,2667220.0,0.12076008376717202,0.04293726557092033,0.04293726557092033,62119000,62119000,https://www.sec.gov/Archives/edgar/data/1065332/000120677408000530/nic_10k.htm,https://www.sec.gov/Archives/edgar/data/1065332/000120677408000530/nic_10k.htm,1620591518,16:18:38,20210509
53,2007-09-30,EGOV,USD,2007-11-07 00:00:00,2007-11-07 10:40:16,Q3,21558000.0,11323000.0,10235000.0,0.47476574821412004,0.0,0.0,0.0,0.0,5839000.0,17162000.0,0.0,632000.0,5028000.0,0.23323128305037574,4396000.0,0.20391501994619166,508000.0,5266000.0,0.2442712682066982,1476000.0,3790000.0,0.17580480564059744,0.061222841450609806,0.06060412235956314,61905000,62537000,https://www.sec.gov/Archives/edgar/data/1065332/000110465907080499/0001104659-07-080499-index.html,https://www.sec.gov/Archives/edgar/data/1065332/000110465907080499/a07-25482_110q.htm,1620591518,16:18:38,20210509
54,2007-06-30,EGOV,USD,2007-08-06 00:00:00,2007-08-06 14:03:51,Q2,21476000.0,10912000.0,10564000.0,0.4918979325758987,0.0,0.0,0.0,0.0,6022000.0,16934000.0,0.0,576000.0,5118000.0,0.2383125349227044,4542000.0,0.2114918979325759,0.0,4859000.0,0.22625256099832372,2107000.0,2752000.0,0.1281430433972807,0.04455309297544076,0.04420457465947057,61769000,62256000,https://www.sec.gov/Archives/edgar/data/1065332/000110465907059098/0001104659-07-059098-index.html,https://www.sec.gov/Archives/edgar/data/1065332/000110465907059098/a07-18785_110q.htm,1620591518,16:18:38,20210509
55,2007-03-31,EGOV,USD,2007-05-07 00:00:00,2007-05-07 16:09:00,Q1,20634000.0,10924000.0,9710000.0,0.470582533682272,0.0,0.0,0.0,0.0,5656000.0,16580000.0,0.0,536000.0,4590000.0,0.22244838615876708,4054000.0,0.19647184258990016,0.0,4634000.0,0.2245807889890472,1888000.0,2746000.0,0.13308132208975476,0.044540323103873354,0.044312478820055186,61652000,61969000,https://www.sec.gov/Archives/edgar/data/1065332/000110465907036487/0001104659-07-036487-index.html,https://www.sec.gov/Archives/edgar/data/1065332/000110465907036487/a07-10732_110q.htm,1620591518,16:18:38,20210509
56,2006-12-31,EGOV,USD,2007-03-15,2007-03-15 14:58:59,Q4,18831846.0,11157637.0,7674209.0,0.40751230654711174,0.0,0.0,0.0,0.0,4947175.0,16104812.0,0.0,509398.0,3236432.0,0.17185951924203288,2727034.0,0.1448097016086474,13859.0,3598397.0,0.19108041771369624,1487396.0,2111001.0,0.11209740139123907,0.03424059235710115,0.03424059235710115,61652000,61652000,https://www.sec.gov/Archives/edgar/data/1065332/000120677407000675/nic_10k.htm,https://www.sec.gov/Archives/edgar/data/1065332/000120677407000675/nic_10k.htm,1620591518,16:18:38,20210509
57,2006-09-30,EGOV,USD,2006-11-06,2006-11-06 14:20:50,Q3,18035000.0,10043000.0,7992000.0,0.4431383421125589,0.0,0.0,0.0,0.0,4417000.0,14460000.0,0.0,501000.0,4076000.0,0.22600499029664542,3575000.0,0.19822567230385363,-49000.0,4192000.0,0.23243692819517606,1727000.0,2465000.0,0.136678680343776,0.04005785231409256,0.039888022266092754,61536000,61798000,https://www.sec.gov/Archives/edgar/data/1065332/000110465906071618/a06-21582_110q.htm,https://www.sec.gov/Archives/edgar/data/1065332/000110465906071618/a06-21582_110q.htm,1620591518,16:18:38,20210509
58,2006-06-30,EGOV,USD,2006-08-07,2006-08-07 09:08:45,Q2,18762000.0,9698000.0,9064000.0,0.4831041466794585,0.0,0.0,0.0,0.0,4085000.0,13783000.0,0.0,525000.0,5504000.0,0.29335891695981237,4979000.0,0.26537682549834773,0.0,5477000.0,0.29191983797036564,2232000.0,3245000.0,0.17295597484276728,0.052875998044647224,0.05248431131526169,61370000,61828000,https://www.sec.gov/Archives/edgar/data/1065332/000110465906051800/a06-15232_110q.htm,https://www.sec.gov/Archives/edgar/data/1065332/000110465906051800/a06-15232_110q.htm,1620591518,16:18:38,20210509
59,2006-03-31,EGOV,USD,2006-05-09,2006-05-09 06:01:50,Q1,15748000.0,6948000.0,8800000.0,0.5588011176022352,0.0,0.0,0.0,0.0,3933000.0,10881000.0,0.0,505000.0,5372000.0,0.3411226822453645,4867000.0,0.3090551181102362,-97000.0,5150000.0,0.3270256540513081,2232000.0,2918000.0,0.18529337058674117,0.047735117538320604,0.04737320605234106,61129000,61596000,https://www.sec.gov/Archives/edgar/data/1065332/000110465906032284/a06-9302_110q.htm,https://www.sec.gov/Archives/edgar/data/1065332/000110465906032284/a06-9302_110q.htm,1620591518,16:18:38,20210509
60,2005-12-31,EGOV,USD,2005-12-31,2005-12-31,Q4,16387613.0,8926529.0,7461084.0,0.45528802760963416,0.0,0.0,0.0,0.0,3606827.0,12533356.0,0.0,461879.0,4316136.0,0.2633779550444595,3854257.0,0.23519331338859417,29.0,4126900.0,0.2518304526717833,1723824.0,2403076.0,0.14663978213300496,0.03931155425411834,0.03931155425411834,61129000,61129000,,,1620591518,16:18:38,20210509
61,2005-09-30,EGOV,USD,2005-11-09,2005-11-09 10:10:58,Q3,15958000.0,8737000.0,7221000.0,0.4525003133224715,0.0,0.0,0.0,0.0,3370000.0,12107000.0,0.0,421000.0,4272000.0,0.2677027196390525,3851000.0,0.24132096753979196,0.0,4048000.0,0.2536658729164056,1661000.0,2387000.0,0.14958014788820653,0.0396044532196247,0.038986704994610134,60271000,61226000,https://www.sec.gov/Archives/edgar/data/1065332/000110465905053814/a05-18002_110q.htm,https://www.sec.gov/Archives/edgar/data/1065332/000110465905053814/a05-18002_110q.htm,1620591518,16:18:38,20210509
62,2005-06-30,EGOV,USD,2005-08-05,2005-08-05 09:00:36,Q2,15617000.0,8041000.0,7576000.0,0.4851123775372991,0.0,0.0,0.0,0.0,3645000.0,11686000.0,0.0,368000.0,4299000.0,0.27527694179419865,3931000.0,0.2517128769930204,0.0,4086000.0,0.26163795863482103,1616000.0,2470000.0,0.15816097842095153,0.0412822569862281,0.04062900944172122,59832000,60794000,https://www.sec.gov/Archives/edgar/data/1065332/000110465905036649/a05-12632_110q.htm,https://www.sec.gov/Archives/edgar/data/1065332/000110465905036649/a05-12632_110q.htm,1620591518,16:18:38,20210509
63,2005-03-31,EGOV,USD,2005-05-10,2005-05-10 15:58:37,Q1,12280000.0,9092000.0,3188000.0,0.25960912052117263,0.0,0.0,0.0,0.0,4634000.0,13726000.0,0.0,352000.0,-1094000.0,-0.08908794788273616,-1446000.0,-0.11775244299674267,-3000.0,-1368000.0,-0.11140065146579804,-471000.0,-897000.0,-0.0730456026058632,-0.02,-0.02,59402000,59402000,https://www.sec.gov/Archives/edgar/data/1065332/000120677405000265/d16441_10-k.htm,https://www.sec.gov/Archives/edgar/data/1065332/000120677405000265/d16441_10-k.htm,1620591518,16:18:38,20210509
64,2004-12-31,EGOV,USD,2005-03-04 00:00:00,2005-03-04 16:34:08,Q4,13577754.0,7692394.0,5885360.0,0.4334560782291386,0.0,0.0,0.0,0.0,3153828.0,10846222.0,0.0,365252.0,3096784.0,0.22807778075814306,2731532.0,0.20117701351784692,-155.0,2772562.0,0.20419886823697056,1044901.0,1727661.0,0.12724203134038223,0.029084222753442645,0.029084222753442645,59402000,59402000,https://www.sec.gov/Archives/edgar/data/1065332/000120677405000265/0001206774-05-000265-index.html,https://www.sec.gov/Archives/edgar/data/1065332/000120677405000265/d16441_10-k.htm,1620591518,16:18:38,20210509
65,2004-09-30,EGOV,USD,2004-11-09 00:00:00,2004-11-09 11:18:58,Q3,13427000.0,6986000.0,6441000.0,0.47970507187011246,0.0,0.0,0.0,0.0,3413000.0,10399000.0,0.0,361000.0,3389000.0,0.252401876815372,3028000.0,0.2255157518433008,14000.0,3071000.0,0.22871825426379683,1122000.0,1949000.0,0.1451552841289938,0.03299754507745704,0.031975981099881874,59065000,60952000,https://www.sec.gov/Archives/edgar/data/1065332/000110465904034543/0001104659-04-034543-index.html,https://www.sec.gov/Archives/edgar/data/1065332/000110465904034543/a04-12524_110q.htm,1620591518,16:18:38,20210509
66,2004-06-30,EGOV,USD,2004-08-09 00:00:00,2004-08-09 10:27:24,Q2,14337000.0,7838000.0,6499000.0,0.4533026435097998,0.0,0.0,0.0,0.0,3325000.0,11163000.0,0.0,381000.0,3555000.0,0.24795982423101068,3174000.0,0.22138522703494454,-40000.0,3153000.0,0.21992048545720863,1327000.0,1826000.0,0.12736276766408594,0.03,0.029991,58870000,60884000,https://www.sec.gov/Archives/edgar/data/1065332/000104746904025724/0001047469-04-025724-index.html,https://www.sec.gov/Archives/edgar/data/1065332/000104746904025724/a2141516z10-q.htm,1620591518,16:18:38,20210509
67,2004-03-31,EGOV,USD,2004-05-07 00:00:00,2004-05-06 18:00:16,Q1,14419000.0,7933000.0,6486000.0,0.44982315001040296,0.0,0.0,0.0,0.0,3620000.0,11553000.0,0.0,388000.0,3254000.0,0.2256744573132672,2866000.0,0.19876551771967543,-69000.0,2813000.0,0.19508981205354048,1211000.0,1602000.0,0.11110340522921146,0.03,0.026255,58744000,61016000,https://www.sec.gov/Archives/edgar/data/1065332/000104746904016256/0001047469-04-016256-index.html,https://www.sec.gov/Archives/edgar/data/1065332/000104746904016256/a2135246z10-q.htm,1620591518,16:18:38,20210509
68,2003-12-31,EGOV,USD,2004-03-12 00:00:00,2004-03-12 16:03:20,Q4,12522209.0,7575761.0,4946448.0,0.39501401070689685,0.0,0.0,0.0,0.0,3142550.0,10718311.0,0.0,370164.0,2174062.0,0.17361649210614516,1803898.0,0.1440558930137646,-53126.0,1765060.0,0.14095436356317004,-1133847.0,2898907.0,0.23150124710424494,0.04934813768214626,0.04934813768214626,58744000,58744000,https://www.sec.gov/Archives/edgar/data/1065332/000120677404000140/0001206774-04-000140-index.html,https://www.sec.gov/Archives/edgar/data/1065332/000120677404000140/d14129.htm,1620591518,16:18:38,20210509
69,2003-09-30,EGOV,USD,2003-11-06 00:00:00,2003-11-06 16:40:19,Q3,12873000.0,7692000.0,5181000.0,0.40247028664646933,0.0,0.0,0.0,0.0,3323000.0,11015000.0,0.0,471000.0,2329000.0,0.18092130816437504,1858000.0,0.1443331002874233,-53000.0,1820000.0,0.14138118542686243,737000.0,1083000.0,0.08412957352598462,0.02,0.018232,58357000,59402000,https://www.sec.gov/Archives/edgar/data/1065332/000110465903024973/0001104659-03-024973-index.html,https://www.sec.gov/Archives/edgar/data/1065332/000110465903024973/a03-4790_110q.htm,1620591518,16:18:38,20210509
70,2003-06-30,EGOV,USD,2003-08-11 00:00:00,2003-08-11 16:22:45,Q2,12916000.0,7537000.0,5379000.0,0.4164602043976463,0.0,0.0,0.0,0.0,3387000.0,10924000.0,0.0,450000.0,2442000.0,0.18906782285537319,1992000.0,0.1542273149581914,262000.0,2280000.0,0.17652524001238773,923000.0,1357000.0,0.10506348714772375,0.023302538036198785,0.023135677021175027,58234000,58654000,https://www.sec.gov/Archives/edgar/data/1065332/000110465903017497/0001104659-03-017497-index.html,https://www.sec.gov/Archives/edgar/data/1065332/000110465903017497/a03-2227_110q.htm,1620591518,16:18:38,20210509
71,2003-03-31,EGOV,USD,2003-05-09 00:00:00,2003-05-09 11:47:28,Q1,12520000.0,7224000.0,5296000.0,0.4230031948881789,0.0,0.0,0.0,0.0,3612000.0,10836000.0,0.0,492000.0,2176000.0,0.17380191693290734,1684000.0,0.13450479233226836,-60000.0,1648000.0,0.131629392971246,659000.0,989000.0,0.07899361022364217,0.02,0.017002,58135000,58169000,https://www.sec.gov/Archives/edgar/data/1065332/000110465903008807/0001104659-03-008807-index.html,https://www.sec.gov/Archives/edgar/data/1065332/000110465903008807/j0500_10q.htm,1620591518,16:18:38,20210509
72,2002-12-31,EGOV,USD,2003-03-20 00:00:00,2003-03-20 16:43:13,Q4,10564410.0,6409616.0,4154794.0,0.39328216152156154,0.0,0.0,0.0,0.0,3046287.0,9455903.0,0.0,555270.0,1663777.0,0.15748887065155556,1108507.0,0.10492843424289668,-302943.0,855430.0,0.08097281343681284,400960.0,455007.0,0.04306979755613423,0.00782673088500903,0.00782673088500903,58135000,58135000,https://www.sec.gov/Archives/edgar/data/1065332/000120677403000161/0001206774-03-000161-index.html,https://www.sec.gov/Archives/edgar/data/1065332/000120677403000161/d12173.txt,1620591518,16:18:38,20210509
73,2002-09-30,EGOV,USD,2002-11-14 00:00:00,2002-11-14 09:46:03,Q3,11703000.0,7225000.0,4478000.0,0.38263693070152954,0.0,3255000.0,0.0,0.0,3822000.0,11047000.0,0.0,567000.0,1223000.0,0.10450311885841237,656000.0,0.05605400324703068,-286000.0,388000.0,0.03315389216440229,168000.0,212000.0,0.01811501324446723,0.003731671683300769,0.0037189067817422726,56811000,57006000,https://www.sec.gov/Archives/edgar/data/1065332/000110465902006110/0001104659-02-006110-index.html,https://www.sec.gov/Archives/edgar/data/1065332/000110465902006110/j5502_10q.htm,1620591518,16:18:38,20210509
74,2002-06-30,EGOV,USD,2002-08-14 00:00:00,2002-08-14 09:06:28,Q2,13078000.0,12512000.0,566000.0,0.04327878880562777,0.0,4777000.0,0.0,0.0,10031000.0,22543000.0,0.0,1094000.0,-8371000.0,-0.64008258143447,-9465000.0,-0.7237345159810369,-4810000.0,-9925000.0,-0.7589080899220064,-4090000.0,-7397000.0,-0.5656063618290258,-0.13,-0.13,56493000,56493000,https://www.sec.gov/Archives/edgar/data/1065332/000110465902003917/0001104659-02-003917-index.html,https://www.sec.gov/Archives/edgar/data/1065332/000110465902003917/j4363_10q.htm,1620591518,16:18:38,20210509
75,2002-03-31,EGOV,USD,2002-05-14 00:00:00,2002-05-14 10:40:39,Q1,12366000.0,8121000.0,4245000.0,0.3432799611838913,0.0,4106000.0,0.0,0.0,5269000.0,13390000.0,0.0,1163000.0,139000.0,0.011240498140061459,-1024000.0,-0.08280769852822255,-224000.0,-1218000.0,-0.0984958757884522,-338000.0,-880000.0,-0.07116286592269125,-0.02,-0.02,56358000,56358000,https://www.sec.gov/Archives/edgar/data/1065332/000110465902002175/0001104659-02-002175-index.html,https://www.sec.gov/Archives/edgar/data/1065332/000110465902002175/j3924_10q.htm,1620591518,16:18:38,20210509
76,2001-12-31,EGOV,USD,2002-03-25 00:00:00,2002-03-25 00:00:00,Q4,10156679.0,23470707.0,-13314028.0,-1.310864309091584,0.0,-9043527.0,0.0,0.0,6061570.0,29532277.0,0.0,2608007.0,-16767591.0,-1.6508930724304667,-19375598.0,-1.907670607685839,-14778155.0,-20231123.0,-1.9919033573867995,-1854850.0,-18851273.0,-1.8560469421156265,-0.3344915185066894,-0.3344915185066894,56358000,56358000,https://www.sec.gov/Archives/edgar/data/1065332/000095013602000811/0000950136-02-000811-index.html,https://www.sec.gov/Archives/edgar/data/1065332/000095013602000811/file001.txt,1620591518,16:18:38,20210509
77,2001-09-30,EGOV,USD,2001-11-14 00:00:00,2001-11-14 00:00:00,Q3,11080000.0,6675000.0,4405000.0,0.39756317689530685,0.0,10651000.0,0.0,0.0,56152000.0,62827000.0,0.0,8504000.0,-43243000.0,-3.902797833935018,-51747000.0,-4.670306859205776,-37331000.0,-52093000.0,-4.701534296028881,-12927000.0,-38702000.0,-3.492960288808664,-0.69,-0.69,56090000,56090000,https://www.sec.gov/Archives/edgar/data/1065332/000110465901503340/0001104659-01-503340-index.html,https://www.sec.gov/Archives/edgar/data/1065332/000110465901503340/j2357_10q.htm,1620591518,16:18:38,20210509
78,2001-06-30,EGOV,USD,2001-08-13 00:00:00,2001-08-13 00:00:00,Q2,9974000.0,2891000.0,7083000.0,0.7101463805895328,0.0,11736000.0,0.0,0.0,20191000.0,23082000.0,0.0,8455000.0,-4653000.0,-0.46651293362743135,-13108000.0,-1.3142169641066774,-540000.0,-13652000.0,-1.3687587728093042,-3906000.0,-9756000.0,-0.9781431722478444,-0.17,-0.17,56067000,56067000,https://www.sec.gov/Archives/edgar/data/1065332/000110465901501599/0001104659-01-501599-index.html,https://www.sec.gov/Archives/edgar/data/1065332/000110465901501599/j1202_10q.htm,1620591518,16:18:38,20210509
79,2001-03-31,EGOV,USD,2001-04-02 00:00:00,2001-04-02 00:00:00,Q1,8018000.0,2123000.0,5895000.0,0.7352207533050636,0.0,11247000.0,0.0,0.0,19633000.0,21756000.0,0.0,8386000.0,-5352000.0,-0.6674981292092791,-13738000.0,-1.7133948615614867,-350000.0,-14094000.0,-1.7577949613369919,-3938000.0,-10134000.0,-1.2639062110251933,-0.18,-0.18,56041000,56041000,https://www.sec.gov/Archives/edgar/data/1065332/000091205701506146/0000912057-01-506146-index.html,https://www.sec.gov/Archives/edgar/data/1065332/000091205701506146/a2041279z10-k.txt,1620591518,16:18:38,20210509
80,2000-12-31,EGOV,USD,2001-04-02 00:00:00,2001-04-02 00:00:00,Q4,-31202724.0,-32761716.0,1558992.0,-0.04996333012463912,0.0,9656760.0,0.0,0.0,17955396.0,-14806320.0,0.0,8298636.0,-8097768.0,0.2595211879578206,-16396404.0,0.5254798907941499,-2653784.0,-18831971.0,0.6035361207566365,-3861021.0,-14970950.0,0.47979625112217766,-0.26714280615977587,-0.26714280615977587,56041000,56041000,https://www.sec.gov/Archives/edgar/data/1065332/000091205701506146/0000912057-01-506146-index.html,https://www.sec.gov/Archives/edgar/data/1065332/000091205701506146/a2041279z10-k.txt,1620591518,16:18:38,20210509
81,2000-09-30,EGOV,USD,2000-11-14 00:00:00,2000-11-14 00:00:00,Q3,19350000.0,14349000.0,5001000.0,0.25844961240310077,0.0,12482000.0,0.0,0.0,20845000.0,35194000.0,0.0,8363000.0,-7481000.0,-0.38661498708010333,-15844000.0,-0.8188113695090439,-728000.0,-16583000.0,-0.8570025839793282,-4954000.0,-11629000.0,-0.6009819121447029,-0.21,-0.21,55489000,55489000,https://www.sec.gov/Archives/edgar/data/1065332/000110465900000727/0001104659-00-000727-index.html,https://www.sec.gov/Archives/edgar/data/1065332/000110465900000727/0001104659-00-000727-0001.txt,1620591518,16:18:38,20210509
82,2000-06-30,EGOV,USD,2000-08-14 00:00:00,2000-08-14 00:00:00,Q2,19910000.0,13971000.0,5939000.0,0.2982923154193872,0.0,11195000.0,0.0,0.0,17907000.0,31878000.0,0.0,6712000.0,-5256000.0,-0.26398794575590157,-11968000.0,-0.6011049723756906,-686000.0,-12742000.0,-0.6399799095931693,-3769000.0,-8973000.0,-0.4506780512305374,-0.16,-0.16,54532000,54532000,https://www.sec.gov/Archives/edgar/data/1065332/000110465900000445/0001104659-00-000445-index.html,https://www.sec.gov/Archives/edgar/data/1065332/000110465900000445/0001104659-00-000445-0001.txt,1620591518,16:18:38,20210509
83,2000-03-31,EGOV,USD,2000-05-15 00:00:00,2000-05-15 00:00:00,Q1,18914000.0,13420000.0,5494000.0,0.29047266575023795,0.0,8905000.0,0.0,0.0,13491000.0,26911000.0,0.0,4586000.0,-3411000.0,-0.18034260336258856,-7997000.0,-0.4228085016389976,1202000.0,-6713000.0,-0.3549222797927461,-2008000.0,-4705000.0,-0.2487575341017236,-0.09,-0.09,53260000,53260000,https://www.sec.gov/Archives/edgar/data/1065332/000091205700024599/0000912057-00-024599-index.html,https://www.sec.gov/Archives/edgar/data/1065332/0000912057-00-024599.txt,1620591518,16:18:38,20210509
84,1999-12-31,EGOV,USD,2000-03-10 00:00:00,2000-03-10 00:00:00,Q4,16500000.0,11700000.0,4800000.0,0.2909090909090909,0.0,10200000.0,0.0,0.0,10800000.0,22500000.0,0.0,4600000.0,-1400000.0,-0.08484848484848485,-6000000.0,-0.36363636363636365,1300000.0,-4500000.0,-0.2727272727272727,-1000000.0,-3500000.0,-0.21212121212121213,-0.06571535861809989,-0.06571535861809989,53260000,53260000,https://www.sec.gov/Archives/edgar/data/1065332/000091205700010983/0000912057-00-010983-index.html,https://www.sec.gov/Archives/edgar/data/1065332/0000912057-00-010983.txt,1620591518,16:18:38,20210509
85,1999-09-30,EGOV,USD,1999-11-15 00:00:00,1999-11-15 00:00:00,Q3,15700000.0,11700000.0,4000000.0,0.25477707006369427,1400000.0,2600000.0,0.0,0.0,6400000.0,18100000.0,0.0,2420000.0,20000.0,0.0012738853503184713,-2400000.0,-0.15286624203821655,1100000.0,-1500000.0,-0.09554140127388536,-100000.0,-1400000.0,-0.08917197452229299,-0.03,-0.03,46666667,46666667,https://www.sec.gov/Archives/edgar/data/1065332/000091205799005790/0000912057-99-005790-index.html,https://www.sec.gov/Archives/edgar/data/1065332/0000912057-99-005790.txt,1620591518,16:18:38,20210509
86,1999-06-30,EGOV,USD,1999-06-30,1999-06-30,Q2,13300000.0,0.0,0.0,0.0,0.0,0.0,0.0,0.0,0.0,0.0,0.0,0.0,13300000.0,1.0,13300000.0,1.0,0.0,0.0,0.0,0.0,-2500000.0,-0.18796992481203006,-0.06,-0.06,41666667,41666667,,,1620591518,16:18:38,20210509
87,1999-03-31,EGOV,USD,1999-03-31,1999-03-31,Q1,11500000.0,8600000.0,2900000.0,0.25217391304347825,0.0,0.0,0.0,0.0,6100000.0,14700000.0,0.0,2000000.0,-1200000.0,-0.10434782608695652,-3200000.0,-0.2782608695652174,0.0,0.0,0.0,0.0,-3300000.0,-0.28695652173913044,-0.08,-0.08,41250000,41250000,,,1620591518,16:18:38,20210509
