,date,symbol,reportedCurrency,fillingDate,acceptedDate,period,revenue,costOfRevenue,grossProfit,grossProfitRatio,researchAndDevelopmentExpenses,generalAndAdministrativeExpenses,sellingAndMarketingExpenses,otherExpenses,operatingExpenses,costAndExpenses,interestExpense,depreciationAndAmortization,ebitda,ebitdaratio,operatingIncome,operatingIncomeRatio,totalOtherIncomeExpensesNet,incomeBeforeTax,incomeBeforeTaxRatio,incomeTaxExpense,netIncome,netIncomeRatio,eps,epsdiluted,weightedAverageShsOut,weightedAverageShsOutDil,link,finalLink,timestamp,est_time,est_date
0,2020-12-31,VPG,USD,2021-03-11,2021-03-11 14:40:31,Q4,75445000,46698000,28747000,0.3810325402611174,0.0,20181000.0,0.0,-271000.0,20181000.0,66879000.0,329000.0,3173000.0,11739000.0,0.15559679236529922,8566000.0,0.11353966465637219,-5039000.0,3239000.0,0.04293193717277487,3142000.0,118000.0,0.0015640532838491616,0.01,0.01,13575000.0,13662000.0,https://www.sec.gov/Archives/edgar/data/1487952/000148795221000006/0001487952-21-000006-index.htm,https://www.sec.gov/Archives/edgar/data/1487952/000148795221000006/vpg-20201231.htm,1620599608,18:33:28,20210509
1,2020-09-26,VPG,USD,2020-11-03,2020-11-03 13:20:17,Q3,67525000,40176000,27349000,0.405020362828582,0.0,19144000.0,0.0,-348000.0,19144000.0,59320000.0,309000.0,3022000.0,11143000.0,0.165020362828582,8121000.0,0.12026656793780081,-348000.0,7773000.0,0.1151129211403184,2109000.0,5664000.0,0.08388004442798963,0.79,0.79,13562000.0,13562000.0,https://www.sec.gov/Archives/edgar/data/1487952/000148795220000039/0001487952-20-000039-index.htm,https://www.sec.gov/Archives/edgar/data/1487952/000148795220000039/vpg-20200926.htm,1620599608,18:33:28,20210509
2,2020-06-27,VPG,USD,2020-08-04,2020-08-04 14:29:35,Q2,59146000,36036000,23110000,0.39072802894532177,0.0,18640000.0,0.0,-1540000.0,19138999.999999996,55174999.99999999,267000.0,3113000.0000000005,7084000.0,0.11977141311331282,3971000.0,0.06713894430730734,-197000.0,2431000.0,0.041101680587021946,684000.0,1759000.0,0.029739965509079227,0.12925,0.12925,13609000.0,13609000.0,https://www.sec.gov/Archives/edgar/data/1487952/000148795220000033/0001487952-20-000033-index.htm,https://www.sec.gov/Archives/edgar/data/1487952/000148795220000033/vpg-20200627.htm,1620599608,18:33:28,20210509
3,2020-03-28,VPG,USD,2020-05-05 00:00:00,2020-05-05 16:15:57,Q1,67696000,42631000,25065000,0.37025821318837154,0.0,20291000.0,0.0,222000.0,20421000.0,63052000.0,461000.0,3199000.0,7843000.0,0.1158561805719688,4644000.0,0.06860080359253132,-284000.0,4866000.0,0.07188017017253605,1574000.0,3312000.0,0.048924604112502955,0.24378,0.24378,13586000.0,13586000.0,https://www.sec.gov/Archives/edgar/data/1487952/000148795220000019/0001487952-20-000019-index.html,https://www.sec.gov/Archives/edgar/data/1487952/000148795220000019/vpg-q12020x10q.htm,1620599608,18:33:28,20210509
4,2019-12-31,VPG,USD,2020-03-11 00:00:00,2020-03-11 12:42:21,Q4,69142000,44975000,24167000,0.34952706025281305,0.0,20221000.0,0.0,-141000.0,20221000.0,65196000.0,436000.0,3156000.0,7102000.0,0.10271614937375256,3946000.0,0.05707095542506725,-2608000.0,1005000.0,0.0145353041566631,-2854000.0,3871000.0,0.0559862312342715,0.29,0.28,13523000.0,13623000.0,https://www.sec.gov/Archives/edgar/data/1487952/000148795220000007/0001487952-20-000007-index.html,https://www.sec.gov/Archives/edgar/data/1487952/000148795220000007/vpg-20191231x10k.htm,1620599608,18:33:28,20210509
5,2019-09-28,VPG,USD,2019-11-05 00:00:00,2019-11-05 15:10:50,Q3,67421000,41631000,25790000,0.3825217662152742,0.0,19057000.0,0.0,223000.0,19604000.0,61235000.0,324000.0,3019999.9999999995,9206000.0,0.1365449933996826,6186000.0,0.09175182806543955,672000.0,6409000.0,0.0950594028566767,1879000.0,4509000.0,0.0668782723483781,0.33137,0.33137,13607000.0,13607000.0,https://www.sec.gov/Archives/edgar/data/1487952/000148795219000043/0001487952-19-000043-index.html,https://www.sec.gov/Archives/edgar/data/1487952/000148795219000043/vpg-q32019x10q.htm,1620599608,18:33:28,20210509
6,2019-06-29,VPG,USD,2019-08-06 00:00:00,2019-08-06 13:11:55,Q2,70870000,42261000,28609000,0.4036827994920277,0.0,19896000.0,0.0,-519000.0,20506999.999999996,62768000.0,359000.0,2764999.9999999995,10867000.0,0.15333709609143503,8102000.0,0.114321998024552,-25000.0,7583000.0,0.10699873006914068,2003000.0,5565000.0,0.07852405813461268,0.40934,0.40934,13595000.0,13595000.0,https://www.sec.gov/Archives/edgar/data/1487952/000148795219000032/0001487952-19-000032-index.html,https://www.sec.gov/Archives/edgar/data/1487952/000148795219000032/vpg-q22019x10q.htm,1620599608,18:33:28,20210509
7,2019-03-30,VPG,USD,2019-05-07 00:00:00,2019-05-07 15:55:42,Q1,76525000,43474000,33051000,0.43189807252531853,0.0,20448000.0,0.0,-1160000.0,20448000.0,63922000.0,388000.0,2854000.0,15457000.0,0.20198627899379287,12603000.0,0.16469127736033976,-191000.0,11443000.0,0.1495328324077099,3117000.0,8243000.0,0.10771643253838614,0.60776,0.60776,13563000.0,13563000.0,https://www.sec.gov/Archives/edgar/data/1487952/000148795219000020/0001487952-19-000020-index.html,https://www.sec.gov/Archives/edgar/data/1487952/000148795219000020/vpg-20190330x10q.htm,1620599608,18:33:28,20210509
8,2018-12-31,VPG,USD,2019-03-14 00:00:00,2019-03-14 16:55:57,Q4,76982000,46166000,30816000,0.40030136915123016,0.0,20905000.0,0.0,-480000.0,20905000.0,67071000.0,405000.0,2692000.0,12603000.0,0.16371359538593439,9911000.0,0.12874438180353848,-2869000.0,6283000.0,0.08161648177496038,2846000.0,3418000.0,0.0443999896079603,0.25367374202167137,0.2514159617506436,13474000.0,13595000.0,https://www.sec.gov/Archives/edgar/data/1487952/000148795219000008/0001487952-19-000008-index.html,https://www.sec.gov/Archives/edgar/data/1487952/000148795219000008/vpg-20181231x10k.htm,1620599608,18:33:28,20210509
9,2018-09-29,VPG,USD,2018-11-06 00:00:00,2018-11-06 15:09:53,Q3,75490000,44910000,30580000,0.40508676645913366,0.0,19721000.0,0.0,-585000.0,19948999.999999996,64859000.0,413000.0,2609000.0,13240000.0,0.17538746853887932,10631000.0,0.14082659954960922,-311000.0,10046000.0,0.13307722877202277,2479000.0,7547000.0,0.09997350642469201,0.55763,0.55763,13534000.0,13534000.0,https://www.sec.gov/Archives/edgar/data/1487952/000148795218000030/0001487952-18-000030-index.html,https://www.sec.gov/Archives/edgar/data/1487952/000148795218000030/vpg-20180929x10q.htm,1620599608,18:33:28,20210509
10,2018-06-30,VPG,USD,2018-08-07 00:00:00,2018-08-07 14:35:46,Q2,74231000,42865000,31366000,0.42254583664506745,0.0,19990000.0,0.0,-484000.0,19990000.0,62855000.0,478000.0,2648000.0,14024000.0,0.18892376500383937,11376000.0,0.1532513370424755,-470000.0,10565000.0,0.1423259824062723,2882000.0,7693000.0,0.10363594724575986,0.5713755199049316,0.5693036335380744,13464000.0,13513000.0,https://www.sec.gov/Archives/edgar/data/1487952/000148795218000025/0001487952-18-000025-index.html,https://www.sec.gov/Archives/edgar/data/1487952/000148795218000025/vpg-20180630x10q.htm,1620599608,18:33:28,20210509
11,2018-03-31,VPG,USD,2018-05-09 00:00:00,2018-05-09 16:16:53,Q1,73091000,44586000,28505000,0.3899932960282388,0.0,20319000.0,0.0,-221000.0,20319000.0,64905000.0,442000.0,2684000.0,10870000.0,0.14871872049910387,8186000.0,0.1119973731375956,-746000.0,7095000.0,0.09707077478759354,2137000.0,4988000.0,0.06824369621430819,0.3738569929545795,0.3695636067274209,13342000.0,13497000.0,https://www.sec.gov/Archives/edgar/data/1487952/000148795218000016/0001487952-18-000016-index.html,https://www.sec.gov/Archives/edgar/data/1487952/000148795218000016/vpg-20180331x10q.htm,1620599608,18:33:28,20210509
12,2017-12-31,VPG,USD,2018-03-15 00:00:00,2018-03-15 14:03:46,Q4,69439000,42699000,26740000,0.3850861907573554,0.0,19063000.0,0.0,-614000.0,19063000.0,61762000.0,450000.0,2649000.0,10326000.0,0.14870605855499072,7677000.0,0.11055746770546811,-903000.0,6221000.0,0.08958942381082677,1771000.0,4476000.0,0.0644594536211639,0.34,0.33,13292000.0,13529000.0,https://www.sec.gov/Archives/edgar/data/1487952/000148795218000006/0001487952-18-000006-index.html,https://www.sec.gov/Archives/edgar/data/1487952/000148795218000006/vpg-20171231x10k.htm,1620599608,18:33:28,20210509
13,2017-09-30,VPG,USD,2017-11-08 00:00:00,2017-11-08 14:20:55,Q3,62805000,38538000,24267000,0.38638643420109864,0.0,18525000.0,0.0,1501000.0,18525000.0,57063000.0,472000.0,2659000.0,8401000.0,0.13376323541119337,5742000.0,0.09142584189156915,1247000.0,6564000.0,0.10451397181753046,2239000.0,4255000.0,0.06774938301090677,0.32014144910089537,0.31588715664439493,13291000.0,13470000.0,https://www.sec.gov/Archives/edgar/data/1487952/000148795217000039/0001487952-17-000039-index.html,https://www.sec.gov/Archives/edgar/data/1487952/000148795217000039/vpg-20170930x10q.htm,1620599608,18:33:28,20210509
14,2017-07-01,VPG,USD,2017-08-08 00:00:00,2017-08-08 16:11:58,Q2,62319000,37560000,24759000,0.39729456506041494,0.0,18800000.0,0.0,-830000.0,18800000.0,56360000.0,468000.0,2637000.0,8281000.0,0.13288082286301128,5644000.0,0.09056627994672571,-830000.0,4814000.0,0.07724770936632487,1198000.0,3619000.0,0.05807217702466343,0.2734829592684954,0.2692307692307692,13233000.0,13442000.0,https://www.sec.gov/Archives/edgar/data/1487952/000148795217000033/0001487952-17-000033-index.html,https://www.sec.gov/Archives/edgar/data/1487952/000148795217000033/vpg-20170701x10q.htm,1620599608,18:33:28,20210509
15,2017-04-01,VPG,USD,2017-05-09 00:00:00,2017-05-09 15:25:36,Q1,59787000,37270000,22517000,0.3766203355244451,0.0,18226000.0,0.0,-773000.0,18226000.0,55496000.0,452000.0,2681000.0,6418000.0,0.10734775118336762,3737000.0,0.06250522688878853,-773000.0,2964000.0,0.04957599478147423,961000.0,1995000.0,0.033368458025992274,0.1510219530658592,0.14845959220122043,13210000.0,13438000.0,https://www.sec.gov/Archives/edgar/data/1487952/000148795217000019/0001487952-17-000019-index.html,https://www.sec.gov/Archives/edgar/data/1487952/000148795217000019/vpg-20170401x10q.htm,1620599608,18:33:28,20210509
16,2016-12-31,VPG,USD,2017-03-16 00:00:00,2017-03-16 13:21:29,Q4,55814000,34540000,21274000,0.3811588490342925,0.0,15529000.0,0.0,-16000.0,15529000.0,50069000.0,410000.0,2733000.0,8478000.0,0.15189737341885548,5745000.0,0.10293116422402981,-354000.0,5015000.0,0.08985200845665962,2035000.0,3005000.0,0.05383953846705128,0.22791050436101631,0.22791050436101631,13185000.0,13185000.0,https://www.sec.gov/Archives/edgar/data/1487952/000148795217000008/0001487952-17-000008-index.html,https://www.sec.gov/Archives/edgar/data/1487952/000148795217000008/vpg-20161231x10k.htm,1620599608,18:33:28,20210509
17,2016-10-01,VPG,USD,2016-11-08 00:00:00,2016-11-08 16:37:06,Q3,54490000,34225000,20265000,0.3719031014865113,0.0,16917000.0,0.0,-421000.0,16917000.0,51142000.0,377000.0,2776000.0,5415000.0,0.0993760322995045,2639000.0,0.04843090475316572,-421000.0,2218000.0,0.040704716461736096,1135000.0,1051000.0,0.019287942741787484,0.07971179370496777,0.07838019240808412,13185000.0,13409000.0,https://www.sec.gov/Archives/edgar/data/1487952/000148795216000105/0001487952-16-000105-index.html,https://www.sec.gov/Archives/edgar/data/1487952/000148795216000105/vpg-20161001x10q.htm,1620599608,18:33:28,20210509
18,2016-07-02,VPG,USD,2016-08-10 00:00:00,2016-08-10 15:50:12,Q2,57996000,36501000,21495000,0.3706290088971653,0.0,18444000.0,0.0,-401000.0,18444000.0,54945000.0,371000.0,2894000.0,4582000.0,0.07900544865163114,1688000.0,0.029105455548658527,-401000.0,1287000.0,0.02219118559900683,-562000.0,1868000.0,0.032209117870197944,0.14171914118807374,0.13938218176391584,13181000.0,13402000.0,https://www.sec.gov/Archives/edgar/data/1487952/000148795216000097/0001487952-16-000097-index.html,https://www.sec.gov/Archives/edgar/data/1487952/000148795216000097/vpg-20160702x10q.htm,1620599608,18:33:28,20210509
19,2016-04-02,VPG,USD,2016-05-11 00:00:00,2016-05-11 12:44:39,Q1,56629000,36854000,19775000,0.34920270532765896,0.0,18048000.0,0.0,97000.0,18048000.0,54902000.0,328000.0,2746000.0,3736000.0,0.0659732645817514,990000.0,0.017482208762294938,97000.0,1087000.0,0.01919511204506525,591000.0,480000.0,0.008476222430203606,0.036424343602974654,0.03582356892305396,13178000.0,13399000.0,https://www.sec.gov/Archives/edgar/data/1487952/000148795216000082/0001487952-16-000082-index.html,https://www.sec.gov/Archives/edgar/data/1487952/000148795216000082/vpg-20160402x10q.htm,1620599608,18:33:28,20210509
20,2015-12-31,VPG,USD,2016-03-09 00:00:00,2016-03-09 15:14:31,Q4,58913000,38148000,20765000,0.3524688948109925,0.0,16378000.0,0.0,35000.0,16378000.0,54526000.0,253000.0,2955000.0,7342000.0,0.12462444621730348,4387000.0,0.07446573761309049,-4230000.0,-23000.0,-0.00039040619218169166,13326000.0,-13401000.0,-0.22747101658377608,-0.9884201209617938,-0.9884201209617938,13558000.0,13558000.0,https://www.sec.gov/Archives/edgar/data/1487952/000148795216000067/0001487952-16-000067-index.html,https://www.sec.gov/Archives/edgar/data/1487952/000148795216000067/vpg-20151231x10k.htm,1620599608,18:33:28,20210509
21,2015-09-26,VPG,USD,2015-11-04 00:00:00,2015-11-04 16:13:30,Q3,57149000,35699000,21450000,0.3753346515249611,0.0,17760000.0,0.0,-545000.0,17760000.0,53459000.0,158000.0,2618000.0,907000.0,0.015870793889656863,-1711000.0,-0.029939281527235823,-545000.0,-2256000.0,-0.03947575635619171,-304000.0,-1952000.0,-0.03415632819471907,-0.1439740374686532,-0.14173685739180947,13558000.0,13772000.0,https://www.sec.gov/Archives/edgar/data/1487952/000148795215000052/0001487952-15-000052-index.html,https://www.sec.gov/Archives/edgar/data/1487952/000148795215000052/vpg-20150926x10q.htm,1620599608,18:33:28,20210509
22,2015-06-27,VPG,USD,2015-09-03 00:00:00,2015-09-03 08:36:37,Q2,59508000,38273000,21235000,0.3568427774416885,0.0,18411000.0,0.0,-561000.0,18411000.0,56684000.0,176000.0,2768000.0,5288000.0,0.08886200174766418,2520000.0,0.04234724742891712,-561000.0,1959000.0,0.03291994353700343,335000.0,1640000.0,0.027559319755327015,0.12003220376198492,0.1181981981981982,13663000.0,13875000.0,https://www.sec.gov/Archives/edgar/data/1487952/000148795215000045/0001487952-15-000045-index.html,https://www.sec.gov/Archives/edgar/data/1487952/000148795215000045/vpg-20150627x10q.htm,1620599608,18:33:28,20210509
23,2015-03-28,VPG,USD,2015-05-06 00:00:00,2015-05-06 12:02:06,Q1,56608000,35829000,20779000,0.3670682589033352,0.0,18733000.0,0.0,-1142000.0,18733000.0,54562000.0,184000.0,2756000.0,4724000.0,0.0834511023176936,1968000.0,0.034765404183154325,-1142000.0,826000.0,0.014591577162238552,143000.0,696000.0,0.012295081967213115,0.05063291139240506,0.0498567335243553,13746000.0,13960000.0,https://www.sec.gov/Archives/edgar/data/1487952/000148795215000029/0001487952-15-000029-index.html,https://www.sec.gov/Archives/edgar/data/1487952/000148795215000029/vpg-20150328x10q.htm,1620599608,18:33:28,20210509
24,2014-12-31,VPG,USD,2015-03-11,2015-03-11 16:16:50,Q4,61218000,39615000,21603000,0.35288640595903165,0.0,19062000.0,0.0,54000.0,19062000.0,58677000.0,208000.0,2943000.0,5484000.0,0.08958149563853768,2541000.0,0.04150739978437715,-5805000.0,-3387000.0,-0.05532686464765265,957000.0,-4433000.0,-0.07241334248096964,-0.18,-0.18,13755000.0,13755000.0,https://www.sec.gov/Archives/edgar/data/1487952/000148795215000011/0001487952-15-000011-index.htm,https://www.sec.gov/Archives/edgar/data/1487952/000148795215000011/vpg-20141231x10k.htm,1620599608,18:33:28,20210509
25,2014-09-27,VPG,USD,2014-11-05 00:00:00,2014-11-05 13:20:04,Q3,63402000,39625000,23777000,0.37501971546638907,0.0,19668000.0,0.0,-293000.0,19668000.0,59293000.0,212000.0,2939000.0,6904000.0,0.10889246396012744,3965000.0,0.06253745938613924,-293000.0,3672000.0,0.05791615406454055,523000.0,3119000.0,0.0491940317340147,0.2267539076699382,0.22329610538373426,13755000.0,13968000.0,https://www.sec.gov/Archives/edgar/data/1487952/000148795214000041/0001487952-14-000041-index.html,https://www.sec.gov/Archives/edgar/data/1487952/000148795214000041/vpg-20140927x10q.htm,1620599608,18:33:28,20210509
26,2014-06-28,VPG,USD,2014-08-07 00:00:00,2014-08-07 15:32:16,Q2,65162000,40465000,24697000,0.3790092385132439,0.0,19918000.0,0.0,-383000.0,19918000.0,60383000.0,236000.0,2946000.0,7718000.0,0.11844326447929775,4772000.0,0.07323286578066972,-383000.0,4389000.0,0.06735520702249778,936000.0,3461000.0,0.05311377796875479,0.25163588774174783,0.24786936904676646,13754000.0,13963000.0,https://www.sec.gov/Archives/edgar/data/1487952/000148795214000031/0001487952-14-000031-index.html,https://www.sec.gov/Archives/edgar/data/1487952/000148795214000031/vpg-20140628x10q.htm,1620599608,18:33:28,20210509
27,2014-03-29,VPG,USD,2014-05-07 00:00:00,2014-05-07 15:46:51,Q1,61041000,38994000,22047000,0.3611834668501499,0.0,18700000.0,0.0,-754000.0,18700000.0,57694000.0,212000.0,2849000.0,5872000.0,0.09619763765338052,3023000.0,0.049524090365492046,-754000.0,2269000.0,0.037171737029209874,496000.0,1706000.0,0.027948428105699447,0.12405468295520651,0.12222381430004299,13752000.0,13958000.0,https://www.sec.gov/Archives/edgar/data/1487952/000148795214000017/0001487952-14-000017-index.html,https://www.sec.gov/Archives/edgar/data/1487952/000148795214000017/vpg-20140329x10q.htm,1620599608,18:33:28,20210509
28,2013-12-31,VPG,USD,2014-03-12,2014-03-12 13:08:40,Q4,62248000,39165000,23083000,0.37082315897699525,0.0,19674000.0,0.0,81000.0,19674000.0,58839000.0,251000.0,2974000.0,6383000.0,0.10254144711476675,3409000.0,0.0547648117208585,-674000.0,2559000.0,0.04110975453026603,1393000.0,1128000.0,0.018121064130574478,0.08211399868967023,0.08083124328197779,13737000.0,13955000.0,https://www.sec.gov/Archives/edgar/data/1487952/000148795214000005/0001487952-14-000005-index.htm,https://www.sec.gov/Archives/edgar/data/1487952/000148795214000005/vpg-20131231x10k.htm,1620599608,18:33:28,20210509
29,2013-09-28,VPG,USD,2013-11-06 00:00:00,2013-11-06 15:07:41,Q3,57729000,38486000,19243000,0.3333333333333333,0.0,18485000.0,0.0,-66000.0,18485000.0,56971000.0,0.0,2989000.0,3591000.0,0.06220443797744635,602000.0,0.010428034436764884,-66000.0,536000.0,0.009284761558315579,-919000.0,1455000.0,0.02520397027490516,0.10867,0.10867,13389000.0,13389000.0,https://www.sec.gov/Archives/edgar/data/1487952/000120677413003994/0001206774-13-003994-index.html,https://www.sec.gov/Archives/edgar/data/1487952/000120677413003994/vpg_10q.htm,1620599608,18:33:28,20210509
30,2013-06-29,VPG,USD,2013-08-07 00:00:00,2013-08-07 11:36:14,Q2,62837000,42515000,20322000,0.32340818307684965,0.0,18565000.0,0.0,-1205000.0,18565000.0,61080000.0,-197000.0,-3007000.0,-1458000.0,-0.023202890017028185,1549000.0,0.024651081369256967,573000.0,344000.0,0.005474481595238474,-38000.0,382000.0,0.00607922084122412,0.02854,0.02854,13387000.0,13387000.0,https://www.sec.gov/Archives/edgar/data/1487952/000120677413002702/0001206774-13-002702-index.html,https://www.sec.gov/Archives/edgar/data/1487952/000120677413002702/vpg_10q.htm,1620599608,18:33:28,20210509
31,2013-03-30,VPG,USD,2013-05-08 00:00:00,2013-05-08 11:11:36,Q1,57461000,36254000,21207000,0.3690677154939872,0.0,17797000.0,0.0,-573000.0,17797000.0,54051000.0,197000.0,3007000.0,5542000.0,0.09644802561737527,2535000.0,0.04411687927463845,-573000.0,1962000.0,0.0341448982788326,618000.0,1295000.0,0.022537025112685124,0.09673563905281243,0.09297817346352671,13387000.0,13928000.0,https://www.sec.gov/Archives/edgar/data/1487952/000120677413001774/0001206774-13-001774-index.html,https://www.sec.gov/Archives/edgar/data/1487952/000120677413001774/vpg_10q.htm,1620599608,18:33:28,20210509
32,2012-12-31,VPG,USD,2013-03-12 00:00:00,2013-03-12 15:45:31,Q4,51010000,33448000,17562000,0.34428543422858265,0.0,15743000.0,0.0,0.0,15743000.0,49191000.0,50000.0,2934000.0,4753000.0,0.09317780827288767,1819000.0,0.03565967457361302,-1224000.0,1178000.0,0.02309351107625956,-4036000.0,5165000.0,0.10125465594981377,0.385822066183611,0.385822066183611,13387000.0,13387000.0,https://www.sec.gov/Archives/edgar/data/1487952/000120677413001032/0001206774-13-001032-index.html,https://www.sec.gov/Archives/edgar/data/1487952/000120677413001032/vpg_10k.htm,1620599608,18:33:28,20210509
33,2012-09-29,VPG,USD,2012-11-06 00:00:00,2012-11-06 14:08:40,Q3,55430000,36691000,18739000,0.3380660292260509,0.0,15646000.0,0.0,-370000.0,15646000.0,52337000.0,75000.0,2848000.0,5941000.0,0.10718022731372903,3093000.0,0.05580010824463287,-370000.0,2723000.0,0.04912502255096518,811000.0,1942000.0,0.03503517950568284,0.14529402962741284,0.13990346516821556,13366000.0,13881000.0,https://www.sec.gov/Archives/edgar/data/1487952/000120677412004475/0001206774-12-004475-index.html,https://www.sec.gov/Archives/edgar/data/1487952/000120677412004475/vpg_10q.htm,1620599608,18:33:28,20210509
34,2012-06-30,VPG,USD,2012-08-08 00:00:00,2012-08-08 10:31:58,Q2,55332000,35481000,19851000,0.35876165690739537,0.0,15761000.0,0.0,0.0,15761000.0,51242000.0,69000.0,2904000.0,6994000.0,0.12640063615990746,4090000.0,0.07391744379382635,108000.0,4129000.0,0.07462228005494108,1125000.0,2961000.0,0.053513337670787246,0.22,0.21,13366000.0,13882000.0,https://www.sec.gov/Archives/edgar/data/1487952/000120677412003322/0001206774-12-003322-index.html,https://www.sec.gov/Archives/edgar/data/1487952/000120677412003322/vpg_10q.htm,1620599608,18:33:28,20210509
35,2012-03-31,VPG,USD,2012-05-09,2012-05-09 07:01:13,Q1,55844000,36964000,18880000,0.3380846644223193,0.0,16516000.0,0.0,0.0,16516000.0,53480000.0,72000.0,2975000.0,5339000.0,0.09560561564357854,2364000.0,0.04233221115965905,202000.0,2494000.0,0.04466012463290595,860000.0,1623000.0,0.029063104362151707,0.12146385271665919,0.11703201615229304,13362000.0,13868000.0,https://www.sec.gov/Archives/edgar/data/1487952/000120677412001942/0001206774-12-001942-index.htm,https://www.sec.gov/Archives/edgar/data/1487952/000120677412001017/vpg_10k.htm,1620599608,18:33:28,20210509
36,2011-12-31,VPG,USD,2012-03-12 00:00:00,2012-03-12 14:21:38,Q4,56412000,37593000,18819000,0.3335992342054882,0.0,16949000.0,0.0,0.0,16949000.0,54542000.0,49000.0,2896000.0,4766000.0,0.0844855704460044,1870000.0,0.033148975395305966,-249000.0,1572000.0,0.027866411401829397,405000.0,1195000.0,0.021183436148337235,89.56678159196522,89.56678159196522,13342.0,13342.0,https://www.sec.gov/Archives/edgar/data/1487952/000120677412001017/0001206774-12-001017-index.html,https://www.sec.gov/Archives/edgar/data/1487952/000120677412001017/vpg_10k.htm,1620599608,18:33:28,20210509
37,2011-10-01,VPG,USD,2011-11-09 00:00:00,2011-11-09 14:00:21,Q3,60037000,38845000,21192000,0.35298232756466846,0.0,16482000.0,0.0,-833000.0,16482000.0,55327000.0,70000.0,2813000.0,7523000.0,0.12530606126222163,4710000.0,0.07845162150007495,-833000.0,3877000.0,0.06457684427936106,639000.0,3300000.0,0.054966104235721305,247.33922950082447,238.78437047756873,13342.0,13820.0,https://www.sec.gov/Archives/edgar/data/1487952/000120677411002467/0001206774-11-002467-index.html,https://www.sec.gov/Archives/edgar/data/1487952/000120677411002467/vishay_10q.htm,1620599608,18:33:28,20210509
38,2011-07-02,VPG,USD,2011-08-10 00:00:00,2011-08-10 09:40:26,Q2,62133000,40043000,22090000,0.3555276584101846,0.0,33416000.0,0.0,-223000.0,17083000.0,57126000.0,-175843000.0,-199388000.0,-194381000.0,-3.128466354433232,5007000.0,0.08058519627251219,-223000.0,4784000.0,0.0769961212238263,208272000.0,357276000.0,5.7501810632031285,26.782308845577212,25.8614549402823,13340000.0,13815000.0,https://www.sec.gov/Archives/edgar/data/1487952/000120677411001825/0001206774-11-001825-index.html,https://www.sec.gov/Archives/edgar/data/1487952/000120677411001825/vishay_10q.htm,1620599608,18:33:28,20210509
39,2011-04-02,VPG,USD,2011-05-11 00:00:00,2011-05-11 15:30:47,Q1,59525000,38515000,21010000,0.3529609407811844,0.0,16333000.0,0.0,200000.0,16333000.0,54848000.0,80000.0,2806000.0,7483000.0,0.12571188576228476,4677000.0,0.07857202855942881,200000.0,4877000.0,0.08193196136077278,1513000.0,3364000.0,0.056514069718605627,0.25217,0.25217,13340000.0,13340000.0,https://www.sec.gov/Archives/edgar/data/1487952/000120677411001202/0001206774-11-001202-index.html,https://www.sec.gov/Archives/edgar/data/1487952/000120677411001202/vishay_10q.htm,1620599608,18:33:28,20210509
40,2010-12-31,VPG,USD,2011-03-24 00:00:00,2011-03-24 08:00:49,Q4,54827000,33871000,20956000,0.3822204388348806,0.0,15903000.0,0.0,0.0,15903000.0,49774000.0,43000.0,2794000.0,7847000.0,0.14312291389279005,5053000.0,0.09216262060663542,-541000.0,4469000.0,0.08151093439363817,1226000.0,3276000.0,0.059751582249621536,0.24572457245724572,0.24572457245724572,13332000.0,13332000.0,https://www.sec.gov/Archives/edgar/data/1487952/000120677411000602/0001206774-11-000602-index.html,https://www.sec.gov/Archives/edgar/data/1487952/000120677411000602/vishay_10-k.htm,1620599608,18:33:28,20210509
41,2010-10-02,VPG,USD,2010-11-12 00:00:00,2010-11-12 06:00:40,Q3,99783000,63593000,36190000,0.3626870308569596,0.0,27563000.0,0.0,-669000.0,27563000.0,91156000.0,238000.0,1795000.0,10422000.0,0.10444664922882656,8627000.0,0.08645761302025395,-669000.0,7958000.0,0.07975306414920377,5544000.0,2414000.0,0.024192497720052514,0.18107,0.18107,13332000.0,13332000.0,https://www.sec.gov/Archives/edgar/data/1487952/000120677410002348/0001206774-10-002348-index.html,https://www.sec.gov/Archives/edgar/data/1487952/000120677410002348/vishay_10q.htm,1620599608,18:33:28,20210509
42,2010-06-30,VPG,USD,2010-06-30,2010-06-30,Q2,52914000,32932000,19982000,0.37763162868050043,0.0,0.0,0.0,0.0,13831000.0,46763000.0,109000.0,0.0,9599000.0,0.18140756699550215,6151000.0,0.1162452281059833,44000.0,6086000.0,0.11501681974524701,2019000.0,4035000.0,0.0762558113164758,0.303383,0.303383,13332000.0,13332000.0,,,1620599608,18:33:28,20210509
43,2010-03-31,VPG,USD,2010-03-31,2010-03-31,Q1,48175000,31127000,17048000,0.3538764919564089,0.0,0.0,0.0,0.0,13207000.0,44334000.0,207000.0,0.0,6382000.0,0.13247535028541774,3841000.0,0.0797301504929943,-4000.0,3630000.0,0.0753502854177478,1827000.0,1776000.0,0.03686559418785677,0.13,0.13,13332000.0,13332000.0,,,1620599608,18:33:28,20210509
44,2009-12-31,VPG,USD,2009-12-31,2009-12-31,Q4,46847000,31853000,14994000,0.3200631844088202,0.0,0.0,0.0,0.0,11931000.0,43784000.0,164000.0,3090000.0,6153000.0,0.1313424552265887,3063000.0,0.06538305547847248,163000.0,3062000.0,0.06536170939441159,2284000.0,710000.0,0.015155719683224112,0.0,0.0,0.0,0.0,,,1620599608,18:33:28,20210509
45,2009-09-30,VPG,USD,2009-09-30,2009-09-30,Q3,40106000,27425000,12681000,0.3161871041739391,0.0,0.0,0.0,0.0,10270000.0,37695000.0,341000.0,2813000.0,5224000.0,0.13025482471450656,2411000.0,0.06011569341245699,-31000.0,2039000.0,0.05084027327581908,1522000.0,521000.0,0.012990574976312771,0.04,0.04,13332000.0,13332000.0,,,1620599608,18:33:28,20210509
46,2009-06-30,VPG,USD,2009-06-30,2009-06-30,Q2,41333000,30354000,10979000,0.26562310986378923,0.0,0.0,0.0,0.0,10131000.0,40485000.0,355000.0,0.0,848000.0,0.020516294486245857,848000.0,0.020516294486245857,-1163000.0,-670000.0,-0.01620980814361406,-500000.0,-116000.0,-0.0028064742457600466,-0.008701,-0.008701,13332000.0,13332000.0,,,1620599608,18:33:28,20210509
