,date,symbol,reportedCurrency,fillingDate,acceptedDate,period,revenue,costOfRevenue,grossProfit,grossProfitRatio,researchAndDevelopmentExpenses,generalAndAdministrativeExpenses,sellingAndMarketingExpenses,otherExpenses,operatingExpenses,costAndExpenses,interestExpense,depreciationAndAmortization,ebitda,ebitdaratio,operatingIncome,operatingIncomeRatio,totalOtherIncomeExpensesNet,incomeBeforeTax,incomeBeforeTaxRatio,incomeTaxExpense,netIncome,netIncomeRatio,eps,epsdiluted,weightedAverageShsOut,weightedAverageShsOutDil,link,finalLink,timestamp,est_time,est_date
0,2020-06-30,OPES,USD,2020-08-12 00:00:00,2020-08-12 16:50:06,Q2,0.0,0.0,0.0,0.0,0.0,0.0,0.0,0.0,216974.0,216974.0,0.0,0.0,-216295.0,0.0,-216974.0,0.0,-679.0,-203950.0,0.0,-12093.0,-191857.0,0.0,-0.05,-0.05,4032843.0,4032843.0,https://www.sec.gov/Archives/edgar/data/1723580/000121390020021640/0001213900-20-021640-index.htm,https://www.sec.gov/Archives/edgar/data/1723580/000121390020021640/f10q0620_opesacq.htm,1620596147,17:35:47,20210509
1,2020-03-31,OPES,USD,2020-05-15 00:00:00,2020-05-15 17:29:37,Q1,0.0,0.0,0.0,0.0,0.0,0.0,0.0,0.0,343592.0,343592.0,0.0,0.0,-344082.0,0.0,-343592.0,0.0,490.0,-21238.0,0.0,-5386.0,-15852.0,0.0,-0.06,-0.06,3946146.0,3946146.0,https://www.sec.gov/Archives/edgar/data/1723580/000121390020012701/0001213900-20-012701-index.htm,https://www.sec.gov/Archives/edgar/data/1723580/000121390020012701/f10q0320_opesacquisition.htm,1620596147,17:35:47,20210509
2,2019-12-31,OPES,USD,2020-03-30 00:00:00,2020-03-30 17:29:56,Q4,0.0,0.0,0.0,0.0,0.0,0.0,0.0,0.0,268375.0,268375.0,0.0,0.0,-271447.0,0.0,-268375.0,0.0,3072.0,133786.0,0.0,-26728.0,160514.0,0.0,0.040676143254709786,0.040676143254709786,3946146.0,3946146.0,https://www.sec.gov/Archives/edgar/data/1723580/000121390020008071/0001213900-20-008071-index.html,https://www.sec.gov/Archives/edgar/data/1723580/000121390020008071/f10k2019_opesacquisition.htm,1620596147,17:35:47,20210509
3,2019-09-30,OPES,USD,2019-11-19 00:00:00,2019-11-19 17:24:04,Q3,0.0,0.0,0.0,0.0,0.0,0.0,0.0,0.0,157429.0,157429.0,0.0,0.0,-144170.0,0.0,-157429.0,0.0,-13259.0,450978.0,0.0,114278.0,336700.0,0.0,-0.02,-0.02,3800351.0,3800351.0,https://www.sec.gov/Archives/edgar/data/1723580/000121390019024114/0001213900-19-024114-index.html,https://www.sec.gov/Archives/edgar/data/1723580/000121390019024114/f10q0919_opesacquisition.htm,1620596147,17:35:47,20210509
4,2019-06-30,OPES,USD,2019-08-14 00:00:00,2019-08-14 16:10:06,Q2,0.0,0.0,0.0,0.0,0.0,0.0,0.0,0.0,233367.0,233367.0,0.0,0.0,-250569.0,0.0,-233367.0,0.0,17202.0,486839.0,0.0,202530.0,284309.0,0.0,-0.04,-0.04,3800333.0,3800333.0,https://www.sec.gov/Archives/edgar/data/1723580/000121390019015801/0001213900-19-015801-index.html,https://www.sec.gov/Archives/edgar/data/1723580/000121390019015801/f10q0619_opesacquisition.htm,1620596147,17:35:47,20210509
5,2019-03-31,OPES,USD,2019-04-01 00:00:00,2019-04-01 17:14:43,Q1,0.0,0.0,0.0,0.0,0.0,0.0,0.0,0.0,181150.0,181150.0,0.0,0.0,-182911.0,0.0,-181150.0,0.0,1761.0,506260.0,0.0,126019.0,380241.0,0.0,-0.03,-0.03,3789558.0,3789558.0,https://www.sec.gov/Archives/edgar/data/1723580/000161577419005171/0001615774-19-005171-index.html,https://www.sec.gov/Archives/edgar/data/1723580/000161577419005171/s116786_10k.htm,1620596147,17:35:47,20210509
6,2018-12-31,OPES,USD,2019-04-01 00:00:00,2019-04-01 17:14:43,Q4,0.0,0.0,0.0,0.0,0.0,0.0,0.0,0.0,143198.0,143198.0,0.0,0.0,-140882.0,0.0,-143198.0,0.0,-2316.0,531758.0,0.0,115742.0,416016.0,0.0,0.10977955740484774,0.10977955740484774,3789558.0,3789558.0,https://www.sec.gov/Archives/edgar/data/1723580/000161577419005171/0001615774-19-005171-index.html,https://www.sec.gov/Archives/edgar/data/1723580/000161577419005171/s116786_10k.htm,1620596147,17:35:47,20210509
7,2018-09-30,OPES,USD,2018-11-08 00:00:00,2018-11-08 17:26:25,Q3,0.0,0.0,0.0,0.0,0.0,0.0,0.0,0.0,204577.0,204577.0,0.0,0.0,-179889.0,0.0,-204577.0,0.0,-24688.0,350055.0,0.0,73512.0,276543.0,0.0,-0.04,-0.04,3765243.0,3765243.0,https://www.sec.gov/Archives/edgar/data/1723580/000161577418012323/0001615774-18-012323-index.html,https://www.sec.gov/Archives/edgar/data/1723580/000161577418012323/s113799_10q.htm,1620596147,17:35:47,20210509
8,2018-06-30,OPES,USD,2018-08-14 00:00:00,2018-08-13 20:01:36,Q2,0.0,0.0,0.0,0.0,0.0,0.0,0.0,0.0,136313.0,136313.0,0.0,0.0,-129337.0,0.0,-136313.0,0.0,-6976.0,388231.0,0.0,81528.0,306703.0,0.0,-0.004604,-0.004604,3758207.0,3758207.0,https://www.sec.gov/Archives/edgar/data/1723580/000161577418007945/0001615774-18-007945-index.html,https://www.sec.gov/Archives/edgar/data/1723580/000161577418007945/s111897_10q.htm,1620596147,17:35:47,20210509
