,date,symbol,reportedCurrency,fillingDate,acceptedDate,period,revenue,costOfRevenue,grossProfit,grossProfitRatio,researchAndDevelopmentExpenses,generalAndAdministrativeExpenses,sellingAndMarketingExpenses,otherExpenses,operatingExpenses,costAndExpenses,interestExpense,depreciationAndAmortization,ebitda,ebitdaratio,operatingIncome,operatingIncomeRatio,totalOtherIncomeExpensesNet,incomeBeforeTax,incomeBeforeTaxRatio,incomeTaxExpense,netIncome,netIncomeRatio,eps,epsdiluted,weightedAverageShsOut,weightedAverageShsOutDil,link,finalLink,timestamp,est_time,est_date
0,2021-03-31,SAP.DE,EUR,2021-03-31,2021-03-31,Q1,6350000000.0,0.0,0.0,0.0,0.0,0.0,0.0,0.0,0.0,0.0,0.0,436000000.0,1396000000.0,0.21984251968503937,960000000.0,0.0,0.0,0.0,0.0,0.0,1070000000.0,0.16850393700787403,0.88,0.88,1215909091,1215909091,https://www.bundesanzeiger.de/pub/de/suche;wwwsid=627BFD7A56A5CB624C47FDDEAB2FC509.web07-pub?0,https://www.bundesanzeiger.de/pub/de/suche;wwwsid=627BFD7A56A5CB624C47FDDEAB2FC509.web07-pub?0,1620597576,17:59:36,20210509
1,2020-12-31,SAP.DE,EUR,2020-12-31,2020-12-31,Q4,7539000000.0,1903000000.0,5637000000.0,0.7477118981297254,1131000000.0,282000000.0,1744000000.0,97000000.0,2987000000.0,4890000000.0,223000000.0,462000000.0,3112000000.0,0.41278684175620106,2650000000.0,0.35150550470884734,-50000000.0,2706000000.0,0.358933545563072,772000000.0,1908000000.0,0.2530839633903701,1.62,1.62,1182000000,1182000000,https://www.bundesanzeiger.de/pub/de/suche;wwwsid=627BFD7A56A5CB624C47FDDEAB2FC509.web07-pub?0,https://www.bundesanzeiger.de/pub/de/suche;wwwsid=627BFD7A56A5CB624C47FDDEAB2FC509.web07-pub?0,1620597576,17:59:36,20210509
2,2020-09-30,SAP.DE,EUR,2020-09-30,2020-09-30,Q3,6536000000.0,1890000000.0,4646000000.0,0.7108323133414932,1113000000.0,345000000.0,1678000000.0,-19000000.0,3182000000.0,5072000000.0,120000000.0,444000000.0,1908000000.0,0.291921664626683,1464000000.0,0.22399020807833536,-11000000.0,2070000000.0,0.31670746634026925,418000000.0,1556000000.0,0.23806609547123622,1.32,1.32,1180000000,1180000000,https://www.bundesanzeiger.de/pub/de/suche;wwwsid=627BFD7A56A5CB624C47FDDEAB2FC509.web07-pub?0,https://www.bundesanzeiger.de/pub/de/suche;wwwsid=627BFD7A56A5CB624C47FDDEAB2FC509.web07-pub?0,1620597576,17:59:36,20210509
3,2020-06-30,SAP.DE,EUR,2020-06-30,2020-06-30,Q2,6743000000.0,2028000000.0,4716000000.0,0.6993919620347027,1159000000.0,414000000.0,1833000000.0,-54000000.0,3435000000.0,5463000000.0,151000000.0,461000000.0,1742000000.0,0.25834198427999405,1281000000.0,0.18997478866973158,-51000000.0,1322000000.0,0.19605516832270503,437000000.0,866000000.0,0.1284294824262198,0.73,0.73,1180000000,1180000000,https://www.bundesanzeiger.de/pub/de/suche;wwwsid=627BFD7A56A5CB624C47FDDEAB2FC509.web07-pub?0,https://www.bundesanzeiger.de/pub/de/suche;wwwsid=627BFD7A56A5CB624C47FDDEAB2FC509.web07-pub?0,1620597576,17:59:36,20210509
4,2020-03-31,SAP.DE,EUR,2020-03-31,2020-03-31,Q1,6521000000.0,2066000000.0,4455000000.0,0.6831774267750345,1051000000.0,315000000.0,1851000000.0,-49000000.0,3229000000.0,5295000000.0,203000000.0,464000000.0,1690000000.0,0.25916270510657874,1226000000.0,0.1880079742370802,-64000000.0,1122000000.0,0.17205950007667536,310000000.0,814000000.0,0.12482748044778408,0.68,0.68,1191000000,1191000000,https://www.bundesanzeiger.de/pub/de/suche;wwwsid=627BFD7A56A5CB624C47FDDEAB2FC509.web07-pub?0,https://www.bundesanzeiger.de/pub/de/suche;wwwsid=627BFD7A56A5CB624C47FDDEAB2FC509.web07-pub?0,1620597576,17:59:36,20210509
5,2019-12-31,SAP.DE,EUR,2019-12-31,2019-12-31,Q4,8040000000.0,2186000000.0,5855000000.0,0.7282338308457711,1203000000.0,411000000.0,2086000000.0,-318000000.0,3723000000.0,5909000000.0,120000000.0,501000000.0,2633000000.0,0.3274875621890547,2132000000.0,0.2651741293532338,-41000000.0,2219000000.0,0.2759950248756219,582000000.0,1620000000.0,0.20149253731343283,1.37,1.37,1194000000,1194000000,https://www.bundesanzeiger.de/pub/de/suche;wwwsid=627BFD7A56A5CB624C47FDDEAB2FC509.web07-pub?0,https://www.bundesanzeiger.de/pub/de/suche;wwwsid=627BFD7A56A5CB624C47FDDEAB2FC509.web07-pub?0,1620597576,17:59:36,20210509
6,2019-09-30,SAP.DE,EUR,2019-09-30,2019-09-30,Q3,6791000000.0,2017000000.0,4773000000.0,0.7028419967604183,975000000.0,323000000.0,1774000000.0,-19000000.0,3079000000.0,5096000000.0,211000000.0,474000000.0,2168000000.0,0.3192460609630393,1694000000.0,0.24944779855691357,-34000000.0,1702000000.0,0.2506258283021646,443000000.0,1246000000.0,0.18347813282285377,1.04,1.04,1194000000,1194000000,https://www.bundesanzeiger.de/pub/de/suche;wwwsid=627BFD7A56A5CB624C47FDDEAB2FC509.web07-pub?0,https://www.bundesanzeiger.de/pub/de/suche;wwwsid=627BFD7A56A5CB624C47FDDEAB2FC509.web07-pub?0,1620597576,17:59:36,20210509
7,2019-06-30,SAP.DE,EUR,2019-06-30,2019-06-30,Q2,6631000000.0,2111000000.0,4520000000.0,0.6816468104358318,1053000000.0,457000000.0,1995000000.0,-41000000.0,3495000000.0,5606000000.0,129000000.0,455000000.0,1480000000.0,0.22319408837279445,1025000000.0,0.15457698687980698,-240000000.0,815000000.0,0.12290755542150505,233000000.0,569000000.0,0.08580907857035137,0.48,0.48,1194000000,1194000000,https://www.bundesanzeiger.de/pub/de/suche;wwwsid=627BFD7A56A5CB624C47FDDEAB2FC509.web07-pub?0,https://www.bundesanzeiger.de/pub/de/suche;wwwsid=627BFD7A56A5CB624C47FDDEAB2FC509.web07-pub?0,1620597576,17:59:36,20210509
8,2019-03-31,SAP.DE,EUR,2019-03-31,2019-03-31,Q1,6092000000.0,2041000000.0,4051000000.0,0.6649704530531845,1061000000.0,439000000.0,1838000000.0,-4000000.0,3300000000.0,5341000000.0,129000000.0,442000000.0,1193000000.0,0.1958305975049245,751000000.0,0.12327642810242942,-890000000.0,-140000000.0,-0.02298095863427446,-33000000.0,-114000000.0,-0.01871306631648063,-0.1,-0.1,1194000000,1194000000,https://www.bundesanzeiger.de/pub/de/suche;wwwsid=627BFD7A56A5CB624C47FDDEAB2FC509.web07-pub?0,https://www.bundesanzeiger.de/pub/de/suche;wwwsid=627BFD7A56A5CB624C47FDDEAB2FC509.web07-pub?0,1620597576,17:59:36,20210509
9,2018-12-31,SAP.DE,EUR,2018-12-31,2018-12-31,Q4,7428000000.0,2012000000.0,5415000000.0,0.7289983844911146,944000000.0,266000000.0,1795000000.0,-411000000.0,3022000000.0,5034000000.0,200000000.0,376000000.0,2769000000.0,0.3727786752827141,2393000000.0,0.3221593968766828,9000000.0,2303000000.0,0.3100430802369413,616000000.0,1683000000.0,0.2265751211631664,1.41,1.41,1194000000,1194000000,https://www.bundesanzeiger.de/pub/de/suche;wwwsid=627BFD7A56A5CB624C47FDDEAB2FC509.web07-pub?0,https://www.bundesanzeiger.de/pub/de/suche;wwwsid=627BFD7A56A5CB624C47FDDEAB2FC509.web07-pub?0,1620597576,17:59:36,20210509
10,2018-09-30,SAP.DE,EUR,2018-09-30,2018-09-30,Q3,6020000000.0,1908000000.0,4112000000.0,0.6830564784053156,918000000.0,284000000.0,1673000000.0,33000000.0,2873000000.0,4781000000.0,74000000.0,351000000.0,1590000000.0,0.26411960132890366,1239000000.0,0.2058139534883721,29000000.0,1278000000.0,0.2122923588039867,304000000.0,973000000.0,0.16162790697674417,0.82,0.82,1194000000,1194000000,https://www.bundesanzeiger.de/pub/de/suche;wwwsid=627BFD7A56A5CB624C47FDDEAB2FC509.web07-pub?0,https://www.bundesanzeiger.de/pub/de/suche;wwwsid=627BFD7A56A5CB624C47FDDEAB2FC509.web07-pub?0,1620597576,17:59:36,20210509
11,2018-06-30,SAP.DE,EUR,2018-06-30,2018-06-30,Q2,6000000000.0,1886000000.0,4114000000.0,0.6856666666666666,948000000.0,317000000.0,1798000000.0,-81000000.0,3059000000.0,4945000000.0,76000000.0,332000000.0,1387000000.0,0.23116666666666666,1055000000.0,0.17583333333333334,-92000000.0,1029000000.0,0.1715,309000000.0,719000000.0,0.11983333333333333,0.6,0.6,1194000000,1194000000,https://www.bundesanzeiger.de/pub/de/suche;wwwsid=627BFD7A56A5CB624C47FDDEAB2FC509.web07-pub?0,https://www.bundesanzeiger.de/pub/de/suche;wwwsid=627BFD7A56A5CB624C47FDDEAB2FC509.web07-pub?0,1620597576,17:59:36,20210509
12,2018-03-31,SAP.DE,EUR,2018-03-31,2018-03-31,Q1,5260000000.0,1656000000.0,3605000000.0,0.685361216730038,814000000.0,231000000.0,1515000000.0,-9000000.0,2570000000.0,4226000000.0,69000000.0,303000000.0,1338000000.0,0.2543726235741445,1035000000.0,0.1967680608365019,-20000000.0,990000000.0,0.188212927756654,282000000.0,708000000.0,0.13460076045627375,0.5934618608549874,0.592964824120603,1193000000,1194000000,https://www.bundesanzeiger.de/pub/de/suche;wwwsid=627BFD7A56A5CB624C47FDDEAB2FC509.web07-pub?0,https://www.bundesanzeiger.de/pub/de/suche;wwwsid=627BFD7A56A5CB624C47FDDEAB2FC509.web07-pub?0,1620597576,17:59:36,20210509
13,2017-12-31,SAP.DE,EUR,2017-12-31,2017-12-31,Q4,6804000000.0,1823000000.0,4982000000.0,0.7322163433274544,877000000.0,255000000.0,1869000000.0,-198000000.0,3009000000.0,4832000000.0,65000000.0,311000000.0,2284000000.0,0.3356848912404468,1973000000.0,0.2899764844209289,-38000000.0,2060000000.0,0.3027630805408583,193000000.0,1846000000.0,0.27131099353321575,1.55,1.55,1194000000,1194000000,https://www.bundesanzeiger.de/pub/de/suche;wwwsid=627BFD7A56A5CB624C47FDDEAB2FC509.web07-pub?0,https://www.bundesanzeiger.de/pub/de/suche;wwwsid=627BFD7A56A5CB624C47FDDEAB2FC509.web07-pub?0,1620597576,17:59:36,20210509
14,2017-09-30,SAP.DE,EUR,2017-09-30,2017-09-30,Q3,5589000000.0,1673000000.0,3917000000.0,0.7008409375559134,781000000.0,251000000.0,1640000000.0,4000000.0,2671000000.0,4344000000.0,58000000.0,319000000.0,1565000000.0,0.28001431383073894,1246000000.0,0.2229379137591698,71000000.0,1390000000.0,0.24870280908928252,398000000.0,983000000.0,0.1758811952048667,0.82,0.82,1198000000,1198000000,https://www.bundesanzeiger.de/pub/de/suche;wwwsid=627BFD7A56A5CB624C47FDDEAB2FC509.web07-pub?0,https://www.bundesanzeiger.de/pub/de/suche;wwwsid=627BFD7A56A5CB624C47FDDEAB2FC509.web07-pub?0,1620597576,17:59:36,20210509
15,2017-06-30,SAP.DE,EUR,2017-06-30,2017-06-30,Q2,5781000000.0,1795000000.0,3988000000.0,0.6898460473966441,842000000.0,278000000.0,1707000000.0,8000000.0,2823000000.0,4618000000.0,62000000.0,322000000.0,1487000000.0,0.25722193392146686,1165000000.0,0.20152222798823732,-230000000.0,908000000.0,0.15706625151357897,241000000.0,668000000.0,0.11555094274346998,0.5661016949152542,0.5661016949152542,1180000000,1180000000,https://www.bundesanzeiger.de/pub/de/suche;wwwsid=627BFD7A56A5CB624C47FDDEAB2FC509.web07-pub?0,https://www.bundesanzeiger.de/pub/de/suche;wwwsid=627BFD7A56A5CB624C47FDDEAB2FC509.web07-pub?0,1620597576,17:59:36,20210509
16,2017-03-31,SAP.DE,EUR,2017-03-31,2017-03-31,Q1,5285000000.0,1760000000.0,3524000000.0,0.6667928098391674,852000000.0,291000000.0,1708000000.0,-18000000.0,2847000000.0,4607000000.0,94000000.0,320000000.0,997000000.0,0.18864711447492905,677000000.0,0.12809839167455062,-22000000.0,668000000.0,0.12639545884578998,138000000.0,521000000.0,0.09858088930936613,0.43,0.43,1199000000,1199000000,https://www.bundesanzeiger.de/pub/de/suche;wwwsid=627BFD7A56A5CB624C47FDDEAB2FC509.web07-pub?0,https://www.bundesanzeiger.de/pub/de/suche;wwwsid=627BFD7A56A5CB624C47FDDEAB2FC509.web07-pub?0,1620597576,17:59:36,20210509
17,2016-12-31,SAP.DE,EUR,2016-12-31,2016-12-31,Q4,6724000000.0,1827000000.0,4896000000.0,0.728138013087448,860000000.0,278000000.0,1804000000.0,156000000.0,2940000000.0,4767000000.0,58000000.0,336000000.0,2292000000.0,0.3408685306365259,1956000000.0,0.2908982748364069,-62000000.0,1963000000.0,0.2919393218322427,437000000.0,1528000000.0,0.22724568709101725,1.26,1.26,1199000000,1199000000,https://www.bundesanzeiger.de/pub/de/suche;wwwsid=627BFD7A56A5CB624C47FDDEAB2FC509.web07-pub?0,https://www.bundesanzeiger.de/pub/de/suche;wwwsid=627BFD7A56A5CB624C47FDDEAB2FC509.web07-pub?0,1620597576,17:59:36,20210509
18,2016-09-30,SAP.DE,EUR,2016-09-30,2016-09-30,Q3,5375000000.0,1646000000.0,3729000000.0,0.6937674418604651,766000000.0,268000000.0,1590000000.0,-43000000.0,2628000000.0,4274000000.0,78000000.0,317000000.0,1418000000.0,0.2638139534883721,1101000000.0,0.20483720930232557,-42000000.0,1013000000.0,0.18846511627906976,288000000.0,730000000.0,0.13581395348837208,0.6093489148580968,0.6088407005838199,1198000000,1199000000,https://www.bundesanzeiger.de/pub/de/suche;wwwsid=627BFD7A56A5CB624C47FDDEAB2FC509.web07-pub?0,https://www.bundesanzeiger.de/pub/de/suche;wwwsid=627BFD7A56A5CB624C47FDDEAB2FC509.web07-pub?0,1620597576,17:59:36,20210509
19,2016-06-30,SAP.DE,EUR,2016-06-30,2016-06-30,Q2,5236000000.0,1461000000.0,3776000000.0,0.721161191749427,710000000.0,230000000.0,1561000000.0,-101000000.0,2496000000.0,3957000000.0,62000000.0,306000000.0,1586000000.0,0.3029029793735676,1280000000.0,0.24446142093200918,-112000000.0,1144000000.0,0.2184873949579832,331000000.0,816000000.0,0.15584415584415584,0.6915254237288135,0.6915254237288135,1180000000,1180000000,https://www.bundesanzeiger.de/pub/de/suche;wwwsid=627BFD7A56A5CB624C47FDDEAB2FC509.web07-pub?0,https://www.bundesanzeiger.de/pub/de/suche;wwwsid=627BFD7A56A5CB624C47FDDEAB2FC509.web07-pub?0,1620597576,17:59:36,20210509
20,2016-03-31,SAP.DE,EUR,2016-03-31,2016-03-31,Q1,4727000000.0,1649000000.0,3078000000.0,0.651152951131796,709000000.0,230000000.0,1310000000.0,-35000000.0,2255000000.0,3904000000.0,70000000.0,309000000.0,1132000000.0,0.2394753543473662,823000000.0,0.17410619843452507,-46000000.0,743000000.0,0.15718214512375714,173000000.0,572000000.0,0.12100698117199069,0.4774624373956594,0.47706422018348627,1198000000,1199000000,https://www.bundesanzeiger.de/pub/de/suche;wwwsid=627BFD7A56A5CB624C47FDDEAB2FC509.web07-pub?0,https://www.bundesanzeiger.de/pub/de/suche;wwwsid=627BFD7A56A5CB624C47FDDEAB2FC509.web07-pub?0,1620597576,17:59:36,20210509
21,2015-12-31,SAP.DE,EUR,2015-12-31,2015-12-31,Q4,6342000000.0,1863000000.0,4478000000.0,0.706086408073163,787000000.0,282000000.0,1652000000.0,202000000.0,2720000000.0,4583000000.0,77000000.0,324000000.0,2082000000.0,0.3282876064333018,1758000000.0,0.2771996215704825,-86000000.0,1647000000.0,0.2596972563859981,368000000.0,1281000000.0,0.20198675496688742,1.0692821368948247,1.0683903252710591,1198000000,1199000000,https://www.bundesanzeiger.de/pub/de/suche;wwwsid=627BFD7A56A5CB624C47FDDEAB2FC509.web07-pub?0,https://www.bundesanzeiger.de/pub/de/suche;wwwsid=627BFD7A56A5CB624C47FDDEAB2FC509.web07-pub?0,1620597576,17:59:36,20210509
22,2015-09-30,SAP.DE,EUR,2015-09-30,2015-09-30,Q3,4985000000.0,1544000000.0,3440000000.0,0.6900702106318957,660000000.0,239000000.0,1182000000.0,-26000000.0,2084000000.0,3628000000.0,60000000.0,319000000.0,1675000000.0,0.33600802407221664,1356000000.0,0.2720160481444333,-171000000.0,1229000000.0,0.24653961885656972,333000000.0,898000000.0,0.18014042126379137,0.75,0.75,1198000000,1198000000,https://www.bundesanzeiger.de/pub/de/suche;wwwsid=627BFD7A56A5CB624C47FDDEAB2FC509.web07-pub?0,https://www.bundesanzeiger.de/pub/de/suche;wwwsid=627BFD7A56A5CB624C47FDDEAB2FC509.web07-pub?0,1620597576,17:59:36,20210509
23,2015-06-30,SAP.DE,EUR,2015-06-30,2015-06-30,Q2,4970000000.0,1607000000.0,3363000000.0,0.6766599597585513,728000000.0,256000000.0,1314000000.0,-53000000.0,2295000000.0,3902000000.0,50000000.0,325000000.0,1393000000.0,0.2802816901408451,1068000000.0,0.21488933601609658,-420000000.0,637000000.0,0.12816901408450704,168000000.0,471000000.0,0.09476861167002013,0.39381270903010035,0.39315525876460766,1196000000,1198000000,https://www.bundesanzeiger.de/pub/de/suche;wwwsid=627BFD7A56A5CB624C47FDDEAB2FC509.web07-pub?0,https://www.bundesanzeiger.de/pub/de/suche;wwwsid=627BFD7A56A5CB624C47FDDEAB2FC509.web07-pub?0,1620597576,17:59:36,20210509
24,2015-03-31,SAP.DE,EUR,2015-03-31,2015-03-31,Q1,4497000000.0,1559000000.0,2937000000.0,0.6531020680453635,724000000.0,272000000.0,1253000000.0,-148000000.0,2250000000.0,3809000000.0,59000000.0,321000000.0,1008000000.0,0.22414943295530354,687000000.0,0.15276851234156105,-199000000.0,478000000.0,0.10629308427840782,65000000.0,414000000.0,0.09206137424949967,0.34644351464435147,0.34557595993322204,1195000000,1198000000,https://www.bundesanzeiger.de/pub/de/suche;wwwsid=627BFD7A56A5CB624C47FDDEAB2FC509.web07-pub?0,https://www.bundesanzeiger.de/pub/de/suche;wwwsid=627BFD7A56A5CB624C47FDDEAB2FC509.web07-pub?0,1620597576,17:59:36,20210509
25,2014-12-31,SAP.DE,EUR,2014-12-31,2014-12-31,Q4,5458000000.0,1462000000.0,3995000000.0,0.7319530963722976,670000000.0,280000000.0,1269000000.0,-66000000.0,2211000000.0,3673000000.0,52000000.0,277000000.0,2061000000.0,0.3776108464639062,1784000000.0,0.32685965555148405,-26000000.0,1734000000.0,0.3176987907658483,425000000.0,1309000000.0,0.2398314400879443,1.1093220338983052,1.1093220338983052,1180000000,1180000000,https://www.bundesanzeiger.de/pub/de/suche;wwwsid=627BFD7A56A5CB624C47FDDEAB2FC509.web07-pub?0,https://www.bundesanzeiger.de/pub/de/suche;wwwsid=627BFD7A56A5CB624C47FDDEAB2FC509.web07-pub?0,1620597576,17:59:36,20210509
26,2014-09-30,SAP.DE,EUR,2014-09-30,2014-09-30,Q3,4254000000.0,1285000000.0,2970000000.0,0.6981664315937941,545000000.0,190000000.0,1018000000.0,51000000.0,1752000000.0,3037000000.0,39000000.0,255000000.0,1473000000.0,0.346262341325811,1218000000.0,0.2863187588152327,-9000000.0,1199000000.0,0.28185237423601317,318000000.0,880000000.0,0.2068641278796427,0.74,0.73,1195000000,1198000000,https://www.bundesanzeiger.de/pub/de/suche;wwwsid=627BFD7A56A5CB624C47FDDEAB2FC509.web07-pub?0,https://www.bundesanzeiger.de/pub/de/suche;wwwsid=627BFD7A56A5CB624C47FDDEAB2FC509.web07-pub?0,1620597576,17:59:36,20210509
27,2014-06-30,SAP.DE,EUR,2014-06-30,2014-06-30,Q2,4151000000.0,1289000000.0,2862000000.0,0.6894724162852325,566000000.0,218000000.0,1049000000.0,4000000.0,1836000000.0,3125000000.0,30000000.0,243000000.0,1269000000.0,0.30570946759816914,1026000000.0,0.24716935678149843,-324000000.0,719000000.0,0.17321127439171283,163000000.0,557000000.0,0.13418453384726572,0.466499162479062,0.4653299916457811,1194000000,1197000000,https://www.bundesanzeiger.de/pub/de/suche;wwwsid=627BFD7A56A5CB624C47FDDEAB2FC509.web07-pub?0,https://www.bundesanzeiger.de/pub/de/suche;wwwsid=627BFD7A56A5CB624C47FDDEAB2FC509.web07-pub?0,1620597576,17:59:36,20210509
28,2014-03-31,SAP.DE,EUR,2014-03-31,2014-03-31,Q1,3698000000.0,1236000000.0,2462000000.0,0.6657652785289345,549000000.0,205000000.0,968000000.0,-11000000.0,1724000000.0,2960000000.0,31000000.0,235000000.0,973000000.0,0.2631151974040022,738000000.0,0.1995673336938886,-27000000.0,704000000.0,0.1903731746890211,170000000.0,534000000.0,0.1444023796646836,0.4472361809045226,0.44648829431438125,1194000000,1196000000,https://www.bundesanzeiger.de/pub/de/suche;wwwsid=627BFD7A56A5CB624C47FDDEAB2FC509.web07-pub?0,https://www.bundesanzeiger.de/pub/de/suche;wwwsid=627BFD7A56A5CB624C47FDDEAB2FC509.web07-pub?0,1620597576,17:59:36,20210509
29,2013-12-31,SAP.DE,EUR,2013-12-31,2013-12-31,Q4,5107000000.0,1341000000.0,3766000000.0,0.7374192285098884,606000000.0,231000000.0,1110000000.0,-7000000.0,1940000000.0,3281000000.0,43000000.0,237000000.0,2063000000.0,0.4039553553945565,1826000000.0,0.35754846289406694,-26000000.0,1776000000.0,0.3477579792441747,457000000.0,1320000000.0,0.2584687683571568,1.1055276381909547,1.1036789297658862,1194000000,1196000000,https://www.bundesanzeiger.de/pub/de/suche;wwwsid=627BFD7A56A5CB624C47FDDEAB2FC509.web07-pub?0,https://www.bundesanzeiger.de/pub/de/suche;wwwsid=627BFD7A56A5CB624C47FDDEAB2FC509.web07-pub?0,1620597576,17:59:36,20210509
30,2013-09-30,SAP.DE,EUR,2013-09-30,2013-09-30,Q3,4046000000.0,1241000000.0,2804000000.0,0.6930301532377657,552000000.0,207000000.0,986000000.0,-1000000.0,1745000000.0,2986000000.0,45000000.0,236000000.0,1295000000.0,0.32006920415224915,1059000000.0,0.26173999011369253,-18000000.0,1035000000.0,0.25580820563519524,274000000.0,762000000.0,0.1883341571922887,0.6387259010896899,0.6376569037656904,1193000000,1195000000,https://www.bundesanzeiger.de/pub/de/suche;wwwsid=627BFD7A56A5CB624C47FDDEAB2FC509.web07-pub?0,https://www.bundesanzeiger.de/pub/de/suche;wwwsid=627BFD7A56A5CB624C47FDDEAB2FC509.web07-pub?0,1620597576,17:59:36,20210509
31,2013-06-30,SAP.DE,EUR,2013-06-30,2013-06-30,Q2,4062000000.0,1207000000.0,2855000000.0,0.7028557360905958,567000000.0,232000000.0,1059000000.0,-2000000.0,1849000000.0,3056000000.0,49000000.0,245000000.0,1251000000.0,0.30797636632200887,1006000000.0,0.24766125061546038,-19000000.0,963000000.0,0.23707533234859676,239000000.0,725000000.0,0.17848350566223536,0.6077116512992456,0.606694560669456,1193000000,1195000000,https://www.bundesanzeiger.de/pub/de/suche;wwwsid=627BFD7A56A5CB624C47FDDEAB2FC509.web07-pub?0,https://www.bundesanzeiger.de/pub/de/suche;wwwsid=627BFD7A56A5CB624C47FDDEAB2FC509.web07-pub?0,1620597576,17:59:36,20210509
32,2013-03-31,SAP.DE,EUR,2013-03-31,2013-03-31,Q1,3601000000.0,1210000000.0,2391000000.0,0.6639822271591225,557000000.0,197000000.0,975000000.0,-10000000.0,1732000000.0,2942000000.0,44000000.0,233000000.0,892000000.0,0.2477089697306304,659000000.0,0.1830047209108581,-23000000.0,621000000.0,0.17245209663982228,101000000.0,520000000.0,0.1444043321299639,0.4358759430008382,0.4351464435146444,1193000000,1195000000,https://www.bundesanzeiger.de/pub/de/suche;wwwsid=627BFD7A56A5CB624C47FDDEAB2FC509.web07-pub?0,https://www.bundesanzeiger.de/pub/de/suche;wwwsid=627BFD7A56A5CB624C47FDDEAB2FC509.web07-pub?0,1620597576,17:59:36,20210509
33,2012-12-31,SAP.DE,EUR,2012-12-31,2012-12-31,Q4,5023000000.0,1434000000.0,3589000000.0,0.7145132391001393,615000000.0,283000000.0,1121000000.0,-28000000.0,1992000000.0,3426000000.0,56000000.0,241000000.0,1838000000.0,0.36591678279912404,1597000000.0,0.3179374875572367,-32000000.0,1529000000.0,0.30439976109894484,428000000.0,1100000000.0,0.21899263388413298,0.93,0.92,1192000000,1194000000,https://www.bundesanzeiger.de/pub/de/suche;wwwsid=627BFD7A56A5CB624C47FDDEAB2FC509.web07-pub?0,https://www.bundesanzeiger.de/pub/de/suche;wwwsid=627BFD7A56A5CB624C47FDDEAB2FC509.web07-pub?0,1620597576,17:59:36,20210509
34,2012-09-30,SAP.DE,EUR,2012-09-30,2012-09-30,Q3,3952000000.0,1257000000.0,2695000000.0,0.6819331983805668,547000000.0,232000000.0,984000000.0,0.0,1763000000.0,3020000000.0,41000000.0,220000000.0,1152000000.0,0.291497975708502,932000000.0,0.23582995951417005,-103000000.0,822000000.0,0.20799595141700405,204000000.0,618000000.0,0.15637651821862347,0.5184563758389261,0.5180217937971501,1192000000,1193000000,https://www.bundesanzeiger.de/pub/de/suche;wwwsid=627BFD7A56A5CB624C47FDDEAB2FC509.web07-pub?0,https://www.bundesanzeiger.de/pub/de/suche;wwwsid=627BFD7A56A5CB624C47FDDEAB2FC509.web07-pub?0,1620597576,17:59:36,20210509
35,2012-06-30,SAP.DE,EUR,2012-06-30,2012-06-30,Q2,3898000000.0,1212000000.0,2686000000.0,0.6890713186249359,568000000.0,222000000.0,972000000.0,0.0,2974000000.0,4186000000.0,39000000.0,210000000.0,-78000000.0,-0.020010261672652643,-288000000.0,-0.07388404309902515,-48000000.0,865000000.0,0.2219086711133915,204000000.0,661000000.0,0.16957414058491535,0.5549958018471872,0.5545302013422819,1191000000,1192000000,https://www.bundesanzeiger.de/pub/de/suche;wwwsid=627BFD7A56A5CB624C47FDDEAB2FC509.web07-pub?0,https://www.bundesanzeiger.de/pub/de/suche;wwwsid=627BFD7A56A5CB624C47FDDEAB2FC509.web07-pub?0,1620597576,17:59:36,20210509
36,2012-03-31,SAP.DE,EUR,2012-03-31,2012-03-31,Q1,3350000000.0,1162000000.0,2188000000.0,0.653134328358209,523000000.0,209000000.0,831000000.0,0.0,1563000000.0,2725000000.0,40000000.0,192000000.0,817000000.0,0.24388059701492537,625000000.0,0.1865671641791045,-2000000.0,607000000.0,0.18119402985074626,163000000.0,444000000.0,0.1325373134328358,0.373109243697479,0.37279596977329976,1190000000,1191000000,https://www.bundesanzeiger.de/pub/de/suche;wwwsid=627BFD7A56A5CB624C47FDDEAB2FC509.web07-pub?0,https://www.bundesanzeiger.de/pub/de/suche;wwwsid=627BFD7A56A5CB624C47FDDEAB2FC509.web07-pub?0,1620597576,17:59:36,20210509
37,2011-12-31,SAP.DE,EUR,2011-12-31,2011-12-31,Q4,4500000000.0,1180000000.0,3320000000.0,0.7377777777777778,537000000.0,200000000.0,941000000.0,0.0,2392000000.0,3572000000.0,-70000000.0,188000000.0,1116000000.0,0.248,928000000.0,0.20622222222222222,842000000.0,1623000000.0,0.3606666666666667,-475000000.0,1197000000.0,0.266,1.014406779661017,1.014406779661017,1180000000,1180000000,https://www.bundesanzeiger.de/pub/de/suche;wwwsid=627BFD7A56A5CB624C47FDDEAB2FC509.web07-pub?0,https://www.bundesanzeiger.de/pub/de/suche;wwwsid=627BFD7A56A5CB624C47FDDEAB2FC509.web07-pub?0,1620597576,17:59:36,20210509
38,2011-09-30,SAP.DE,EUR,2011-09-30,2011-09-30,Q3,3409000000.0,1050000000.0,2359000000.0,0.6919917864476386,436000000.0,168000000.0,721000000.0,0.0,599000000.0,1649000000.0,69000000.0,179000000.0,1939000000.0,0.5687885010266941,1760000000.0,0.5162804341449105,6000000.0,1757000000.0,0.5154004106776181,1010000000.0,1251000000.0,0.3669697858609563,1.05,1.05,1190000000,1190000000,https://www.bundesanzeiger.de/pub/de/suche;wwwsid=627BFD7A56A5CB624C47FDDEAB2FC509.web07-pub?0,https://www.bundesanzeiger.de/pub/de/suche;wwwsid=627BFD7A56A5CB624C47FDDEAB2FC509.web07-pub?0,1620597576,17:59:36,20210509
39,2011-06-30,SAP.DE,EUR,2011-06-30,2011-06-30,Q2,3300000000.0,1053000000.0,2247000000.0,0.6809090909090909,468000000.0,170000000.0,743000000.0,0.0,1389000000.0,2442000000.0,38000000.0,179000000.0,1037000000.0,0.31424242424242427,858000000.0,0.26,-36000000.0,804000000.0,0.24363636363636362,216000000.0,587000000.0,0.1778787878787879,0.49,0.49,1189000000,1189000000,https://www.bundesanzeiger.de/pub/de/suche;wwwsid=627BFD7A56A5CB624C47FDDEAB2FC509.web07-pub?0,https://www.bundesanzeiger.de/pub/de/suche;wwwsid=627BFD7A56A5CB624C47FDDEAB2FC509.web07-pub?0,1620597576,17:59:36,20210509
40,2011-03-31,SAP.DE,EUR,2011-03-31,2011-03-31,Q1,3024000000.0,1072000000.0,1952000000.0,0.6455026455026455,498000000.0,177000000.0,677000000.0,0.0,1353000000.0,2425000000.0,43000000.0,178000000.0,777000000.0,0.2569444444444444,599000000.0,0.19808201058201058,-2000000.0,583000000.0,0.1927910052910053,180000000.0,403000000.0,0.13326719576719576,0.3392255892255892,0.3389402859545837,1188000000,1189000000,https://www.bundesanzeiger.de/pub/de/suche;wwwsid=627BFD7A56A5CB624C47FDDEAB2FC509.web07-pub?0,https://www.bundesanzeiger.de/pub/de/suche;wwwsid=627BFD7A56A5CB624C47FDDEAB2FC509.web07-pub?0,1620597576,17:59:36,20210509
41,2010-12-31,SAP.DE,EUR,2010-12-31,2010-12-31,Q4,4058000000.0,1088000000.0,2970000000.0,0.7318876293740759,487000000.0,175000000.0,787000000.0,0.0,1447000000.0,2535000000.0,73000000.0,164000000.0,1687000000.0,0.4157220305569246,1523000000.0,0.37530803351404635,-1029000000.0,452000000.0,0.11138491867915229,18000000.0,434000000.0,0.10694923607688517,0.3677966101694915,0.3677966101694915,1180000000,1180000000,https://www.bundesanzeiger.de/pub/de/suche;wwwsid=627BFD7A56A5CB624C47FDDEAB2FC509.web07-pub?0,https://www.bundesanzeiger.de/pub/de/suche;wwwsid=627BFD7A56A5CB624C47FDDEAB2FC509.web07-pub?0,1620597576,17:59:36,20210509
42,2010-09-30,SAP.DE,EUR,2010-09-30,2010-09-30,Q3,3003000000.0,1044000000.0,1959000000.0,0.6523476523476524,453000000.0,157000000.0,642000000.0,0.0,1245000000.0,2289000000.0,35000000.0,145000000.0,859000000.0,0.286047286047286,714000000.0,0.23776223776223776,-6000000.0,689000000.0,0.22943722943722944,188000000.0,500000000.0,0.1665001665001665,0.42,0.42,1188000000,1188000000,https://www.bundesanzeiger.de/pub/de/suche;wwwsid=627BFD7A56A5CB624C47FDDEAB2FC509.web07-pub?0,https://www.bundesanzeiger.de/pub/de/suche;wwwsid=627BFD7A56A5CB624C47FDDEAB2FC509.web07-pub?0,1620597576,17:59:36,20210509
43,2010-06-30,SAP.DE,EUR,2010-06-30,2010-06-30,Q2,2894000000.0,912000000.0,1982000000.0,0.6848652384243262,397000000.0,156000000.0,658000000.0,0.0,1207000000.0,2119000000.0,23000000.0,114000000.0,889000000.0,0.3071872840359364,775000000.0,0.2677954388389772,-87000000.0,676000000.0,0.23358673116793366,185000000.0,491000000.0,0.16966136834830683,0.4132996632996633,0.4129520605550883,1188000000,1189000000,https://www.bundesanzeiger.de/pub/de/suche;wwwsid=627BFD7A56A5CB624C47FDDEAB2FC509.web07-pub?0,https://www.bundesanzeiger.de/pub/de/suche;wwwsid=627BFD7A56A5CB624C47FDDEAB2FC509.web07-pub?0,1620597576,17:59:36,20210509
44,2010-03-31,SAP.DE,EUR,2010-03-31,2010-03-31,Q1,2509000000.0,850000000.0,1659000000.0,0.6612196094061379,393000000.0,148000000.0,557000000.0,0.0,1102000000.0,1952000000.0,12000000.0,111000000.0,668000000.0,0.26624153049023513,557000000.0,0.2220007971303308,-36000000.0,521000000.0,0.20765245117576725,134000000.0,387000000.0,0.1542447190115584,0.32548359966358287,0.32521008403361346,1189000000,1190000000,https://www.bundesanzeiger.de/pub/de/suche;wwwsid=627BFD7A56A5CB624C47FDDEAB2FC509.web07-pub?0,https://www.bundesanzeiger.de/pub/de/suche;wwwsid=627BFD7A56A5CB624C47FDDEAB2FC509.web07-pub?0,1620597576,17:59:36,20210509
45,2009-12-31,SAP.DE,EUR,2009-12-31,2009-12-31,Q4,3190000000.0,950000000.0,2240000000.0,0.7021943573667712,473000000.0,171000000.0,610000000.0,0.0,1226000000.0,2176000000.0,0.0,126000000.0,1140000000.0,0.3573667711598746,1014000000.0,0.31786833855799373,-33000000.0,965000000.0,0.30250783699059564,292000000.0,687000000.0,0.2153605015673981,0.5822033898305085,0.5822033898305085,1180000000,1180000000,https://www.bundesanzeiger.de/pub/de/suche;wwwsid=627BFD7A56A5CB624C47FDDEAB2FC509.web07-pub?0,https://www.bundesanzeiger.de/pub/de/suche;wwwsid=627BFD7A56A5CB624C47FDDEAB2FC509.web07-pub?0,1620597576,17:59:36,20210509
46,2009-09-30,SAP.DE,EUR,2009-09-30,2009-09-30,Q3,2508000000.0,848000000.0,1660000000.0,0.6618819776714514,381000000.0,136000000.0,515000000.0,0.0,1033000000.0,1881000000.0,0.0,120000000.0,747000000.0,0.29784688995215314,627000000.0,0.25,-62000000.0,552000000.0,0.22009569377990432,116000000.0,435000000.0,0.173444976076555,0.37,0.37,1188000000,1188000000,https://www.bundesanzeiger.de/pub/de/suche;wwwsid=627BFD7A56A5CB624C47FDDEAB2FC509.web07-pub?0,https://www.bundesanzeiger.de/pub/de/suche;wwwsid=627BFD7A56A5CB624C47FDDEAB2FC509.web07-pub?0,1620597576,17:59:36,20210509
47,2009-06-30,SAP.DE,EUR,2009-06-30,2009-06-30,Q2,2576000000.0,867000000.0,1709000000.0,0.6634316770186336,373000000.0,123000000.0,561000000.0,0.0,1051000000.0,1918000000.0,31000000.0,125000000.0,783000000.0,0.30395962732919257,658000000.0,0.2554347826086957,-39000000.0,596000000.0,0.23136645962732919,170000000.0,425000000.0,0.16498447204968944,0.35774410774410775,0.35744322960470987,1188000000,1189000000,https://www.bundesanzeiger.de/pub/de/suche;wwwsid=627BFD7A56A5CB624C47FDDEAB2FC509.web07-pub?0,https://www.bundesanzeiger.de/pub/de/suche;wwwsid=627BFD7A56A5CB624C47FDDEAB2FC509.web07-pub?0,1620597576,17:59:36,20210509
48,2009-03-31,SAP.DE,EUR,2009-03-31,2009-03-31,Q1,2397000000.0,907000000.0,1490000000.0,0.6216103462661661,365000000.0,139000000.0,513000000.0,0.0,1017000000.0,1924000000.0,24000000.0,128000000.0,601000000.0,0.25073007926574886,473000000.0,0.19732999582811847,-168000000.0,287000000.0,0.11973299958281185,91000000.0,196000000.0,0.08176887776387151,0.17,0.16,1187000000,1188000000,https://www.bundesanzeiger.de/pub/de/suche;wwwsid=627BFD7A56A5CB624C47FDDEAB2FC509.web07-pub?0,https://www.bundesanzeiger.de/pub/de/suche;wwwsid=627BFD7A56A5CB624C47FDDEAB2FC509.web07-pub?0,1620597576,17:59:36,20210509
49,2008-12-31,SAP.DE,EUR,2008-12-31,2008-12-31,Q4,3493044920.0,1047709980.0,2445334940.0,0.7000582574815557,395792730.0,776148400.0,0.0,0.0,1169677270.0,2217387250.0,0.0,136716820.0,1412374490.0,0.40433905728300795,1275657670.0,0.36519933159061696,-58468520.0,1197249770.0,0.34275246881165217,335967290.0,830731260.0,0.237824385035392,0.7040095423728814,0.7040095423728814,1180000000,1180000000,https://www.bundesanzeiger.de/pub/de/suche;wwwsid=627BFD7A56A5CB624C47FDDEAB2FC509.web07-pub?0,https://www.bundesanzeiger.de/pub/de/suche;wwwsid=627BFD7A56A5CB624C47FDDEAB2FC509.web07-pub?0,1620597576,17:59:36,20210509
50,2008-09-30,SAP.DE,EUR,2008-09-30,2008-09-30,Q3,2757641760.0,963188660.0,1794453100.0,0.6507201646090535,397900470.0,789417510.0,0.0,0.0,1180934550.0,2144123210.0,0.0,146393950.0,759912500.0,0.2755660691764401,613518550.0,0.22247942386831276,12057590.0,601460960.0,0.21810699588477367,191502900.0,387261420.0,0.1404320987654321,0.328771,0.328771,1188000000,1188000000,https://www.bundesanzeiger.de/pub/de/suche;wwwsid=627BFD7A56A5CB624C47FDDEAB2FC509.web07-pub?0,https://www.bundesanzeiger.de/pub/de/suche;wwwsid=627BFD7A56A5CB624C47FDDEAB2FC509.web07-pub?0,1620597576,17:59:36,20210509
51,2008-06-30,SAP.DE,EUR,2008-06-30,2008-06-30,Q2,2863337700.0,1037689850.0,1825647850.0,0.6375943186861962,421303350.0,851503000.0,0.0,0.0,1275983600.0,2313673450.0,0.0,123781280.0,673445530.0,0.23519598474186262,549664250.0,0.19196626719928983,15886250.0,555383300.0,0.1939636040834443,172842400.0,382540900.0,0.13359964491788726,0.320378,0.320378,1194029851,1194029851,https://www.bundesanzeiger.de/pub/de/suche;wwwsid=627BFD7A56A5CB624C47FDDEAB2FC509.web07-pub?0,https://www.bundesanzeiger.de/pub/de/suche;wwwsid=627BFD7A56A5CB624C47FDDEAB2FC509.web07-pub?0,1620597576,17:59:36,20210509
52,2008-03-31,SAP.DE,EUR,2008-03-31,2008-03-31,Q1,2458676770.0,933322060.0,1525354710.0,0.6203966005665722,416639020.0,748430580.0,0.0,0.0,1166335980.0,2099658040.0,0.0,141201370.0,500220100.0,0.20345093999484934,359018730.0,0.14602111769250578,-2532760.0,355852780.0,0.1447334535153232,108908680.0,241878580.0,0.09837754313674994,0.200666,0.200666,1196000000,1196000000,https://www.bundesanzeiger.de/pub/de/suche;wwwsid=627BFD7A56A5CB624C47FDDEAB2FC509.web07-pub?0,https://www.bundesanzeiger.de/pub/de/suche;wwwsid=627BFD7A56A5CB624C47FDDEAB2FC509.web07-pub?0,1620597576,17:59:36,20210509
53,2007-12-31,SAP.DE,EUR,2007-12-31,2007-12-31,Q4,3244550660.0,939320020.0,2305230640.0,0.7104930332633487,411164540.0,774464360.0,0.0,0.0,1179694470.0,2119014490.0,0.0,73510110.0,1199046280.0,0.3695569604698359,1125536170.0,0.3469004765054277,14343670.0,1155760560.0,0.3562159081837237,386406100.0,755010790.0,0.2327011870420294,0.6398396525423728,0.6398396525423728,1180000000,1180000000,https://www.bundesanzeiger.de/pub/de/suche;wwwsid=627BFD7A56A5CB624C47FDDEAB2FC509.web07-pub?0,https://www.bundesanzeiger.de/pub/de/suche;wwwsid=627BFD7A56A5CB624C47FDDEAB2FC509.web07-pub?0,1620597576,17:59:36,20210509
54,2007-09-30,SAP.DE,EUR,2007-09-30,2007-09-30,Q3,2422561890.0,836018610.0,1586543280.0,0.6549030951692218,357392700.0,633496080.0,0.0,0.0,985282620.0,1821301230.0,0.0,66648080.0,667908740.0,0.2757034785187676,601260660.0,0.24819207405264682,4204620.0,632094540.0,0.2609198727220133,222844860.0,407848140.0,0.16835406421752966,0.339874,0.339874,1206193000,1206193000,https://www.bundesanzeiger.de/pub/de/suche;wwwsid=627BFD7A56A5CB624C47FDDEAB2FC509.web07-pub?0,https://www.bundesanzeiger.de/pub/de/suche;wwwsid=627BFD7A56A5CB624C47FDDEAB2FC509.web07-pub?0,1620597576,17:59:36,20210509
55,2007-06-30,SAP.DE,EUR,2007-06-30,2007-06-30,Q2,2423904370.0,832593790.0,1591310580.0,0.6565071624504725,353132060.0,664893000.0,0.0,0.0,1014331210.0,1846925000.0,0.0,65016280.0,641995650.0,0.26486013967621996,576979370.0,0.23803718378543126,0.0,608007710.0,0.250838159097836,156619240.0,449172160.0,0.18530935690338313,0.369976,0.369976,1208067000,1208067000,https://www.bundesanzeiger.de/pub/de/suche;wwwsid=627BFD7A56A5CB624C47FDDEAB2FC509.web07-pub?0,https://www.bundesanzeiger.de/pub/de/suche;wwwsid=627BFD7A56A5CB624C47FDDEAB2FC509.web07-pub?0,1620597576,17:59:36,20210509
56,2007-03-31,SAP.DE,EUR,2007-03-31,2007-03-31,Q1,2165584080.0,796467840.0,1369116240.0,0.6322156930521949,339097680.0,598848000.0,0.0,0.0,936448560.0,1732916400.0,0.0,56142000.0,488809680.0,0.22571724853093675,432667680.0,0.19979260283442793,-748560.0,465604320.0,0.2150017283097131,155700480.0,309903840.0,0.14310404424472867,0.2599,0.2599,1214076000,1214076000,https://www.bundesanzeiger.de/pub/de/suche;wwwsid=627BFD7A56A5CB624C47FDDEAB2FC509.web07-pub?0,https://www.bundesanzeiger.de/pub/de/suche;wwwsid=627BFD7A56A5CB624C47FDDEAB2FC509.web07-pub?0,1620597576,17:59:36,20210509
57,2006-12-31,SAP.DE,EUR,2006-12-31,2006-12-31,Q4,2926736561.58,861919235.44,2064817326.14,0.7055015997153183,380493047.95,690838552.87,0.0,0.0,1020594104.55,1882513339.99,0.0,56634239.84,1100857461.43,0.3761382134221543,1044223221.59,0.3567875685491405,58661273.58,1096311054.77,0.3745848086095443,308287441.03,788577372.33,0.26943913664176394,0.6682859087542373,0.6682859087542373,1180000000,1180000000,https://www.bundesanzeiger.de/pub/de/suche;wwwsid=627BFD7A56A5CB624C47FDDEAB2FC509.web07-pub?0,https://www.bundesanzeiger.de/pub/de/suche;wwwsid=627BFD7A56A5CB624C47FDDEAB2FC509.web07-pub?0,1620597576,17:59:36,20210509
58,2006-09-30,SAP.DE,EUR,2006-09-30,2006-09-30,Q3,2242534160.0,764321200.0,1478212960.0,0.6591707659873507,329367280.0,563391400.0,0.0,0.0,895910520.0,1660231720.0,0.0,49593200.0,631895640.0,0.2817774869480695,582302440.0,0.2596626844694308,-7091640.0,597273680.0,0.2663387210119466,208809400.0,387676320.0,0.17287420941672524,0.317155,0.317155,1221708000,1221708000,https://www.bundesanzeiger.de/pub/de/suche;wwwsid=627BFD7A56A5CB624C47FDDEAB2FC509.web07-pub?0,https://www.bundesanzeiger.de/pub/de/suche;wwwsid=627BFD7A56A5CB624C47FDDEAB2FC509.web07-pub?0,1620597576,17:59:36,20210509
59,2006-06-30,SAP.DE,EUR,2006-06-30,2006-06-30,Q2,2196758200.0,777904400.0,1418853800.0,0.6458852867830424,314605200.0,573645800.0,0.0,0.0,887468400.0,1665372800.0,0.0,54373150.0,585758550.0,0.2666468025474993,531385400.0,0.24189526184538654,2347800.0,554080800.0,0.2522265764161026,139302800.0,413995400.0,0.1884574278589241,0.337769,0.337769,1228596000,1228596000,https://www.bundesanzeiger.de/pub/de/suche;wwwsid=627BFD7A56A5CB624C47FDDEAB2FC509.web07-pub?0,https://www.bundesanzeiger.de/pub/de/suche;wwwsid=627BFD7A56A5CB624C47FDDEAB2FC509.web07-pub?0,1620597576,17:59:36,20210509
60,2006-03-31,SAP.DE,EUR,2006-03-31,2006-03-31,Q1,2040249730.0,775509400.0,1264740330.0,0.6198948645369996,311028770.0,548631650.0,0.0,0.0,856360380.0,1631869780.0,0.0,53625650.0,462005600.0,0.22644561261625556,408379950.0,0.20016174686615446,-13200160.0,428180190.0,0.20986655883542257,146026770.0,282153420.0,0.13829357056207037,0.227373,0.227373,1235616000,1235616000,https://www.bundesanzeiger.de/pub/de/suche;wwwsid=627BFD7A56A5CB624C47FDDEAB2FC509.web07-pub?0,https://www.bundesanzeiger.de/pub/de/suche;wwwsid=627BFD7A56A5CB624C47FDDEAB2FC509.web07-pub?0,1620597576,17:59:36,20210509
61,2005-12-31,SAP.DE,EUR,2005-12-31,2005-12-31,Q4,2753301332.6,895834472.15,1857466860.45,0.674632608663998,244978966.76,634567851.14,0.0,0.0,878356985.94,1774191458.09,0.0,48789561.76,1027899436.27,0.37333343215990566,979109874.51,0.3556130463879906,-103025884.27,962251214.17,0.3494899750988483,341823082.42,619197061.38,0.22489258769045786,0.5247432723559322,0.5247432723559322,1180000000,1180000000,https://www.bundesanzeiger.de/pub/de/suche;wwwsid=627BFD7A56A5CB624C47FDDEAB2FC509.web07-pub?0,https://www.bundesanzeiger.de/pub/de/suche;wwwsid=627BFD7A56A5CB624C47FDDEAB2FC509.web07-pub?0,1620597576,17:59:36,20210509
62,2005-09-30,SAP.DE,EUR,2005-09-30,2005-09-30,Q3,2011479800.0,682406990.0,1329072810.0,0.6607438016528926,275955080.0,536117550.0,0.0,0.0,812903820.0,1495310810.0,0.0,53837880.0,570006870.0,0.2833768800462227,516168990.0,0.2566115702479339,-11636660.0,516168990.0,0.2566115702479339,182030610.0,333307190.0,0.16570247933884297,0.259747,0.259747,1239168000,1239168000,https://www.bundesanzeiger.de/pub/de/suche;wwwsid=627BFD7A56A5CB624C47FDDEAB2FC509.web07-pub?0,https://www.bundesanzeiger.de/pub/de/suche;wwwsid=627BFD7A56A5CB624C47FDDEAB2FC509.web07-pub?0,1620597576,17:59:36,20210509
63,2005-06-30,SAP.DE,EUR,2005-06-30,2005-06-30,Q2,2011965480.0,700388640.0,1311576840.0,0.6518883415435139,301464450.0,557502750.0,0.0,0.0,852359760.0,1552748400.0,0.0,52163370.0,511380450.0,0.25416959440079456,459217080.0,0.22824302134646962,3303720.0,439394760.0,0.21839080459770116,150319260.0,288249570.0,0.14326765188834154,0.232004,0.232004,1238780000,1238780000,https://www.bundesanzeiger.de/pub/de/suche;wwwsid=627BFD7A56A5CB624C47FDDEAB2FC509.web07-pub?0,https://www.bundesanzeiger.de/pub/de/suche;wwwsid=627BFD7A56A5CB624C47FDDEAB2FC509.web07-pub?0,1620597576,17:59:36,20210509
64,2005-03-31,SAP.DE,EUR,2005-03-31,2005-03-31,Q1,1728003200.0,636429750.0,1091573450.0,0.6316964285714286,266143350.0,450515120.0,0.0,0.0,717429900.0,1353859650.0,0.0,48600090.0,422743640.0,0.24464285714285713,374143550.0,0.21651785714285715,13885740.0,396515020.0,0.2294642857142857,141943120.0,253800470.0,0.146875,0.204892,0.204892,1239712000,1239712000,https://www.bundesanzeiger.de/pub/de/suche;wwwsid=627BFD7A56A5CB624C47FDDEAB2FC509.web07-pub?0,https://www.bundesanzeiger.de/pub/de/suche;wwwsid=627BFD7A56A5CB624C47FDDEAB2FC509.web07-pub?0,1620597576,17:59:36,20210509
65,2004-12-31,SAP.DE,EUR,2004-12-31,2004-12-31,Q4,2396769833.76,737847504.48,1658922329.28,0.6921492026113825,287464884.96,543297816.16,0.0,0.0,819588735.76,1557436240.24,0.0,56720198.24,896053791.76,0.37385892426486794,839333593.52,0.35019365718704487,2969597.2,851170045.68,0.3551321589961365,309585850.96,540757061.76,0.22561910373833105,0.45826869640677964,0.45826869640677964,1180000000,1180000000,https://www.bundesanzeiger.de/pub/de/suche;wwwsid=627BFD7A56A5CB624C47FDDEAB2FC509.web07-pub?0,https://www.bundesanzeiger.de/pub/de/suche;wwwsid=627BFD7A56A5CB624C47FDDEAB2FC509.web07-pub?0,1620597576,17:59:36,20210509
66,2004-09-30,SAP.DE,EUR,2004-09-30,2004-09-30,Q3,1775629440.0,625652040.0,1149977400.0,0.6476449275362319,239645640.0,447124080.0,0.0,0.0,689182260.0,1314834300.0,0.0,52773720.0,513568860.0,0.2892320032720341,460795140.0,0.2595108695652174,1608360.0,464816040.0,0.2617753623188406,172898700.0,291113160.0,0.16394927536231885,0.234981,0.234981,1243136000,1243136000,https://www.bundesanzeiger.de/pub/de/suche;wwwsid=627BFD7A56A5CB624C47FDDEAB2FC509.web07-pub?0,https://www.bundesanzeiger.de/pub/de/suche;wwwsid=627BFD7A56A5CB624C47FDDEAB2FC509.web07-pub?0,1620597576,17:59:36,20210509
67,2004-06-30,SAP.DE,EUR,2004-06-30,2004-06-30,Q2,1779052800.0,638655360.0,1140397440.0,0.6410138248847926,260709120.0,492723840.0,0.0,0.0,750153600.0,1388808960.0,0.0,51320880.0,441564720.0,0.24820214442202052,390243840.0,0.21935483870967742,-8198400.0,390243840.0,0.21935483870967742,141012480.0,248411520.0,0.13963133640552997,0.199795,0.199795,1243552000,1243552000,https://www.bundesanzeiger.de/pub/de/suche;wwwsid=627BFD7A56A5CB624C47FDDEAB2FC509.web07-pub?0,https://www.bundesanzeiger.de/pub/de/suche;wwwsid=627BFD7A56A5CB624C47FDDEAB2FC509.web07-pub?0,1620597576,17:59:36,20210509
68,2004-03-31,SAP.DE,EUR,2004-03-31,2004-03-31,Q1,1554328900.0,581960220.0,972368680.0,0.6255874673629243,230511440.0,405830000.0,0.0,0.0,639588080.0,1221548300.0,0.0,48699600.0,381480200.0,0.2454308093994778,332780600.0,0.21409921671018275,1623320.0,363623680.0,0.23394255874673628,133112240.0,228888120.0,0.1472584856396867,0.184734,0.184734,1243608000,1243608000,https://www.bundesanzeiger.de/pub/de/suche;wwwsid=627BFD7A56A5CB624C47FDDEAB2FC509.web07-pub?0,https://www.bundesanzeiger.de/pub/de/suche;wwwsid=627BFD7A56A5CB624C47FDDEAB2FC509.web07-pub?0,1620597576,17:59:36,20210509
69,2003-12-31,SAP.DE,EUR,2003-12-31,2003-12-31,Q4,2205811380.05,698887386.51,1506923993.54,0.6831608573466702,313927530.91,521137011.52,0.0,0.0,835922392.43,1534809778.94,0.0,62443540.44,733445141.55,0.3325058290040079,671001601.11,0.30419717985804845,27370514.28,690012570.13,0.31281576311133147,271084501.61,418928068.52,0.1899201682922245,0.35502378688135594,0.35502378688135594,1180000000,1180000000,https://www.bundesanzeiger.de/pub/de/suche;wwwsid=627BFD7A56A5CB624C47FDDEAB2FC509.web07-pub?0,https://www.bundesanzeiger.de/pub/de/suche;wwwsid=627BFD7A56A5CB624C47FDDEAB2FC509.web07-pub?0,1620597576,17:59:36,20210509
70,2003-09-30,SAP.DE,EUR,2003-09-30,2003-09-30,Q3,1650503400.0,613362750.0,1037140650.0,0.6283783783783784,222183150.0,410052300.0,0.0,0.0,624514800.0,1237877550.0,0.0,51011430.0,463637280.0,0.28090658886252523,412625850.0,0.25,6862800.0,422920050.0,0.25623700623700624,170712150.0,252207900.0,0.15280665280665282,0.202367,0.202367,1242720000,1242720000,https://www.bundesanzeiger.de/pub/de/suche;wwwsid=627BFD7A56A5CB624C47FDDEAB2FC509.web07-pub?0,https://www.bundesanzeiger.de/pub/de/suche;wwwsid=627BFD7A56A5CB624C47FDDEAB2FC509.web07-pub?0,1620597576,17:59:36,20210509
71,2003-06-30,SAP.DE,EUR,2003-06-30,2003-06-30,Q2,1634795910.0,598816790.0,1035979120.0,0.633705475810739,240743470.0,456282750.0,0.0,0.0,697026220.0,1295843010.0,0.0,52262370.0,391215270.0,0.23930526593989337,338952900.0,0.20733652312599682,1738220.0,345036670.0,0.21105794790005317,126890060.0,218146610.0,0.13343965975544922,0.177125,0.177125,1242320000,1242320000,https://www.bundesanzeiger.de/pub/de/suche;wwwsid=627BFD7A56A5CB624C47FDDEAB2FC509.web07-pub?0,https://www.bundesanzeiger.de/pub/de/suche;wwwsid=627BFD7A56A5CB624C47FDDEAB2FC509.web07-pub?0,1620597576,17:59:36,20210509
72,2003-03-31,SAP.DE,EUR,2003-03-31,2003-03-31,Q1,1515654000.0,615048000.0,900606000.0,0.5942028985507246,217829500.0,386235500.0,0.0,0.0,603149750.0,1218197750.0,0.0,49423500.0,346879750.0,0.2288647342995169,297456250.0,0.196256038647343,10067750.0,308439250.0,0.20350241545893719,122643500.0,185795750.0,0.12258454106280194,0.149552,0.149552,1244476000,1244476000,https://www.bundesanzeiger.de/pub/de/suche;wwwsid=627BFD7A56A5CB624C47FDDEAB2FC509.web07-pub?0,https://www.bundesanzeiger.de/pub/de/suche;wwwsid=627BFD7A56A5CB624C47FDDEAB2FC509.web07-pub?0,1620597576,17:59:36,20210509
73,2002-12-31,SAP.DE,EUR,2002-12-31,2002-12-31,Q4,2287381460.88,735663528.67,1551717932.21,0.6783817910341129,263122402.04,516435227.89,0.0,0.0,8138470921.37,8874134450.04,0.0,0.0,-6028313427.44,-2.635464845081323,-6586752989.16,-2.8796040808278422,-558439561.72,788319750.49,0.3446385152508485,314689135.4,473630615.09,0.20706236506253095,0.40138187719491525,0.40138187719491525,1180000000,1180000000,https://www.bundesanzeiger.de/pub/de/suche;wwwsid=627BFD7A56A5CB624C47FDDEAB2FC509.web07-pub?0,https://www.bundesanzeiger.de/pub/de/suche;wwwsid=627BFD7A56A5CB624C47FDDEAB2FC509.web07-pub?0,1620597576,17:59:36,20210509
74,2002-09-30,SAP.DE,EUR,2002-09-30,2002-09-30,Q3,1700256140.0,669368260.0,1030887880.0,0.6063132817153067,194430720.0,462785620.0,0.0,0.0,695697420.0,1365065680.0,0.0,0.0,366582920.0,0.21560452650387135,335190460.0,0.19714115544967242,-31392460.0,301772680.0,0.17748659916617035,100253340.0,201519340.0,0.11852293031566409,0.162329,0.162329,1253984000,1253984000,https://www.bundesanzeiger.de/pub/de/suche;wwwsid=627BFD7A56A5CB624C47FDDEAB2FC509.web07-pub?0,https://www.bundesanzeiger.de/pub/de/suche;wwwsid=627BFD7A56A5CB624C47FDDEAB2FC509.web07-pub?0,1620597576,17:59:36,20210509
75,2002-06-30,SAP.DE,EUR,2002-06-30,2002-06-30,Q2,1774635800.0,683481400.0,1091154400.0,0.6148610323312536,230511400.0,541550800.0,0.0,0.0,772062200.0,1455543600.0,0.0,0.0,290907400.0,0.16392512762336925,319092200.0,0.17980714690867838,28184800.0,-106699600.0,-0.06012478729438457,124818400.0,-231518000.0,-0.130459444129325,-0.18461,-0.18461,1255412000,1255412000,https://www.bundesanzeiger.de/pub/de/suche;wwwsid=627BFD7A56A5CB624C47FDDEAB2FC509.web07-pub?0,https://www.bundesanzeiger.de/pub/de/suche;wwwsid=627BFD7A56A5CB624C47FDDEAB2FC509.web07-pub?0,1620597576,17:59:36,20210509
76,2002-03-31,SAP.DE,EUR,2002-03-31,2002-03-31,Q1,1656701200.0,730830100.0,925871100.0,0.5588642659279779,221428900.0,516285000.0,0.0,0.0,740008500.0,1470838600.0,0.0,0.0,188157200.0,0.11357340720221606,185862600.0,0.11218836565096953,-2294600.0,125055700.0,0.07548476454293629,59659600.0,65396100.0,0.039473684210526314,0.052432,0.052432,1238095000,1238095000,https://www.bundesanzeiger.de/pub/de/suche;wwwsid=627BFD7A56A5CB624C47FDDEAB2FC509.web07-pub?0,https://www.bundesanzeiger.de/pub/de/suche;wwwsid=627BFD7A56A5CB624C47FDDEAB2FC509.web07-pub?0,1620597576,17:59:36,20210509
77,2001-12-31,SAP.DE,EUR,2001-12-31,2001-12-31,Q4,1877081940.0,652718990.0,1224362950.0,0.6522693143592868,188916100.0,485641440.0,0.0,0.0,714054770.0,1366773760.0,0.0,62508990.0,572817170.0,0.30516364671858703,510308180.0,0.2718624952515392,-40857030.0,459352810.0,0.24471644002925094,163693340.0,295659470.0,0.15751015642929259,0.2505588728813559,0.2505588728813559,1180000000,1180000000,https://www.bundesanzeiger.de/pub/de/suche;wwwsid=627BFD7A56A5CB624C47FDDEAB2FC509.web07-pub?0,https://www.bundesanzeiger.de/pub/de/suche;wwwsid=627BFD7A56A5CB624C47FDDEAB2FC509.web07-pub?0,1620597576,17:59:36,20210509
78,2001-09-30,SAP.DE,EUR,2001-09-30,2001-09-30,Q3,1793641800.0,776073900.0,1017567900.0,0.5673194614443084,236005500.0,581781000.0,0.0,0.0,844131300.0,1620205200.0,0.0,93801600.0,267238200.0,0.14899195591895772,173436600.0,0.0966952264381885,-5488500.0,115258500.0,0.06425948592411261,74643600.0,40614900.0,0.022643818849449205,0.032602,0.032602,1256956000,1256956000,https://www.bundesanzeiger.de/pub/de/suche;wwwsid=627BFD7A56A5CB624C47FDDEAB2FC509.web07-pub?0,https://www.bundesanzeiger.de/pub/de/suche;wwwsid=627BFD7A56A5CB624C47FDDEAB2FC509.web07-pub?0,1620597576,17:59:36,20210509
79,2001-06-30,SAP.DE,EUR,2001-06-30,2001-06-30,Q2,1851968400.0,673015200.0,1178953200.0,0.636594663278272,229437000.0,575357400.0,0.0,0.0,805971000.0,1478986200.0,0.0,0.0,407103600.0,0.21982210927573062,372982200.0,0.2013977128335451,-34121400.0,350626800.0,0.18932655654383734,144721800.0,205905000.0,0.11118170266836086,0.162371,0.162371,1258860000,1258860000,https://www.bundesanzeiger.de/pub/de/suche;wwwsid=627BFD7A56A5CB624C47FDDEAB2FC509.web07-pub?0,https://www.bundesanzeiger.de/pub/de/suche;wwwsid=627BFD7A56A5CB624C47FDDEAB2FC509.web07-pub?0,1620597576,17:59:36,20210509
80,2001-03-31,SAP.DE,EUR,2001-03-31,2001-03-31,Q1,1525110800.0,652966600.0,872144200.0,0.5718562874251497,206620550.0,450912250.0,0.0,0.0,665523650.0,1318490250.0,0.0,0.0,210045200.0,0.1377245508982036,206620550.0,0.13547904191616766,-3424650.0,190638850.0,0.125,74200750.0,117579650.0,0.07709580838323353,0.182648,0.182648,1258858620,1258858620,https://www.bundesanzeiger.de/pub/de/suche;wwwsid=627BFD7A56A5CB624C47FDDEAB2FC509.web07-pub?0,https://www.bundesanzeiger.de/pub/de/suche;wwwsid=627BFD7A56A5CB624C47FDDEAB2FC509.web07-pub?0,1620597576,17:59:36,20210509
81,2000-12-31,SAP.DE,EUR,2000-12-31,2000-12-31,Q4,2158101817.48,632320955.62,1525780861.86,0.7070013330703939,359058621.74,701685448.88,0.0,0.0,1309564225.96,1941885181.58,0.0,0.0,-477095794.64,-0.22107195813268038,216216635.9,0.10018833872837131,614995479.84,589240078.42,0.273036273658326,214791289.46,374448788.96,0.17350839794817519,0.31732948216949153,0.31732948216949153,1180000000,1180000000,https://www.bundesanzeiger.de/pub/de/suche;wwwsid=627BFD7A56A5CB624C47FDDEAB2FC509.web07-pub?0,https://www.bundesanzeiger.de/pub/de/suche;wwwsid=627BFD7A56A5CB624C47FDDEAB2FC509.web07-pub?0,1620597576,17:59:36,20210509
82,2000-09-30,SAP.DE,EUR,2000-09-30,2000-09-30,Q3,1422743300.0,578166600.0,844576700.0,0.5936254980079682,213128080.0,421721520.0,0.0,0.0,634849600.0,1213016200.0,0.0,0.0,265276440.0,0.18645418326693228,209727100.0,0.14741035856573706,-55549340.0,150776780.0,0.10597609561752988,62351300.0,88425480.0,0.062151394422310755,0.136039,0.136039,1257073000,1257073000,https://www.bundesanzeiger.de/pub/de/suche;wwwsid=627BFD7A56A5CB624C47FDDEAB2FC509.web07-pub?0,https://www.bundesanzeiger.de/pub/de/suche;wwwsid=627BFD7A56A5CB624C47FDDEAB2FC509.web07-pub?0,1620597576,17:59:36,20210509
83,2000-06-30,SAP.DE,EUR,2000-06-30,2000-06-30,Q2,1500178490.0,544851390.0,955327100.0,0.6368089573128062,202613330.0,509157850.0,0.0,0.0,711771180.0,1256622570.0,0.0,0.0,347487110.0,0.23163051084674596,243555920.0,0.16235129461161651,-103931190.0,193165040.0,0.12876137158852344,76636130.0,116528910.0,0.07767669699090272,0.178468,0.178468,1257073000,1257073000,https://www.bundesanzeiger.de/pub/de/suche;wwwsid=627BFD7A56A5CB624C47FDDEAB2FC509.web07-pub?0,https://www.bundesanzeiger.de/pub/de/suche;wwwsid=627BFD7A56A5CB624C47FDDEAB2FC509.web07-pub?0,1620597576,17:59:36,20210509
84,2000-03-31,SAP.DE,EUR,2000-03-31,2000-03-31,Q1,1183365300.0,499085100.0,684280200.0,0.5782493368700266,193565500.0,362019800.0,0.0,0.0,555585300.0,1054670400.0,0.0,0.0,399686600.0,0.33775419982316535,128694900.0,0.10875331564986737,-270991700.0,94167000.0,0.07957559681697612,37666800.0,56500200.0,0.04774535809018567,0.094167,0.094167,1257073000,1257073000,https://www.bundesanzeiger.de/pub/de/suche;wwwsid=627BFD7A56A5CB624C47FDDEAB2FC509.web07-pub?0,https://www.bundesanzeiger.de/pub/de/suche;wwwsid=627BFD7A56A5CB624C47FDDEAB2FC509.web07-pub?0,1620597576,17:59:36,20210509
85,1999-12-31,SAP.DE,EUR,1999-12-31,1999-12-31,Q4,1657232559.36,466665166.88,1190567392.48,0.7184069524555929,264488331.41,435359157.89,0.0,0.0,872656638.61,1339321805.49,0.0,0.0,146199257.89,0.08821891475898838,317910753.87,0.1918323122934374,171711495.98,481513071.61,0.29055250507264574,164388533.29,317124538.32,0.19135789755571123,0.2687496087457627,0.2687496087457627,1180000000,1180000000,https://www.bundesanzeiger.de/pub/de/suche;wwwsid=627BFD7A56A5CB624C47FDDEAB2FC509.web07-pub?0,https://www.bundesanzeiger.de/pub/de/suche;wwwsid=627BFD7A56A5CB624C47FDDEAB2FC509.web07-pub?0,1620597576,17:59:36,20210509
86,1999-09-30,SAP.DE,EUR,1999-09-30,1999-09-30,Q3,1122336000.0,513468720.0,608867280.0,0.5425,173026800.0,353535840.0,0.0,0.0,526562640.0,1040031360.0,0.0,0.0,87916320.0,0.07833333333333334,82304640.0,0.07333333333333333,-5611680.0,77628240.0,0.06916666666666667,32734800.0,44893440.0,0.04,0.037411,0.037411,1254768000,1254768000,https://www.bundesanzeiger.de/pub/de/suche;wwwsid=627BFD7A56A5CB624C47FDDEAB2FC509.web07-pub?0,https://www.bundesanzeiger.de/pub/de/suche;wwwsid=627BFD7A56A5CB624C47FDDEAB2FC509.web07-pub?0,1620597576,17:59:36,20210509
87,1999-06-30,SAP.DE,EUR,1999-06-30,1999-06-30,Q2,1258567700.0,529313200.0,729254500.0,0.5794320798158097,169998400.0,336133200.0,0.0,0.0,506131600.0,1035444800.0,0.0,0.0,229884200.0,0.18265541059094398,223122900.0,0.1772831926323868,-6761300.0,247270400.0,0.19646968534151957,105283100.0,141987300.0,0.1128165771297007,0.115908,0.115908,1254768000,1254768000,https://www.bundesanzeiger.de/pub/de/suche;wwwsid=627BFD7A56A5CB624C47FDDEAB2FC509.web07-pub?0,https://www.bundesanzeiger.de/pub/de/suche;wwwsid=627BFD7A56A5CB624C47FDDEAB2FC509.web07-pub?0,1620597576,17:59:36,20210509
88,1999-03-31,SAP.DE,EUR,1999-03-31,1999-03-31,Q1,1076641460.0,496982900.0,579658560.0,0.5383951682484901,138412060.0,267534720.0,0.0,0.0,405946780.0,902929680.0,0.0,0.0,179285420.0,0.16652286453839515,173711780.0,0.16134598792062121,-5573640.0,172782840.0,0.16048317515099222,74315200.0,98467640.0,0.091458153580673,0.074315,0.074315,1254768000,1254768000,https://www.bundesanzeiger.de/pub/de/suche;wwwsid=627BFD7A56A5CB624C47FDDEAB2FC509.web07-pub?0,https://www.bundesanzeiger.de/pub/de/suche;wwwsid=627BFD7A56A5CB624C47FDDEAB2FC509.web07-pub?0,1620597576,17:59:36,20210509
