,date,symbol,reportedCurrency,fillingDate,acceptedDate,period,revenue,costOfRevenue,grossProfit,grossProfitRatio,researchAndDevelopmentExpenses,generalAndAdministrativeExpenses,sellingAndMarketingExpenses,otherExpenses,operatingExpenses,costAndExpenses,interestExpense,depreciationAndAmortization,ebitda,ebitdaratio,operatingIncome,operatingIncomeRatio,totalOtherIncomeExpensesNet,incomeBeforeTax,incomeBeforeTaxRatio,incomeTaxExpense,netIncome,netIncomeRatio,eps,epsdiluted,weightedAverageShsOut,weightedAverageShsOutDil,link,finalLink,timestamp,est_time,est_date
0,2008-06-30,AWC.AX,USD,2008-06-30,2008-06-30,Q2,0.0,0.0,0.0,0.0,0.0,0.0,0.0,0.0,0.0,0.0,0.0,0.0,0.0,0.0,0.0,0.0,0.0,0.0,0.0,0.0,0.0,0.0,0.018225,0.018225,1140968368,1151915752,,,1620589000,15:36:40,20210509
1,2008-03-31,AWC.AX,USD,2008-03-31,2008-03-31,Q1,0.0,0.0,0.0,0.0,0.0,0.0,0.0,0.0,0.0,0.0,0.0,0.0,0.0,0.0,0.0,0.0,0.0,0.0,0.0,0.0,0.0,0.0,0.01735,0.01735,1153314121,1153314121,,,1620589000,15:36:40,20210509
2,2007-09-30,AWC.AX,USD,2007-09-30,2007-09-30,Q3,0.0,0.0,0.0,0.0,0.0,0.0,0.0,0.0,0.0,0.0,0.0,0.0,0.0,0.0,0.0,0.0,0.0,0.0,0.0,0.0,0.0,0.0,0.04488,0.04488,1505930801,1505930801,,,1620589000,15:36:40,20210509
3,2007-06-30,AWC.AX,USD,2007-06-30,2007-06-30,Q2,0.0,0.0,0.0,0.0,0.0,0.0,0.0,0.0,0.0,0.0,0.0,0.0,0.0,0.0,0.0,0.0,0.0,0.0,0.0,0.0,0.0,0.0,0.079104,0.079104,1523503141,1523503141,,,1620589000,15:36:40,20210509
4,2007-03-31,AWC.AX,USD,2007-03-31,2007-03-31,Q1,0.0,0.0,0.0,0.0,0.0,0.0,0.0,0.0,0.0,0.0,0.0,0.0,0.0,0.0,0.0,0.0,0.0,0.0,0.0,0.0,0.0,0.0,0.075501,0.075501,1523695838,1523695838,,,1620589000,15:36:40,20210509
5,2006-09-30,AWC.AX,USD,2006-09-30,2006-09-30,Q3,0.0,0.0,0.0,0.0,0.0,0.0,0.0,0.0,0.0,0.0,0.0,0.0,0.0,0.0,0.0,0.0,0.0,0.0,0.0,0.0,0.0,0.0,0.081682,0.081682,1537771827,1537771827,,,1620589000,15:36:40,20210509
6,2006-06-30,AWC.AX,USD,2006-06-30,2006-06-30,Q2,0.0,0.0,0.0,0.0,0.0,0.0,0.0,0.0,0.0,0.0,0.0,0.0,0.0,0.0,0.0,0.0,0.0,0.0,0.0,0.0,0.0,0.0,0.062779,0.062779,1537373365,1537884756,,,1620589000,15:36:40,20210509
7,2006-03-31,AWC.AX,USD,2006-03-31,2006-03-31,Q1,0.0,0.0,0.0,0.0,0.0,0.0,0.0,0.0,0.0,0.0,0.0,0.0,0.0,0.0,0.0,0.0,0.0,0.0,0.0,0.0,0.0,0.0,0.060488,0.060488,1536927721,1536927721,,,1620589000,15:36:40,20210509
8,2005-09-30,AWC.AX,USD,2005-09-30,2005-09-30,Q3,0.0,0.0,0.0,0.0,0.0,0.0,0.0,0.0,0.0,0.0,0.0,0.0,0.0,0.0,0.0,0.0,0.0,0.0,0.0,0.0,0.0,0.0,0.038054,0.038054,1532926294,1532926294,,,1620589000,15:36:40,20210509
9,2005-06-30,AWC.AX,USD,2005-06-30,2005-06-30,Q2,0.0,0.0,0.0,0.0,0.0,0.0,0.0,0.0,0.0,0.0,0.0,0.0,0.0,0.0,0.0,0.0,0.0,0.0,0.0,0.0,0.0,0.0,0.04031,0.04031,1534391615,1534962661,,,1620589000,15:36:40,20210509
10,2005-03-31,AWC.AX,USD,2005-03-31,2005-03-31,Q1,0.0,0.0,0.0,0.0,0.0,0.0,0.0,0.0,0.0,0.0,0.0,0.0,0.0,0.0,0.0,0.0,0.0,0.0,0.0,0.0,0.0,0.0,0.041088,0.041088,1537710121,1537710121,,,1620589000,15:36:40,20210509
11,2004-09-30,AWC.AX,USD,2004-09-30,2004-09-30,Q3,0.0,0.0,0.0,0.0,0.0,0.0,0.0,0.0,0.0,0.0,0.0,0.0,0.0,0.0,0.0,0.0,0.0,0.0,0.0,0.0,0.0,0.0,0.044065,0.044065,1532978692,1532978692,,,1620589000,15:36:40,20210509
12,2004-06-30,AWC.AX,USD,2004-06-30,2004-06-30,Q2,0.0,0.0,0.0,0.0,0.0,0.0,0.0,0.0,0.0,0.0,0.0,0.0,0.0,0.0,0.0,0.0,0.0,0.0,0.0,0.0,0.0,0.0,0.03794,0.03794,1530818883,1530818883,,,1620589000,15:36:40,20210509
13,2004-03-31,AWC.AX,USD,2004-03-31,2004-03-31,Q1,0.0,0.0,0.0,0.0,0.0,0.0,0.0,0.0,0.0,0.0,0.0,0.0,0.0,0.0,0.0,0.0,0.0,0.0,0.0,0.0,0.0,0.0,0.041694,0.041694,1530818883,1530818883,,,1620589000,15:36:40,20210509
14,2003-09-30,AWC.AX,USD,2003-09-30,2003-09-30,Q3,0.0,0.0,0.0,0.0,0.0,0.0,0.0,0.0,0.0,0.0,0.0,0.0,0.0,0.0,0.0,0.0,0.0,0.0,0.0,0.0,0.0,0.0,0.027322,0.027322,1492815229,1494876388,,,1620589000,15:36:40,20210509
15,2003-06-30,AWC.AX,USD,2003-06-30,2003-06-30,Q2,0.0,0.0,0.0,0.0,0.0,0.0,0.0,0.0,0.0,0.0,0.0,0.0,0.0,0.0,0.0,0.0,0.0,0.0,0.0,0.0,0.0,0.0,0.026488,0.026488,1488685164,1488685164,,,1620589000,15:36:40,20210509
16,2003-03-31,AWC.AX,USD,2003-03-31,2003-03-31,Q1,0.0,0.0,0.0,0.0,0.0,0.0,0.0,0.0,0.0,0.0,0.0,0.0,0.0,0.0,0.0,0.0,0.0,0.0,0.0,0.0,0.0,0.0,0.023834,0.023834,1488685164,1488685164,,,1620589000,15:36:40,20210509
17,2002-09-30,AWC.AX,USD,2002-09-30,2002-09-30,Q3,0.0,0.0,0.0,0.0,0.0,0.0,0.0,0.0,0.0,0.0,0.0,0.0,0.0,0.0,0.0,0.0,0.0,0.0,0.0,0.0,0.0,0.0,0.003375,0.003375,1467353364,1482591295,,,1620589000,15:36:40,20210509
18,2002-06-30,AWC.AX,USD,2002-06-30,2002-06-30,Q2,0.0,0.0,0.0,0.0,0.0,0.0,0.0,0.0,0.0,0.0,0.0,0.0,0.0,0.0,0.0,0.0,0.0,0.0,0.0,0.0,0.0,0.0,0.029901,0.029901,1466748142,1466748142,,,1620589000,15:36:40,20210509
19,2002-03-31,AWC.AX,USD,2002-03-31,2002-03-31,Q1,0.0,0.0,0.0,0.0,0.0,0.0,0.0,0.0,0.0,0.0,0.0,0.0,0.0,0.0,0.0,0.0,0.0,0.0,0.0,0.0,0.0,0.0,0.028365,0.028365,1464544920,1464544920,,,1620589000,15:36:40,20210509
20,2001-09-30,AWC.AX,USD,2001-09-30,2001-09-30,Q3,0.0,0.0,0.0,0.0,0.0,0.0,0.0,0.0,0.0,0.0,0.0,0.0,0.0,0.0,0.0,0.0,0.0,0.0,0.0,0.0,0.0,0.0,0.020762,0.020762,1512866848,1512866848,,,1620589000,15:36:40,20210509
21,2001-06-30,AWC.AX,USD,2001-06-30,2001-06-30,Q2,0.0,0.0,0.0,0.0,0.0,0.0,0.0,0.0,0.0,0.0,0.0,0.0,0.0,0.0,0.0,0.0,0.0,0.0,0.0,0.0,0.0,0.0,0.04816,0.04816,1451400800,1451400800,,,1620589000,15:36:40,20210509
22,2001-03-31,AWC.AX,USD,2001-03-31,2001-03-31,Q1,0.0,0.0,0.0,0.0,0.0,0.0,0.0,0.0,0.0,0.0,0.0,0.0,0.0,0.0,0.0,0.0,0.0,0.0,0.0,0.0,0.0,0.0,0.045961,0.045961,1452657152,1452657152,,,1620589000,15:36:40,20210509
23,2000-09-30,AWC.AX,USD,2000-09-30,2000-09-30,Q3,0.0,0.0,0.0,0.0,0.0,0.0,0.0,0.0,0.0,0.0,0.0,0.0,0.0,0.0,0.0,0.0,0.0,0.0,0.0,0.0,0.0,0.0,0.068258,0.06257,1440395781,1571340852,,,1620589000,15:36:40,20210509
24,2000-06-30,AWC.AX,USD,2000-06-30,2000-06-30,Q2,0.0,0.0,0.0,0.0,0.0,0.0,0.0,0.0,0.0,0.0,0.0,0.0,0.0,0.0,0.0,0.0,0.0,0.0,0.0,0.0,0.0,0.0,0.079635,0.079635,1511503238,1511503238,,,1620589000,15:36:40,20210509
25,2000-03-31,AWC.AX,USD,2000-03-31,2000-03-31,Q1,0.0,0.0,0.0,0.0,0.0,0.0,0.0,0.0,0.0,0.0,0.0,0.0,0.0,0.0,0.0,0.0,0.0,0.0,0.0,0.0,0.0,0.0,0.081531,0.081531,1499801775,1499801775,,,1620589000,15:36:40,20210509
26,1999-09-30,AWC.AX,USD,1999-09-30,1999-09-30,Q3,0.0,0.0,0.0,0.0,0.0,0.0,0.0,0.0,0.0,0.0,0.0,0.0,0.0,0.0,0.0,0.0,0.0,0.0,0.0,0.0,0.0,0.0,0.10618,0.10618,1475801197,1475801197,,,1620589000,15:36:40,20210509
27,1999-06-30,AWC.AX,USD,1999-06-30,1999-06-30,Q2,0.0,0.0,0.0,0.0,0.0,0.0,0.0,0.0,0.0,0.0,0.0,0.0,0.0,0.0,0.0,0.0,0.0,0.0,0.0,0.0,0.0,0.0,0.003792,0.003792,1508809907167,1508809907167,,,1620589000,15:36:40,20210509
28,1999-03-31,AWC.AX,USD,1999-03-31,1999-03-31,Q1,0.0,0.0,0.0,0.0,0.0,0.0,0.0,0.0,0.0,0.0,0.0,0.0,0.0,0.0,0.0,0.0,0.0,0.0,0.0,0.0,0.0,0.0,0.003792,0.003792,1582224640,1582224640,,,1620589000,15:36:40,20210509
29,1998-09-30,AWC.AX,USD,1998-09-30,1998-09-30,Q3,0.0,0.0,0.0,0.0,0.0,0.0,0.0,0.0,0.0,0.0,0.0,0.0,0.0,0.0,0.0,0.0,0.0,0.0,0.0,0.0,0.0,0.0,0.005688,0.005688,1810768199,1810768199,,,1620589000,15:36:40,20210509
30,1998-06-30,AWC.AX,USD,1998-06-30,1998-06-30,Q2,0.0,0.0,0.0,0.0,0.0,0.0,0.0,0.0,0.0,0.0,0.0,0.0,0.0,0.0,0.0,0.0,0.0,0.0,0.0,0.0,0.0,0.0,0.028441,0.028441,1459162724,1459162724,,,1620589000,15:36:40,20210509
31,1998-03-31,AWC.AX,USD,1998-03-31,1998-03-31,Q1,0.0,0.0,0.0,0.0,0.0,0.0,0.0,0.0,0.0,0.0,0.0,0.0,0.0,0.0,0.0,0.0,0.0,0.0,0.0,0.0,0.0,0.0,0.028441,0.028441,1459162724,1459162724,,,1620589000,15:36:40,20210509
32,1997-09-30,AWC.AX,USD,1997-09-30,1997-09-30,Q3,0.0,0.0,0.0,0.0,0.0,0.0,0.0,0.0,0.0,0.0,0.0,0.0,0.0,0.0,0.0,0.0,0.0,0.0,0.0,0.0,0.0,0.0,0.024649,0.024649,1456458066,1456458066,,,1620589000,15:36:40,20210509
33,1997-03-31,AWC.AX,USD,1997-03-31,1997-03-31,Q1,0.0,0.0,0.0,0.0,0.0,0.0,0.0,0.0,0.0,0.0,0.0,0.0,0.0,0.0,0.0,0.0,0.0,0.0,0.0,0.0,0.0,0.0,0.049298,0.049298,1458486559,1458486559,,,1620589000,15:36:40,20210509
34,1996-12-31,AWC.AX,USD,1996-12-31,1996-12-31,Q4,0.0,0.0,0.0,0.0,0.0,0.0,0.0,0.0,0.0,0.0,0.0,0.0,0.0,0.0,0.0,0.0,0.0,0.0,0.0,0.0,0.0,0.0,0.026545,0.026545,1469208594,1469208594,,,1620589000,15:36:40,20210509
35,1996-09-30,AWC.AX,USD,1996-09-30,1996-09-30,Q3,0.0,0.0,0.0,0.0,0.0,0.0,0.0,0.0,0.0,0.0,0.0,0.0,0.0,0.0,0.0,0.0,0.0,0.0,0.0,0.0,0.0,0.0,0.026545,0.026545,1469208594,1469208594,,,1620589000,15:36:40,20210509
36,1996-03-31,AWC.AX,USD,1996-03-31,1996-03-31,Q1,0.0,0.0,0.0,0.0,0.0,0.0,0.0,0.0,0.0,0.0,0.0,0.0,0.0,0.0,0.0,0.0,0.0,0.0,0.0,0.0,0.0,0.0,0.05309,0.05309,1576573838,1576573838,,,1620589000,15:36:40,20210509
37,1995-12-31,AWC.AX,USD,1995-12-31,1995-12-31,Q4,0.0,0.0,0.0,0.0,0.0,0.0,0.0,0.0,0.0,0.0,0.0,0.0,0.0,0.0,0.0,0.0,0.0,0.0,0.0,0.0,0.0,0.0,0.049298,0.049298,1359090396,1359090396,,,1620589000,15:36:40,20210509
38,1995-09-30,AWC.AX,USD,1995-09-30,1995-09-30,Q3,0.0,0.0,0.0,0.0,0.0,0.0,0.0,0.0,0.0,0.0,0.0,0.0,0.0,0.0,0.0,0.0,0.0,0.0,0.0,0.0,0.0,0.0,0.049298,0.049298,1403717245,1403717245,,,1620589000,15:36:40,20210509
39,1995-03-31,AWC.AX,USD,1995-03-31,1995-03-31,Q1,0.0,0.0,0.0,0.0,0.0,0.0,0.0,0.0,0.0,0.0,0.0,0.0,0.0,0.0,0.0,0.0,0.0,0.0,0.0,0.0,0.0,0.0,0.036025,0.036025,1468415499,1468415499,,,1620589000,15:36:40,20210509
40,1994-12-31,AWC.AX,USD,1994-12-31,1994-12-31,Q4,0.0,0.0,0.0,0.0,0.0,0.0,0.0,0.0,0.0,0.0,0.0,0.0,0.0,0.0,0.0,0.0,0.0,0.0,0.0,0.0,0.0,0.0,0.036025,0.036025,1468415499,1468415499,,,1620589000,15:36:40,20210509
41,1994-09-30,AWC.AX,USD,1994-09-30,1994-09-30,Q3,0.0,0.0,0.0,0.0,0.0,0.0,0.0,0.0,0.0,0.0,0.0,0.0,0.0,0.0,0.0,0.0,0.0,0.0,0.0,0.0,0.0,0.0,0.036025,0.036025,1468415499,1468415499,,,1620589000,15:36:40,20210509
42,1994-03-31,AWC.AX,USD,1994-03-31,1994-03-31,Q1,0.0,0.0,0.0,0.0,0.0,0.0,0.0,0.0,0.0,0.0,0.0,0.0,0.0,0.0,0.0,0.0,0.0,0.0,0.0,0.0,0.0,0.0,0.015169,0.015169,1331705739,1331705739,,,1620589000,15:36:40,20210509
43,1993-12-31,AWC.AX,USD,1993-12-31,1993-12-31,Q4,0.0,0.0,0.0,0.0,0.0,0.0,0.0,0.0,0.0,0.0,0.0,0.0,0.0,0.0,0.0,0.0,0.0,0.0,0.0,0.0,0.0,0.0,0.015169,0.015169,1331705739,1331705739,,,1620589000,15:36:40,20210509
44,1993-09-30,AWC.AX,USD,1993-09-30,1993-09-30,Q3,0.0,0.0,0.0,0.0,0.0,0.0,0.0,0.0,0.0,0.0,0.0,0.0,0.0,0.0,0.0,0.0,0.0,0.0,0.0,0.0,0.0,0.0,0.015169,0.015169,1331705739,1331705739,,,1620589000,15:36:40,20210509
45,1993-03-31,AWC.AX,USD,1993-03-31,1993-03-31,Q1,0.0,0.0,0.0,0.0,0.0,0.0,0.0,0.0,0.0,0.0,0.0,0.0,0.0,0.0,0.0,0.0,0.0,0.0,0.0,0.0,0.0,0.0,0.00948,0.00948,1307972369,1307972369,,,1620589000,15:36:40,20210509
46,1992-12-31,AWC.AX,USD,1992-12-31,1992-12-31,Q4,0.0,0.0,0.0,0.0,0.0,0.0,0.0,0.0,0.0,0.0,0.0,0.0,0.0,0.0,0.0,0.0,0.0,0.0,0.0,0.0,0.0,0.0,0.00948,0.00948,1307972369,1307972369,,,1620589000,15:36:40,20210509
47,1992-09-30,AWC.AX,USD,1992-09-30,1992-09-30,Q3,0.0,0.0,0.0,0.0,0.0,0.0,0.0,0.0,0.0,0.0,0.0,0.0,0.0,0.0,0.0,0.0,0.0,0.0,0.0,0.0,0.0,0.0,0.00948,0.00948,1307972369,1307972369,,,1620589000,15:36:40,20210509
48,1992-03-31,AWC.AX,USD,1992-03-31,1992-03-31,Q1,0.0,0.0,0.0,0.0,0.0,0.0,0.0,0.0,0.0,0.0,0.0,0.0,0.0,0.0,0.0,0.0,0.0,0.0,0.0,0.0,0.0,0.0,-0.007584,-0.007584,1160298069,1160298069,,,1620589000,15:36:40,20210509
49,1991-12-31,AWC.AX,USD,1991-12-31,1991-12-31,Q4,0.0,0.0,0.0,0.0,0.0,0.0,0.0,0.0,0.0,0.0,0.0,0.0,0.0,0.0,0.0,0.0,0.0,0.0,0.0,0.0,0.0,0.0,-0.007584,-0.007584,1160298069,1160298069,,,1620589000,15:36:40,20210509
50,1991-09-30,AWC.AX,USD,1991-09-30,1991-09-30,Q3,0.0,0.0,0.0,0.0,0.0,0.0,0.0,0.0,0.0,0.0,0.0,0.0,0.0,0.0,0.0,0.0,0.0,0.0,0.0,0.0,0.0,0.0,-0.007584,-0.007584,1160298069,1160298069,,,1620589000,15:36:40,20210509
51,1991-03-31,AWC.AX,USD,1991-03-31,1991-03-31,Q1,0.0,0.0,0.0,0.0,0.0,0.0,0.0,0.0,0.0,0.0,0.0,0.0,0.0,0.0,0.0,0.0,0.0,0.0,0.0,0.0,0.0,0.0,0.06257,0.06257,1066003874,1066003874,,,1620589000,15:36:40,20210509
52,1990-12-31,AWC.AX,USD,1990-12-31,1990-12-31,Q4,0.0,0.0,0.0,0.0,0.0,0.0,0.0,0.0,0.0,0.0,0.0,0.0,0.0,0.0,0.0,0.0,0.0,0.0,0.0,0.0,0.0,0.0,0.06257,0.06257,1066003874,1066003874,,,1620589000,15:36:40,20210509
53,1990-09-30,AWC.AX,USD,1990-09-30,1990-09-30,Q3,0.0,0.0,0.0,0.0,0.0,0.0,0.0,0.0,0.0,0.0,0.0,0.0,0.0,0.0,0.0,0.0,0.0,0.0,0.0,0.0,0.0,0.0,0.06257,0.06257,1066003874,1066003874,,,1620589000,15:36:40,20210509
54,1990-03-31,AWC.AX,USD,1990-03-31,1990-03-31,Q1,0.0,0.0,0.0,0.0,0.0,0.0,0.0,0.0,0.0,0.0,0.0,0.0,0.0,0.0,0.0,0.0,0.0,0.0,0.0,0.0,0.0,0.0,0.060674,0.060674,1288558472,1288558472,,,1620589000,15:36:40,20210509
55,1989-12-31,AWC.AX,USD,1989-12-31,1989-12-31,Q4,0.0,0.0,0.0,0.0,0.0,0.0,0.0,0.0,0.0,0.0,0.0,0.0,0.0,0.0,0.0,0.0,0.0,0.0,0.0,0.0,0.0,0.0,0.060674,0.060674,1288558472,1288558472,,,1620589000,15:36:40,20210509
56,1989-09-30,AWC.AX,USD,1989-09-30,1989-09-30,Q3,0.0,0.0,0.0,0.0,0.0,0.0,0.0,0.0,0.0,0.0,0.0,0.0,0.0,0.0,0.0,0.0,0.0,0.0,0.0,0.0,0.0,0.0,0.060674,0.060674,1288558472,1288558472,,,1620589000,15:36:40,20210509
57,1989-03-31,AWC.AX,USD,1989-03-31,1989-03-31,Q1,0.0,0.0,0.0,0.0,0.0,0.0,0.0,0.0,0.0,0.0,0.0,0.0,0.0,0.0,0.0,0.0,0.0,0.0,0.0,0.0,0.0,0.0,0.013272,0.013272,1288558472,1288558472,,,1620589000,15:36:40,20210509
58,1988-12-31,AWC.AX,USD,1988-12-31,1988-12-31,Q4,0.0,0.0,0.0,0.0,0.0,0.0,0.0,0.0,0.0,0.0,0.0,0.0,0.0,0.0,0.0,0.0,0.0,0.0,0.0,0.0,0.0,0.0,0.013272,0.013272,1288558472,1288558472,,,1620589000,15:36:40,20210509
59,1988-09-30,AWC.AX,USD,1988-09-30,1988-09-30,Q3,0.0,0.0,0.0,0.0,0.0,0.0,0.0,0.0,0.0,0.0,0.0,0.0,0.0,0.0,0.0,0.0,0.0,0.0,0.0,0.0,0.0,0.0,0.013272,0.013272,1288558472,1288558472,,,1620589000,15:36:40,20210509
60,1988-03-31,AWC.AX,USD,1988-03-31,1988-03-31,Q1,0.0,0.0,0.0,0.0,0.0,0.0,0.0,0.0,0.0,0.0,0.0,0.0,0.0,0.0,0.0,0.0,0.0,0.0,0.0,0.0,0.0,0.0,0.00948,0.00948,1288558472,1288558472,,,1620589000,15:36:40,20210509
61,1987-12-31,AWC.AX,USD,1987-12-31,1987-12-31,Q4,0.0,0.0,0.0,0.0,0.0,0.0,0.0,0.0,0.0,0.0,0.0,0.0,0.0,0.0,0.0,0.0,0.0,0.0,0.0,0.0,0.0,0.0,0.007584,0.007584,1288558472,1288558472,,,1620589000,15:36:40,20210509
62,1987-09-30,AWC.AX,USD,1987-09-30,1987-09-30,Q3,0.0,0.0,0.0,0.0,0.0,0.0,0.0,0.0,0.0,0.0,0.0,0.0,0.0,0.0,0.0,0.0,0.0,0.0,0.0,0.0,0.0,0.0,0.007584,0.007584,1288558472,1288558472,,,1620589000,15:36:40,20210509
