,date,symbol,reportedCurrency,fillingDate,acceptedDate,period,revenue,costOfRevenue,grossProfit,grossProfitRatio,researchAndDevelopmentExpenses,generalAndAdministrativeExpenses,sellingAndMarketingExpenses,otherExpenses,operatingExpenses,costAndExpenses,interestExpense,depreciationAndAmortization,ebitda,ebitdaratio,operatingIncome,operatingIncomeRatio,totalOtherIncomeExpensesNet,incomeBeforeTax,incomeBeforeTaxRatio,incomeTaxExpense,netIncome,netIncomeRatio,eps,epsdiluted,weightedAverageShsOut,weightedAverageShsOutDil,link,finalLink,timestamp,est_time,est_date
0,2020-12-31,RAMCOSYS.NS,INR,2020-12-31,2020-12-31,Q4,1713790000,9800000.0,1703990000,0.994281679785738,0.0,0.0,0.0,28370000.0,1279590000,1289390000,18140000.0,171230000,595630000.0,0.34755133359396423,424400000,0.24763827540130354,0.0,360830000.0,0.2105450492767492,179530000.0,178910000.0,0.10439435403404151,5.84,5.84,30635274,30635274,https://www.nseindia.com/companies-listing/corporate-filings-annual-reports,https://www.nseindia.com/companies-listing/corporate-filings-annual-reports,1620597060,17:51:00,20210509
1,2020-09-30,RAMCOSYS.NS,INR,2020-09-30,2020-09-30,Q3,1598210000,676180000.0,922030000,0.5769141727307425,0.0,0.0,0.0,52740000.0,657990000,1334170000,26960000.0,174000000,438040000.0,0.2740816288222449,264040000,0.16520982849562948,0.0,289820000.0,0.18134037454402113,120520000.0,167140000.0,0.1045794983137385,5.46,5.46,30611722,30611722,https://www.nseindia.com/companies-listing/corporate-filings-annual-reports,https://www.nseindia.com/companies-listing/corporate-filings-annual-reports,1620597060,17:51:00,20210509
2,2020-06-30,RAMCOSYS.NS,INR,2020-06-30,2020-06-30,Q2,1452450000,650200000.0,802250000,0.5523425935488313,0.0,0.0,0.0,33860000.0,465800000,1116000000,28640000.0,174060000,510510000.0,0.35148197872560155,336450000,0.2316430858205102,0.0,280750000.0,0.19329408929739406,138910000.0,138170000.0,0.0951289201005198,4.51,4.51,30636364,30636364,https://www.nseindia.com/companies-listing/corporate-filings-annual-reports,https://www.nseindia.com/companies-listing/corporate-filings-annual-reports,1620597060,17:51:00,20210509
3,2020-03-31,RAMCOSYS.NS,INR,2020-03-31,2020-03-31,Q1,1328720000,598650000.0,730070000,0.5494536094888314,0.0,0.0,0.0,-64060000.0,407090000,1005740000,26900000.0,-290090000,32890000.0,0.024753145884761275,322980000,0.24307604310915767,0.0,20210000.0,0.015210127039556867,74750000.0,-58520000.0,-0.044042386657836115,-1.911685987478914,-1.911685987478914,30611722,30611722,https://www.nseindia.com/companies-listing/corporate-filings-annual-reports,https://www.nseindia.com/companies-listing/corporate-filings-annual-reports,1620597060,17:51:00,20210509
4,2019-12-31,RAMCOSYS.NS,INR,2019-12-31,2019-12-31,Q4,1470980000,693420000.0,777560000,0.5285999809650709,0.0,0.0,0.0,21370000.0,654890000,1348310000,32000000.0,169240000,291910000.0,0.19844593400318156,122670000,0.08339338400250174,0.0,112040000.0,0.07616690913540633,52680000.0,57790000.0,0.039286734014058654,1.89,1.89,30576720,30576720,https://www.nseindia.com/companies-listing/corporate-filings-annual-reports,https://www.nseindia.com/companies-listing/corporate-filings-annual-reports,1620597060,17:51:00,20210509
5,2019-09-30,RAMCOSYS.NS,INR,2019-09-30,2019-09-30,Q3,1492760000,658730000.0,834030000,0.5587167394624722,0.0,0.0,0.0,21650000.0,687780000,1346510000,31570000.0,164300000,310550000.0,0.208037460810847,146250000,0.09797288244593906,0.0,136650000.0,0.09154184195717999,61760000.0,73980000.0,0.04955920576649964,2.42,2.42,30570248,30570248,https://www.nseindia.com/companies-listing/corporate-filings-annual-reports,https://www.nseindia.com/companies-listing/corporate-filings-annual-reports,1620597060,17:51:00,20210509
6,2019-06-30,RAMCOSYS.NS,INR,2019-06-30,2019-06-30,Q2,1396700000,622600000.0,774100000,0.5542349824586525,0.0,0.0,0.0,22350000.0,698580000,1321180000,29620000.0,164520000,240040000.0,0.17186224672442185,75520000,0.05407030858452066,0.0,68250000.0,0.04886518221522159,38780000.0,28490000.0,0.02039808119137968,0.93,0.93,30634409,30634409,https://www.nseindia.com/companies-listing/corporate-filings-annual-reports,https://www.nseindia.com/companies-listing/corporate-filings-annual-reports,1620597060,17:51:00,20210509
7,2019-03-31,RAMCOSYS.NS,INR,2019-03-31,2019-03-31,Q1,1414430000,561120000.0,853310000,0.6032889573891956,0.0,0.0,0.0,-71840000.0,388380000,949500000,10750000.0,-304460000,160470000.0,0.11345206196135546,464930000,0.3287048493032529,0.0,140370000.0,0.09924139052480505,50710000.0,87330000.0,0.06174218589820635,2.8528287301184823,2.8528287301184823,30611722,30611722,https://www.nseindia.com/companies-listing/corporate-filings-annual-reports,https://www.nseindia.com/companies-listing/corporate-filings-annual-reports,1620597060,17:51:00,20210509
8,2018-12-31,RAMCOSYS.NS,INR,2018-12-31,2018-12-31,Q4,1435810000,600680000.0,835130000,0.5816438108106226,0.0,0.0,0.0,19250000.0,689060000,1289740000,13790000.0,129520000,275590000.0,0.19194043780165898,146070000,0.10173351627304449,0.0,26640000.0,0.018553986948133806,55660000.0,-29720000.0,-0.020699117571266395,-0.97,-0.97,30639175,30639175,https://www.nseindia.com/companies-listing/corporate-filings-annual-reports,https://www.nseindia.com/companies-listing/corporate-filings-annual-reports,1620597060,17:51:00,20210509
9,2018-09-30,RAMCOSYS.NS,INR,2018-09-30,2018-09-30,Q3,1314720000,616680000.0,698040000,0.5309419496166484,0.0,0.0,0.0,32990000.0,599000000,1215680000,8680000.0,129900000,228940000.0,0.17413593769015456,99040000,0.07533162954849702,0.0,123350000.0,0.09382225873189728,82560000.0,39070000.0,0.029717354265547037,1.28,1.28,30523438,30523438,https://www.nseindia.com/companies-listing/corporate-filings-annual-reports,https://www.nseindia.com/companies-listing/corporate-filings-annual-reports,1620597060,17:51:00,20210509
10,2018-06-30,RAMCOSYS.NS,INR,2018-06-30,2018-06-30,Q2,1256340000,576730000.0,679610000,0.5409443303564322,0.0,0.0,0.0,20890000.0,559580000,1136310000,7560000.0,125400000,245430000.0,0.1953531687282105,120030000,0.09553942404126271,0.0,133360000.0,0.10614960918222774,65680000.0,67100000.0,0.05340910899915628,2.2,2.2,30500000,30500000,https://www.nseindia.com/companies-listing/corporate-filings-annual-reports,https://www.nseindia.com/companies-listing/corporate-filings-annual-reports,1620597060,17:51:00,20210509
11,2018-03-31,RAMCOSYS.NS,INR,2018-03-31,2018-03-31,Q1,1185800000,522230000.0,663570000,0.5595968966098837,0.0,0.0,0.0,27110000.0,578210000,1100440000,3830000.0,123460000,208820000.0,0.17610052285376962,85360000,0.07198515769944341,0.0,110050000.0,0.0928065441052454,67030000.0,42430000.0,0.03578175071681565,1.39,1.39,30525180,30525180,https://www.nseindia.com/companies-listing/corporate-filings-annual-reports,https://www.nseindia.com/companies-listing/corporate-filings-annual-reports,1620597060,17:51:00,20210509
12,2017-12-31,RAMCOSYS.NS,INR,2017-12-31,2017-12-31,Q4,1251530000,530010000.0,721520000,0.5765103513299721,0.0,0.0,0.0,0.0,629500000,1159510000,4620000.0,126740000,218760000.0,0.17479405208025378,92020000,0.07352600417089482,0.0,87400000.0,0.06983452254440564,49700000.0,35560000.0,0.028413222216007606,1.17,1.17,30393162,30393162,https://www.nseindia.com/companies-listing/corporate-filings-annual-reports,https://www.nseindia.com/companies-listing/corporate-filings-annual-reports,1620597060,17:51:00,20210509
13,2017-09-30,RAMCOSYS.NS,INR,2017-09-30,2017-09-30,Q3,1151480000,485020000.0,666460000,0.5787855629277104,0.0,0.0,0.0,0.0,518590000,1003610000,3180000.0,126650000,274520000.0,0.23840622503213255,147870000,0.1284173411609407,0.0,144690000.0,0.1256556779101678,79700000.0,65330000.0,0.056735679299683886,2.15,2.15,30386047,30386047,https://www.nseindia.com/companies-listing/corporate-filings-annual-reports,https://www.nseindia.com/companies-listing/corporate-filings-annual-reports,1620597060,17:51:00,20210509
14,2017-06-30,RAMCOSYS.NS,INR,2017-06-30,2017-06-30,Q2,1103380000,488550000.0,614830000,0.5572241657452555,0.0,0.0,0.0,24710000.0,637560000,1126110000,1460000.0,124130000,101400000.0,0.09189943627761968,-22730000,-0.0206003371458609,0.0,520000.0,0.0004712791603980496,30540000.0,-30470000.0,-0.02761514618717033,-1.0,-1.0,30470000,30470000,https://www.nseindia.com/companies-listing/corporate-filings-annual-reports,https://www.nseindia.com/companies-listing/corporate-filings-annual-reports,1620597060,17:51:00,20210509
15,2017-03-31,RAMCOSYS.NS,INR,2017-03-31,2017-03-31,Q1,1143080000,558650000.0,584430000,0.5112765510725409,0.0,0.0,0.0,72940000.0,989480000,1548130000,2450000.0,118480000,-286570000.0,-0.25069986352661233,-405050000,-0.3543496518178955,0.0,-333060000.0,-0.2913706827168702,-413230000.0,79060000.0,0.0691640130174616,2.62,2.62,30175573,30175573,https://www.nseindia.com/companies-listing/corporate-filings-annual-reports,https://www.nseindia.com/companies-listing/corporate-filings-annual-reports,1620597060,17:51:00,20210509
16,2016-12-31,RAMCOSYS.NS,INR,2016-12-31,2016-12-31,Q4,1128200000,538150000.0,590050000,0.5230012409147314,0.0,0.0,0.0,6990000.0,620120000,1158270000,3180000.0,120430000,90360000.0,0.08009218223719199,-30070000,-0.02665307569579862,0.0,-26260000.0,-0.023276014890976776,-57020000.0,30240000.0,0.026803758198900903,1.01,1.01,29940594,29940594,https://www.nseindia.com/companies-listing/corporate-filings-annual-reports,https://www.nseindia.com/companies-listing/corporate-filings-annual-reports,1620597060,17:51:00,20210509
17,2016-09-30,RAMCOSYS.NS,INR,2016-09-30,2016-09-30,Q3,1123880000,491270000.0,632610000,0.5628803786881161,0.0,0.0,0.0,0.0,600660000,1091930000,5690000.0,119710000,151660000.0,0.134943232373563,31950000,0.028428301953945263,0.0,26260000.0,0.023365483859486776,37210000.0,-11650000.0,-0.010365875360358757,-0.39,-0.39,29871795,29871795,https://www.nseindia.com/companies-listing/corporate-filings-annual-reports,https://www.nseindia.com/companies-listing/corporate-filings-annual-reports,1620597060,17:51:00,20210509
18,2016-06-30,RAMCOSYS.NS,INR,2016-06-30,2016-06-30,Q2,1096610000,509900000.0,586710000,0.5350215664639206,0.0,0.0,0.0,0.0,556090000,1065990000,2030000.0,118980000,149600000.0,0.13642042293978715,30620000,0.02792241544395911,0.0,28590000.0,0.026071255961554244,19810000.0,9000000.0,0.00820711100573586,0.300093,0.300093,29990736,29990736,https://www.nseindia.com/companies-listing/corporate-filings-annual-reports,https://www.nseindia.com/companies-listing/corporate-filings-annual-reports,1620597060,17:51:00,20210509
19,2016-03-31,RAMCOSYS.NS,INR,2016-03-31,2016-03-31,Q1,1202150000,548560000.0,653590000,0.5436842324169197,0.0,0.0,0.0,11770000.0,562680000,1111240000,750000.0,115860000,206770000.0,0.1720001663685896,90910000,0.0756228424073535,0.0,105960000.0,0.08814207877552718,35020000.0,70930000.0,0.059002620305286364,2.41,2.32,29431535,30573276,https://www.nseindia.com/companies-listing/corporate-filings-annual-reports,https://www.nseindia.com/companies-listing/corporate-filings-annual-reports,1620597060,17:51:00,20210509
20,2015-12-31,RAMCOSYS.NS,INR,2015-12-31,2015-12-31,Q4,1156730000,472000000.0,684730000,0.5919531783562283,0.0,0.0,0.0,0.0,533600000,1005600000,790000.0,116830000,267960000.0,0.2316530218806463,151130000,0.13065278846403222,0.0,150340000.0,0.12996982874136576,33040000.0,117070000.0,0.10120771485134819,4.01,3.84,29194514,30486979,https://www.nseindia.com/companies-listing/corporate-filings-annual-reports,https://www.nseindia.com/companies-listing/corporate-filings-annual-reports,1620597060,17:51:00,20210509
21,2015-09-30,RAMCOSYS.NS,INR,2015-09-30,2015-09-30,Q3,1061400000,443910000.0,617490000,0.5817693612210288,0.0,0.0,0.0,0.0,501150000,945060000,0.0,115010000,231350000.0,0.21796683625400415,116340000,0.10960994912379876,0.0,116340000.0,0.10960994912379876,17390000.0,99140000.0,0.09340493687582438,3.44,3.28,28819767,30225610,https://www.nseindia.com/companies-listing/corporate-filings-annual-reports,https://www.nseindia.com/companies-listing/corporate-filings-annual-reports,1620597060,17:51:00,20210509
22,2015-06-30,RAMCOSYS.NS,INR,2015-06-30,2015-06-30,Q2,1026520000,456570000.0,569950000,0.5552254218135059,0.0,0.0,0.0,0.0,460280000,916850000,34420000.0,113960000,223630000.0,0.21785255036433776,109670000,0.10683669095585084,0.0,75250000.0,0.07330592682071464,3600000.0,71430000.0,0.06958461598410162,2.55,2.43,28011765,29395062,https://www.nseindia.com/companies-listing/corporate-filings-annual-reports,https://www.nseindia.com/companies-listing/corporate-filings-annual-reports,1620597060,17:51:00,20210509
23,2015-03-31,RAMCOSYS.NS,INR,2015-03-31,2015-03-31,Q1,1010120000,415130000.0,594990000,0.5890290262543064,0.0,0.0,0.0,0.0,517460000,932590000,0.0,112150000,189680000.0,0.18777966974220886,77530000,0.07675325703876767,0.0,55280000.0,0.054726171147982415,13730000.0,43540000.0,0.0431037896487546,1.4223309619759386,1.4223309619759386,30611722,30611722,https://www.nseindia.com/companies-listing/corporate-filings-annual-reports,https://www.nseindia.com/companies-listing/corporate-filings-annual-reports,1620597060,17:51:00,20210509
24,2014-12-31,RAMCOSYS.NS,INR,2014-12-31,2014-12-31,Q4,959280000,420620000.0,538660000,0.5615253106496539,0.0,0.0,0.0,0.0,424860000,845480000,0.0,112360000,226160000.0,0.23576015344841963,113800000,0.11863063964640147,0.0,86520000.0,0.09019264448336252,5440000.0,80280000.0,0.08368776582436828,3.58,3.58,22424581,22424581,https://www.nseindia.com/companies-listing/corporate-filings-annual-reports,https://www.nseindia.com/companies-listing/corporate-filings-annual-reports,1620597060,17:51:00,20210509
25,2014-09-30,RAMCOSYS.NS,INR,2014-09-30,2014-09-30,Q3,867220000,5330000.0,861890000,0.9938539240331173,0.0,0.0,0.0,0.0,797500000,802830000,0.0,94142500,158532500.0,0.18280540116694727,64390000,0.07424874887571781,0.0,32650000.0,0.03764903945942206,470000.0,31620000.0,0.036461336223795576,1.47,1.39,21510204,22748201,https://www.nseindia.com/companies-listing/corporate-filings-annual-reports,https://www.nseindia.com/companies-listing/corporate-filings-annual-reports,1620597060,17:51:00,20210509
26,2014-06-30,RAMCOSYS.NS,INR,2014-06-30,2014-06-30,Q2,768240000,13670000.0,754570000,0.9822060814328856,0.0,0.0,0.0,0.0,743110000,756780000,0.0,110940000,122400000.0,0.15932521087160262,11460000,0.014917213370821619,0.0,-23650000.0,-0.030784650630011456,4810000.0,-28720000.0,-0.03738415078621264,-1.52,-1.52,18894737,18894737,https://www.nseindia.com/companies-listing/corporate-filings-annual-reports,https://www.nseindia.com/companies-listing/corporate-filings-annual-reports,1620597060,17:51:00,20210509
27,2014-03-31,RAMCOSYS.NS,INR,2014-03-31,2014-03-31,Q1,732250000,1362880000.0,-630630000,-0.8612222601570502,0.0,0.0,0.0,0.0,-726620000,636260000,0.0,90950000,186940000.0,0.25529532263571186,95990000,0.1310891089108911,0.0,11330000.0,0.015472857630590645,8330000.0,4200000.0,0.0057357459883919425,0.13720234359896513,0.13720234359896513,30611722,30611722,https://www.nseindia.com/companies-listing/corporate-filings-annual-reports,https://www.nseindia.com/companies-listing/corporate-filings-annual-reports,1620597060,17:51:00,20210509
28,2013-12-31,RAMCOSYS.NS,INR,2013-12-31,2013-12-31,Q4,676490000,8730000.0,667760000,0.9870951529216988,0.0,0.0,0.0,0.0,689640000,698370000,0.0,96170000,74290000.0,0.1098168487339059,-21880000,-0.03234341971056483,0.0,-53900000.0,-0.0796759745155139,0.0,-54890000.0,-0.08113941078212539,-3.326483,-3.326483,16500909,16500909,https://www.nseindia.com/companies-listing/corporate-filings-annual-reports,https://www.nseindia.com/companies-listing/corporate-filings-annual-reports,1620597060,17:51:00,20210509
29,2013-09-30,RAMCOSYS.NS,INR,2013-09-30,2013-09-30,Q3,628850000,1910000.0,626940000,0.9969627097081976,0.0,0.0,0.0,0.0,694150000,696060000,0.0,94670000,27460000.0,0.043667011210940604,-67210000,-0.10687763377594021,0.0,-93810000.0,-0.14917706925339907,0.0,-93410000.0,-0.14854098751689593,-5.661694,-5.661694,16498596,16498596,https://www.nseindia.com/companies-listing/corporate-filings-annual-reports,https://www.nseindia.com/companies-listing/corporate-filings-annual-reports,1620597060,17:51:00,20210509
30,2013-06-30,RAMCOSYS.NS,INR,2013-06-30,2013-06-30,Q2,593060000,3360000.0,589700000,0.9943344686878225,0.0,0.0,0.0,0.0,659700000,663060000,0.0,94780000,24780000.0,0.04178329342730921,-70000000,-0.11803190233703166,0.0,-92920000.0,-0.1566789195022426,0.0,-93430000.0,-0.15753886621926955,-5.661694,-5.661694,16502129,16502129,https://www.nseindia.com/companies-listing/corporate-filings-annual-reports,https://www.nseindia.com/companies-listing/corporate-filings-annual-reports,1620597060,17:51:00,20210509
31,2013-03-31,RAMCOSYS.NS,INR,2013-03-31,2013-03-31,Q1,691220000,11310000.0,679910000,0.983637626226093,0.0,0.0,0.0,0.0,767750000,779060000,0.0,86360000,-1480000.0,-0.002141141749370678,-87840000,-0.1270796562599462,0.0,-59200000.0,-0.08564566997482712,0.0,-59120000.0,-0.08552993258296925,-1.9312863222787662,-1.9312863222787662,30611722,30611722,https://www.nseindia.com/companies-listing/corporate-filings-annual-reports,https://www.nseindia.com/companies-listing/corporate-filings-annual-reports,1620597060,17:51:00,20210509
32,2012-12-31,RAMCOSYS.NS,INR,2012-12-31,2012-12-31,Q4,661980000,39190000.0,622790000,0.9407988156741895,0.0,0.0,0.0,0.0,677000000,716190000,15340000.0,86580000,32370000.0,0.04889875827064262,-54210000,-0.0818906915616786,0.0,-69550000.0,-0.1050635970875253,0.0,-69350000.0,-0.10476147315628871,-4.222442,-4.222442,16450826,16450826,https://www.nseindia.com/companies-listing/corporate-filings-annual-reports,https://www.nseindia.com/companies-listing/corporate-filings-annual-reports,1620597060,17:51:00,20210509
33,2012-09-30,RAMCOSYS.NS,INR,2012-09-30,2012-09-30,Q3,588530000,26250000.0,562280000,0.9553973459296893,0.0,0.0,0.0,0.0,674870000,701120000,15670000.0,79850000,-32740000.0,-0.05563012930521809,-112590000,-0.19130715511528723,0.0,-128260000.0,-0.21793281565935466,0.0,-127850000.0,-0.21723616468149456,-7.806275,-7.806275,16450826,16450826,https://www.nseindia.com/companies-listing/corporate-filings-annual-reports,https://www.nseindia.com/companies-listing/corporate-filings-annual-reports,1620597060,17:51:00,20210509
34,2012-06-30,RAMCOSYS.NS,INR,2012-06-30,2012-06-30,Q2,450990000,750000.0,450240000,0.9983369919510411,0.0,0.0,0.0,0.0,590470000,591220000,10640000.0,77750000,-62480000.0,-0.1385396571986075,-140230000,-0.3109381582740194,0.0,-150870000.0,-0.3345306991285838,0.0,-149830000.0,-0.332224661300694,-0.915021,-0.915021,16444471,16444471,https://www.nseindia.com/companies-listing/corporate-filings-annual-reports,https://www.nseindia.com/companies-listing/corporate-filings-annual-reports,1620597060,17:51:00,20210509
