,date,symbol,reportedCurrency,fillingDate,acceptedDate,period,revenue,costOfRevenue,grossProfit,grossProfitRatio,researchAndDevelopmentExpenses,generalAndAdministrativeExpenses,sellingAndMarketingExpenses,otherExpenses,operatingExpenses,costAndExpenses,interestExpense,depreciationAndAmortization,ebitda,ebitdaratio,operatingIncome,operatingIncomeRatio,totalOtherIncomeExpensesNet,incomeBeforeTax,incomeBeforeTaxRatio,incomeTaxExpense,netIncome,netIncomeRatio,eps,epsdiluted,weightedAverageShsOut,weightedAverageShsOutDil,link,finalLink,timestamp,est_time,est_date
0,2020-12-31,MGLN,USD,2021-02-26,2021-02-26 17:12:28,Q4,1184960000,1181019000.0,3941000.0,0.003325850661625709,0.0,0.0,0.0,-9170000.0,26411000.0,1207430000.0,6626000.0,30684000.0,8214000.0,0.006931879557115852,-22470000.0,-0.018962665406427222,-9170000.0,-36331000.0,-0.03066010667026735,-11635000.0,268933000.0,0.22695534026465028,10.43,10.43,25781000,25781000,https://www.sec.gov/Archives/edgar/data/19411/000155837021002031/0001558370-21-002031-index.htm,https://www.sec.gov/Archives/edgar/data/19411/000155837021002031/mgln-20201231x10k.htm,1620594964,17:16:04,20210509
1,2020-09-30,MGLN,USD,2020-10-29,2020-10-29 15:29:05,Q3,1170117000,1141477000.0,28640000.0,0.024476184860146463,0.0,0.0,0.0,-16599000.0,24730000.0,1166207000.0,7286000.0,30110000.0,34020000.0,0.02907401567535554,3910000.0,0.003341546187261616,-16599000.0,-19626000.0,-0.016772681706188355,-2330000.0,11647000.0,0.009953705484152439,0.46,0.46,25448000,25448000,https://www.sec.gov/Archives/edgar/data/19411/000155837020012026/0001558370-20-012026-index.htm,https://www.sec.gov/Archives/edgar/data/19411/000155837020012026/mgln-20200930x10q.htm,1620594964,17:16:04,20210509
2,2020-06-30,MGLN,USD,2020-07-29,2020-07-29 12:26:27,Q2,1100075000,1049654000.0,50421000.0,0.045834147671749655,0.0,0.0,0.0,-8309000.0,23888000.0,1073542000.0,7995000.0,29267000.0,55800000.0,0.050723814285389635,26533000.0,0.024119264595595755,-8309000.0,10780000.0,0.009799331863736563,-36328000.0,83505000.0,0.07590846078676454,3.33,3.3,25054000,25278000,https://www.sec.gov/Archives/edgar/data/19411/000155837020008592/0001558370-20-008592-index.htm,https://www.sec.gov/Archives/edgar/data/19411/000155837020008592/mgln-20200630x10q.htm,1620594964,17:16:04,20210509
3,2020-03-31,MGLN,USD,2020-05-11 00:00:00,2020-05-11 15:55:16,Q1,1794307000,1725515000.0,68792000.0,0.03833903562768244,0.0,0.0,0.0,0.0,28684000.0,1754199000.0,9029000.0,28684000.0,68792000.0,0.03833903562768244,40108000.0,0.022352919539409922,0.0,34838000.0,0.019415852471176893,16588000.0,18250000.0,0.010171057684108684,0.74,0.73,24728000,24869000,https://www.sec.gov/Archives/edgar/data/19411/000155837020006224/0001558370-20-006224-index.htm,https://www.sec.gov/Archives/edgar/data/19411/000155837020006224/mgln-20200511x10q.htm,1620594964,17:16:04,20210509
4,2019-12-31,MGLN,USD,2020-02-28 00:00:00,2020-02-28 12:41:33,Q4,1802657000,1735343000.0,67314000.0,0.03734154639512675,0.0,0.0,0.0,0.0,33154000.0,1768497000.0,8898000.0,33154000.0,67314000.0,0.03734154639512675,34160000.0,0.018949805758943603,0.0,29486000.0,0.016356966411247398,8902000.0,20584000.0,0.01141870028519014,0.8404720101261688,0.8265007026701465,24491000,24905000,https://www.sec.gov/Archives/edgar/data/19411/000155837020001745/0001558370-20-001745-index.html,https://www.sec.gov/Archives/edgar/data/19411/000155837020001745/mgln-20191231x10kee13da.htm,1620594964,17:16:04,20210509
5,2019-09-30,MGLN,USD,2019-11-01 00:00:00,2019-11-01 15:13:50,Q3,1828941000,1761605000.0,67336000.0,0.036816933952489445,0.0,0.0,0.0,0.0,34157000.0,1795762000.0,9007000.0,34157000.0,67336000.0,0.036816933952489445,33179000.0,0.018141099138791247,0.0,29142000.0,0.01593381087744219,7868000.0,21274000.0,0.011631867840460683,0.87,0.86,24426000,24708000,https://www.sec.gov/Archives/edgar/data/19411/000155837019009688/0001558370-19-009688-index.html,https://www.sec.gov/Archives/edgar/data/19411/000155837019009688/mgln-20190930x10qef27bd.htm,1620594964,17:16:04,20210509
6,2019-06-30,MGLN,USD,2019-07-30 00:00:00,2019-07-30 13:42:11,Q2,1788336000,1729507000.0,58829000.0,0.032895943491603366,0.0,0.0,0.0,0.0,33490000.0,1762997000.0,9141000.0,33490000.0,58829000.0,0.032895943491603366,25339000.0,0.014169037585778064,0.0,21219000.0,0.011865219958665485,7606000.0,13613000.0,0.007612104213078527,0.564831334799386,0.5575442332896461,24101000,24416000,https://www.sec.gov/Archives/edgar/data/19411/000155837019006530/0001558370-19-006530-index.html,https://www.sec.gov/Archives/edgar/data/19411/000155837019006530/mgln-20190630x10q.htm,1620594964,17:16:04,20210509
7,2019-03-31,MGLN,USD,2019-05-02 00:00:00,2019-05-02 15:48:40,Q1,1739489000,1703678000.0,35811000.0,0.02058708045868643,0.0,0.0,0.0,0.0,30708000.0,1734386000.0,9107000.0,30708000.0,35811000.0,0.02058708045868643,5103000.0,0.002933620160863334,0.0,970000.0,0.0005576350295977727,539000.0,431000.0,0.00024777391521303097,0.017998830702413763,0.01780035518110106,23946000,24213000,https://www.sec.gov/Archives/edgar/data/19411/000155837019003840/0001558370-19-003840-index.html,https://www.sec.gov/Archives/edgar/data/19411/000155837019003840/mgln-20190331x10q.htm,1620594964,17:16:04,20210509
8,2018-12-31,MGLN,USD,2019-02-28 00:00:00,2019-02-28 13:17:35,Q4,1844645000,1831534000.0,13111000.0,0.0071076006494474545,0.0,0.0,0.0,0.0,35358000.0,1866892000.0,9362000.0,35358000.0,13111000.0,0.0071076006494474545,-22247000.0,-0.012060315128385136,0.0,-27519000.0,-0.01491831761666879,448000.0,-27967000.0,-0.015161182775005489,-1.16,-1.16,24048000,24048000,https://www.sec.gov/Archives/edgar/data/19411/000155837019001288/0001558370-19-001288-index.html,https://www.sec.gov/Archives/edgar/data/19411/000155837019001288/mgln-20181231x10k.htm,1620594964,17:16:04,20210509
9,2018-09-30,MGLN,USD,2018-11-07 00:00:00,2018-11-07 10:36:43,Q3,1853506000,1774647000.0,78859000.0,0.0425458563392835,0.0,0.0,0.0,0.0,33047000.0,1807694000.0,8990000.0,33047000.0,78859000.0,0.0425458563392835,45812000.0,0.024716402320790976,0.0,40961000.0,0.0220992001104933,13816000.0,27145000.0,0.014645218305201062,1.11,1.09,24433000,24928000,https://www.sec.gov/Archives/edgar/data/19411/000155837018008730/0001558370-18-008730-index.html,https://www.sec.gov/Archives/edgar/data/19411/000155837018008730/mgln-20180930x10q.htm,1620594964,17:16:04,20210509
10,2018-06-30,MGLN,USD,2018-07-27 00:00:00,2018-07-27 11:52:22,Q2,1810923000,1753385000.0,57538000.0,0.03177274793019913,0.0,0.0,0.0,0.0,33848000.0,1787233000.0,8678000.0,33848000.0,57538000.0,0.03177274793019913,23690000.0,0.013081726832118208,0.0,18375000.0,0.010146759414950277,4824000.0,13551000.0,0.0074829244534416976,0.55,0.53,24569000,25407000,https://www.sec.gov/Archives/edgar/data/19411/000155837018005803/0001558370-18-005803-index.html,https://www.sec.gov/Archives/edgar/data/19411/000155837018005803/mgln-20180630x10q.htm,1620594964,17:16:04,20210509
11,2018-03-31,MGLN,USD,2018-04-26 00:00:00,2018-04-26 11:58:16,Q1,1805077000,1757403000.0,47674000.0,0.026411061688781143,0.0,0.0,0.0,0.0,30407000.0,1787810000.0,8366000.0,30407000.0,47674000.0,0.026411061688781143,17267000.0,0.009565796916142635,0.0,11377000.0,0.006302778219433298,-75000.0,11452000.0,0.006344327693500055,0.47,0.45,24349000,25612000,https://www.sec.gov/Archives/edgar/data/19411/000155837018003309/0001558370-18-003309-index.html,https://www.sec.gov/Archives/edgar/data/19411/000155837018003309/mgln-20180331x10q.htm,1620594964,17:16:04,20210509
12,2017-12-31,MGLN,USD,2018-03-01 00:00:00,2018-03-01 16:07:55,Q4,1694415000,1604039000.0,90376000.0,0.0533375825875007,0.0,0.0,0.0,0.0,32810000.0,1636849000.0,9266000.0,32810000.0,90376000.0,0.0533375825875007,57566000.0,0.033973967416482974,0.0,50386000.0,0.02973651673291372,-4123000.0,54509000.0,0.03216980491792153,2.28,2.17,23921000,25113000,https://www.sec.gov/Archives/edgar/data/19411/000155837018001391/0001558370-18-001391-index.html,https://www.sec.gov/Archives/edgar/data/19411/000155837018001391/mgln-20171231x10k.htm,1620594964,17:16:04,20210509
13,2017-09-30,MGLN,USD,2017-11-01 00:00:00,2017-11-01 13:45:18,Q3,1419406000,1340360000.0,79046000.0,0.05568949264692413,0.0,0.0,0.0,0.0,28189000.0,1368549000.0,7663000.0,28189000.0,79046000.0,0.05568949264692413,50857000.0,0.03582977668123145,0.0,44975000.0,0.03168578968948983,11739000.0,32451000.0,0.022862380460558853,1.39,1.32,23282000,24563000,https://www.sec.gov/Archives/edgar/data/19411/000155837017007897/0001558370-17-007897-index.html,https://www.sec.gov/Archives/edgar/data/19411/000155837017007897/mgln-20170930x10q.htm,1620594964,17:16:04,20210509
14,2017-06-30,MGLN,USD,2017-07-28 00:00:00,2017-07-28 11:57:47,Q2,1419139000,1376991000.0,42148000.0,0.02969969819728723,0.0,0.0,0.0,0.0,27731000.0,1404722000.0,4900000.0,27731000.0,42148000.0,0.02969969819728723,14417000.0,0.010158976675293963,0.0,10588000.0,0.007460861832420926,5661000.0,5500000.0,0.0038755893538265102,0.24,0.23,23108000,24038000,https://www.sec.gov/Archives/edgar/data/19411/000155837017005435/0001558370-17-005435-index.html,https://www.sec.gov/Archives/edgar/data/19411/000155837017005435/mgln-20170630x10q.htm,1620594964,17:16:04,20210509
15,2017-03-31,MGLN,USD,2017-04-26 00:00:00,2017-04-26 14:11:12,Q1,1305623000,1246173000.0,59450000.0,0.04553381795510649,0.0,0.0,0.0,0.0,26976000.0,1273149000.0,4148000.0,26976000.0,59450000.0,0.04553381795510649,32474000.0,0.024872417229169524,0.0,29275000.0,0.022422245931635703,11806000.0,17747000.0,0.013592744613108072,0.77,0.74,23012000,24038000,https://www.sec.gov/Archives/edgar/data/19411/000155837017002920/0001558370-17-002920-index.html,https://www.sec.gov/Archives/edgar/data/19411/000155837017002920/mgln-20170331x10q.htm,1620594964,17:16:04,20210509
16,2016-12-31,MGLN,USD,2017-02-24 00:00:00,2017-02-24 13:59:52,Q4,1263385000,1169854000.0,93531000.0,0.0740320646517095,0.0,0.0,0.0,0.0,28574000.0,1198428000.0,3413000.0,28574000.0,93531000.0,0.0740320646517095,64957000.0,0.05141504766955441,0.0,62246000.0,0.04926922513723053,26469000.0,35175000.0,0.027841869263921924,1.56,1.5,22556000,23493000,https://www.sec.gov/Archives/edgar/data/19411/000155837017000981/0001558370-17-000981-index.html,https://www.sec.gov/Archives/edgar/data/19411/000155837017000981/mgln-20161231x10k.htm,1620594964,17:16:04,20210509
17,2016-09-30,MGLN,USD,2016-11-09 00:00:00,2016-11-09 13:51:37,Q3,1292132000,1219010000.0,73122000.0,0.056590193571554606,0.0,0.0,0.0,0.0,26885000.0,1245895000.0,3038000.0,26885000.0,73122000.0,0.056590193571554606,46237000.0,0.03578349580383428,0.0,43940000.0,0.03400581364752208,18631000.0,25509000.0,0.019741791086359598,1.11,1.06,23052000,24005000,https://www.sec.gov/Archives/edgar/data/19411/000155837016009788/0001558370-16-009788-index.html,https://www.sec.gov/Archives/edgar/data/19411/000155837016009788/mgln-20160930x10q.htm,1620594964,17:16:04,20210509
18,2016-06-30,MGLN,USD,2016-07-29,2016-07-29 11:48:13,Q2,1164345000,1123536000.0,40809000.0,0.03504889014853845,0.0,0.0,0.0,0.0,25580000.0,1149116000.0,1994000.0,25580000.0,40809000.0,0.03504889014853845,15229000.0,0.013079456690242153,0.0,13927000.0,0.011961231421958268,12615000.0,3958000.0,0.0033993361074252048,0.17,0.16,23516000,24546000,https://www.sec.gov/Archives/edgar/data/19411/000104746916014539/a2229244z10-q.htm,https://www.sec.gov/Archives/edgar/data/19411/000104746916014539/a2229244z10-q.htm,1620594964,17:16:04,20210509
19,2016-03-31,MGLN,USD,2016-05-05 00:00:00,2016-05-05 11:31:14,Q1,1117022000,1065546000.0,51476000.0,0.04608324634608808,0.0,0.0,0.0,0.0,25007000.0,1090553000.0,1748000.0,25007000.0,51476000.0,0.04608324634608808,26469000.0,0.023696041796849122,0.0,25404000.0,0.022742613842878654,12013000.0,13237000.0,0.011850258992213224,0.56,0.54,23631000,24495000,https://www.sec.gov/Archives/edgar/data/19411/000104746916012904/0001047469-16-012904-index.html,https://www.sec.gov/Archives/edgar/data/19411/000104746916012904/a2228511z10-q.htm,1620594964,17:16:04,20210509
20,2015-12-31,MGLN,USD,2016-02-29 00:00:00,2016-02-29 13:34:37,Q4,1268743000,1175534000.0,93209000.0,0.0734656270024741,0.0,0.0,0.0,0.0,27605000.0,1203139000.0,1648000.0,27605000.0,93209000.0,0.0734656270024741,65604000.0,0.051707871491704784,0.0,64524000.0,0.05085663526813547,39543000.0,27290000.0,0.021509478278894937,1.16,1.12,23582000,24402000,https://www.sec.gov/Archives/edgar/data/19411/000104746916010571/0001047469-16-010571-index.html,https://www.sec.gov/Archives/edgar/data/19411/000104746916010571/a2227415z10-k.htm,1620594964,17:16:04,20210509
21,2015-09-30,MGLN,USD,2015-10-27 00:00:00,2015-10-27 12:28:12,Q3,1190082000,1177353000.0,12729000.0,0.010695901626946714,0.0,0.0,0.0,0.0,26721000.0,1204074000.0,1654000.0,26721000.0,12729000.0,0.010695901626946714,-13992000.0,-0.011757173035135394,0.0,-15015000.0,-0.012616777667421237,-7254000.0,-7808000.0,-0.006560892442705629,-0.31,-0.31,24892000,24892000,https://www.sec.gov/Archives/edgar/data/19411/000104746915008073/0001047469-15-008073-index.html,https://www.sec.gov/Archives/edgar/data/19411/000104746915008073/a2226289z10-q.htm,1620594964,17:16:04,20210509
22,2015-06-30,MGLN,USD,2015-07-27 00:00:00,2015-07-27 11:54:04,Q2,1157607000,1121152000.0,36455000.0,0.03149168932115994,0.0,0.0,0.0,0.0,25022000.0,1146174000.0,1653000.0,25022000.0,36455000.0,0.03149168932115994,11433000.0,0.009876408833049558,0.0,10280000.0,0.008880388594747613,5987000.0,4643000.0,0.004010860335156923,0.18,0.17,25684000,26776000,https://www.sec.gov/Archives/edgar/data/19411/000104746915006330/0001047469-15-006330-index.html,https://www.sec.gov/Archives/edgar/data/19411/000104746915006330/a2225437z10-q.htm,1620594964,17:16:04,20210509
23,2015-03-31,MGLN,USD,2015-04-30 00:00:00,2015-04-30 14:33:16,Q1,980968000,944985000.0,35983000.0,0.03668111498030517,0.0,0.0,0.0,0.0,23496000.0,968481000.0,1626000.0,23496000.0,35983000.0,0.03668111498030517,12487000.0,0.012729263339884686,0.0,11327000.0,0.01154675789628204,4133000.0,7288000.0,0.007429396269806966,0.29,0.28,25319000,26399000,https://www.sec.gov/Archives/edgar/data/19411/000104746915004198/0001047469-15-004198-index.html,https://www.sec.gov/Archives/edgar/data/19411/000104746915004198/a2224494z10-q.htm,1620594964,17:16:04,20210509
24,2014-12-31,MGLN,USD,2015-02-26,2015-02-26 12:02:50,Q4,982459000,921809000.0,60650000.0,0.061732856027579774,0.0,0.0,0.0,0.0,24405000.0,946214000.0,1668000.0,24405000.0,60650000.0,0.061732856027579774,36245000.0,0.03689212476042257,0.0,35051000.0,0.03567680686929429,15305000.0,21565000.0,0.021950025395461797,0.84,0.82,25558000,26382000,https://www.sec.gov/Archives/edgar/data/19411/000104746915001263/a2223071z10-k.htm,https://www.sec.gov/Archives/edgar/data/19411/000104746915001263/a2223071z10-k.htm,1620594964,17:16:04,20210509
25,2014-09-30,MGLN,USD,2014-10-24 00:00:00,2014-10-24 11:45:42,Q3,923170000,874288000.0,48882000.0,0.05295016085878007,0.0,0.0,0.0,0.0,23956000.0,898244000.0,2879000.0,23956000.0,48882000.0,0.05295016085878007,24926000.0,0.027000444121884376,0.0,22288000.0,0.02414289892435846,-3490000.0,27133000.0,0.029391119728760684,1.02,1.0,26703000,27242000,https://www.sec.gov/Archives/edgar/data/19411/000104746914008521/0001047469-14-008521-index.html,https://www.sec.gov/Archives/edgar/data/19411/000104746914008521/a2221829z10-q.htm,1620594964,17:16:04,20210509
26,2014-06-30,MGLN,USD,2014-07-25 00:00:00,2014-07-25 12:44:12,Q2,888014000,853217000.0,34797000.0,0.039185193026236076,0.0,0.0,0.0,0.0,22480000.0,875697000.0,2004000.0,22480000.0,34797000.0,0.039185193026236076,12317000.0,0.013870276819960045,0.0,10588000.0,0.011923235444486235,6261000.0,4986000.0,0.005614776343616204,0.1836870026525199,0.17957860615883306,27144000,27765000,https://www.sec.gov/Archives/edgar/data/19411/000104746914006398/0001047469-14-006398-index.html,https://www.sec.gov/Archives/edgar/data/19411/000104746914006398/a2220817z10-q.htm,1620594964,17:16:04,20210509
27,2014-03-31,MGLN,USD,2014-04-29 00:00:00,2014-04-29 13:09:07,Q1,966475000,895728000.0,70747000.0,0.07320106572854963,0.0,0.0,0.0,0.0,20229000.0,915957000.0,836000.0,20229000.0,70747000.0,0.07320106572854963,50518000.0,0.05227036395147314,0.0,49993000.0,0.051727152797537444,25613000.0,25720000.0,0.02661217310328772,0.94,0.92,27370000,28051000,https://www.sec.gov/Archives/edgar/data/19411/000104746914004333/0001047469-14-004333-index.html,https://www.sec.gov/Archives/edgar/data/19411/000104746914004333/a2219786z10-q.htm,1620594964,17:16:04,20210509
28,2013-12-31,MGLN,USD,2014-03-03,2014-03-03 15:17:22,Q4,1008210000,958781000.0,49429000.0,0.04902649249660289,0.0,0.0,0.0,0.0,21224000.0,980005000.0,809000.0,21224000.0,49429000.0,0.04902649249660289,28205000.0,0.02797532260144216,0.0,28379000.0,0.028147905694250207,9888000.0,18491000.0,0.01834042510984815,0.6755937157471684,0.6755937157471684,27370000,27370000,https://www.sec.gov/Archives/edgar/data/19411/000104746914001674/a2218498z10-k.htm,https://www.sec.gov/Archives/edgar/data/19411/000104746914001674/a2218498z10-k.htm,1620594964,17:16:04,20210509
29,2013-09-30,MGLN,USD,2013-10-24 00:00:00,2013-10-24 12:02:44,Q3,873598000,818874000.0,54724000.0,0.0626420848033077,0.0,156834000.0,0.0,0.0,17654000.0,836528000.0,789000.0,17654000.0,54724000.0,0.0626420848033077,37070000.0,0.04243370520536906,0.0,36572000.0,0.04186364895524028,-10660000.0,47232000.0,0.05406605784353902,1.75,1.7,26990000,27704000,https://www.sec.gov/Archives/edgar/data/19411/000104746913009893/0001047469-13-009893-index.html,https://www.sec.gov/Archives/edgar/data/19411/000104746913009893/a2217053z10-q.htm,1620594964,17:16:04,20210509
30,2013-06-30,MGLN,USD,2013-07-25 00:00:00,2013-07-25 11:44:11,Q2,842748000,772302000.0,70446000.0,0.08359082430335046,0.0,144497000.0,0.0,0.0,16946000.0,789248000.0,792000.0,16946000.0,70446000.0,0.08359082430335046,53500000.0,0.06348279675537646,0.0,53066000.0,0.0629678148153422,21586000.0,31480000.0,0.03735398956746264,1.17,1.15,26829000,27338000,https://www.sec.gov/Archives/edgar/data/19411/000104746913007770/0001047469-13-007770-index.html,https://www.sec.gov/Archives/edgar/data/19411/000104746913007770/a2216034z10-q.htm,1620594964,17:16:04,20210509
31,2013-03-31,MGLN,USD,2013-04-30 00:00:00,2013-04-30 12:32:40,Q1,821761000,758166000.0,63595000.0,0.0773886811372163,0.0,0.0,0.0,0.0,16170000.0,774336000.0,610000.0,16170000.0,63595000.0,0.0773886811372163,47425000.0,0.057711427045089754,0.0,47168000.0,0.0573986840456045,19110000.0,28058000.0,0.034143747391273134,1.03,1.01,27110000,27648000,https://www.sec.gov/Archives/edgar/data/19411/000104746913005152/0001047469-13-005152-index.html,https://www.sec.gov/Archives/edgar/data/19411/000104746913005152/a2214564z10-q.htm,1620594964,17:16:04,20210509
32,2012-12-31,MGLN,USD,2013-02-28 00:00:00,2013-02-28 13:31:37,Q4,830274000,1168900000.0,-338626000.0,-0.4078484933889294,0.0,0.0,0.0,0.0,-397180000.0,771720000.0,534000.0,15316000.0,73870000.0,0.088970628973086,58554000.0,0.07052370663178661,0.0,58420000.0,0.07036231412762534,21418000.0,37002000.0,0.04456601073862364,1.36488380671339,1.36488380671339,27110000,27110000,https://www.sec.gov/Archives/edgar/data/19411/000104746913001915/0001047469-13-001915-index.html,https://www.sec.gov/Archives/edgar/data/19411/000104746913001915/a2213082z10-k.htm,1620594964,17:16:04,20210509
33,2012-09-30,MGLN,USD,2012-10-26 00:00:00,2012-10-26 14:17:09,Q3,798437000,597900000.0,200537000.0,0.25116195767480715,0.0,0.0,0.0,0.0,150813000.0,748713000.0,537000.0,15239000.0,64963000.0,0.08136271239935024,49724000.0,0.06227667304997138,0.0,49537000.0,0.06204246546690597,-16725000.0,66262000.0,0.08298964101112549,2.41,2.36,27521000,28042000,https://www.sec.gov/Archives/edgar/data/19411/000104746912009794/0001047469-12-009794-index.html,https://www.sec.gov/Archives/edgar/data/19411/000104746912009794/a2211447z10-q.htm,1620594964,17:16:04,20210509
34,2012-06-30,MGLN,USD,2012-07-27 00:00:00,2012-07-27 11:40:38,Q2,805473000,604685000.0,200788000.0,0.24927961582821523,0.0,0.0,0.0,0.0,155485000.0,760170000.0,576000.0,15152000.0,60455000.0,0.07505527807884312,45303000.0,0.05624397093384881,0.0,45584000.0,0.05659283427253303,18611000.0,26973000.0,0.03348715599405567,0.99,0.97,27317000,27717000,https://www.sec.gov/Archives/edgar/data/19411/000104746912007479/0001047469-12-007479-index.html,https://www.sec.gov/Archives/edgar/data/19411/000104746912007479/a2210310z10-q.htm,1620594964,17:16:04,20210509
35,2012-03-31,MGLN,USD,2012-04-27,2012-04-27 11:40:17,Q1,773213000,586331000.0,186882000.0,0.24169536725326657,0.0,0.0,0.0,0.0,151370000.0,737701000.0,600000.0,14781000.0,50293000.0,0.06504417282171925,35512000.0,0.045927836184854624,0.0,35324000.0,0.04568469490295688,14534000.0,20790000.0,0.026887804524755792,0.76,0.75,27199000,27747000,https://www.sec.gov/Archives/edgar/data/19411/000104746912001737/a2207364z10-k.htm,https://www.sec.gov/Archives/edgar/data/19411/000104746912001737/a2207364z10-k.htm,1620594964,17:16:04,20210509
36,2011-12-31,MGLN,USD,2012-02-28 00:00:00,2012-02-28 14:33:50,Q4,721464000,526006000.0,195458000.0,0.2709185766718783,0.0,0.0,0.0,0.0,151585000.0,677591000.0,1080000.0,15335000.0,59208000.0,0.08206646485479525,43873000.0,0.06081107304037346,0.0,43309000.0,0.060029329252741646,13570000.0,29739000.0,0.0412203519510329,1.0933857862421412,1.0933857862421412,27199000,27199000,https://www.sec.gov/Archives/edgar/data/19411/000104746912001737/0001047469-12-001737-index.html,https://www.sec.gov/Archives/edgar/data/19411/000104746912001737/a2207364z10-k.htm,1620594964,17:16:04,20210509
37,2011-09-30,MGLN,USD,2011-10-27 00:00:00,2011-10-27 11:55:02,Q3,686843000,505687000.0,181156000.0,0.2637516870667678,0.0,0.0,0.0,0.0,145107000.0,650794000.0,457000.0,15069000.0,51118000.0,0.07442457737794518,36049000.0,0.05248506572826687,0.0,36184000.0,0.05268161719636074,4829000.0,31355000.0,0.04565089838580287,1.05,1.03,29900000,30438000,https://www.sec.gov/Archives/edgar/data/19411/000104746911008738/0001047469-11-008738-index.html,https://www.sec.gov/Archives/edgar/data/19411/000104746911008738/a2205938z10-q.htm,1620594964,17:16:04,20210509
38,2011-06-30,MGLN,USD,2011-07-29 00:00:00,2011-07-29 13:33:49,Q2,698338000,494850000.0,203488000.0,0.2913889835581051,0.0,0.0,0.0,0.0,146046000.0,640896000.0,494000.0,14267000.0,71709000.0,0.10268523265238323,57442000.0,0.08225529757796368,-364000.0,57806000.0,0.08277653514487254,23575000.0,34231000.0,0.049017810859497836,1.09,1.07,31301000,31903000,https://www.sec.gov/Archives/edgar/data/19411/000104746911006746/0001047469-11-006746-index.html,https://www.sec.gov/Archives/edgar/data/19411/000104746911006746/a2204872z10-q.htm,1620594964,17:16:04,20210509
39,2011-03-31,MGLN,USD,2011-04-29 00:00:00,2011-04-29 12:14:59,Q1,692755000,490219000.0,202536000.0,0.292363100951996,0.0,0.0,0.0,0.0,145519000.0,635738000.0,471000.0,13952000.0,70969000.0,0.10244458719172002,57017000.0,0.08230471090067917,0.0,57361000.0,0.08280127895143305,23063000.0,34298000.0,0.049509566874291776,1.04,1.02,33051000,33656000,https://www.sec.gov/Archives/edgar/data/19411/000104746911004262/0001047469-11-004262-index.html,https://www.sec.gov/Archives/edgar/data/19411/000104746911004262/a2203621z10-q.htm,1620594964,17:16:04,20210509
40,2010-12-31,MGLN,USD,2011-02-25,2011-02-25 11:23:33,Q4,749210000,124708000.0,624502000.0,0.8335473365278093,0.0,0.0,0.0,0.0,579657000.0,704365000.0,482000.0,13075000.0,57920000.0,0.07730809786308245,44845000.0,0.059856382055765406,715000.0,45172000.0,0.060292841793355666,12244000.0,32928000.0,0.04395029431000654,0.9962784787147136,0.9962784787147136,33051000,33051000,https://www.sec.gov/Archives/edgar/data/19411/000104746911001356/a2202008z10-k.htm,https://www.sec.gov/Archives/edgar/data/19411/000104746911001356/a2202008z10-k.htm,1620594964,17:16:04,20210509
41,2010-09-30,MGLN,USD,2010-10-29 00:00:00,2010-10-29 15:07:18,Q3,750319000,522231000.0,228088000.0,0.30398803708822514,0.0,0.0,0.0,0.0,13950000.0,536181000.0,482000.0,13950000.0,228088000.0,0.30398803708822514,214138000.0,0.28539594492475867,-141945000.0,72921000.0,0.09718666327255474,28137000.0,44784000.0,0.05968661329381236,1.34,1.31,33450000,34171000,https://www.sec.gov/Archives/edgar/data/19411/000104746910009001/0001047469-10-009001-index.html,https://www.sec.gov/Archives/edgar/data/19411/000104746910009001/a2200605z10-q.htm,1620594964,17:16:04,20210509
42,2010-06-30,MGLN,USD,2010-07-30 00:00:00,2010-07-30 11:39:27,Q2,741658000,666866000.0,74792000.0,0.10084432447300508,0.0,0.0,0.0,0.0,14235000.0,681101000.0,584000.0,14235000.0,74792000.0,0.10084432447300508,60557000.0,0.08165084176264531,0.0,60776000.0,0.08194612611203547,25348000.0,35428000.0,0.04776864808307872,1.06,1.05,33323000,33800000,https://www.sec.gov/Archives/edgar/data/19411/000104746910006788/0001047469-10-006788-index.html,https://www.sec.gov/Archives/edgar/data/19411/000104746910006788/a2199476z10-q.htm,1620594964,17:16:04,20210509
43,2010-03-31,MGLN,USD,2010-04-30 00:00:00,2010-04-30 14:08:11,Q1,728053000,671229000.0,56824000.0,0.0780492628970693,0.0,0.0,0.0,0.0,13422000.0,684651000.0,685000.0,13422000.0,56824000.0,0.0780492628970693,43402000.0,0.059613791853065645,-132000.0,43534000.0,0.05979509733494677,18015000.0,25519000.0,0.03505101963730663,0.74,0.73,34382000,35074000,https://www.sec.gov/Archives/edgar/data/19411/000104746910004543/0001047469-10-004543-index.html,https://www.sec.gov/Archives/edgar/data/19411/000104746910004543/a2198271z10-q.htm,1620594964,17:16:04,20210509
44,2009-12-31,MGLN,USD,2010-02-26 00:00:00,2010-02-26 10:49:58,Q4,718909000,645057000.0,73852000.0,0.10272788350124981,0.0,0.0,0.0,0.0,13555000.0,658612000.0,690000.0,13555000.0,73852000.0,0.10272788350124981,60297000.0,0.08387292411139657,-295000.0,60592000.0,0.08428326811877442,16867000.0,43725000.0,0.060821327873207875,1.2717410272817171,1.2717410272817171,34382000,34382000,https://www.sec.gov/Archives/edgar/data/19411/000104746910001479/0001047469-10-001479-index.html,https://www.sec.gov/Archives/edgar/data/19411/000104746910001479/a2196640z10-k.htm,1620594964,17:16:04,20210509
45,2009-09-30,MGLN,USD,2009-10-30 00:00:00,2009-10-30 13:01:12,Q3,667589000,607180000.0,60409000.0,0.09048830942391202,0.0,0.0,0.0,0.0,12154000.0,619334000.0,650000.0,12154000.0,60409000.0,0.09048830942391202,48255000.0,0.07228249716517199,-565000.0,48820000.0,0.07312882626885704,17833000.0,30987000.0,0.04641628307236938,0.8821168298792985,0.8770484843338711,35128000,35331000,https://www.sec.gov/Archives/edgar/data/19411/000104746909009360/0001047469-09-009360-index.html,https://www.sec.gov/Archives/edgar/data/19411/000104746909009360/a2195088z10-q.htm,1620594964,17:16:04,20210509
46,2009-06-30,MGLN,USD,2009-07-31 00:00:00,2009-07-31 12:41:11,Q2,635801000,589100000.0,46701000.0,0.0734522279769928,0.0,6168000.0,0.0,0.0,16684000.0,605784000.0,657000.0,10516000.0,40533000.0,0.06375107934715422,30017000.0,0.047211312973713476,-1077000.0,31094000.0,0.0489052392179314,12695000.0,18399000.0,0.028938299876848258,0.5263624660277499,0.5258058984910837,34955000,34992000,https://www.sec.gov/Archives/edgar/data/19411/000104746909007057/0001047469-09-007057-index.html,https://www.sec.gov/Archives/edgar/data/19411/000104746909007057/a2193817z10-q.htm,1620594964,17:16:04,20210509
47,2009-03-31,MGLN,USD,2009-04-30 00:00:00,2009-04-30 15:32:01,Q1,619515000,586854000.0,32661000.0,0.05272027311687368,0.0,0.0,0.0,0.0,11043000.0,597897000.0,427000.0,11043000.0,32661000.0,0.05272027311687368,21618000.0,0.034895038861044524,-1884000.0,23502000.0,0.03793612745454105,9942000.0,13560000.0,0.021888089876758433,0.37450287229341583,0.37267080745341613,36208000,36386000,https://www.sec.gov/Archives/edgar/data/19411/000104746909004790/0001047469-09-004790-index.html,https://www.sec.gov/Archives/edgar/data/19411/000104746909004790/a2192557z10-q.htm,1620594964,17:16:04,20210509
48,2008-12-31,MGLN,USD,2009-02-27 00:00:00,2009-02-27 14:00:52,Q4,661784000,613149000.0,48635000.0,0.0734907462253545,0.0,0.0,0.0,0.0,15827000.0,628976000.0,22000.0,15827000.0,48635000.0,0.0734907462253545,32808000.0,0.049575087944102605,-14184000.0,36480000.0,0.055123726170472544,12896000.0,23584000.0,0.03563700542775286,0.6513477684489616,0.6513477684489616,36208000,36208000,https://www.sec.gov/Archives/edgar/data/19411/000104746909001965/0001047469-09-001965-index.html,https://www.sec.gov/Archives/edgar/data/19411/000104746909001965/a2190874z10-k.htm,1620594964,17:16:04,20210509
49,2008-09-30,MGLN,USD,2008-10-31 00:00:00,2008-10-31 11:27:50,Q3,656462000,606744000.0,49718000.0,0.07573629547483328,0.0,0.0,0.0,0.0,16086000.0,622830000.0,592000.0,16086000.0,49718000.0,0.07573629547483328,33632000.0,0.05123221146083094,0.0,37167000.0,0.056617138539626057,13738000.0,23489000.0,0.03578120287236733,0.5832588398887565,0.5768135160355582,40272000,40722000,https://www.sec.gov/Archives/edgar/data/19411/000104746908011429/0001047469-08-011429-index.html,https://www.sec.gov/Archives/edgar/data/19411/000104746908011429/a2188683z10-q.htm,1620594964,17:16:04,20210509
50,2008-06-30,MGLN,USD,2008-07-31 00:00:00,2008-07-31 15:44:42,Q2,656858000,607986000.0,48872000.0,0.07440268672985638,0.0,0.0,0.0,0.0,14523000.0,622509000.0,1017000.0,14523000.0,48872000.0,0.07440268672985638,34349000.0,0.05229288522024547,0.0,37048000.0,0.056401840275980504,15101000.0,21888000.0,0.03332227056685007,0.55,0.54,39961000,40307000,https://www.sec.gov/Archives/edgar/data/19411/000104746908008566/0001047469-08-008566-index.html,https://www.sec.gov/Archives/edgar/data/19411/000104746908008566/a2187001z10-q.htm,1620594964,17:16:04,20210509
51,2008-03-31,MGLN,USD,2008-05-02 00:00:00,2008-05-02 14:43:25,Q1,650290000,610646000.0,39644000.0,0.060963570099494074,0.0,0.0,0.0,0.0,14374000.0,625020000.0,1215000.0,14374000.0,39644000.0,0.060963570099494074,25270000.0,0.038859585723292685,0.0,29548000.0,0.04543818911562534,12303000.0,17244000.0,0.02651739992926233,0.43396416347896116,0.4274665344571145,39736000,40340000,https://www.sec.gov/Archives/edgar/data/19411/000104746908005740/0001047469-08-005740-index.html,https://www.sec.gov/Archives/edgar/data/19411/000104746908005740/a2185132z10-q.htm,1620594964,17:16:04,20210509
52,2007-12-31,MGLN,USD,2008-02-29,2008-02-29 15:56:17,Q4,658005000,599112000.0,58893000.0,0.08950235940456379,0.0,0.0,0.0,0.0,15974000.0,615086000.0,1359000.0,15974000.0,58893000.0,0.08950235940456379,42919000.0,0.06522594813109323,0.0,48256000.0,0.07333682874750191,16739000.0,31301000.0,0.04756954734386517,0.7877239782564929,0.7877239782564929,39736000,39736000,https://www.sec.gov/Archives/edgar/data/19411/000104746908002066/a2182906z10-k.htm,https://www.sec.gov/Archives/edgar/data/19411/000104746908002066/a2182906z10-k.htm,1620594964,17:16:04,20210509
53,2007-09-30,MGLN,USD,2007-11-02 00:00:00,2007-11-02 13:47:02,Q3,558076000,508817000.0,49259000.0,0.08826575591854872,0.0,0.0,0.0,0.0,14393000.0,523210000.0,1571000.0,14393000.0,49259000.0,0.08826575591854872,34866000.0,0.06247536177868247,0.0,39729000.0,0.07118922870720117,14712000.0,25064000.0,0.04491144575290821,0.64,0.63,39193000,39849000,https://www.sec.gov/Archives/edgar/data/19411/000104746907008329/0001047469-07-008329-index.html,https://www.sec.gov/Archives/edgar/data/19411/000104746907008329/a2180437z10-q.htm,1620594964,17:16:04,20210509
54,2007-06-30,MGLN,USD,2007-07-27 00:00:00,2007-07-27 14:09:08,Q2,452868000,413951000.0,38917000.0,0.08593453279984455,0.0,0.0,0.0,0.0,13505000.0,427456000.0,1604000.0,13505000.0,38917000.0,0.08593453279984455,25412000.0,0.05611348119098722,0.0,29327000.0,0.06475838434157415,12311000.0,16824000.0,0.03714989798351838,0.43,0.42,38842000,39838000,https://www.sec.gov/Archives/edgar/data/19411/000110465907056799/0001104659-07-056799-index.html,https://www.sec.gov/Archives/edgar/data/19411/000110465907056799/a07-20233_110q.htm,1620594964,17:16:04,20210509
55,2007-03-31,MGLN,USD,2007-04-27 00:00:00,2007-04-27 12:39:31,Q1,487004000,440811000.0,46193000.0,0.0948513769907434,0.0,0.0,0.0,0.0,13652000.0,454463000.0,0.0,13652000.0,46193000.0,0.0948513769907434,32541000.0,0.06681875302872256,0.0,35876000.0,0.07366674606368737,14907000.0,20969000.0,0.04305714121444588,0.55,0.53,38231000,39264000,https://www.sec.gov/Archives/edgar/data/19411/000110465907032291/0001104659-07-032291-index.html,https://www.sec.gov/Archives/edgar/data/19411/000110465907032291/a07-10642_110q.htm,1620594964,17:16:04,20210509
56,2006-12-31,MGLN,USD,2007-02-28,2007-02-28 14:14:39,Q4,461254000,411882000.0,49372000.0,0.10703863814731146,0.0,0.0,0.0,0.0,13776000.0,425658000.0,1795000.0,13776000.0,49372000.0,0.10703863814731146,35596000.0,0.07717223048472209,0.0,38011000.0,0.08240795743776748,15526000.0,22487000.0,0.04875188074249762,0.5881875964531401,0.5881875964531401,38231000,38231000,https://www.sec.gov/Archives/edgar/data/19411/000110465907014811/a07-4782_110k.htm,https://www.sec.gov/Archives/edgar/data/19411/000110465907014811/a07-4782_110k.htm,1620594964,17:16:04,20210509
57,2006-09-30,MGLN,USD,2006-10-26,2006-10-26 16:09:59,Q3,429487000,383778000.0,45709000.0,0.10642696985007695,0.0,0.0,0.0,0.0,13096000.0,396874000.0,1807000.0,13096000.0,45709000.0,0.10642696985007695,32613000.0,0.0759347780025938,0.0,35086000.0,0.0816928102596819,13890000.0,21236000.0,0.0494450355889701,0.57,0.54,37096000,39023000,https://www.sec.gov/Archives/edgar/data/19411/000110465906068894/a06-21484_110q.htm,https://www.sec.gov/Archives/edgar/data/19411/000110465906068894/a06-21484_110q.htm,1620594964,17:16:04,20210509
58,2006-06-30,MGLN,USD,2006-07-28,2006-07-28 13:28:12,Q2,398933000,348810000.0,50123000.0,0.1256426517736061,0.0,0.0,0.0,0.0,17927000.0,366737000.0,1721000.0,11333000.0,43529000.0,0.10911356042242683,32196000.0,0.08070528133796903,403000.0,35799000.0,0.0897368731090183,15575000.0,20224000.0,0.05069522952475729,0.55,0.52,36999000,38599000,https://www.sec.gov/Archives/edgar/data/19411/000110465906049539/a06-14797_210q.htm,https://www.sec.gov/Archives/edgar/data/19411/000110465906049539/a06-14797_210q.htm,1620594964,17:16:04,20210509
59,2006-03-31,MGLN,USD,2006-04-28,2006-04-28 14:24:40,Q1,400596000,327176000.0,73420000.0,0.1832769173930843,0.0,0.0,0.0,0.0,40784000.0,367960000.0,1969000.0,10657000.0,43293000.0,0.10807147350447832,32636000.0,0.08146861176846498,5135000.0,40019000.0,0.09989865100999511,17704000.0,22315000.0,0.0557045002945611,0.61,0.59,36704000,38101000,https://www.sec.gov/Archives/edgar/data/19411/000110465906015074/a06-1868_110k.htm,https://www.sec.gov/Archives/edgar/data/19411/000110465906015074/a06-1868_110k.htm,1620594964,17:16:04,20210509
60,2005-12-31,MGLN,USD,2006-03-08,2006-03-08 17:19:19,Q4,436439000,379188000.0,57251000.0,0.13117755287680524,0.0,0.0,0.0,0.0,15919000.0,395107000.0,18044000.0,12136000.0,53468000.0,0.1225096748915656,41332000.0,0.09470281070206833,56006000.0,84831000.0,0.19437080554212616,34226000.0,49919000.0,0.11437795430747481,1.360042502179599,1.360042502179599,36704000,36704000,https://www.sec.gov/Archives/edgar/data/19411/000110465906015074/a06-1868_110k.htm,https://www.sec.gov/Archives/edgar/data/19411/000110465906015074/a06-1868_110k.htm,1620594964,17:16:04,20210509
61,2005-09-30,MGLN,USD,2005-10-27,2005-10-27 13:15:35,Q3,454266000,387146000.0,67120000.0,0.14775483967543246,0.0,0.0,0.0,0.0,16016000.0,403162000.0,0.0,12161000.0,63265000.0,0.13926862234902018,51104000.0,0.11249796374811234,2315000.0,49703000.0,0.10941386764582865,16233000.0,34399000.0,0.07572435533365914,0.94,0.91,36436000,37605000,https://www.sec.gov/Archives/edgar/data/19411/000110465905050582/a05-18453_110q.htm,https://www.sec.gov/Archives/edgar/data/19411/000110465905050582/a05-18453_110q.htm,1620594964,17:16:04,20210509
62,2005-06-30,MGLN,USD,2005-07-28,2005-07-28 15:46:54,Q2,464544000,316921000.0,147623000.0,0.31778044706206515,0.0,0.0,0.0,0.0,108193000.0,425114000.0,8611000.0,13573000.0,53003000.0,0.11409683474547083,39430000.0,0.08487893504167528,1503000.0,36221000.0,0.07797108562375146,14882000.0,22655000.0,0.04876825446028794,0.64,0.62,35567000,36980000,https://www.sec.gov/Archives/edgar/data/19411/000110465905034746/a05-13451_110q.htm,https://www.sec.gov/Archives/edgar/data/19411/000110465905034746/a05-13451_110q.htm,1620594964,17:16:04,20210509
63,2005-03-31,MGLN,USD,2005-04-28,2005-04-28 15:45:30,Q1,452754000,392929000.0,59825000.0,0.13213577351055983,0.0,0.0,0.0,0.0,14968000.0,407897000.0,8639000.0,11218000.0,56075000.0,0.12385312995578172,44857000.0,0.09907587784978156,1449000.0,40700000.0,0.08989429138119155,17064000.0,23616000.0,0.052160776050570505,0.67,0.64,35403000,36847000,https://www.sec.gov/Archives/edgar/data/19411/000110465905009370/a05-3939_110k.htm,https://www.sec.gov/Archives/edgar/data/19411/000110465905009370/a05-3939_110k.htm,1620594964,17:16:04,20210509
64,2004-12-31,MGLN,USD,2005-03-03,2005-03-03 16:18:51,Q4,445168000,0.0,445168000.0,1.0,0.0,0.0,0.0,0.0,403549000.0,403549000.0,9625000.0,11011000.0,52630000.0,0.11822502965172699,41619000.0,0.09349054738885094,-1018000.0,33510000.0,0.07527495237752939,17608000.0,20454000.0,0.045946698774395285,0.577747648504364,0.577747648504364,35403000,35403000,https://www.sec.gov/Archives/edgar/data/19411/000110465905009370/a05-3939_110k.htm,https://www.sec.gov/Archives/edgar/data/19411/000110465905009370/a05-3939_110k.htm,1620594964,17:16:04,20210509
65,2004-09-30,MGLN,USD,2004-10-29,2004-10-29 13:30:04,Q3,457954000,0.0,0.0,0.0,0.0,0.0,0.0,0.0,407666000.0,407666000.0,0.0,10712000.0,61000000.0,0.1332011512073265,50288000.0,0.10981015560514812,93000.0,43032000.0,0.09396576948776515,15712000.0,26556000.0,0.05798835690920922,0.75,0.73,35371000,36594000,https://www.sec.gov/Archives/edgar/data/19411/000104746904032513/a2145416z10-q.htm,https://www.sec.gov/Archives/edgar/data/19411/000104746904032513/a2145416z10-q.htm,1620594964,17:16:04,20210509
66,2004-06-30,MGLN,USD,2004-07-29,2004-07-29 14:41:04,Q2,452104000,0.0,452104000.0,1.0,0.0,0.0,0.0,0.0,406937000.0,406937000.0,9056000.0,10517000.0,55684000.0,0.12316635110505547,45167000.0,0.09990400438837081,1228000.0,38391000.0,0.08491630244368552,9696000.0,28424000.0,0.0628704899757578,0.8,0.78,35371000,36303000,https://www.sec.gov/Archives/edgar/data/19411/000104746904024689/a2140767z10-q.htm,https://www.sec.gov/Archives/edgar/data/19411/000104746904024689/a2140767z10-q.htm,1620594964,17:16:04,20210509
67,2004-03-31,MGLN,USD,2004-04-29,2004-04-29 15:18:18,Q1,440176000,393928000.0,46248000.0,0.10506706408345752,10777000.0,0.0,0.0,0.0,21026000.0,414954000.0,9334000.0,10249000.0,35471000.0,0.08058367562066082,25222000.0,0.05729980734978736,-64000.0,16605000.0,0.03772354694485842,3568000.0,12938000.0,0.02939278833920977,0.37,0.35,35355000,36856000,https://www.sec.gov/Archives/edgar/data/19411/000104746904010119/a2131133z10-k.htm,https://www.sec.gov/Archives/edgar/data/19411/000104746904010119/a2131133z10-k.htm,1620594964,17:16:04,20210509
68,2003-12-31,MGLN,USD,2004-03-30,2004-03-30 17:13:46,Q4,337795000,1324886000.0,-987091000.0,-2.922159889874036,0.0,0.0,0.0,0.0,-730203000.0,594683000.0,29542000.0,11782000.0,-245106000.0,-0.7256057668112317,-256888000.0,-0.7604849094865229,63186000.0,493584000.0,1.4611939193889785,9555000.0,499948000.0,1.4800337482792818,14.14080045255268,14.14080045255268,35355000,35355000,https://www.sec.gov/Archives/edgar/data/19411/000104746904010119/a2131133z10-k.htm,https://www.sec.gov/Archives/edgar/data/19411/000104746904010119/a2131133z10-k.htm,1620594964,17:16:04,20210509
69,2003-09-30,MGLN,USD,2003-11-19,2003-11-19 17:28:25,Q3,373707000,0.0,373707000.0,1.0,0.0,0.0,0.0,0.0,343180000.0,343180000.0,4748000.0,11593000.0,42120000.0,0.11270861931941334,30527000.0,0.08168699007511232,-35188000.0,-8739000.0,-0.023384630204946657,20825000.0,-50215000.0,-0.13436997433818473,-1.42,-1.42,35319000,35319000,https://www.sec.gov/Archives/edgar/data/19411/000104746903037892/a2123139z10-q.htm,https://www.sec.gov/Archives/edgar/data/19411/000104746903037892/a2123139z10-q.htm,1620594964,17:16:04,20210509
70,2003-06-30,MGLN,USD,2003-08-19,2003-08-19 17:29:36,Q2,390270000,351576000.0,38694000.0,0.09914674456145746,0.0,0.0,0.0,0.0,14774000.0,366350000.0,0.0,11020000.0,34940000.0,0.08952776283086068,23920000.0,0.061290901170984194,0.0,19658000.0,0.05037025648909729,6162000.0,14439000.0,0.03699746329464217,0.41,0.35,35319000,41619000,https://www.sec.gov/Archives/edgar/data/19411/000104746903028308/a2117142z10-q.htm,https://www.sec.gov/Archives/edgar/data/19411/000104746903028308/a2117142z10-q.htm,1620594964,17:16:04,20210509
71,2003-03-31,MGLN,USD,2003-05-15 00:00:00,2003-05-15 17:44:52,Q1,408974000,368839000.0,40135000.0,0.09813582281514228,0.0,0.0,0.0,0.0,37896000.0,406735000.0,0.0,13652000.0,15891000.0,0.038855770782494733,2239000.0,0.005474675651752923,0.0,-18722000.0,-0.04577797121577411,-2729000.0,-12402000.0,-0.030324666115694395,-0.46,-0.46,35261000,35261000,https://www.sec.gov/Archives/edgar/data/19411/000104746903018947/0001047469-03-018947-index.html,https://www.sec.gov/Archives/edgar/data/19411/000104746903018947/a2110948z10-q.htm,1620594964,17:16:04,20210509
72,2002-12-31,MGLN,USD,2003-02-14,2003-02-14 15:42:12,Q4,445900000,391400000.0,54500000.0,0.12222471406144876,0.0,0.0,0.0,395093000.0,40500000.0,431900000.0,0.0,14400000.0,28400000.0,0.06369141063018614,14000000.0,0.03139717425431711,0.0,14000000.0,0.03139717425431711,3100000.0,11700000.0,0.026239067055393587,0.28261,0.28261,41400000,41400000,https://www.sec.gov/Archives/edgar/data/19411/000104746903001376/a2095358z10-k.htm,https://www.sec.gov/Archives/edgar/data/19411/000104746903001376/a2095358z10-k.htm,1620594964,17:16:04,20210509
73,2002-09-30,MGLN,USD,2003-01-14,2003-01-14 17:27:59,Q3,433231000,400440000.0,32791000.0,0.07568941280748608,0.0,0.0,0.0,0.0,430125000.0,830565000.0,0.0,13048000.0,-384286000.0,-0.8870233201225213,-397334000.0,-0.9171412018068883,0.0,-420185000.0,-0.9698867347904466,139304000.0,-749405000.0,-1.7298046538682597,-18.101570048309178,-18.101570048309178,41400000,41400000,https://www.sec.gov/Archives/edgar/data/19411/000104746903001376/a2095358z10-k.htm,https://www.sec.gov/Archives/edgar/data/19411/000104746903001376/a2095358z10-k.htm,1620594964,17:16:04,20210509
74,2002-06-30,MGLN,USD,2002-08-14 00:00:00,2002-08-14 18:28:06,Q2,437066000,394165000.0,42901000.0,0.09815680011714478,0.0,0.0,0.0,0.0,13381000.0,407546000.0,0.0,12192000.0,41712000.0,0.09543638718179863,29520000.0,0.06754128667066302,0.0,5937000.0,0.013583760805004279,2581000.0,4309000.0,0.009858922908668256,0.09,0.08,34897000,35473000,https://www.sec.gov/Archives/edgar/data/19411/000091205702032322/0000912057-02-032322-index.html,https://www.sec.gov/Archives/edgar/data/19411/000091205702032322/a2085291z10-q.htm,1620594964,17:16:04,20210509
75,2002-03-31,MGLN,USD,2002-05-15 00:00:00,2002-05-15 17:10:58,Q1,437919000,395616000.0,42303000.0,0.09660005617477205,0.0,0.0,0.0,0.0,10157000.0,405773000.0,0.0,11128000.0,43274000.0,0.09881736120150074,32146000.0,0.07340626919590153,0.0,8758000.0,0.019999132259618788,3638000.0,6315000.0,0.014420475019352895,0.18165866006961426,0.17830923876214141,34763000,35416000,https://www.sec.gov/Archives/edgar/data/19411/000091205702020853/0000912057-02-020853-index.html,https://www.sec.gov/Archives/edgar/data/19411/000091205702020853/a2076133z10-q.htm,1620594964,17:16:04,20210509
76,2001-12-31,MGLN,USD,2002-02-14 00:00:00,2002-02-14 00:00:00,Q4,444842000,395093000.0,49749000.0,0.11183521340161226,0.0,0.0,0.0,0.0,12498000.0,407591000.0,0.0,11190000.0,48441000.0,0.1088948435624334,37251000.0,0.08373984470890788,0.0,14842000.0,0.03336465531582,6086000.0,9718000.0,0.02184595878986247,0.25,0.23,34670000,42075000,https://www.sec.gov/Archives/edgar/data/19411/000091205702006235/0000912057-02-006235-index.html,https://www.sec.gov/Archives/edgar/data/19411/000091205702006235/a2067835z10-q.htm,1620594964,17:16:04,20210509
77,2001-09-30,MGLN,USD,2001-12-31 00:00:00,2001-12-31 00:00:00,Q3,432562000,391495000.0,41067000.0,0.09493899140470037,0.0,0.0,0.0,0.0,14705000.0,406200000.0,0.0,18035000.0,44397000.0,0.10263730979605236,26362000.0,0.0609438646945409,0.0,3620000.0,0.008368742515523787,3024000.0,-384000.0,-0.0008877340126964458,-0.011075858090568215,-0.011075858090568215,34670000,34670000,https://www.sec.gov/Archives/edgar/data/19411/000091205701544988/0000912057-01-544988-index.html,https://www.sec.gov/Archives/edgar/data/19411/000091205701544988/a2064278z10-k.htm,1620594964,17:16:04,20210509
78,2001-06-30,MGLN,USD,2001-08-08 00:00:00,2001-08-08 00:00:00,Q2,432875000,382427000.0,50448000.0,0.11654172682645106,0.0,0.0,0.0,0.0,12058000.0,394485000.0,0.0,17071000.0,55461000.0,0.1281224371931851,38390000.0,0.08868611030898066,0.0,16367000.0,0.03780999133699105,8987000.0,6551000.0,0.015133699104822408,0.16,0.15,33696000,36315000,https://www.sec.gov/Archives/edgar/data/19411/000091205701527077/0000912057-01-527077-index.html,https://www.sec.gov/Archives/edgar/data/19411/000091205701527077/a2055331z10-q.htm,1620594964,17:16:04,20210509
79,2001-03-31,MGLN,USD,2001-05-11 00:00:00,2001-05-11 00:00:00,Q1,444149000,408308000.0,35841000.0,0.08069589259460226,0.0,0.0,0.0,0.0,12107000.0,420415000.0,0.0,15885000.0,39619000.0,0.08920204706078366,23734000.0,0.0534370222605477,0.0,22633000.0,0.05095812441320368,11117000.0,11246000.0,0.025320331690491252,0.3,0.27,32897000,41141000,https://www.sec.gov/Archives/edgar/data/19411/000091205701514793/0000912057-01-514793-index.html,https://www.sec.gov/Archives/edgar/data/19411/000091205701514793/a2048492z10-q.htm,1620594964,17:16:04,20210509
80,2000-12-31,MGLN,USD,2001-02-08 00:00:00,2001-02-08 00:00:00,Q4,445926000,374812000.0,71114000.0,0.15947489045267602,0.0,0.0,0.0,0.0,20412000.0,395224000.0,0.0,19286000.0,69988000.0,0.15694980781564655,50702000.0,0.1137004794517476,0.0,27120000.0,0.06081726564497249,13260000.0,7142000.0,0.016016110296327192,0.21875765743690273,0.17954648298054202,32648000,39778000,https://www.sec.gov/Archives/edgar/data/19411/000091205701004346/0000912057-01-004346-index.html,https://www.sec.gov/Archives/edgar/data/19411/000091205701004346/a2037293z10-q.htm,1620594964,17:16:04,20210509
81,2000-09-30,MGLN,USD,2000-12-26 00:00:00,2000-12-26 00:00:00,Q3,373798000,282937000.0,90861000.0,0.24307513683861337,0.0,0.0,0.0,0.0,-17581000.0,265356000.0,0.0,19970000.0,128412000.0,0.3435331382190381,108442000.0,0.2901085613085142,0.0,83358000.0,0.22300279830282665,28361000.0,-27895000.0,-0.07462586744712385,-0.8544168096054888,-0.8544168096054888,32648000,32648000,https://www.sec.gov/Archives/edgar/data/19411/000091205700054737/0000912057-00-054737-index.html,https://www.sec.gov/Archives/edgar/data/19411/000091205700054737/a2033957z10-k.txt,1620594964,17:16:04,20210509
82,2000-06-30,MGLN,USD,2000-08-14 00:00:00,2000-08-14 00:00:00,Q2,515774000,461769000.0,54005000.0,0.10470671262995032,0.0,0.0,0.0,0.0,17666000.0,479435000.0,0.0,20131000.0,56470000.0,0.10948593763935367,36339000.0,0.07045527692361384,0.0,12383000.0,0.02400857740017915,7351000.0,4958000.0,0.009612737361712687,0.15413790959398121,0.15218859352937567,32166000,32578000,https://www.sec.gov/Archives/edgar/data/19411/000091205700037286/0000912057-00-037286-index.html,https://www.sec.gov/Archives/edgar/data/19411/000091205700037286/a10-q.htm,1620594964,17:16:04,20210509
83,2000-03-31,MGLN,USD,2000-05-11 00:00:00,2000-05-11 00:00:00,Q1,502156000,473604000.0,28552000.0,0.05685882474768797,0.0,0.0,0.0,0.0,75044000.0,548648000.0,0.0,19779000.0,-26713000.0,-0.05319661619098447,-46492000.0,-0.09258477445256055,0.0,-70746000.0,-0.1408845060100845,-25099000.0,-45536000.0,-0.09068098359872231,-1.45,-1.45,32058000,32058000,https://www.sec.gov/Archives/edgar/data/19411/000091205700023383/0000912057-00-023383-index.html,https://www.sec.gov/Archives/edgar/data/19411/000091205700023383/0000912057-00-023383-d1.html,1620594964,17:16:04,20210509
84,1999-12-31,MGLN,USD,1999-12-31,1999-12-31,Q4,481825000,428271000.0,53554000.0,0.11114823846832356,0.0,0.0,0.0,0.0,15890000.0,444161000.0,0.0,19364000.0,57028000.0,0.11835832511804079,37664000.0,0.07816945986613397,0.0,13673000.0,0.02837752295958076,7265000.0,6266000.0,0.01300472163129767,0.19593495934959348,0.18803264914175968,31980000,33324000,,,1620594964,17:16:04,20210509
85,1999-09-30,MGLN,USD,1999-12-27 00:00:00,1999-12-27 00:00:00,Q3,485181000,429396000.0,55785000.0,0.11497770934970661,0.0,0.0,0.0,0.0,18839000.0,448235000.0,0.0,18088000.0,55034000.0,0.11342983340237973,36946000.0,0.07614890113174258,0.0,14207000.0,0.02928185563738069,7480000.0,-24949000.0,-0.05142204661765403,-0.7801438398999374,-0.7801438398999374,31980000,31980000,https://www.sec.gov/Archives/edgar/data/19411/000091205799010565/0000912057-99-010565-index.html,https://www.sec.gov/Archives/edgar/data/19411/0000912057-99-010565.txt,1620594964,17:16:04,20210509
86,1999-06-30,MGLN,USD,1999-08-16 00:00:00,1999-08-16 00:00:00,Q2,463421000,412315000.0,51106000.0,0.11027985352411739,0.0,0.0,0.0,0.0,12127000.0,424442000.0,0.0,19801000.0,58780000.0,0.12683931026000117,38979000.0,0.08411142352202425,0.0,16317000.0,0.0352098847484253,8323000.0,21499000.0,0.046391941668590765,0.68,0.67,31778000,32041000,https://www.sec.gov/Archives/edgar/data/19411/000104746999032199/0001047469-99-032199-index.html,https://www.sec.gov/Archives/edgar/data/19411/0001047469-99-032199.txt,1620594964,17:16:04,20210509
87,1999-03-31,MGLN,USD,1999-05-14 00:00:00,1999-05-14 00:00:00,Q1,479703000,429602000.0,50101000.0,0.10444170663931641,0.0,0.0,0.0,0.0,16244000.0,445846000.0,0.0,18129000.0,51986000.0,0.1083712213598831,33857000.0,0.07057908747704308,0.0,9628000.0,0.02007075211120214,5658000.0,3957000.0,0.008248853978399135,0.12466525944362182,0.12462599603162106,31741000,31751000,https://www.sec.gov/Archives/edgar/data/19411/000104746999020647/0001047469-99-020647-index.html,https://www.sec.gov/Archives/edgar/data/19411/0001047469-99-020647.txt,1620594964,17:16:04,20210509
88,1998-12-31,MGLN,USD,1999-02-16 00:00:00,1999-02-16 00:00:00,Q4,443331000,392313000.0,51018000.0,0.11507880116662268,0.0,0.0,0.0,0.0,16576000.0,408889000.0,0.0,17513000.0,51955000.0,0.11719234612512998,34442000.0,0.07768913069467283,0.0,10320000.0,0.023278318006184996,5915000.0,4181000.0,0.009430876703862352,0.132255717584538,0.13205938092229944,31613000,31660000,https://www.sec.gov/Archives/edgar/data/19411/000104746999005585/0001047469-99-005585-index.html,https://www.sec.gov/Archives/edgar/data/19411/0001047469-99-005585.txt,1620594964,17:16:04,20210509
89,1998-09-30,MGLN,USD,1998-09-30,1998-09-30,Q3,414000000,367100000.0,46900000.0,0.11328502415458937,0.0,-2100000.0,0.0,0.0,39299999.999999955,406399999.99999994,0.0,11699999.999999996,19399999.999999996,0.046859903381642504,7700000.0,0.01859903381642512,0.0,7700000.0,0.01859903381642512,5000000.0,1000000.0,0.0024154589371980675,0.03086,0.03086,32400000,32400000,,,1620594964,17:16:04,20210509
90,1998-06-30,MGLN,USD,1998-08-12 00:00:00,1998-08-12 00:00:00,Q2,415900000,375900000.0,39900000.0,0.09593652320269296,0.0,0.0,0.0,0.0,35600000.00000002,411500000.0,0.0,17700000.000000004,22100000.000000004,0.05313777350324598,4400000.0,0.010579466217840828,0.0,4400000.0,0.010579466217840828,3400000.0,7400000.0,0.017792738639095935,0.23492,0.23492,31500000,31500000,https://www.sec.gov/Archives/edgar/data/19411/000104746998030786/0001047469-98-030786-index.html,https://www.sec.gov/Archives/edgar/data/19411/0001047469-98-030786.txt,1620594964,17:16:04,20210509
91,1998-03-31,MGLN,USD,1998-05-15 00:00:00,1998-05-15 00:00:00,Q1,321300000,294500000.0,26700000.0,0.08309990662931839,0.0,400000.0,0.0,0.0,39600000.00000002,334100000.0,0.0,12899999.999999998,99999.99999999814,0.0003112356053532466,-12800000.0,-0.03983815748521631,0.0,-12800000.0,-0.03983815748521631,-4300000.0,-35300000.0,-0.1098661686896981,-1.13871,-1.13871,31000000,31000000,https://www.sec.gov/Archives/edgar/data/19411/000104746998020320/0001047469-98-020320-index.html,https://www.sec.gov/Archives/edgar/data/19411/0001047469-98-020320.txt,1620594964,17:16:04,20210509
92,1997-12-31,MGLN,USD,1998-02-17 00:00:00,1998-02-17 00:00:00,Q4,159600000,146100000.0,13600000.0,0.08521303258145363,0.0,-4000000.0,0.0,0.0,9900000.000000006,156000000.0,0.0,7000000.0,10600000.0,0.06641604010025062,3600000.0,0.022556390977443608,0.0,3600000.0,0.022556390977443608,1500000.0,7600000.0,0.047619047619047616,0.26207,0.26207,29000000,29000000,https://www.sec.gov/Archives/edgar/data/19411/000104746998006418/0001047469-98-006418-index.html,https://www.sec.gov/Archives/edgar/data/19411/0001047469-98-006418.txt,1620594964,17:16:04,20210509
93,1997-09-30,MGLN,USD,1997-12-23 00:00:00,1997-12-23 00:00:00,Q3,189000000,148300000.0,40800000.0,0.21587301587301588,0.0,-200000.0,0.0,0.0,20199999.99999999,168500000.0,0.0,-18500000.000000004,1999999.9999999963,0.010582010582010562,20500000.0,0.10846560846560846,0.0,20500000.0,0.10846560846560846,8200000.0,10200000.0,0.05396825396825397,0.33443,0.33443,30500000,30500000,https://www.sec.gov/Archives/edgar/data/19411/000104746997008640/0001047469-97-008640-index.html,https://www.sec.gov/Archives/edgar/data/19411/0001047469-97-008640.txt,1620594964,17:16:04,20210509
94,1997-06-30,MGLN,USD,1997-08-13 00:00:00,1997-08-13 00:00:00,Q2,324900000,263900000.0,61000000.0,0.18775007694675286,0.0,13900000.0,0.0,0.0,97800000.00000001,361700000.0,0.0,12000000.000000004,-24699999.999999996,-0.07602339181286548,-36700000.0,-0.11295783317943983,0.0,-36700000.0,-0.11295783317943983,-14700000.0,-26700000.0,-0.08217913204062789,-0.92708,-0.92708,28800000,28800000,https://www.sec.gov/Archives/edgar/data/19411/000091205797027480/0000912057-97-027480-index.html,https://www.sec.gov/Archives/edgar/data/19411/0000912057-97-027480.txt,1620594964,17:16:04,20210509
95,1997-03-31,MGLN,USD,1997-05-13 00:00:00,1997-05-13 00:00:00,Q1,349900000,282200000.0,67700000.0,0.1934838525292941,0.0,16000000.0,0.0,0.0,43600000.00000002,325800000.0,0.0,13100000.0,37200000.0,0.10631609031151758,24100000.0,0.06887682194912832,0.0,24100000.0,0.06887682194912832,9600000.0,11900000.0,0.03400971706201772,0.40614,0.40614,29300000,29300000,https://www.sec.gov/Archives/edgar/data/19411/000001941197000014/0000019411-97-000014-index.html,https://www.sec.gov/Archives/edgar/data/19411/0000019411-97-000014.txt,1620594964,17:16:04,20210509
96,1996-12-31,MGLN,USD,1997-02-13 00:00:00,1997-02-13 00:00:00,Q4,346800000,284100000.0,62700000.0,0.18079584775086505,0.0,20800000.0,0.0,0.0,47500000.0,331600000.0,0.0,13100000.0,28300000.0,0.08160322952710496,15200000.0,0.04382929642445214,0.0,15200000.0,0.04382929642445214,6100000.0,4200000.0,0.012110726643598616,0.14483,0.14483,29000000,29000000,https://www.sec.gov/Archives/edgar/data/19411/000001941197000008/0000019411-97-000008-index.html,https://www.sec.gov/Archives/edgar/data/19411/0000019411-97-000008.txt,1620594964,17:16:04,20210509
97,1996-09-30,MGLN,USD,1996-09-30,1996-09-30,Q3,348300000,283600000.0,64700000.0,0.18575940281366637,0.0,19900000.0,0.0,0.0,48500000.0,332100000.0,0.0,12699999.999999996,28899999.999999996,0.08297444731553258,16200000.0,0.046511627906976744,0.0,16200000.0,0.046511627906976744,6000000.0,8300000.0,0.023830031581969568,0.26183,0.26183,31700000,31700000,,,1620594964,17:16:04,20210509
98,1996-06-30,MGLN,USD,1996-08-13 00:00:00,1996-08-13 00:00:00,Q2,346400000,274500000.0,71800000.0,0.20727482678983833,0.0,18700000.0,0.0,0.0,78600000.00000001,353100000.0,0.0,12900000.000000002,6200000.000000002,0.017898383371824485,-6700000.0,-0.019341801385681295,0.0,-6700000.0,-0.019341801385681295,-2700000.0,-5700000.0,-0.016454965357967668,-0.17538,-0.17538,32500000,32500000,https://www.sec.gov/Archives/edgar/data/19411/000001941196000029/0000019411-96-000029-index.html,https://www.sec.gov/Archives/edgar/data/19411/0000019411-96-000029.txt,1620594964,17:16:04,20210509
99,1996-03-31,MGLN,USD,1996-05-14 00:00:00,1996-05-14 00:00:00,Q1,355000000,275000000.0,79900000.0,0.22507042253521126,0.0,22200000.0,0.0,0.0,43899999.99999998,318900000.0,0.0,13100000.000000002,49100000.0,0.13830985915492958,36000000.0,0.10140845070422536,0.0,36000000.0,0.10140845070422536,14400000.0,20100000.0,0.05661971830985915,0.57925,0.57925,34700000,34700000,https://www.sec.gov/Archives/edgar/data/19411/000001941196000022/0000019411-96-000022-index.html,https://www.sec.gov/Archives/edgar/data/19411/0000019411-96-000022.txt,1620594964,17:16:04,20210509
100,1995-12-31,MGLN,USD,1996-02-13 00:00:00,1996-02-13 00:00:00,Q4,295700000,231300000.0,64300000.0,0.21745011836320596,0.0,21600000.0,0.0,0.0,45599999.99999996,276899999.99999994,0.0,10200000.0,28900000.0,0.0977341900574907,18700000.0,0.06323977003719987,0.0,18700000.0,0.06323977003719987,8000000.0,9700000.0,0.032803517078119716,0.33448,0.33448,29000000,29000000,https://www.sec.gov/Archives/edgar/data/19411/000001941196000009/0000019411-96-000009-index.html,https://www.sec.gov/Archives/edgar/data/19411/0000019411-96-000009.txt,1620594964,17:16:04,20210509
101,1995-09-30,MGLN,USD,1995-12-28 00:00:00,1995-12-28 00:00:00,Q3,283300000,217200000.0,66100000.0,0.23332156724320507,0.0,57200000.0,0.0,0.0,114199999.99999999,331400000.0,0.0,12399999.99999999,-35700000.00000001,-0.12601482527356161,-48100000.0,-0.16978468055065302,0.0,-48100000.0,-0.16978468055065302,-18200000.0,-29900000.0,-0.10554182845040593,-1.06786,-1.06786,28000000,28000000,https://www.sec.gov/Archives/edgar/data/19411/000001941195000025/0000019411-95-000025-index.html,https://www.sec.gov/Archives/edgar/data/19411/0000019411-95-000025.txt,1620594964,17:16:04,20210509
102,1995-06-30,MGLN,USD,1995-08-14 00:00:00,1995-08-14 00:00:00,Q2,304700000,225600000.0,79200000.0,0.259927797833935,0.0,39500000.0,0.0,0.0,71000000.00000003,296600000.00000006,0.0,17700000.000000004,25900000.000000004,0.08500164095831968,8200000.0,0.026911716442402363,0.0,8200000.0,0.026911716442402363,6400000.0,1700000.0,0.005579258286839514,0.06007,0.06007,28300000,28300000,https://www.sec.gov/Archives/edgar/data/19411/000001941195000022/0000019411-95-000022-index.html,https://www.sec.gov/Archives/edgar/data/19411/0000019411-95-000022.txt,1620594964,17:16:04,20210509
103,1995-03-31,MGLN,USD,1995-05-08 00:00:00,1995-05-08 00:00:00,Q1,299800000,221300000.0,78500000.0,0.26184122748499,0.0,37100000.0,0.0,0.0,98300000.00000001,319600000.0,0.0,17800000.0,-1900000.0,-0.0063375583722481655,-19700000.0,-0.0657104736490994,0.0,-19700000.0,-0.0657104736490994,-4800000.0,-15100000.0,-0.05036691127418279,-0.53357,-0.53357,28300000,28300000,https://www.sec.gov/Archives/edgar/data/19411/000001941195000015/0000019411-95-000015-index.html,https://www.sec.gov/Archives/edgar/data/19411/0000019411-95-000015.txt,1620594964,17:16:04,20210509
104,1994-12-31,MGLN,USD,1995-02-14 00:00:00,1995-02-14 00:00:00,Q4,263800000,199500000.0,64300000.0,0.24374526156178924,0.0,31400000.0,0.0,0.0,58399999.99999998,257899999.99999997,0.0,16200000.0,22100000.0,0.08377558756633814,5900000.0,0.022365428354814254,0.0,5900000.0,0.022365428354814254,5500000.0,300000.0,0.0011372251705837756,0.01115,0.01115,26900000,26900000,https://www.sec.gov/Archives/edgar/data/19411/000001941195000002/0000019411-95-000002-index.html,https://www.sec.gov/Archives/edgar/data/19411/0000019411-95-000002.txt,1620594964,17:16:04,20210509
105,1994-09-30,MGLN,USD,1994-12-13 00:00:00,1994-12-13 00:00:00,Q3,262400000,197700000.0,64600000.0,0.2461890243902439,0.0,37800000.0,0.0,0.0,137200000.0,334900000.0,0.0,15800000.000000004,-56700000.0,-0.21608231707317074,-72500000.0,-0.2762957317073171,0.0,-72500000.0,-0.2762957317073171,-26200000.0,-46400000.0,-0.17682926829268292,-1.72491,-1.72491,26900000,26900000,https://www.sec.gov/Archives/edgar/data/19411/000001941194000008/0000019411-94-000008-index.html,https://www.sec.gov/Archives/edgar/data/19411/0000019411-94-000008.txt,1620594964,17:16:04,20210509
106,1994-06-30,MGLN,USD,1994-08-15 00:00:00,1994-08-15 00:00:00,Q2,220900000,158200000.0,62700000.0,0.2838388411045722,0.0,28900000.0,0.0,0.0,53800000.00000001,212000000.0,0.0,14599999.999999998,23500000.0,0.10638297872340426,8900000.0,0.040289723856948845,0.0,8900000.0,0.040289723856948845,6800000.0,-10500000.0,-0.047532820280669984,-0.39179,-0.39179,26800000,26800000,https://www.sec.gov/Archives/edgar/data/19411/000001941194000007/0000019411-94-000007-index.html,https://www.sec.gov/Archives/edgar/data/19411/0000019411-94-000007.txt,1620594964,17:16:04,20210509
107,1994-03-31,MGLN,USD,1994-05-16 00:00:00,1994-05-16 00:00:00,Q1,212600000,153100000.0,59500000.0,0.27986829727187207,0.0,29100000.0,0.0,0.0,52300000.00000001,205400000.0,0.0,14700000.0,21900000.0,0.10301034807149577,7200000.0,0.03386641580432737,0.0,7200000.0,0.03386641580432737,6100000.0,1100000.0,0.0051740357478833494,0.0412,0.0412,26700000,26700000,https://www.sec.gov/Archives/edgar/data/19411/000001941194000006/0000019411-94-000006-index.html,https://www.sec.gov/Archives/edgar/data/19411/0000019411-94-000006.txt,1620594964,17:16:04,20210509
