,date,symbol,reportedCurrency,fillingDate,acceptedDate,period,revenue,costOfRevenue,grossProfit,grossProfitRatio,researchAndDevelopmentExpenses,generalAndAdministrativeExpenses,sellingAndMarketingExpenses,otherExpenses,operatingExpenses,costAndExpenses,interestExpense,depreciationAndAmortization,ebitda,ebitdaratio,operatingIncome,operatingIncomeRatio,totalOtherIncomeExpensesNet,incomeBeforeTax,incomeBeforeTaxRatio,incomeTaxExpense,netIncome,netIncomeRatio,eps,epsdiluted,weightedAverageShsOut,weightedAverageShsOutDil,link,finalLink,timestamp,est_time,est_date
0,2021-03-31,STN,CAD,2021-03-31,2021-03-31,Q1,1089200000,622800000.0,466400000,0.4282041865589423,0.0,0.0,0.0,1200000.0,394900000,1017700000.0,9300000.0,40100000.0,111600000.0,0.10246052148365772,71500000.0,0.06243114212265883,7000000.0,68000000.0,0.06243114212265883,17100000.0,50900000.0,0.04673154608887257,0.46,0.46,111280965,111774488,,,1620598379,18:12:59,20210509
1,2020-12-31,STN,CAD,2020-12-31,2020-12-31,Q4,861700000,406700000.0,455000000,0.5280259951259139,0.0,317900000.0,0.0,0.0,406700000,0.0,-10200000.0,-162300000.0,-79100000.0,-0.09179528838342811,83200000.0,0.09655332482302426,0.0,10500000.0,0.012185215272136474,-4400000.0,16700000.0,0.019380294766159916,0.14924198032132782,0.1485719733438037,111898810,112403434,,,1620598379,18:12:59,20210509
2,2020-09-30,STN,CAD,2020-09-30,2020-09-30,Q3,1177900000,698800000.0,479100000,0.40674080991595213,0.0,324100000.0,0.0,0.0,381600000,1080400000.0,11500000.0,43900000.0,141400000.0,0.12004414636216997,97500000.0,0.08277442906868156,2500000.0,87600000.0,0.07436964088632311,25500000.0,62100000.0,0.052720944052975637,0.5549656873026622,0.5524742242305515,111898810,112403434,,,1620598379,18:12:59,20210509
3,2020-06-30,STN,CAD,2020-07-09 00:00:00,2020-07-09 06:45:20,Q2,951100000,461400000.0,489700000,0.514877510251288,0.0,346300000.0,0.0,800000.0,403100000,877800000.0,0.0,0.0,73300000.0,0.077069,73300000.0,0.07706865734412785,0.0,73300000.0,0.07706865734412785,20700000.0,52600000.0,0.05530438439701398,0.47027,0.47027,111851680,111851680,https://www.sec.gov/Archives/edgar/data/1131383/000115752320000962/0001157523-20-000962-index.html,https://www.sec.gov/Archives/edgar/data/1131383/000115752320000962/a52247373.htm,1620598379,18:12:59,20210509
4,2020-03-31,STN,CAD,2020-04-09 00:00:00,2020-04-09 08:48:02,Q1,955200000,448500000.0,506700000,0.530464824120603,0.0,367300000.0,0.0,-1000000.0,425600000,909900000.0,0.0,0.0,55500000.0,0.058103,45300000.0,0.04742462311557789,0.0,45300000.0,0.04742462311557789,15800000.0,39700000.0,0.04156197654941374,0.35493,0.35493,111852160,111852160,https://www.sec.gov/Archives/edgar/data/1131383/000119312520102156/0001193125-20-102156-index.html,https://www.sec.gov/Archives/edgar/data/1131383/000119312520102156/d911189d6k.htm,1620598379,18:12:59,20210509
5,2019-12-31,STN,CAD,2020-01-16 00:00:00,2020-01-16 08:45:35,Q4,901000000,414700000.0,486300000,0.539733629300777,0.0,348500000.0,0.0,-1900000.0,410700000,840700000.0000001,0.0,0.0,60300000.0,0.066926,60300000.0,0.06692563817980023,0.0,60300000.0,0.06692563817980023,17900000.0,42400000.0,0.047058823529411764,0.38135,0.38135,111183630,111183630,https://www.sec.gov/Archives/edgar/data/1131383/000119312520008532/0001193125-20-008532-index.html,https://www.sec.gov/Archives/edgar/data/1131383/000119312520008532/d867520d6k.htm,1620598379,18:12:59,20210509
6,2019-09-30,STN,CAD,2019-10-10 00:00:00,2019-10-10 08:46:36,Q3,952600000,436500000.0,516100000,0.5417803905101827,0.0,355600000.0,0.0,200000.0,417000000,873300000.0,0.0,0.0,79300000.0,0.083246,79300000.0,0.08324585345370565,0.0,79300000.0,0.08324585345370565,21500000.0,57800000.0,0.06067604450976275,0.51816,0.51816,111547780,111547780,https://www.sec.gov/Archives/edgar/data/1131383/000119312519265573/0001193125-19-265573-index.html,https://www.sec.gov/Archives/edgar/data/1131383/000119312519265573/d796311d6k.htm,1620598379,18:12:59,20210509
7,2019-06-30,STN,CAD,2019-08-06 00:00:00,2019-08-06 14:05:02,Q2,953600000,436100000.0,517500000,0.5426803691275168,0.0,372400000.0,0.0,-1500000.0,433200000,886200000.0,0.0,0.0,67400000.0,0.07068,67400000.0,0.07067953020134228,0.0,67400000.0,0.07067953020134228,18100000.0,49300000.0,0.05169882550335571,0.44142,0.44142,111684860,111684860,https://www.sec.gov/Archives/edgar/data/1131383/000119312519213887/0001193125-19-213887-index.html,https://www.sec.gov/Archives/edgar/data/1131383/000119312519213887/d780490d6k.htm,1620598379,18:12:59,20210509
8,2019-03-31,STN,CAD,2019-04-02 00:00:00,2019-04-02 08:30:40,Q1,904100000,415600000.0,488500000,0.5403163366884194,0.0,357100000.0,0.0,-5000000.0,413600000,845600000.0,0.0,0.0,58500000.0,0.064705,58500000.0,0.06470523172215463,0.0,58500000.0,0.06470523172215463,13600000.0,44900000.0,0.04966264793717509,0.40159,0.40159,111805950,111805950,https://www.sec.gov/Archives/edgar/data/1131383/000119312519095194/0001193125-19-095194-index.html,https://www.sec.gov/Archives/edgar/data/1131383/000119312519095194/d698208d6k.htm,1620598379,18:12:59,20210509
9,2018-12-31,STN,CAD,2019-01-15 00:00:00,2019-01-15 08:46:10,Q4,3355200000,1540000000.0,1815200000,0.5410109680495947,0.0,1438200000.0,0.0,-4800000.0,361000000,3128900000.0,0.0,0.0,102400000.0,0.03052,226300000.0,0.06744754411063424,0.0,226300000.0,0.06744754411063424,55000000.0,47400000.0,0.014127324749642347,0.41644,0.41644,113822320,113822320,https://www.sec.gov/Archives/edgar/data/1131383/000119312519009454/0001193125-19-009454-index.html,https://www.sec.gov/Archives/edgar/data/1131383/000119312519009454/d687931d6k.htm,1620598379,18:12:59,20210509
10,2018-09-30,STN,CAD,2018-10-09 00:00:00,2018-10-09 12:50:04,Q3,847500000,392200000.0,455300000,0.5372271386430678,0.0,346200000.0,0.0,-900000.0,390400000,773400000.0,0.0,0.0,200000.0,0.000236,74100000.0,0.08743362831858408,0.0,74100000.0,0.08743362831858408,18200000.0,-18000000.0,-0.021238938053097345,-0.15808,-0.15808,113868320,113868320,https://www.sec.gov/Archives/edgar/data/1131383/000119312518295715/0001193125-18-295715-index.html,https://www.sec.gov/Archives/edgar/data/1131383/000119312518295715/d597080d6k.htm,1620598379,18:12:59,20210509
11,2018-06-30,STN,CAD,2018-07-05 00:00:00,2018-07-05 08:45:38,Q2,863300000,393300000.0,470000000,0.5444225645777829,0.0,361300000.0,0.0,-3900000.0,406000000,785100000.0,0.0,0.0,60200000.0,0.069732,78200000.0,0.09058264797868644,-3900000.0,78200000.0,0.09058264797868644,20600000.0,39600000.0,0.04587049693038341,0.34737,0.34737,114000000,114000000,https://www.sec.gov/Archives/edgar/data/1131383/000119312518212761/0001193125-18-212761-index.html,https://www.sec.gov/Archives/edgar/data/1131383/000119312518212761/d660756d6k.htm,1620598379,18:12:59,20210509
12,2018-03-31,STN,CAD,2018-04-05 00:00:00,2018-04-05 08:46:02,Q1,808800000,368300000.0,440500000,0.5446340257171117,0.0,348000000.0,0.0,2200000.0,395900000,758600000.0,0.0,0.0,50400000.0,0.062315,50200000.0,0.06206726013847676,2200000.0,50200000.0,0.06206726013847676,13600000.0,36800000.0,0.04549950544015826,0.32196,0.32196,114300000,114300000,https://www.sec.gov/Archives/edgar/data/1131383/000119312518108196/0001193125-18-108196-index.html,https://www.sec.gov/Archives/edgar/data/1131383/000119312518108196/d564596d6k.htm,1620598379,18:12:59,20210509
13,2017-12-31,STN,CAD,2018-01-31 00:00:00,2018-01-31 08:47:59,Q4,561500000,202000000.0,359500000,0.6402493321460374,0.0,305000000.0,0.0,3300000.0,393267000,529799999.99999994,0.0,0.0,31800000.0,0.056634,31700000.0,0.05645592163846839,3300000.0,31700000.0,0.05645592163846839,20500000.0,11300000.0,0.0201246660730187,0.09633,0.09633,117300000,117300000,https://www.sec.gov/Archives/edgar/data/1131383/000119312518026546/0001193125-18-026546-index.html,https://www.sec.gov/Archives/edgar/data/1131383/000119312518026546/d464097d6k.htm,1620598379,18:12:59,20210509
14,2017-09-30,STN,CAD,2017-10-30 00:00:00,2017-10-30 08:45:57,Q3,853100000,395400000.0,457700000,0.5365138905169382,0.0,351700000.0,0.0,-2500000.0,384633000,785700000.0000001,0.0,0.0,67300000.0,0.078889,67400000.0,0.07900597819716329,-2500000.0,67400000.0,0.07900597819716329,21200000.0,46100000.0,0.05403821357402415,0.40403,0.40403,114100000,114100000,https://www.sec.gov/Archives/edgar/data/1131383/000117184317006379/0001171843-17-006379-index.html,https://www.sec.gov/Archives/edgar/data/1131383/000117184317006379/f6k_103017.htm,1620598379,18:12:59,20210509
15,2017-06-30,STN,CAD,2017-08-09 00:00:00,2017-08-09 16:15:16,Q2,888400000,412700000.0,475700000,0.5354570013507429,0.0,373700000.0,0.0,-700000.0,409542000,768700000.0000001,0.0,0.0,119700000.0,0.134737,119700000.0,0.13473660513282304,-700000.0,119700000.0,0.13473660513282304,22100000.0,97600000.0,0.10986042323277803,0.85315,0.85315,114400000,114400000,https://www.sec.gov/Archives/edgar/data/1503579/000150357917000012/0001503579-17-000012-index.html,https://www.sec.gov/Archives/edgar/data/1503579/000150357917000012/stnllc10-qx06302017.htm,1620598379,18:12:59,20210509
16,2017-03-31,STN,CAD,2017-04-03 00:00:00,2017-04-03 12:32:57,Q1,870800000,401800000.0,469000000,0.5385852090032154,0.0,377300000.0,0.0,-700000.0,418150000,826100000.0,0.0,0.0,44700000.0,0.051332,44700000.0,0.05133210840606339,-700000.0,44700000.0,0.05133210840606339,102700000.0,-58000000.0,-0.0666054203031695,-0.50833,-0.50833,114100000,114100000,https://www.sec.gov/Archives/edgar/data/1131383/000119312517108053/0001193125-17-108053-index.html,https://www.sec.gov/Archives/edgar/data/1131383/000119312517108053/d367314d6k.htm,1620598379,18:12:59,20210509
17,2016-12-31,STN,CAD,2017-01-18 00:00:00,2017-01-18 16:56:02,Q4,820200000,373000000.0,447200000,0.5452328700316996,0.0,363500000.0,0.0,-300000.0,398961000,779700000.0,0.0,0.0,40500000.0,0.049378,40500000.0,0.04937820043891734,0.0,40500000.0,0.04937820043891734,11000000.0,29500000.0,0.035966837356742255,0.25832,0.25832,114200000,114200000,https://www.sec.gov/Archives/edgar/data/1131383/000119312517012409/0001193125-17-012409-index.html,https://www.sec.gov/Archives/edgar/data/1131383/000119312517012409/d301339d6k.htm,1620598379,18:12:59,20210509
18,2016-09-30,STN,CAD,2016-10-19 00:00:00,2016-10-19 06:45:24,Q3,872200000,399100000.0,473100000,0.5424214629672094,0.0,358300000.0,0.0,-300000.0,396314000,804799999.9999999,0.0,0.0,67400000.0,0.077276,67400000.0,0.07727585416188948,-300000.0,67400000.0,0.07727585416188948,18100000.0,49300000.0,0.05652373308874111,0.4317,0.4317,114200000,114200000,https://www.sec.gov/Archives/edgar/data/1131383/000110262416003500/0001102624-16-003500-index.html,https://www.sec.gov/Archives/edgar/data/1131383/000110262416003500/stantecinc6k.htm,1620598379,18:12:59,20210509
19,2016-06-30,STN,CAD,2016-07-08 00:00:00,2016-07-08 16:01:04,Q2,777300000,360400000.0,416900000,0.5363437540203267,0.0,341600000.0,0.0,-600000.0,374118000,746900000.0,0.0,0.0,30400000.0,0.03911,30400000.0,0.03910973883957288,-600000.0,30400000.0,0.03910973883957288,9200000.0,21200000.0,0.02727389682233372,0.16812,0.16812,126100000,126100000,https://www.sec.gov/Archives/edgar/data/1131383/000119312516644483/0001193125-16-644483-index.html,https://www.sec.gov/Archives/edgar/data/1131383/000119312516644483/d210382d6k.htm,1620598379,18:12:59,20210509
20,2016-03-31,STN,CAD,2016-04-05 00:00:00,2016-04-05 07:01:39,Q1,628600000,289500000.0,339100000,0.5394527521476297,0.0,271700000.0,0.0,100000.0,292537000,586100000.0,0.0,0.0,42500000.0,0.067611,42500000.0,0.06761056315622017,100000.0,42500000.0,0.06761056315622017,11900000.0,30600000.0,0.04867960547247852,0.32415,0.32415,94400000,94400000,https://www.sec.gov/Archives/edgar/data/1131383/000119312516530019/0001193125-16-530019-index.html,https://www.sec.gov/Archives/edgar/data/1131383/000119312516530019/d141315d6k.htm,1620598379,18:12:59,20210509
21,2015-12-31,STN,CAD,2016-01-04 00:00:00,2016-01-04 06:45:22,Q4,567400000,260500000.0,306900000,0.5408882622488544,0.0,248000000.0,0.0,3400000.0,269049000,536500000.0,0.0,0.0,30800000.0,0.054283,30800000.0,0.054282692985548116,3400000.0,30800000.0,0.054282692985548116,5500000.0,25300000.0,0.04458935495241452,0.26801,0.26801,94400000,94400000,https://www.sec.gov/Archives/edgar/data/1131383/000110262416001879/0001102624-16-001879-index.html,https://www.sec.gov/Archives/edgar/data/1131383/000110262416001879/stantecinc6k.htm,1620598379,18:12:59,20210509
22,2015-09-30,STN,CAD,2015-10-20 00:00:00,2015-10-19 20:33:30,Q3,620100000,282300000.0,337800000,0.5447508466376391,0.0,244100000.0,0.0,0.0,265919000,551200000.0,0.0,0.0,68800000.0,0.11095,68900000.0,0.1111111111111111,0.0,68900000.0,0.1111111111111111,18900000.0,49900000.0,0.08047089179164651,0.52637,0.52637,94800000,94800000,https://www.sec.gov/Archives/edgar/data/1131383/000119312515347284/0001193125-15-347284-index.html,https://www.sec.gov/Archives/edgar/data/1131383/000119312515347284/d34867d6k.htm,1620598379,18:12:59,20210509
23,2015-06-30,STN,CAD,2015-07-13 00:00:00,2015-07-13 10:23:32,Q2,593900000,273100000.0,320800000,0.5401582758040074,0.0,245000000.0,0.0,-100000.0,264809000,534399999.99999994,0.0,0.0,59600000.0,0.100354,59500000.0,0.10018521636639165,-100000.0,59500000.0,0.10018521636639165,16400000.0,43200000.0,0.07273951843744739,0.45666,0.45666,94600000,94600000,https://www.sec.gov/Archives/edgar/data/1131383/000110262415001105/0001102624-15-001105-index.html,https://www.sec.gov/Archives/edgar/data/1131383/000110262415001105/stantec6k.htm,1620598379,18:12:59,20210509
24,2015-03-31,STN,CAD,2015-04-07 00:00:00,2015-04-07 08:02:08,Q1,592300000,265100000.0,327200000,0.5524227587371264,0.0,251500000.0,0.0,-300000.0,272527000,540100000.0,0.0,0.0,52400000.0,0.088469,52200000.0,0.08813101468850244,200000.0,52400000.0,0.0884686814114469,14400000.0,38000000.0,0.06415667735944623,0.40212,0.40212,94500000,94500000,https://www.sec.gov/Archives/edgar/data/1131383/000119312515120703/0001193125-15-120703-index.html,https://www.sec.gov/Archives/edgar/data/1131383/000119312515120703/d898602d6k.htm,1620598379,18:12:59,20210509
25,2014-12-31,STN,CAD,2014-12-31,2014-12-31,Q4,519600000,230700000.0,289000000,0.5561970746728252,0.0,220700000.0,0.0,-700000.0,238506000,470800000.0,0.0,0.0,48800000.0,0.093918,48800000.0,0.0939183987682833,-700000.0,48800000.0,0.0939183987682833,10700000.0,38100000.0,0.07332563510392609,0.40317,0.40317,94500000,94500000,,,1620598379,18:12:59,20210509
26,2014-09-30,STN,CAD,2014-11-06 00:00:00,2014-11-06 08:03:46,Q3,544200000,246400000.0,297800000,0.5472252848217567,0.0,213700000.0,0.0,-1600000.0,229726000,477100000.0,0.0,0.0,67000000.0,0.123117,67000000.0,0.1231165012862918,-1600000.0,67000000.0,0.1231165012862918,18400000.0,48600000.0,0.08930540242557883,0.51374,0.51374,94600000,94600000,https://www.sec.gov/Archives/edgar/data/1131383/000119312514399796/0001193125-14-399796-index.html,https://www.sec.gov/Archives/edgar/data/1131383/000119312514399796/d810910d6k.htm,1620598379,18:12:59,20210509
27,2014-06-30,STN,CAD,2014-08-07 00:00:00,2014-08-07 09:03:34,Q2,530300000,240200000.0,290000000,0.5468602677729587,0.0,211800000.0,0.0,0.0,226766000,469100000.00000006,0.0,0.0,61100000.0,0.115218,61100000.0,0.11521780124457855,0.0,61100000.0,0.11521780124457855,16800000.0,44300000.0,0.08353762021497266,0.46978,0.46978,94300000,94300000,https://www.sec.gov/Archives/edgar/data/1131383/000119312514299695/0001193125-14-299695-index.html,https://www.sec.gov/Archives/edgar/data/1131383/000119312514299695/d766818d6k.htm,1620598379,18:12:59,20210509
28,2014-03-31,STN,CAD,2014-04-10 00:00:00,2014-04-10 09:01:41,Q1,481300000,219600000.0,261600000,0.543527945148556,0.0,199900000.0,0.0,-400000.0,214100000,435000000.0,0.0,0.0,46200000.0,0.09599,46300000.0,0.09619779763141492,-400000.0,46300000.0,0.09619779763141492,12700000.0,33500000.0,0.06960315811344275,0.35525,0.35525,94300000,94300000,https://www.sec.gov/Archives/edgar/data/1131383/000119312514137924/0001193125-14-137924-index.html,https://www.sec.gov/Archives/edgar/data/1131383/000119312514137924/d705100d6k.htm,1620598379,18:12:59,20210509
29,2013-12-31,STN,CAD,2013-12-31,2013-12-31,Q4,451300000,196700000.0,254600000,0.5641480168402393,0.0,197400000.0,0.0,-4200000.0,210721000,404300000.0,0.0,0.0,47100000.0,0.104365,47100000.0,0.1043651672944826,-4200000.0,47100000.0,0.1043651672944826,11400000.0,35700000.0,0.07910480833148682,0.38387,0.38387,93000000,93000000,,,1620598379,18:12:59,20210509
30,2013-09-30,STN,CAD,2013-10-31 00:00:00,2013-10-31 09:04:23,Q3,484800000,221800000.0,263000000,0.5424917491749175,0.0,185600000.0,0.0,100000.0,198833000,422200000.0,0.0,0.0,62600000.0,0.129125,62500000.0,0.12891914191419143,100000.0,62500000.0,0.12891914191419143,16600000.0,46000000.0,0.09488448844884488,0.49251,0.49251,93400000,93400000,https://www.sec.gov/Archives/edgar/data/1131383/000119312513419795/0001193125-13-419795-index.html,https://www.sec.gov/Archives/edgar/data/1131383/000119312513419795/d616424d6k.htm,1620598379,18:12:59,20210509
31,2013-06-30,STN,CAD,2013-08-01 00:00:00,2013-08-01 09:03:53,Q2,469400000,214900000.0,254500000,0.5421815083084789,0.0,187700000.0,0.0,-100000.0,201734000,419500000.0,0.0,0.0,49900000.0,0.106306,50000000.0,0.10651896037494674,-100000.0,50000000.0,0.10651896037494674,13800000.0,36100000.0,0.07690668939071155,0.38817,0.38817,93000000,93000000,https://www.sec.gov/Archives/edgar/data/1131383/000119312513314090/0001193125-13-314090-index.html,https://www.sec.gov/Archives/edgar/data/1131383/000119312513314090/d573560d6k.htm,1620598379,18:12:59,20210509
32,2013-03-31,STN,CAD,2013-04-03 00:00:00,2013-04-03 09:00:52,Q1,426900000,196500000.0,230300000,0.5394706020145233,0.0,175400000.0,0.0,-300000.0,188474000,387500000.0,0.0,0.0,39300000.0,0.092059,39300000.0,0.09205903021784961,-300000.0,39300000.0,0.09205903021784961,10900000.0,28400000.0,0.06652611852892949,0.30636,0.30636,92700000,92700000,https://www.sec.gov/Archives/edgar/data/1131383/000119312513139607/0001193125-13-139607-index.html,https://www.sec.gov/Archives/edgar/data/1131383/000119312513139607/d510203d6k.htm,1620598379,18:12:59,20210509
33,2012-12-31,STN,CAD,2013-02-21 00:00:00,2013-02-21 09:09:34,Q4,390800000,171500000.0,219300000,0.5611566018423746,0.0,162700000.0,0.0,0.0,175728000,349300000.0,0.0,0.0,41500000.0,0.106192,41500000.0,0.10619242579324463,0.0,41500000.0,0.10619242579324463,10400000.0,31100000.0,0.07958034800409416,0.33731,0.33731,92200000,92200000,https://www.sec.gov/Archives/edgar/data/1131383/000119312513068463/0001193125-13-068463-index.html,https://www.sec.gov/Archives/edgar/data/1131383/000119312513068463/d485886d6k.htm,1620598379,18:12:59,20210509
34,2012-09-30,STN,CAD,2012-11-01 00:00:00,2012-11-01 09:02:43,Q3,397400000,178700000.0,218700000,0.550327126321087,0.0,157700000.0,0.0,-100000.0,170045000,350700000.0,0.0,0.0,46700000.0,0.117514,46700000.0,0.1175138399597383,-100000.0,46700000.0,0.1175138399597383,12600000.0,34100000.0,0.08580775037745345,0.37227,0.37227,91600000,91600000,https://www.sec.gov/Archives/edgar/data/1131383/000119312512445356/0001193125-12-445356-index.html,https://www.sec.gov/Archives/edgar/data/1131383/000119312512445356/d431678d6k.htm,1620598379,18:12:59,20210509
35,2012-06-30,STN,CAD,2012-08-02 00:00:00,2012-08-02 16:58:12,Q2,395900000,181000000.0,214900000,0.5428138418792624,0.0,158300000.0,0.0,100000.0,170277000,353800000.0,0.0,0.0,42000000.0,0.106087,42100000.0,0.10633998484465775,100000.0,42100000.0,0.10633998484465775,11300000.0,30700000.0,0.07754483455418035,0.33552,0.33552,91500000,91500000,https://www.sec.gov/Archives/edgar/data/1131383/000119312512332124/0001193125-12-332124-index.html,https://www.sec.gov/Archives/edgar/data/1131383/000119312512332124/d385320d6k.htm,1620598379,18:12:59,20210509
36,2012-03-31,STN,CAD,2012-05-30 00:00:00,2012-05-30 13:46:59,Q1,370500000,168900000.0,201500000,0.543859649122807,0.0,153700000.0,0.0,100000.0,165004000,336200000.0,0.0,0.0,34200000.0,0.092308,34200000.0,0.09230769230769231,100000.0,34200000.0,0.09230769230769231,9200000.0,25000000.0,0.06747638326585695,0.27442,0.27442,91100000,91100000,https://www.sec.gov/Archives/edgar/data/1131383/000119312512252993/0001193125-12-252993-index.html,https://www.sec.gov/Archives/edgar/data/1131383/000119312512252993/d360526d6k.htm,1620598379,18:12:59,20210509
37,2011-12-31,STN,CAD,2012-02-15 00:00:00,2012-02-15 17:29:24,Q4,348200000,156300000.0,191900000,0.5511200459506032,0.0,144400000.0,0.0,700000.0,246693000,406000000.0,0.0,0.0,-57800000.0,-0.165997,-57800000.0,-0.16599655370476737,700000.0,-57800000.0,-0.16599655370476737,8000000.0,-65800000.0,-0.18897185525560023,-0.72467,-0.72467,90800000,90800000,https://www.sec.gov/Archives/edgar/data/1131383/000119312512063637/0001193125-12-063637-index.html,https://www.sec.gov/Archives/edgar/data/1131383/000119312512063637/d302327d6k.htm,1620598379,18:12:59,20210509
38,2011-09-30,STN,CAD,2011-11-03 00:00:00,2011-11-03 08:32:27,Q3,351200000,156300000.0,194900000,0.5549544419134397,0.0,140300000.0,0.0,600000.0,151669000,311600000.0,0.0,0.0,39600000.0,0.112756,39600000.0,0.11275626423690205,600000.0,39600000.0,0.11275626423690205,10700000.0,28900000.0,0.08228929384965832,0.31585,0.31585,91500000,91500000,https://www.sec.gov/Archives/edgar/data/1131383/000119312511294093/0001193125-11-294093-index.html,https://www.sec.gov/Archives/edgar/data/1131383/000119312511294093/d244992d6k.htm,1620598379,18:12:59,20210509
39,2011-06-30,STN,CAD,2011-07-28 00:00:00,2011-07-28 09:46:46,Q2,342400000,153700000.0,188700000,0.5511098130841121,0.0,138400000.0,0.0,600000.0,149954000,307100000.00000006,0.0,0.0,35200000.0,0.102804,35200000.0,0.102803738317757,600000.0,35200000.0,0.102803738317757,9500000.0,25700000.0,0.07505841121495327,0.28026,0.28026,91700000,91700000,https://www.sec.gov/Archives/edgar/data/1131383/000119907311000756/0001199073-11-000756-index.html,https://www.sec.gov/Archives/edgar/data/1131383/000119907311000756/d6k.htm,1620598379,18:12:59,20210509
40,2011-03-31,STN,CAD,2011-04-07 00:00:00,2011-04-06 18:43:06,Q1,336800000,148900000.0,187900000,0.5578978622327792,0.0,142000000.0,0.0,600000.0,153767000,304200000.0,0.0,0.0,32600000.0,0.096793,32600000.0,0.09679334916864608,600000.0,32600000.0,0.09679334916864608,8800000.0,23800000.0,0.07066508313539192,0.25898,0.25898,91900000,91900000,https://www.sec.gov/Archives/edgar/data/1131383/000119907311000368/0001199073-11-000368-index.html,https://www.sec.gov/Archives/edgar/data/1131383/000119907311000368/d6k.htm,1620598379,18:12:59,20210509
41,2010-12-31,STN,CAD,2011-02-24 00:00:00,2011-02-24 09:42:27,Q4,310900000,133400000.0,177500000,0.5709231264072049,0.0,133800000.0,0.0,1000000.0,144621000,282800000.0,0.0,0.0,28000000.0,0.090061,28100000.0,0.09038275972981666,1000000.0,28100000.0,0.09038275972981666,4700000.0,23300000.0,0.07494371180443872,0.25576,0.25576,91100000,91100000,https://www.sec.gov/Archives/edgar/data/1131383/000119907311000199/0001199073-11-000199-index.html,https://www.sec.gov/Archives/edgar/data/1131383/000119907311000199/d40f.htm,1620598379,18:12:59,20210509
42,2010-09-30,STN,CAD,2010-10-13 00:00:00,2010-10-12 19:35:22,Q3,314500000,137800000.0,176700000,0.5618441971383148,0.0,130000000.0,0.0,500000.0,139146000,272700000.0,0.0,0.0,41900000.0,0.133227,41900000.0,0.13322734499205088,500000.0,41900000.0,0.13322734499205088,10500000.0,31400000.0,0.0998410174880763,0.34242,0.34242,91700000,91700000,https://www.sec.gov/Archives/edgar/data/1131383/000119907310000892/0001199073-10-000892-index.html,https://www.sec.gov/Archives/edgar/data/1131383/000119907310000892/d6k.htm,1620598379,18:12:59,20210509
43,2010-06-30,STN,CAD,2010-07-07 00:00:00,2010-07-07 13:58:21,Q2,303800000,134600000.0,169200000,0.5569453587886768,0.0,124100000.0,0.0,400000.0,133617000,270600000.00000006,0.0,0.0,33200000.0,0.109282,33200000.0,0.10928242264647794,400000.0,33200000.0,0.10928242264647794,9500000.0,23700000.0,0.07801184990125082,0.25761,0.25761,92000000,92000000,https://www.sec.gov/Archives/edgar/data/1131383/000119907310000618/0001199073-10-000618-index.html,https://www.sec.gov/Archives/edgar/data/1131383/000119907310000618/d6k.htm,1620598379,18:12:59,20210509
44,2010-03-31,STN,CAD,2010-04-01 00:00:00,2010-04-01 13:50:52,Q1,296800000,131900000.0,164800000,0.555256064690027,0.0,122900000.0,0.0,600000.0,135551000,265199999.99999997,0.0,0.0,31600000.0,0.106469,31600000.0,0.10646900269541779,600000.0,31600000.0,0.10646900269541779,15300000.0,16300000.0,0.05491913746630728,0.17698,0.17698,92100000,92100000,https://www.sec.gov/Archives/edgar/data/1131383/000119907310000251/0001199073-10-000251-index.html,https://www.sec.gov/Archives/edgar/data/1131383/000119907310000251/d6k.htm,1620598379,18:12:59,20210509
45,2009-12-31,STN,CAD,2010-02-25 00:00:00,2010-02-25 11:10:15,Q4,274800000,119000000.0,155800000,0.5669577874818049,0.0,113000000.0,0.0,0.0,124640000,243600000.0,-1400000.0,0.0,28800000.0,0.104803,31200000.0,0.11353711790393013,400000.0,30200000.0,0.1098981077147016,7300000.0,22900000.0,0.08333333333333333,0.24891,0.24891,92000000,92000000,https://www.sec.gov/Archives/edgar/data/1131383/000119907310000127/0001199073-10-000127-index.html,https://www.sec.gov/Archives/edgar/data/1131383/000119907310000127/form40f.htm,1620598379,18:12:59,20210509
46,2009-09-30,STN,CAD,2009-10-14 00:00:00,2009-10-14 13:24:08,Q3,306800000,133500000.0,173300000,0.5648631029986962,0.0,126800000.0,0.0,0.0,136725000,305200000.0,-1000000.0,0.0,-500000.0,-0.00163,1600000.0,0.005215123859191656,-100000.0,500000.0,0.0016297262059973925,10500000.0,-10000000.0,-0.03259452411994785,-0.10989,-0.10989,91000000,91000000,https://www.sec.gov/Archives/edgar/data/1131383/000119907309000809/0001199073-09-000809-index.html,https://www.sec.gov/Archives/edgar/data/1131383/000119907309000809/d6k.htm,1620598379,18:12:59,20210509
47,2009-06-30,STN,CAD,2009-07-02 00:00:00,2009-07-02 12:09:27,Q2,318100000,141300000.0,176700000,0.5554856963219114,0.0,131300000.0,0.0,0.0,141596000,282899999.99999994,-3800000.0,0.0,27700000.0,0.08708,35100000.0,0.11034265954102483,200000.0,31500000.0,0.09902546369066331,9100000.0,22400000.0,0.07041810751336058,0.24401,0.24401,91800000,91800000,https://www.sec.gov/Archives/edgar/data/1131383/000119907309000541/0001199073-09-000541-index.html,https://www.sec.gov/Archives/edgar/data/1131383/000119907309000541/d6k.htm,1620598379,18:12:59,20210509
48,2009-03-31,STN,CAD,2009-04-06 00:00:00,2009-04-06 08:30:40,Q1,343300000,149800000.0,193400000,0.5633556655986018,0.0,148100000.0,0.0,0.0,160553000,310399999.99999994,-3700000.0,0.0,25900000.0,0.075444,32900000.0,0.09583454704340227,300000.0,29500000.0,0.08593067288086222,8900000.0,20700000.0,0.0602971162248762,0.22549,0.22549,91800000,91800000,https://www.sec.gov/Archives/edgar/data/1131383/000119907309000272/0001199073-09-000272-index.html,https://www.sec.gov/Archives/edgar/data/1131383/000119907309000272/d6k.htm,1620598379,18:12:59,20210509
49,2008-12-31,STN,CAD,2009-01-02 00:00:00,2009-01-02 12:05:57,Q4,297000000,131600000.0,165400000,0.5569023569023569,0.0,127700000.0,0.0,0.0,137015518,268600000.00000006,700000.0,0.0,30100000.0,0.101347,28400000.0,0.09562289562289562,200000.0,29400000.0,0.09898989898989899,9400000.0,20000000.0,0.06734006734006734,0.21598,0.21598,92600000,92600000,https://www.sec.gov/Archives/edgar/data/1131383/000119907309000002/0001199073-09-000002-index.html,https://www.sec.gov/Archives/edgar/data/1131383/000119907309000002/d6k.htm,1620598379,18:12:59,20210509
50,2008-09-30,STN,CAD,2008-10-01 00:00:00,2008-10-01 10:54:53,Q3,289200000,127100000.0,162100000,0.5605117565698479,0.0,113500000.0,0.0,0.0,122831595,308300000.0,-2300000.0,0.0,-23500000.0,-0.081259,-19100000.0,-0.06604426002766252,300000.0,-21200000.0,-0.07330567081604426,8800000.0,-30000000.0,-0.1037344398340249,-0.32895,-0.32895,91200000,91200000,https://www.sec.gov/Archives/edgar/data/1131383/000119907308000771/0001199073-08-000771-index.html,https://www.sec.gov/Archives/edgar/data/1131383/000119907308000771/d6k.htm,1620598379,18:12:59,20210509
51,2008-06-30,STN,CAD,2008-07-02 00:00:00,2008-07-02 12:54:24,Q2,289100000,127500000.0,161600000,0.5589761328260118,0.0,118000000.0,0.0,0.0,127422145,254900000.0,-2400000.0,0.0,29700000.0,0.102733,34200000.0,0.11829816672431684,400000.0,32100000.0,0.11103424420615704,10000000.0,22100000.0,0.07644413697682463,0.2397,0.2397,92200000,92200000,https://www.sec.gov/Archives/edgar/data/1131383/000119907308000525/0001199073-08-000525-index.html,https://www.sec.gov/Archives/edgar/data/1131383/000119907308000525/d6k.htm,1620598379,18:12:59,20210509
52,2008-03-31,STN,CAD,2008-04-14 00:00:00,2008-04-14 13:21:00,Q1,254900000,114600000.0,140300000,0.5504119262455865,0.0,107000000.0,0.0,0.0,115002572,229600000.0,-1200000.0,0.0,23000000.0,0.090231,25300000.0,0.09925460965084347,200000.0,24200000.0,0.09493919183993724,7300000.0,16900000.0,0.0663005100039231,0.1827,0.1827,92500000,92500000,https://www.sec.gov/Archives/edgar/data/1131383/000119907308000286/0001199073-08-000286-index.html,https://www.sec.gov/Archives/edgar/data/1131383/000119907308000286/d6k.htm,1620598379,18:12:59,20210509
53,2007-12-31,STN,CAD,2007-12-31,2007-12-31,Q4,215900000,91700000.0,124200000,0.5752663270032422,0.0,93900000.0,0.0,0.0,100913792,192600000.0,400000.0,0.0,24300000.0,0.112552,23300000.0,0.1079203334877258,300000.0,24000000.0,0.111162575266327,5000000.0,18900000.0,0.08754052802223251,0.20432,0.20432,92500000,92500000,,,1620598379,18:12:59,20210509
54,2007-09-30,STN,CAD,2007-10-01 00:00:00,2007-10-01 12:49:28,Q3,207000000,90700000.0,116300000,0.5618357487922705,0.0,85100000.0,0.0,0.0,90717480,181400000.0,-100000.0,0.0,25700000.0,0.124155,25600000.0,0.12367149758454106,300000.0,25800000.0,0.1246376811594203,8300000.0,17500000.0,0.08454106280193237,0.18919,0.18919,92500000,92500000,https://www.sec.gov/Archives/edgar/data/1131383/000119907307000870/0001199073-07-000870-index.html,https://www.sec.gov/Archives/edgar/data/1131383/000119907307000870/d6k.htm,1620598379,18:12:59,20210509
55,2007-06-30,STN,CAD,2007-08-02 00:00:00,2007-08-02 08:48:44,Q2,215700000,94700000.0,121000000,0.5609643022716736,0.0,90700000.0,0.0,0.0,95752391,190400000.0,500000.0,0.0,26500000.0,0.122856,25200000.0,0.1168289290681502,300000.0,26100000.0,0.12100139082058414,8600000.0,17400000.0,0.08066759388038942,0.18811,0.18811,92500000,92500000,https://www.sec.gov/Archives/edgar/data/1131383/000119907307000704/0001199073-07-000704-index.html,https://www.sec.gov/Archives/edgar/data/1131383/000119907307000704/d6k.htm,1620598379,18:12:59,20210509
56,2007-03-31,STN,CAD,2007-04-03 00:00:00,2007-04-03 09:22:08,Q1,192300000,83000000.0,109300000,0.5683827353094124,0.0,81700000.0,0.0,0.0,86702030,169700000.0,400000.0,0.0,23600000.0,0.122725,22600000.0,0.11752470098803952,300000.0,23300000.0,0.12116484659386376,7800000.0,15400000.0,0.08008320332813312,0.16685,0.16685,92300000,92300000,https://www.sec.gov/Archives/edgar/data/1131383/000119907307000245/0001199073-07-000245-index.html,https://www.sec.gov/Archives/edgar/data/1131383/000119907307000245/d6k.htm,1620598379,18:12:59,20210509
57,2006-12-31,STN,CAD,2006-12-31,2006-12-31,Q4,180600000,75300000.0,105400000,0.583610188261351,0.0,78300000.0,0.0,0.0,83862684,159100000.0,-100000.0,0.0,21600000.0,0.119601,21500000.0,0.11904761904761904,300000.0,21800000.0,0.12070874861572536,6100000.0,15600000.0,0.08637873754152824,0.17238,0.17238,90500000,90500000,,,1620598379,18:12:59,20210509
58,2006-09-30,STN,CAD,2006-09-30,2006-09-30,Q3,182000000,78400000.0,103600000,0.5692307692307692,0.0,72900000.0,0.0,0.0,78776126,157199999.99999997,-500000.0,0.0,24000000.0,0.131868,24800000.0,0.13626373626373625,100000.0,24500000.0,0.1346153846153846,8100000.0,16400000.0,0.09010989010989011,0.17826,0.17826,92000000,92000000,,,1620598379,18:12:59,20210509
59,2006-06-30,STN,CAD,2006-06-30,2006-06-30,Q2,182200000,78800000.0,103300000,0.5669593852908892,0.0,72400000.0,0.0,0.0,77785834,156600000.0,-500000.0,0.0,25600000.0,0.140505,25500000.0,0.13995609220636662,1000000.0,26100000.0,0.1432491767288694,9400000.0,16700000.0,0.09165751920965971,0.18152,0.18152,92000000,92000000,,,1620598379,18:12:59,20210509
60,2006-03-31,STN,CAD,2006-03-31,2006-03-31,Q1,163100000,72200000.0,90900000,0.5573267933782955,0.0,68400000.0,0.0,0.0,145586175,145600000.0,-600000.0,0.0,16400000.0,0.100552,17600000.0,0.1079092581238504,100000.0,17000000.0,0.10423053341508277,5600000.0,11400000.0,0.06989576946658492,0.12418,0.12418,91800000,91800000,,,1620598379,18:12:59,20210509
61,2005-12-31,STN,CAD,2006-02-23 00:00:00,2006-02-23 14:43:49,Q4,151900000,70700000.0,81200000,0.5345622119815668,0.0,63500000.0,0.0,0.0,68834286,139500000.0,-100000.0,0.0,12200000.0,0.080316,12400000.0,0.08163265306122448,0.0,12300000.0,0.08097432521395655,4300000.0,8000000.0,0.052666227781435156,0.08715,0.08715,91800000,91800000,https://www.sec.gov/Archives/edgar/data/1131383/000094787106000374/0000947871-06-000374-index.html,https://www.sec.gov/Archives/edgar/data/1131383/000094787106000374/f6k_022306.txt,1620598379,18:12:59,20210509
62,2005-09-30,STN,CAD,2005-09-30,2005-09-30,Q3,125900000,54500000.0,71400000,0.5671167593328038,0.0,48400000.0,0.0,0.0,51907085,106400000.0,100000.0,0.0,19800000.0,0.157268,19500000.0,0.15488482922954727,100000.0,19700000.0,0.15647339158061954,6900000.0,12800000.0,0.10166799046862589,0.1596,0.1596,80200000,80200000,,,1620598379,18:12:59,20210509
63,2005-06-30,STN,CAD,2005-06-30,2005-06-30,Q2,127700000,55000000.0,72700000,0.5693030540328896,0.0,49500000.0,0.0,0.0,52557997,107500000.0,-100000.0,0.0,20000000.0,0.156617,20100000.0,0.15740015661707127,100000.0,20100000.0,0.15740015661707127,7000000.0,13100000.0,0.10258418167580266,0.16838,0.16838,77800000,77800000,,,1620598379,18:12:59,20210509
64,2005-03-31,STN,CAD,2005-03-31,2005-03-31,Q1,141143894,22010883.0,119133011,0.8440535939868571,0.0,105701330.0,0.0,0.0,108703748,130714631.0,74970.0,2764208.0,13193471.0,0.09347532242521239,10429263.0,0.07389099665905491,7255.0,3828295.0,0.02712334831856063,3627570.0,6735187.0,0.047718585686746036,0.09005,0.08755,75670680,77697232,,,1620598379,18:12:59,20210509
65,2004-12-31,STN,CAD,2004-12-31,2004-12-31,Q4,178793000,-88403000.0,267196000,1.494443294759862,0.0,250933000.0,0.0,0.0,256266000,167863000.0,451000.0,3121000.0,14051000.0,0.07858808790053302,10930000.0,0.06113214723171489,176000.0,12981000.0,0.07260351356037428,3382000.0,9599000.0,0.05368778419736791,0.12975421666734616,0.12975421666734616,73978328,73978328,,,1620598379,18:12:59,20210509
66,2004-09-30,STN,CAD,2004-09-30,2004-09-30,Q3,119810000,57366000.0,62444000,0.5211918871546616,0.0,45202000.0,0.0,0.0,48899000,106265000.0,0.0,3253000.0,16798000.0,0.14020532509807196,13545000.0,0.11305400217010267,78000.0,12768000.0,0.10656873382856188,4280000.0,8488000.0,0.07084550538352391,0.115,0.11,73978328,77088972,,,1620598379,18:12:59,20210509
67,2004-06-30,STN,CAD,2004-06-30,2004-06-30,Q2,118710000,55225000.0,63485000,0.5347906663297111,0.0,49308000.0,0.0,0.0,52756000,107981000.0,825000.0,2988000.0,13717000.0,0.11555050122146407,10729000.0,0.0903799174458765,111000.0,10015000.0,0.0843652598770112,3570000.0,6445000.0,0.054291972032684696,0.0875,0.0825,73883852,77219528,,,1620598379,18:12:59,20210509
68,2004-03-31,STN,CAD,2004-03-31,2004-03-31,Q1,117317000,13751000.0,103566000,0.8827876607823248,0.0,91349000.0,0.0,0.0,94110000,107861000.0,674000.0,2624000.0,12080000.0,0.10296887919056914,9456000.0,0.0806021292736773,114000.0,8896000.0,0.07582873752312112,3238000.0,5658000.0,0.04822830450829803,0.0775,0.075,73495932,76705932,,,1620598379,18:12:59,20210509
69,2003-12-31,STN,CAD,2003-12-31,2003-12-31,Q4,111616000,18766000.0,92850000,0.8318699827981652,0.0,79042000.0,0.0,0.0,85631000,104397000.0,584000.0,0.0,11136000.0,0.09977064220183486,7219000.0,0.06467710722477064,-531000.0,9272000.0,0.08307052752293578,3402000.0,5870000.0,0.052591026376146786,0.08002077322914437,0.08002077322914437,73355952,73355952,,,1620598379,18:12:59,20210509
70,2003-09-30,STN,CAD,2003-09-30,2003-09-30,Q3,120810000,19094000.0,101716000,0.8419501696879398,0.0,86960000.0,0.0,0.0,89311000,108405000.0,592000.0,0.0,14909000.0,0.12340865822365699,12405000.0,0.1026818971939409,-126000.0,11687000.0,0.09673868057280026,4295000.0,7392000.0,0.061186987832133104,0.1,0.0975,73355952,76550512,,,1620598379,18:12:59,20210509
71,2003-06-30,STN,CAD,2003-06-30,2003-06-30,Q2,119076000,16684000.0,102392000,0.859887802747825,0.0,88535000.0,0.0,0.0,90918000,107602000.0,0.0,0.0,13986000.0,0.11745439887130908,11474000.0,0.09635862810306023,-129000.0,10495000.0,0.08813698814202695,3857000.0,6638000.0,0.05574591017501428,0.09,0.0875,73413696,76553876,,,1620598379,18:12:59,20210509
72,2003-03-31,STN,CAD,2003-03-31,2003-03-31,Q1,108440000,14002000.0,94438000,0.8708779048321652,0.0,83722000.0,0.0,0.0,85908000,99910000.0,0.0,0.0,10461000.0,0.09646809295462928,8530000.0,0.07866101069715972,255000.0,8174000.0,0.07537808926595352,3004000.0,5170000.0,0.04767613426779786,0.07,0.0675,73220212,76343408,,,1620598379,18:12:59,20210509
73,2002-12-31,STN,CAD,2002-12-31,2002-12-31,Q4,101737000,-113176000.0,214913000,2.1124369698339835,0.0,202175000.0,0.0,0.0,205233000,92057000.0,441000.0,0.0,12726000.0,0.12508723473269312,9680000.0,0.09514729154584861,12000.0,9251000.0,0.09093053657961214,3359000.0,5892000.0,0.05791403324257645,0.08077012477037679,0.08077012477037679,72947764,72947764,,,1620598379,18:12:59,20210509
74,2002-09-30,STN,CAD,2002-09-30,2002-09-30,Q3,137939000,75767000.0,62172000,0.4507209708639326,0.0,48742000.0,0.0,0.0,51529000,127296000.0,868000.0,0.0,12962000.0,0.09396907328601774,10643000.0,0.0771572941662619,468000.0,10243000.0,0.07425746163159078,3950000.0,6293000.0,0.04562161535171344,0.0875,0.0825,72947764,76061872,,,1620598379,18:12:59,20210509
75,2002-06-30,STN,CAD,2002-06-30,2002-06-30,Q2,104216000,14268000.0,89948000,0.8630920396100407,0.0,78178000.0,0.0,0.0,80191000,94459000.0,790000.0,0.0,11954000.0,0.11470407614953558,9757000.0,0.09362286021340294,-214000.0,8753000.0,0.08398902279880249,3589000.0,5164000.0,0.04955093267828357,0.07,0.0675,72716392,75970248,,,1620598379,18:12:59,20210509
76,2002-03-31,STN,CAD,2002-03-31,2002-03-31,Q1,84564000,11297000.0,73267000,0.8664088737524241,0.0,65181000.0,0.0,0.0,66825000,78122000.0,531000.0,0.0,8070000.0,0.09543067972186746,6442000.0,0.07617898869495293,16000.0,5927000.0,0.07008892673005061,2430000.0,3497000.0,0.04135329454614257,0.1025,0.0975,67385360,67385360,,,1620598379,18:12:59,20210509
77,2001-12-31,STN,CAD,2001-12-31,2001-12-31,Q4,84627000,-91776000.0,176403000,2.084476585486901,0.0,167062000.0,0.0,0.0,170484000,78708000.0,10000.0,0.0,8275000.0,0.09778203173927942,5919000.0,0.06994221702293595,1066000.0,5694000.0,0.06728349108440569,2825000.0,4150000.0,0.04903872286622473,0.061627759304960054,0.061627759304960054,67339784,67339784,,,1620598379,18:12:59,20210509
78,2001-09-30,STN,CAD,2001-09-30,2001-09-30,Q3,112168000,62601000.0,49567000,0.4418996505242137,0.0,38248000.0,0.0,0.0,40556000,103157000.0,253000.0,0.0,11913000.0,0.10620676128664147,9011000.0,0.0803348548605663,-594000.0,8679000.0,0.07737500891519863,3565000.0,4599000.0,0.04100099850224663,0.06875,0.065,67339784,70246136,,,1620598379,18:12:59,20210509
79,2001-06-30,STN,CAD,2001-06-30,2001-06-30,Q2,87016000,13213000.0,73803000,0.8481543624161074,0.0,64237000.0,0.0,0.0,65826000,79039000.0,561000.0,1589000.0,9566000.0,0.1099338052771904,7977000.0,0.09167279580766756,-484000.0,6932000.0,0.07966351015905121,3200000.0,3732000.0,0.04288866415371886,0.06125,0.06125,57497056,57497056,,,1620598379,18:12:59,20210509
80,2001-03-31,STN,CAD,2001-03-31,2001-03-31,Q1,73131000,10501000.0,62630000,0.8564083630744828,0.0,55394000.0,0.0,0.0,56833000,67334000.0,0.0,1439000.0,7236000.0,0.09894572753004882,5797000.0,0.07926870957596642,-623000.0,5398000.0,0.0738127469882813,2498000.0,2900000.0,0.0396548659255309,0.04875,0.04875,57497056,57497056,,,1620598379,18:12:59,20210509
81,2000-12-31,STN,CAD,2000-12-31,2000-12-31,Q4,64490000,-68516000.0,133006000,2.0624282834547993,0.0,20736000.0,0.0,0.0,22264000,-46252000.0,584000.0,1528000.0,112270000.0,1.7408900604744921,110742000.0,1.7171964645681501,-104627000.0,5531000.0,0.08576523492014265,2569000.0,2962000.0,0.04592960148860288,0.0520728217843714,0.0520728217843714,56881880,56881880,,,1620598379,18:12:59,20210509
82,2000-09-30,STN,CAD,2000-09-30,2000-09-30,Q3,84871000,47934000.0,36937000,0.4352134415760389,0.0,27645000.0,0.0,0.0,29476000,77410000.0,879000.0,1859000.0,9320000.0,0.10981371728859092,7461000.0,0.08790988676933228,-408000.0,6174000.0,0.07274569640984553,2852000.0,3322000.0,0.039141756312521356,0.05875,0.05375,56881880,56881880,,,1620598379,18:12:59,20210509
83,2000-06-30,STN,CAD,2000-06-30,2000-06-30,Q2,62700000,9200000.0,53500000,0.8532695374800638,0.0,46300000.0,0.0,0.0,47400000,56600000.0,0.0,800000.0,6900000.0,0.11004784688995216,6100000.0,0.09728867623604466,-200000.0,5200000.0,0.08293460925039872,2400000.0,2800000.0,0.044657097288676235,0.04875,0.045,150968680,150968680,,,1620598379,18:12:59,20210509
84,2000-03-31,STN,CAD,2000-03-31,2000-03-31,Q1,53500000,9400000.0,44100000,0.8242990654205608,0.0,38500000.0,0.0,0.0,39700000,49100000.0,300000.0,1200000.0,5600000.0,0.10467289719626169,4400000.0,0.08224299065420561,0.0,4100000.0,0.07663551401869159,1900000.0,2200000.0,0.041121495327102804,0.0375,0.035,150968680,150968680,,,1620598379,18:12:59,20210509
85,1999-12-31,STN,CAD,1999-12-31,1999-12-31,Q4,54900000,13800000.0,41100000,0.7486338797814208,0.0,35200000.0,0.0,0.0,36700000,50500000.0,0.0,1500000.0,5900000.0,0.10746812386156648,4400000.0,0.08014571948998178,0.0,4400000.0,0.08014571948998178,2100000.0,2300000.0,0.04189435336976321,0.01523494807002353,0.01523494807002353,150968680,150968680,,,1620598379,18:12:59,20210509
86,1999-09-30,STN,CAD,1999-09-30,1999-09-30,Q3,65300000,12100000.0,53200000,0.8147013782542113,0.0,47000000.0,0.0,0.0,48400000,60500000.0,300000.0,1500000.0,6300000.0,0.09647779479326186,4800000.0,0.07350689127105667,0.0,4500000.0,0.06891271056661562,2100000.0,2400000.0,0.036753445635528334,0.04125,0.04,150968680,150968680,,,1620598379,18:12:59,20210509
87,1999-06-30,STN,CAD,1999-06-30,1999-06-30,Q2,48600000,8900000.0,39700000,0.8168724279835391,0.0,34600000.0,0.0,0.0,35500000,44400000.0,0.0,900000.0,5100000.0,0.10493827160493827,4200000.0,0.08641975308641975,0.0,4000000.0,0.0823045267489712,1900000.0,2100000.0,0.043209876543209874,0.03625,0.03375,150968680,150968680,,,1620598379,18:12:59,20210509
88,1999-03-31,STN,CAD,1999-03-31,1999-03-31,Q1,43100000,7300000.0,35800000,0.8306264501160093,0.0,31500000.0,0.0,0.0,32400000,39700000.0,100000.0,900000.0,4300000.0,0.09976798143851508,3400000.0,0.07888631090487239,100000.0,3400000.0,0.07888631090487239,1600000.0,1800000.0,0.04176334106728538,0.03125,0.02875,150968680,150968680,,,1620598379,18:12:59,20210509
89,1998-12-31,STN,CAD,1998-12-31,1998-12-31,Q4,52200000,10000000.0,42200000,0.8084291187739464,0.0,36800000.0,0.0,0.0,37700000,47700000.0,0.0,900000.0,5400000.0,0.10344827586206896,4500000.0,0.08620689655172414,400000.0,4900000.0,0.09386973180076628,2300000.0,2600000.0,0.04980842911877394,0.04488095275496032,0.04488095275496032,57931034,57931034,,,1620598379,18:12:59,20210509
90,1998-09-30,STN,CAD,1998-09-30,1998-09-30,Q3,59300000,12600000.0,46700000,0.7875210792580101,0.0,41300000.0,0.0,0.0,42600000,55200000.0,300000.0,1300000.0,5400000.0,0.09106239460370995,4100000.0,0.06913996627318718,0.0,3800000.0,0.06408094435075885,1700000.0,2100000.0,0.03541315345699832,0.03625,0.035,57931034,60000000,,,1620598379,18:12:59,20210509
91,1998-06-30,STN,CAD,1998-06-30,1998-06-30,Q2,40600000,7400000.0,33200000,0.8177339901477833,0.0,29500000.0,0.0,0.0,30300000,37700000.0,0.0,800000.0,3700000.0,0.09113300492610837,2900000.0,0.07142857142857142,0.0,2900000.0,0.07142857142857142,1300000.0,1600000.0,0.03940886699507389,0.0275,0.02625,58181818,60952381,,,1620598379,18:12:59,20210509
92,1998-03-31,STN,CAD,1998-03-31,1998-03-31,Q1,33300000,6700000.0,26600000,0.7987987987987988,0.0,24200000.0,0.0,0.0,24900000,31600000.0,0.0,700000.0,2400000.0,0.07207207207207207,1700000.0,0.05105105105105105,0.0,1600000.0,0.04804804804804805,700000.0,900000.0,0.02702702702702703,0.01625,0.015,55384615,60000000,,,1620598379,18:12:59,20210509
93,1997-12-31,STN,CAD,1997-12-31,1997-12-31,Q4,39500000,10900000.0,28600000,0.7240506329113924,0.0,24800000.0,0.0,0.0,25500000,36400000.0,0.0,700000.0,3800000.0,0.09620253164556962,3100000.0,0.07848101265822785,0.0,3100000.0,0.07848101265822785,1300000.0,1800000.0,0.04556962025316456,0.039000000130000004,0.039000000130000004,46153846,46153846,,,1620598379,18:12:59,20210509
94,1997-09-30,STN,CAD,1997-09-30,1997-09-30,Q3,41700000,11900000.0,29800000,0.7146282973621103,0.0,26300000.0,0.0,0.0,27000000,38900000.0,0.0,700000.0,3500000.0,0.08393285371702638,2800000.0,0.0671462829736211,0.0,2700000.0,0.06474820143884892,1200000.0,1500000.0,0.03597122302158273,0.0325,0.03125,46153846,48000000,,,1620598379,18:12:59,20210509
95,1997-06-30,STN,CAD,1997-06-30,1997-06-30,Q2,26900000,7100000.0,19800000,0.7360594795539034,0.0,17400000.0,0.0,0.0,17800000,24900000.0,0.0,400000.0,2400000.0,0.08921933085501858,2000000.0,0.07434944237918216,0.0,2000000.0,0.07434944237918216,800000.0,1200000.0,0.04460966542750929,0.02625,0.02625,45714286,45714286,,,1620598379,18:12:59,20210509
96,1997-03-31,STN,CAD,1997-03-31,1997-03-31,Q1,23300000,5400000.0,17900000,0.7682403433476395,0.0,16200000.0,0.0,0.0,16600000,22000000.0,100000.0,400000.0,1700000.0,0.07296137339055794,1300000.0,0.055793991416309016,0.0,1200000.0,0.05150214592274678,500000.0,700000.0,0.030042918454935622,0.015,0.015,46666667,46666667,,,1620598379,18:12:59,20210509
