,date,symbol,reportedCurrency,fillingDate,acceptedDate,period,revenue,costOfRevenue,grossProfit,grossProfitRatio,researchAndDevelopmentExpenses,generalAndAdministrativeExpenses,sellingAndMarketingExpenses,otherExpenses,operatingExpenses,costAndExpenses,interestExpense,depreciationAndAmortization,ebitda,ebitdaratio,operatingIncome,operatingIncomeRatio,totalOtherIncomeExpensesNet,incomeBeforeTax,incomeBeforeTaxRatio,incomeTaxExpense,netIncome,netIncomeRatio,eps,epsdiluted,weightedAverageShsOut,weightedAverageShsOutDil,link,finalLink,timestamp,est_time,est_date
0,2020-09-30,SPPC.L,GBP,2020-09-30,2020-09-30,Q3,-175750.0,0.0,0.0,0.0,0.0,49000.0,0.0,0.0,0.0,0.0,0.0,0.0,0.0,0.0,0.0,0.0,0.0,-224750.0,1.2788051209103841,0.0,-224750.0,1.2788051209103841,-0.003499606829488567,-0.003499606829488567,64221500,64221500,https://find-and-update.company-information.service.gov.uk/search/companies?q=St+Peter+Port+Capital+Ltd,https://find-and-update.company-information.service.gov.uk/search/companies?q=St+Peter+Port+Capital+Ltd,1620598225,18:10:25,20210509
1,2020-06-30,SPPC.L,GBP,2020-06-30,2020-06-30,Q2,-175750.0,0.0,0.0,0.0,0.0,49000.0,0.0,0.0,0.0,0.0,0.0,0.0,0.0,0.0,0.0,0.0,0.0,-224750.0,1.2788051209103841,0.0,-224750.0,1.2788051209103841,-0.003499606829488567,-0.003499606829488567,64221500,64221500,https://find-and-update.company-information.service.gov.uk/search/companies?q=St+Peter+Port+Capital+Ltd,https://find-and-update.company-information.service.gov.uk/search/companies?q=St+Peter+Port+Capital+Ltd,1620598225,18:10:25,20210509
2,2020-03-31,SPPC.L,GBP,2020-03-31,2020-03-31,Q1,-175750.0,0.0,0.0,0.0,0.0,49000.0,0.0,0.0,0.0,0.0,0.0,0.0,0.0,0.0,0.0,0.0,0.0,-224750.0,1.2788051209103841,0.0,-224750.0,1.2788051209103841,-0.003499606829488567,-0.003499606829488567,64221500,64221500,https://find-and-update.company-information.service.gov.uk/search/companies?q=St+Peter+Port+Capital+Ltd,https://find-and-update.company-information.service.gov.uk/search/companies?q=St+Peter+Port+Capital+Ltd,1620598225,18:10:25,20210509
3,2020-01-31,SPPC.L,GBP,2020-01-31,2020-01-31,Q1,-175750.0,0.0,0.0,0.0,0.0,49000.0,0.0,0.0,0.0,0.0,0.0,0.0,0.0,0.0,0.0,0.0,0.0,-224750.0,1.2788051209103841,0.0,-224750.0,1.2788051209103841,-0.003499606829488567,-0.003499606829488567,64221500,64221500,https://find-and-update.company-information.service.gov.uk/search/companies?q=St+Peter+Port+Capital+Ltd,https://find-and-update.company-information.service.gov.uk/search/companies?q=St+Peter+Port+Capital+Ltd,1620598225,18:10:25,20210509
4,2019-06-30,SPPC.L,GBP,2019-06-30,2019-06-30,Q2,-482500.0,0.0,0.0,0.0,0.0,71250.0,0.0,0.0,0.0,0.0,0.0,0.0,0.0,0.0,0.0,0.0,0.0,-553750.0,1.1476683937823835,0.0,-553750.0,1.1476683937823835,-0.008625,-0.008625,64221500,64221500,https://find-and-update.company-information.service.gov.uk/search/companies?q=St+Peter+Port+Capital+Ltd,https://find-and-update.company-information.service.gov.uk/search/companies?q=St+Peter+Port+Capital+Ltd,1620598225,18:10:25,20210509
5,2019-03-31,SPPC.L,GBP,2019-03-31,2019-03-31,Q1,-482500.0,0.0,0.0,0.0,0.0,71250.0,0.0,0.0,0.0,0.0,0.0,0.0,0.0,0.0,0.0,0.0,0.0,-553750.0,1.1476683937823835,0.0,-553750.0,1.1476683937823835,-0.008625,-0.008625,64221500,64221500,https://find-and-update.company-information.service.gov.uk/search/companies?q=St+Peter+Port+Capital+Ltd,https://find-and-update.company-information.service.gov.uk/search/companies?q=St+Peter+Port+Capital+Ltd,1620598225,18:10:25,20210509
6,2019-01-31,SPPC.L,GBP,2019-01-31,2019-01-31,Q1,-482500.0,0.0,0.0,0.0,0.0,71250.0,0.0,0.0,0.0,0.0,0.0,0.0,0.0,0.0,0.0,0.0,0.0,-553750.0,1.1476683937823835,0.0,-553750.0,1.1476683937823835,-0.008625,-0.008625,64221500,64221500,https://find-and-update.company-information.service.gov.uk/search/companies?q=St+Peter+Port+Capital+Ltd,https://find-and-update.company-information.service.gov.uk/search/companies?q=St+Peter+Port+Capital+Ltd,1620598225,18:10:25,20210509
7,2018-06-30,SPPC.L,GBP,2018-06-30,2018-06-30,Q2,-1226750.0,0.0,0.0,0.0,0.0,81000.0,0.0,0.0,0.0,0.0,0.0,0.0,0.0,0.0,0.0,0.0,0.0,-1307750.0,1.066028123089464,0.0,-1307750.0,1.066028123089464,-0.020375,-0.020375,64221500,64221500,https://find-and-update.company-information.service.gov.uk/search/companies?q=St+Peter+Port+Capital+Ltd,https://find-and-update.company-information.service.gov.uk/search/companies?q=St+Peter+Port+Capital+Ltd,1620598225,18:10:25,20210509
8,2018-03-31,SPPC.L,GBP,2018-03-31,2018-03-31,Q1,-1226750.0,0.0,0.0,0.0,0.0,81000.0,0.0,0.0,0.0,0.0,0.0,0.0,0.0,0.0,0.0,0.0,0.0,-1307750.0,1.066028123089464,0.0,-1307750.0,1.066028123089464,-0.020375,-0.020375,64221500,64221500,https://find-and-update.company-information.service.gov.uk/search/companies?q=St+Peter+Port+Capital+Ltd,https://find-and-update.company-information.service.gov.uk/search/companies?q=St+Peter+Port+Capital+Ltd,1620598225,18:10:25,20210509
9,2018-01-31,SPPC.L,GBP,2018-01-31,2018-01-31,Q1,-1226750.0,0.0,0.0,0.0,0.0,81000.0,0.0,0.0,0.0,0.0,0.0,0.0,0.0,0.0,0.0,0.0,0.0,-1307750.0,1.066028123089464,0.0,-1307750.0,1.066028123089464,-0.020375,-0.020375,64221500,64221500,https://find-and-update.company-information.service.gov.uk/search/companies?q=St+Peter+Port+Capital+Ltd,https://find-and-update.company-information.service.gov.uk/search/companies?q=St+Peter+Port+Capital+Ltd,1620598225,18:10:25,20210509
10,2017-06-30,SPPC.L,GBP,2017-06-30,2017-06-30,Q2,-1193250.0,0.0,0.0,0.0,0.0,78500.0,0.0,0.0,0.0,0.0,0.0,0.0,0.0,0.0,0.0,0.0,0.0,-1271750.0,1.0657867169495077,0.0,-1271750.0,1.0657867169495077,-0.0198,-0.0198,64221500,64221500,https://find-and-update.company-information.service.gov.uk/search/companies?q=St+Peter+Port+Capital+Ltd,https://find-and-update.company-information.service.gov.uk/search/companies?q=St+Peter+Port+Capital+Ltd,1620598225,18:10:25,20210509
11,2017-03-31,SPPC.L,GBP,2017-03-31,2017-03-31,Q1,-1193250.0,0.0,0.0,0.0,0.0,78500.0,0.0,0.0,0.0,0.0,0.0,0.0,0.0,0.0,0.0,0.0,0.0,-1271750.0,1.0657867169495077,0.0,-1271750.0,1.0657867169495077,-0.0198,-0.0198,64221500,64221500,https://find-and-update.company-information.service.gov.uk/search/companies?q=St+Peter+Port+Capital+Ltd,https://find-and-update.company-information.service.gov.uk/search/companies?q=St+Peter+Port+Capital+Ltd,1620598225,18:10:25,20210509
12,2017-01-31,SPPC.L,GBP,2017-01-31,2017-01-31,Q1,-1193250.0,0.0,0.0,0.0,0.0,78500.0,0.0,0.0,0.0,0.0,0.0,0.0,0.0,0.0,0.0,0.0,0.0,-1271750.0,1.0657867169495077,0.0,-1271750.0,1.0657867169495077,-0.0198,-0.0198,64221500,64221500,https://find-and-update.company-information.service.gov.uk/search/companies?q=St+Peter+Port+Capital+Ltd,https://find-and-update.company-information.service.gov.uk/search/companies?q=St+Peter+Port+Capital+Ltd,1620598225,18:10:25,20210509
13,2016-06-30,SPPC.L,GBP,2016-06-30,2016-06-30,Q2,-3317250.0,0.0,0.0,0.0,0.0,113000.0,0.0,0.0,0.0,0.0,0.0,0.0,0.0,0.0,0.0,0.0,0.0,-3430250.0,1.0340643605396036,0.0,-3430250.0,1.0340643605396036,-0.053425,-0.053425,64221500,64221500,https://find-and-update.company-information.service.gov.uk/search/companies?q=St+Peter+Port+Capital+Ltd,https://find-and-update.company-information.service.gov.uk/search/companies?q=St+Peter+Port+Capital+Ltd,1620598225,18:10:25,20210509
14,2016-03-31,SPPC.L,GBP,2016-03-31,2016-03-31,Q1,-3317250.0,0.0,0.0,0.0,0.0,113000.0,0.0,0.0,0.0,0.0,0.0,0.0,0.0,0.0,0.0,0.0,0.0,-3430250.0,1.0340643605396036,0.0,-3430250.0,1.0340643605396036,-0.053425,-0.053425,64221500,64221500,https://find-and-update.company-information.service.gov.uk/search/companies?q=St+Peter+Port+Capital+Ltd,https://find-and-update.company-information.service.gov.uk/search/companies?q=St+Peter+Port+Capital+Ltd,1620598225,18:10:25,20210509
15,2016-01-31,SPPC.L,GBP,2016-01-31,2016-01-31,Q1,-3317250.0,0.0,0.0,0.0,0.0,113000.0,0.0,0.0,0.0,0.0,0.0,0.0,0.0,0.0,0.0,0.0,0.0,-3430250.0,1.0340643605396036,0.0,-3430250.0,1.0340643605396036,-0.053425,-0.053425,64221500,64221500,https://find-and-update.company-information.service.gov.uk/search/companies?q=St+Peter+Port+Capital+Ltd,https://find-and-update.company-information.service.gov.uk/search/companies?q=St+Peter+Port+Capital+Ltd,1620598225,18:10:25,20210509
16,2015-09-30,SPPC.L,GBP,2015-09-30,2015-09-30,Q3,-5779250.0,0.0,0.0,0.0,0.0,116500.0,0.0,0.0,12750.0,0.0,0.0,0.0,0.0,0.0,0.0,0.0,0.0,-5908500.0,1.0223644936626726,0.0,-5908500.0,1.0223644936626726,-0.0841,-0.0841,65036568,65036568,https://find-and-update.company-information.service.gov.uk/search/companies?q=St+Peter+Port+Capital+Ltd,https://find-and-update.company-information.service.gov.uk/search/companies?q=St+Peter+Port+Capital+Ltd,1620598225,18:10:25,20210509
17,2015-06-30,SPPC.L,GBP,2015-06-30,2015-06-30,Q2,-5779250.0,0.0,0.0,0.0,0.0,116500.0,0.0,0.0,12750.0,0.0,0.0,0.0,0.0,0.0,0.0,0.0,0.0,-5908500.0,1.0223644936626726,0.0,-5908500.0,1.0223644936626726,-0.0841,-0.0841,65036568,65036568,https://find-and-update.company-information.service.gov.uk/search/companies?q=St+Peter+Port+Capital+Ltd,https://find-and-update.company-information.service.gov.uk/search/companies?q=St+Peter+Port+Capital+Ltd,1620598225,18:10:25,20210509
18,2015-03-31,SPPC.L,GBP,2015-03-31,2015-03-31,Q1,-5779250.0,0.0,0.0,0.0,0.0,116500.0,0.0,0.0,12750.0,0.0,0.0,0.0,0.0,0.0,0.0,0.0,0.0,-5908500.0,1.0223644936626726,0.0,-5908500.0,1.0223644936626726,-0.0841,-0.0841,65036568,65036568,https://find-and-update.company-information.service.gov.uk/search/companies?q=St+Peter+Port+Capital+Ltd,https://find-and-update.company-information.service.gov.uk/search/companies?q=St+Peter+Port+Capital+Ltd,1620598225,18:10:25,20210509
19,2015-01-31,SPPC.L,GBP,2015-01-31,2015-01-31,Q1,-5779250.0,0.0,0.0,0.0,0.0,116500.0,0.0,0.0,12750.0,0.0,0.0,0.0,0.0,0.0,0.0,0.0,0.0,-5908500.0,1.0223644936626726,0.0,-5908500.0,1.0223644936626726,-0.0841,-0.0841,65036568,65036568,https://find-and-update.company-information.service.gov.uk/search/companies?q=St+Peter+Port+Capital+Ltd,https://find-and-update.company-information.service.gov.uk/search/companies?q=St+Peter+Port+Capital+Ltd,1620598225,18:10:25,20210509
20,2014-09-30,SPPC.L,GBP,2014-09-30,2014-09-30,Q3,-2813500.0,0.0,0.0,0.0,0.0,133750.0,0.0,0.0,0.0,0.0,0.0,0.0,0.0,0.0,0.0,0.0,0.0,-2947250.0,1.047538652923405,0.0,-2947250.0,1.047538652923405,-0.044175,-0.044175,67721500,67721500,https://find-and-update.company-information.service.gov.uk/search/companies?q=St+Peter+Port+Capital+Ltd,https://find-and-update.company-information.service.gov.uk/search/companies?q=St+Peter+Port+Capital+Ltd,1620598225,18:10:25,20210509
21,2014-06-30,SPPC.L,GBP,2014-06-30,2014-06-30,Q2,-2813500.0,0.0,0.0,0.0,0.0,133750.0,0.0,0.0,0.0,0.0,0.0,0.0,0.0,0.0,0.0,0.0,0.0,-2947250.0,1.047538652923405,0.0,-2947250.0,1.047538652923405,-0.044175,-0.044175,67721500,67721500,https://find-and-update.company-information.service.gov.uk/search/companies?q=St+Peter+Port+Capital+Ltd,https://find-and-update.company-information.service.gov.uk/search/companies?q=St+Peter+Port+Capital+Ltd,1620598225,18:10:25,20210509
22,2014-03-31,SPPC.L,GBP,2014-03-31,2014-03-31,Q1,-2813500.0,0.0,0.0,0.0,0.0,133750.0,0.0,0.0,0.0,0.0,0.0,0.0,0.0,0.0,0.0,0.0,0.0,-2947250.0,1.047538652923405,0.0,-2947250.0,1.047538652923405,-0.044175,-0.044175,67721500,67721500,https://find-and-update.company-information.service.gov.uk/search/companies?q=St+Peter+Port+Capital+Ltd,https://find-and-update.company-information.service.gov.uk/search/companies?q=St+Peter+Port+Capital+Ltd,1620598225,18:10:25,20210509
23,2014-01-31,SPPC.L,GBP,2014-01-31,2014-01-31,Q1,-2813500.0,0.0,0.0,0.0,0.0,133750.0,0.0,0.0,0.0,0.0,0.0,0.0,0.0,0.0,0.0,0.0,0.0,-2947250.0,1.047538652923405,0.0,-2947250.0,1.047538652923405,-0.044175,-0.044175,67721500,67721500,https://find-and-update.company-information.service.gov.uk/search/companies?q=St+Peter+Port+Capital+Ltd,https://find-and-update.company-information.service.gov.uk/search/companies?q=St+Peter+Port+Capital+Ltd,1620598225,18:10:25,20210509
24,2013-09-30,SPPC.L,GBP,2013-09-30,2013-09-30,Q3,1433250.0,0.0,0.0,0.0,0.0,171000.0,0.0,0.0,0.0,0.0,0.0,0.0,0.0,0.0,0.0,0.0,0.0,1262250.0,0.880690737833595,0.0,1262250.0,0.880690737833595,0.01873475,0.01873475,67374925,67374925,https://find-and-update.company-information.service.gov.uk/search/companies?q=St+Peter+Port+Capital+Ltd,https://find-and-update.company-information.service.gov.uk/search/companies?q=St+Peter+Port+Capital+Ltd,1620598225,18:10:25,20210509
25,2013-06-30,SPPC.L,GBP,2013-06-30,2013-06-30,Q2,1433250.0,0.0,0.0,0.0,0.0,171000.0,0.0,0.0,0.0,0.0,0.0,0.0,0.0,0.0,0.0,0.0,0.0,1262250.0,0.880690737833595,0.0,1262250.0,0.880690737833595,0.01873475,0.01873475,67374925,67374925,https://find-and-update.company-information.service.gov.uk/search/companies?q=St+Peter+Port+Capital+Ltd,https://find-and-update.company-information.service.gov.uk/search/companies?q=St+Peter+Port+Capital+Ltd,1620598225,18:10:25,20210509
26,2013-03-31,SPPC.L,GBP,2013-03-31,2013-03-31,Q1,1433250.0,0.0,0.0,0.0,0.0,171000.0,0.0,0.0,0.0,0.0,0.0,0.0,0.0,0.0,0.0,0.0,0.0,1262250.0,0.880690737833595,0.0,1262250.0,0.880690737833595,0.01873475,0.01873475,67374925,67374925,https://find-and-update.company-information.service.gov.uk/search/companies?q=St+Peter+Port+Capital+Ltd,https://find-and-update.company-information.service.gov.uk/search/companies?q=St+Peter+Port+Capital+Ltd,1620598225,18:10:25,20210509
27,2013-01-31,SPPC.L,GBP,2013-01-31,2013-01-31,Q1,1433250.0,0.0,0.0,0.0,0.0,171000.0,0.0,0.0,0.0,0.0,0.0,0.0,0.0,0.0,0.0,0.0,0.0,1262250.0,0.880690737833595,0.0,1262250.0,0.880690737833595,0.01873475,0.01873475,67374925,67374925,https://find-and-update.company-information.service.gov.uk/search/companies?q=St+Peter+Port+Capital+Ltd,https://find-and-update.company-information.service.gov.uk/search/companies?q=St+Peter+Port+Capital+Ltd,1620598225,18:10:25,20210509
28,2012-09-30,SPPC.L,GBP,2012-09-30,2012-09-30,Q3,-1285500.0,0.0,0.0,0.0,0.0,661750.0,0.0,0.0,0.0,0.0,0.0,0.0,0.0,0.0,0.0,0.0,0.0,-1947250.0,1.514780241151303,0.0,-1947250.0,1.514780241151303,-0.02824225,-0.02824225,68948050,68948050,https://find-and-update.company-information.service.gov.uk/search/companies?q=St+Peter+Port+Capital+Ltd,https://find-and-update.company-information.service.gov.uk/search/companies?q=St+Peter+Port+Capital+Ltd,1620598225,18:10:25,20210509
29,2012-06-30,SPPC.L,GBP,2012-06-30,2012-06-30,Q2,-1285500.0,0.0,0.0,0.0,0.0,661750.0,0.0,0.0,0.0,0.0,0.0,0.0,0.0,0.0,0.0,0.0,0.0,-1947250.0,1.514780241151303,0.0,-1947250.0,1.514780241151303,-0.02824225,-0.02824225,68948050,68948050,https://find-and-update.company-information.service.gov.uk/search/companies?q=St+Peter+Port+Capital+Ltd,https://find-and-update.company-information.service.gov.uk/search/companies?q=St+Peter+Port+Capital+Ltd,1620598225,18:10:25,20210509
30,2012-03-31,SPPC.L,GBP,2012-03-31,2012-03-31,Q1,-1285500.0,0.0,0.0,0.0,0.0,661750.0,0.0,0.0,0.0,0.0,0.0,0.0,0.0,0.0,0.0,0.0,0.0,-1947250.0,1.514780241151303,0.0,-1947250.0,1.514780241151303,-0.02824225,-0.02824225,68948050,68948050,https://find-and-update.company-information.service.gov.uk/search/companies?q=St+Peter+Port+Capital+Ltd,https://find-and-update.company-information.service.gov.uk/search/companies?q=St+Peter+Port+Capital+Ltd,1620598225,18:10:25,20210509
31,2012-01-31,SPPC.L,GBP,2012-01-31,2012-01-31,Q1,-1285500.0,0.0,0.0,0.0,0.0,661750.0,0.0,0.0,0.0,0.0,0.0,0.0,0.0,0.0,0.0,0.0,0.0,-1947250.0,1.514780241151303,0.0,-1947250.0,1.514780241151303,-0.02824225,-0.02824225,68948050,68948050,https://find-and-update.company-information.service.gov.uk/search/companies?q=St+Peter+Port+Capital+Ltd,https://find-and-update.company-information.service.gov.uk/search/companies?q=St+Peter+Port+Capital+Ltd,1620598225,18:10:25,20210509
32,2011-09-30,SPPC.L,GBP,2011-09-30,2011-09-30,Q3,5213250.0,0.0,0.0,0.0,0.0,1446500.0,0.0,0.0,0.0,0.0,500.0,0.0,0.0,0.0,0.0,0.0,0.0,3767000.0,0.7225818827027286,0.0,3767000.0,0.7225818827027286,0.05245,0.05245,71813700,71813700,https://find-and-update.company-information.service.gov.uk/search/companies?q=St+Peter+Port+Capital+Ltd,https://find-and-update.company-information.service.gov.uk/search/companies?q=St+Peter+Port+Capital+Ltd,1620598225,18:10:25,20210509
33,2011-06-30,SPPC.L,GBP,2011-06-30,2011-06-30,Q2,5213250.0,0.0,0.0,0.0,0.0,1446500.0,0.0,0.0,0.0,0.0,500.0,0.0,0.0,0.0,0.0,0.0,0.0,3767000.0,0.7225818827027286,0.0,3767000.0,0.7225818827027286,0.05245,0.05245,71813700,71813700,https://find-and-update.company-information.service.gov.uk/search/companies?q=St+Peter+Port+Capital+Ltd,https://find-and-update.company-information.service.gov.uk/search/companies?q=St+Peter+Port+Capital+Ltd,1620598225,18:10:25,20210509
34,2011-03-31,SPPC.L,GBP,2011-03-31,2011-03-31,Q1,5213250.0,0.0,0.0,0.0,0.0,1446500.0,0.0,0.0,0.0,0.0,500.0,0.0,0.0,0.0,0.0,0.0,0.0,3767000.0,0.7225818827027286,0.0,3767000.0,0.7225818827027286,0.05245,0.05245,71813700,71813700,https://find-and-update.company-information.service.gov.uk/search/companies?q=St+Peter+Port+Capital+Ltd,https://find-and-update.company-information.service.gov.uk/search/companies?q=St+Peter+Port+Capital+Ltd,1620598225,18:10:25,20210509
35,2011-01-31,SPPC.L,GBP,2011-01-31,2011-01-31,Q1,5213250.0,0.0,0.0,0.0,0.0,1446500.0,0.0,0.0,0.0,0.0,500.0,0.0,0.0,0.0,0.0,0.0,0.0,3767000.0,0.7225818827027286,0.0,3767000.0,0.7225818827027286,0.05245,0.05245,71813700,71813700,https://find-and-update.company-information.service.gov.uk/search/companies?q=St+Peter+Port+Capital+Ltd,https://find-and-update.company-information.service.gov.uk/search/companies?q=St+Peter+Port+Capital+Ltd,1620598225,18:10:25,20210509
36,2010-09-30,SPPC.L,GBP,2010-09-30,2010-09-30,Q3,-937500.0,0.0,0.0,0.0,0.0,533750.0,0.0,0.0,0.0,0.0,250.0,0.0,0.0,0.0,0.0,0.0,0.0,-1471250.0,1.5693333333333332,0.0,-1471250.0,1.5693333333333332,-0.020175,-0.020175,72900000,72900000,https://find-and-update.company-information.service.gov.uk/search/companies?q=St+Peter+Port+Capital+Ltd,https://find-and-update.company-information.service.gov.uk/search/companies?q=St+Peter+Port+Capital+Ltd,1620598225,18:10:25,20210509
37,2010-06-30,SPPC.L,GBP,2010-06-30,2010-06-30,Q2,-937500.0,0.0,0.0,0.0,0.0,533750.0,0.0,0.0,0.0,0.0,250.0,0.0,0.0,0.0,0.0,0.0,0.0,-1471250.0,1.5693333333333332,0.0,-1471250.0,1.5693333333333332,-0.020175,-0.020175,72900000,72900000,https://find-and-update.company-information.service.gov.uk/search/companies?q=St+Peter+Port+Capital+Ltd,https://find-and-update.company-information.service.gov.uk/search/companies?q=St+Peter+Port+Capital+Ltd,1620598225,18:10:25,20210509
38,2010-03-31,SPPC.L,GBP,2010-03-31,2010-03-31,Q1,-937500.0,0.0,0.0,0.0,0.0,533750.0,0.0,0.0,0.0,0.0,250.0,0.0,0.0,0.0,0.0,0.0,0.0,-1471250.0,1.5693333333333332,0.0,-1471250.0,1.5693333333333332,-0.020175,-0.020175,72900000,72900000,https://find-and-update.company-information.service.gov.uk/search/companies?q=St+Peter+Port+Capital+Ltd,https://find-and-update.company-information.service.gov.uk/search/companies?q=St+Peter+Port+Capital+Ltd,1620598225,18:10:25,20210509
39,2010-01-31,SPPC.L,GBP,2010-01-31,2010-01-31,Q1,-937500.0,0.0,0.0,0.0,0.0,533750.0,0.0,0.0,0.0,0.0,250.0,0.0,0.0,0.0,0.0,0.0,0.0,-1471250.0,1.5693333333333332,0.0,-1471250.0,1.5693333333333332,-0.020175,-0.020175,72900000,72900000,https://find-and-update.company-information.service.gov.uk/search/companies?q=St+Peter+Port+Capital+Ltd,https://find-and-update.company-information.service.gov.uk/search/companies?q=St+Peter+Port+Capital+Ltd,1620598225,18:10:25,20210509
40,2009-09-30,SPPC.L,GBP,2009-09-30,2009-09-30,Q3,773000.0,0.0,0.0,0.0,0.0,553750.0,0.0,0.0,0.0,0.0,750.0,0.0,0.0,0.0,0.0,0.0,0.0,219250.0,0.2836351875808538,0.0,219250.0,0.2836351875808538,0.002925,0.002925,74946000,74946000,https://find-and-update.company-information.service.gov.uk/search/companies?q=St+Peter+Port+Capital+Ltd,https://find-and-update.company-information.service.gov.uk/search/companies?q=St+Peter+Port+Capital+Ltd,1620598225,18:10:25,20210509
41,2009-06-30,SPPC.L,GBP,2009-06-30,2009-06-30,Q2,773000.0,0.0,0.0,0.0,0.0,553750.0,0.0,0.0,0.0,0.0,750.0,0.0,0.0,0.0,0.0,0.0,0.0,219250.0,0.2836351875808538,0.0,219250.0,0.2836351875808538,0.002925,0.002925,74946000,74946000,https://find-and-update.company-information.service.gov.uk/search/companies?q=St+Peter+Port+Capital+Ltd,https://find-and-update.company-information.service.gov.uk/search/companies?q=St+Peter+Port+Capital+Ltd,1620598225,18:10:25,20210509
42,2009-03-31,SPPC.L,GBP,2009-03-31,2009-03-31,Q1,773000.0,0.0,0.0,0.0,0.0,553750.0,0.0,0.0,0.0,0.0,750.0,0.0,0.0,0.0,0.0,0.0,0.0,219250.0,0.2836351875808538,0.0,219250.0,0.2836351875808538,0.002925,0.002925,74946000,74946000,https://find-and-update.company-information.service.gov.uk/search/companies?q=St+Peter+Port+Capital+Ltd,https://find-and-update.company-information.service.gov.uk/search/companies?q=St+Peter+Port+Capital+Ltd,1620598225,18:10:25,20210509
43,2009-01-31,SPPC.L,GBP,2009-01-31,2009-01-31,Q1,773000.0,0.0,0.0,0.0,0.0,553750.0,0.0,0.0,0.0,0.0,750.0,0.0,0.0,0.0,0.0,0.0,0.0,219250.0,0.2836351875808538,0.0,219250.0,0.2836351875808538,0.002925,0.002925,74946000,74946000,https://find-and-update.company-information.service.gov.uk/search/companies?q=St+Peter+Port+Capital+Ltd,https://find-and-update.company-information.service.gov.uk/search/companies?q=St+Peter+Port+Capital+Ltd,1620598225,18:10:25,20210509
44,2008-09-30,SPPC.L,GBP,2008-09-30,2008-09-30,Q3,1318000.0,0.0,0.0,0.0,0.0,395750.0,0.0,0.0,0.0,0.0,500.0,0.0,0.0,0.0,0.0,0.0,0.0,922250.0,0.6997344461305007,0.0,922250.0,0.6997344461305007,0.0123,0.0123,75000000,75000000,https://find-and-update.company-information.service.gov.uk/search/companies?q=St+Peter+Port+Capital+Ltd,https://find-and-update.company-information.service.gov.uk/search/companies?q=St+Peter+Port+Capital+Ltd,1620598225,18:10:25,20210509
45,2008-06-30,SPPC.L,GBP,2008-06-30,2008-06-30,Q2,1318000.0,0.0,0.0,0.0,0.0,395750.0,0.0,0.0,0.0,0.0,500.0,0.0,0.0,0.0,0.0,0.0,0.0,922250.0,0.6997344461305007,0.0,922250.0,0.6997344461305007,0.0123,0.0123,75000000,75000000,https://find-and-update.company-information.service.gov.uk/search/companies?q=St+Peter+Port+Capital+Ltd,https://find-and-update.company-information.service.gov.uk/search/companies?q=St+Peter+Port+Capital+Ltd,1620598225,18:10:25,20210509
46,2008-03-31,SPPC.L,GBP,2008-03-31,2008-03-31,Q1,1318000.0,0.0,0.0,0.0,0.0,395750.0,0.0,0.0,0.0,0.0,500.0,0.0,0.0,0.0,0.0,0.0,0.0,922250.0,0.6997344461305007,0.0,922250.0,0.6997344461305007,0.0123,0.0123,75000000,75000000,https://find-and-update.company-information.service.gov.uk/search/companies?q=St+Peter+Port+Capital+Ltd,https://find-and-update.company-information.service.gov.uk/search/companies?q=St+Peter+Port+Capital+Ltd,1620598225,18:10:25,20210509
47,2008-01-31,SPPC.L,GBP,2008-01-31,2008-01-31,Q1,1318000.0,0.0,0.0,0.0,0.0,395750.0,0.0,0.0,0.0,0.0,500.0,0.0,0.0,0.0,0.0,0.0,0.0,922250.0,0.6997344461305007,0.0,922250.0,0.6997344461305007,0.0123,0.0123,75000000,75000000,https://find-and-update.company-information.service.gov.uk/search/companies?q=St+Peter+Port+Capital+Ltd,https://find-and-update.company-information.service.gov.uk/search/companies?q=St+Peter+Port+Capital+Ltd,1620598225,18:10:25,20210509
