,date,symbol,reportedCurrency,fillingDate,acceptedDate,period,revenue,costOfRevenue,grossProfit,grossProfitRatio,researchAndDevelopmentExpenses,generalAndAdministrativeExpenses,sellingAndMarketingExpenses,otherExpenses,operatingExpenses,costAndExpenses,interestExpense,depreciationAndAmortization,ebitda,ebitdaratio,operatingIncome,operatingIncomeRatio,totalOtherIncomeExpensesNet,incomeBeforeTax,incomeBeforeTaxRatio,incomeTaxExpense,netIncome,netIncomeRatio,eps,epsdiluted,weightedAverageShsOut,weightedAverageShsOutDil,link,finalLink,timestamp,est_time,est_date
0,2020-09-30,TBR.AX,AUD,2020-09-30,2020-09-30,Q3,44841832.0,14089943.25,30751888.75,0.6857857357388967,0.0,2231267.75,0.0,-691067.75,6780084.75,0.0,64345.75,1920734.75,21732682.25,0.48465197073125826,19811947.5,0.4418184230296389,-800567.25,18995290.5,0.42360647754088193,6922386.25,12052859.25,0.2687860578488408,0.22688930471837943,0.22688930471837943,53122201,53122201,,,1620598623,18:17:03,20210509
1,2020-06-30,TBR.AX,AUD,2020-06-30,2020-06-30,Q2,44841832.0,14089943.25,30751888.75,0.6857857357388967,0.0,2231267.75,0.0,-691067.75,6780084.75,0.0,64345.75,1920734.75,21732682.25,0.48465197073125826,19811947.5,0.4418184230296389,-800567.25,18995290.5,0.42360647754088193,6922386.25,12052859.25,0.2687860578488408,0.22688930471837943,0.22688930471837943,53122201,53122201,,,1620598623,18:17:03,20210509
2,2020-03-31,TBR.AX,AUD,2020-03-31,2020-03-31,Q1,44841832.0,14089943.25,30751888.75,0.6857857357388967,0.0,2231267.75,0.0,-691067.75,6780084.75,0.0,64345.75,1920734.75,21732682.25,0.48465197073125826,19811947.5,0.4418184230296389,-800567.25,18995290.5,0.42360647754088193,6922386.25,12052859.25,0.2687860578488408,0.22688930471837943,0.22688930471837943,53122201,53122201,,,1620598623,18:17:03,20210509
3,2020-01-31,TBR.AX,AUD,2020-01-31,2020-01-31,Q1,44841832.0,14089943.25,30751888.75,0.6857857357388967,0.0,2231267.75,0.0,-691067.75,6780084.75,0.0,64345.75,1920734.75,21732682.25,0.48465197073125826,19811947.5,0.4418184230296389,-800567.25,18995290.5,0.42360647754088193,6922386.25,12052859.25,0.2687860578488408,0.22688930471837943,0.22688930471837943,53122201,53122201,,,1620598623,18:17:03,20210509
4,2019-06-30,TBR.AX,AUD,2019-06-30,2019-06-30,Q2,91062012.25,39282325.0,51779687.25,0.5686200641804947,0.0,2229223.0,0.0,-1277776.5,11646258.75,0.0,71085.75,2105236.5,37781958.0,0.41490361421263233,35676721.5,0.39178490150265705,-1926595.25,33724604.25,0.3703476720612442,15658590.0,8662856.0,0.09513139217939916,0.163075,0.163075,53122201,53122201,,,1620598623,18:17:03,20210509
5,2019-03-31,TBR.AX,AUD,2019-03-31,2019-03-31,Q1,91062012.25,39282325.0,51779687.25,0.5686200641804947,0.0,2229223.0,0.0,-1277776.5,11646258.75,0.0,71085.75,2105236.5,37781958.0,0.41490361421263233,35676721.5,0.39178490150265705,-1926595.25,33724604.25,0.3703476720612442,15658590.0,8662856.0,0.09513139217939916,0.163075,0.163075,53122201,53122201,,,1620598623,18:17:03,20210509
6,2019-01-31,TBR.AX,AUD,2019-01-31,2019-01-31,Q1,91062012.25,39282325.0,51779687.25,0.5686200641804947,0.0,2229223.0,0.0,-1277776.5,11646258.75,0.0,71085.75,2105236.5,37781958.0,0.41490361421263233,35676721.5,0.39178490150265705,-1926595.25,33724604.25,0.3703476720612442,15658590.0,8662856.0,0.09513139217939916,0.163075,0.163075,53122201,53122201,,,1620598623,18:17:03,20210509
7,2018-06-30,TBR.AX,AUD,2018-06-30,2018-06-30,Q2,44922700.0,17164243.0,27758457.0,0.6179160424462465,0.0,367399.25,0.0,-870502.5,4964026.5,0.0,43770.75,1616324.5,22394864.5,0.49852000213700426,20778540.0,0.4625398740503131,-855680.0,19900761.0,0.44300010907625764,6294638.0,10521907.5,0.23422250888748894,0.210425,0.210425,50003023,50003023,,,1620598623,18:17:03,20210509
8,2018-03-31,TBR.AX,AUD,2018-03-31,2018-03-31,Q1,44922700.0,17164243.0,27758457.0,0.6179160424462465,0.0,367399.25,0.0,-870502.5,4964026.5,0.0,43770.75,1616324.5,22394864.5,0.49852000213700426,20778540.0,0.4625398740503131,-855680.0,19900761.0,0.44300010907625764,6294638.0,10521907.5,0.23422250888748894,0.210425,0.210425,50003023,50003023,,,1620598623,18:17:03,20210509
9,2018-01-31,TBR.AX,AUD,2018-01-31,2018-01-31,Q1,44922700.0,17164243.0,27758457.0,0.6179160424462465,0.0,367399.25,0.0,-870502.5,4964026.5,0.0,43770.75,1616324.5,22394864.5,0.49852000213700426,20778540.0,0.4625398740503131,-855680.0,19900761.0,0.44300010907625764,6294638.0,10521907.5,0.23422250888748894,0.210425,0.210425,50003023,50003023,,,1620598623,18:17:03,20210509
10,2017-06-30,TBR.AX,AUD,2017-06-30,2017-06-30,Q2,34059675.0,10786261.5,23273413.5,0.6833128472306327,0.0,1019097.0,0.0,-1092786.0,3649583.5,0.0,60580.25,1518675.25,18562717.0,0.5450056995552659,17044041.75,0.5004170400921324,-1087810.5,15930599.25,0.467726108660755,5008381.0,8616872.0,0.252993371193354,0.172325,0.172325,50003023,50003023,,,1620598623,18:17:03,20210509
11,2017-03-31,TBR.AX,AUD,2017-03-31,2017-03-31,Q1,34059675.0,10786261.5,23273413.5,0.6833128472306327,0.0,1019097.0,0.0,-1092786.0,3649583.5,0.0,60580.25,1518675.25,18562717.0,0.5450056995552659,17044041.75,0.5004170400921324,-1087810.5,15930599.25,0.467726108660755,5008381.0,8616872.0,0.252993371193354,0.172325,0.172325,50003023,50003023,,,1620598623,18:17:03,20210509
12,2017-01-31,TBR.AX,AUD,2017-01-31,2017-01-31,Q1,34059675.0,10786261.5,23273413.5,0.6833128472306327,0.0,1019097.0,0.0,-1092786.0,3649583.5,0.0,60580.25,1518675.25,18562717.0,0.5450056995552659,17044041.75,0.5004170400921324,-1087810.5,15930599.25,0.467726108660755,5008381.0,8616872.0,0.252993371193354,0.172325,0.172325,50003023,50003023,,,1620598623,18:17:03,20210509
13,2016-06-30,TBR.AX,AUD,2016-06-30,2016-06-30,Q2,29420043.75,7383526.75,22036517.0,0.7490307352109223,0.0,1332980.25,0.0,-1009757.75,4019843.25,0.0,28351.0,1177923.0,16657872.25,0.5662082759479241,15479949.25,0.5261701641759116,-1009437.0,14472336.0,0.4919209544003482,4663963.5,7675244.0,0.26088486017292206,0.1535,0.1535,50003023,50003023,,,1620598623,18:17:03,20210509
14,2016-03-31,TBR.AX,AUD,2016-03-31,2016-03-31,Q1,29420043.75,7383526.75,22036517.0,0.7490307352109223,0.0,1332980.25,0.0,-1009757.75,4019843.25,0.0,28351.0,1177923.0,16657872.25,0.5662082759479241,15479949.25,0.5261701641759116,-1009437.0,14472336.0,0.4919209544003482,4663963.5,7675244.0,0.26088486017292206,0.1535,0.1535,50003023,50003023,,,1620598623,18:17:03,20210509
15,2016-01-31,TBR.AX,AUD,2016-01-31,2016-01-31,Q1,29420043.75,7383526.75,22036517.0,0.7490307352109223,0.0,1332980.25,0.0,-1009757.75,4019843.25,0.0,28351.0,1177923.0,16657872.25,0.5662082759479241,15479949.25,0.5261701641759116,-1009437.0,14472336.0,0.4919209544003482,4663963.5,7675244.0,0.26088486017292206,0.1535,0.1535,50003023,50003023,,,1620598623,18:17:03,20210509
16,2015-09-30,TBR.AX,AUD,2015-09-30,2015-09-30,Q3,21885169.75,7214196.75,14670973.0,0.6703613984990909,0.0,915061.5,0.0,-863780.5,7905766.0,0.0,40060.25,1043263.25,5850145.5,0.26731094923309884,4806882.25,0.21964107680727493,-874965.5,3935646.5,0.1798316643168829,1911972.5,1166945.5,0.053321290779570034,0.0233,0.0233,50105987,50105987,,,1620598623,18:17:03,20210509
17,2015-06-30,TBR.AX,AUD,2015-06-30,2015-06-30,Q2,21885169.75,7214196.75,14670973.0,0.6703613984990909,0.0,915061.5,0.0,-863780.5,7905766.0,0.0,40060.25,1043263.25,5850145.5,0.26731094923309884,4806882.25,0.21964107680727493,-874965.5,3935646.5,0.1798316643168829,1911972.5,1166945.5,0.053321290779570034,0.0233,0.0233,50105987,50105987,,,1620598623,18:17:03,20210509
18,2015-03-31,TBR.AX,AUD,2015-03-31,2015-03-31,Q1,21885169.75,7214196.75,14670973.0,0.6703613984990909,0.0,915061.5,0.0,-863780.5,7905766.0,0.0,40060.25,1043263.25,5850145.5,0.26731094923309884,4806882.25,0.21964107680727493,-874965.5,3935646.5,0.1798316643168829,1911972.5,1166945.5,0.053321290779570034,0.0233,0.0233,50105987,50105987,,,1620598623,18:17:03,20210509
19,2015-01-31,TBR.AX,AUD,2015-01-31,2015-01-31,Q1,21885169.75,7214196.75,14670973.0,0.6703613984990909,0.0,915061.5,0.0,-863780.5,7905766.0,0.0,40060.25,1043263.25,5850145.5,0.26731094923309884,4806882.25,0.21964107680727493,-874965.5,3935646.5,0.1798316643168829,1911972.5,1166945.5,0.053321290779570034,0.0233,0.0233,50105987,50105987,,,1620598623,18:17:03,20210509
20,2014-09-30,TBR.AX,AUD,2014-09-30,2014-09-30,Q3,24584640.5,13677363.5,10907277.0,0.4436622532674415,0.0,1788101.5,0.0,-2275976.75,5081698.25,0.0,48167.75,932830.0,4033113.25,0.16405012105017358,3100283.25,0.1261065115025782,-2287962.25,825326.75,0.033570828501641094,1058898.0,246518.25,0.010027327835035862,0.0049,0.0049,50209226,50209226,,,1620598623,18:17:03,20210509
21,2014-06-30,TBR.AX,AUD,2014-06-30,2014-06-30,Q2,24584640.5,13677363.5,10907277.0,0.4436622532674415,0.0,1788101.5,0.0,-2275976.75,5081698.25,0.0,48167.75,932830.0,4033113.25,0.16405012105017358,3100283.25,0.1261065115025782,-2287962.25,825326.75,0.033570828501641094,1058898.0,246518.25,0.010027327835035862,0.0049,0.0049,50209226,50209226,,,1620598623,18:17:03,20210509
22,2014-03-31,TBR.AX,AUD,2014-03-31,2014-03-31,Q1,24584640.5,13677363.5,10907277.0,0.4436622532674415,0.0,1788101.5,0.0,-2275976.75,5081698.25,0.0,48167.75,932830.0,4033113.25,0.16405012105017358,3100283.25,0.1261065115025782,-2287962.25,825326.75,0.033570828501641094,1058898.0,246518.25,0.010027327835035862,0.0049,0.0049,50209226,50209226,,,1620598623,18:17:03,20210509
23,2014-01-31,TBR.AX,AUD,2014-01-31,2014-01-31,Q1,24584640.5,13677363.5,10907277.0,0.4436622532674415,0.0,1788101.5,0.0,-2275976.75,5081698.25,0.0,48167.75,932830.0,4033113.25,0.16405012105017358,3100283.25,0.1261065115025782,-2287962.25,825326.75,0.033570828501641094,1058898.0,246518.25,0.010027327835035862,0.0049,0.0049,50209226,50209226,,,1620598623,18:17:03,20210509
24,2013-09-30,TBR.AX,AUD,2013-09-30,2013-09-30,Q3,26471827.5,6290663.5,20181164.0,0.7623638375552273,0.0,1009918.25,0.0,-831024.5,1201981.0,0.0,286011.25,5978648.5,17969264.75,0.6788071110693057,11990616.25,0.4529576301447265,-915264.25,10860270.75,0.4102576881025687,3828791.25,6943894.25,0.2623126132867102,0.1369,0.133525,50719786,52004450,,,1620598623,18:17:03,20210509
25,2013-06-30,TBR.AX,AUD,2013-06-30,2013-06-30,Q2,26471827.5,6290663.5,20181164.0,0.7623638375552273,0.0,1009918.25,0.0,-831024.5,1201981.0,0.0,286011.25,5978648.5,17969264.75,0.6788071110693057,11990616.25,0.4529576301447265,-915264.25,10860270.75,0.4102576881025687,3828791.25,6943894.25,0.2623126132867102,0.1369,0.133525,50719786,52004450,,,1620598623,18:17:03,20210509
26,2013-03-31,TBR.AX,AUD,2013-03-31,2013-03-31,Q1,26471827.5,6290663.5,20181164.0,0.7623638375552273,0.0,1009918.25,0.0,-831024.5,1201981.0,0.0,286011.25,5978648.5,17969264.75,0.6788071110693057,11990616.25,0.4529576301447265,-915264.25,10860270.75,0.4102576881025687,3828791.25,6943894.25,0.2623126132867102,0.1369,0.133525,50719786,52004450,,,1620598623,18:17:03,20210509
27,2013-01-31,TBR.AX,AUD,2013-01-31,2013-01-31,Q1,26471827.5,6290663.5,20181164.0,0.7623638375552273,0.0,1009918.25,0.0,-831024.5,1201981.0,0.0,286011.25,5978648.5,17969264.75,0.6788071110693057,11990616.25,0.4529576301447265,-915264.25,10860270.75,0.4102576881025687,3828791.25,6943894.25,0.2623126132867102,0.1369,0.133525,50719786,52004450,,,1620598623,18:17:03,20210509
28,2012-09-30,TBR.AX,AUD,2012-09-30,2012-09-30,Q3,15090967.25,1706927.75,13384039.5,0.8868907657327266,0.0,1478164.75,0.0,-273908.5,1211522.25,0.0,294103.25,5363060.5,10694352.5,0.7086591815378832,5331292.0,0.3532770240423125,-470197.5,4685967.25,0.31051470541094706,1485945.75,2791922.0,0.18500616651990945,0.0555,0.0555,50311561,50311561,,,1620598623,18:17:03,20210509
29,2012-06-30,TBR.AX,AUD,2012-06-30,2012-06-30,Q2,15090967.25,1706927.75,13384039.5,0.8868907657327266,0.0,1478164.75,0.0,-273908.5,1211522.25,0.0,294103.25,5363060.5,10694352.5,0.7086591815378832,5331292.0,0.3532770240423125,-470197.5,4685967.25,0.31051470541094706,1485945.75,2791922.0,0.18500616651990945,0.0555,0.0555,50311561,50311561,,,1620598623,18:17:03,20210509
30,2012-03-31,TBR.AX,AUD,2012-03-31,2012-03-31,Q1,15090967.25,1706927.75,13384039.5,0.8868907657327266,0.0,1478164.75,0.0,-273908.5,1211522.25,0.0,294103.25,5363060.5,10694352.5,0.7086591815378832,5331292.0,0.3532770240423125,-470197.5,4685967.25,0.31051470541094706,1485945.75,2791922.0,0.18500616651990945,0.0555,0.0555,50311561,50311561,,,1620598623,18:17:03,20210509
31,2012-01-31,TBR.AX,AUD,2012-01-31,2012-01-31,Q1,15090967.25,1706927.75,13384039.5,0.8868907657327266,0.0,1478164.75,0.0,-273908.5,1211522.25,0.0,294103.25,5363060.5,10694352.5,0.7086591815378832,5331292.0,0.3532770240423125,-470197.5,4685967.25,0.31051470541094706,1485945.75,2791922.0,0.18500616651990945,0.0555,0.0555,50311561,50311561,,,1620598623,18:17:03,20210509
32,2011-09-30,TBR.AX,AUD,2011-09-30,2011-09-30,Q3,15637223.5,4932277.25,10704946.25,0.6845810095379145,0.0,1205002.0,0.0,-580173.0,688441.25,0.0,113872.5,3613196.0,8811503.0,0.5634953673201639,5198307.0,0.33243158544098317,-648266.0,4581933.25,0.29301450158335335,2221302.75,1834735.5,0.11733128326777449,0.036475,0.0335,50312005,54768224,,,1620598623,18:17:03,20210509
33,2011-06-30,TBR.AX,AUD,2011-06-30,2011-06-30,Q2,15637223.5,4932277.25,10704946.25,0.6845810095379145,0.0,1205002.0,0.0,-580173.0,688441.25,0.0,113872.5,3613196.0,8811503.0,0.5634953673201639,5198307.0,0.33243158544098317,-648266.0,4581933.25,0.29301450158335335,2221302.75,1834735.5,0.11733128326777449,0.036475,0.0335,50312005,54768224,,,1620598623,18:17:03,20210509
34,2011-03-31,TBR.AX,AUD,2011-03-31,2011-03-31,Q1,15637223.5,4932277.25,10704946.25,0.6845810095379145,0.0,1205002.0,0.0,-580173.0,688441.25,0.0,113872.5,3613196.0,8811503.0,0.5634953673201639,5198307.0,0.33243158544098317,-648266.0,4581933.25,0.29301450158335335,2221302.75,1834735.5,0.11733128326777449,0.036475,0.0335,50312005,54768224,,,1620598623,18:17:03,20210509
35,2011-01-31,TBR.AX,AUD,2011-01-31,2011-01-31,Q1,15637223.5,4932277.25,10704946.25,0.6845810095379145,0.0,1205002.0,0.0,-580173.0,688441.25,0.0,113872.5,3613196.0,8811503.0,0.5634953673201639,5198307.0,0.33243158544098317,-648266.0,4581933.25,0.29301450158335335,2221302.75,1834735.5,0.11733128326777449,0.036475,0.0335,50312005,54768224,,,1620598623,18:17:03,20210509
36,2010-09-30,TBR.AX,AUD,2010-09-30,2010-09-30,Q3,12107782.75,3179038.0,8928744.75,0.7374384670058604,0.0,341460.25,0.0,1926198.75,610371.5,0.0,6819.25,3900255.0,7956877.25,0.6571704674829915,4056622.25,0.3350425369996005,1694465.5,5903081.0,0.48754434415335046,1075810.75,4984507.25,0.41167795565211973,0.099075,0.089875,50312005,55460442,,,1620598623,18:17:03,20210509
37,2010-06-30,TBR.AX,AUD,2010-06-30,2010-06-30,Q2,12107782.75,3179038.0,8928744.75,0.7374384670058604,0.0,341460.25,0.0,1926198.75,610371.5,0.0,6819.25,3900255.0,7956877.25,0.6571704674829915,4056622.25,0.3350425369996005,1694465.5,5903081.0,0.48754434415335046,1075810.75,4984507.25,0.41167795565211973,0.099075,0.089875,50312005,55460442,,,1620598623,18:17:03,20210509
38,2010-03-31,TBR.AX,AUD,2010-03-31,2010-03-31,Q1,12107782.75,3179038.0,8928744.75,0.7374384670058604,0.0,341460.25,0.0,1926198.75,610371.5,0.0,6819.25,3900255.0,7956877.25,0.6571704674829915,4056622.25,0.3350425369996005,1694465.5,5903081.0,0.48754434415335046,1075810.75,4984507.25,0.41167795565211973,0.099075,0.089875,50312005,55460442,,,1620598623,18:17:03,20210509
39,2010-01-31,TBR.AX,AUD,2010-01-31,2010-01-31,Q1,12107782.75,3179038.0,8928744.75,0.7374384670058604,0.0,341460.25,0.0,1926198.75,610371.5,0.0,6819.25,3900255.0,7956877.25,0.6571704674829915,4056622.25,0.3350425369996005,1694465.5,5903081.0,0.48754434415335046,1075810.75,4984507.25,0.41167795565211973,0.099075,0.089875,50312005,55460442,,,1620598623,18:17:03,20210509
40,2009-09-30,TBR.AX,AUD,2009-09-30,2009-09-30,Q3,8576647.25,3173391.0,5403256.25,0.6299963251957226,0.0,354696.25,0.0,-196725.5,389543.75,0.0,2001.5,1371825.5,4659016.25,0.5432211578947705,3287190.75,0.3832722337974201,-740667.25,2773174.5,0.3233401606904143,1060299.5,1712875.0,0.19971382173844213,0.03405,0.031275,50312005,54768185,,,1620598623,18:17:03,20210509
41,2009-06-30,TBR.AX,AUD,2009-06-30,2009-06-30,Q2,8576647.25,3173391.0,5403256.25,0.6299963251957226,0.0,354696.25,0.0,-196725.5,389543.75,0.0,2001.5,1371825.5,4659016.25,0.5432211578947705,3287190.75,0.3832722337974201,-740667.25,2773174.5,0.3233401606904143,1060299.5,1712875.0,0.19971382173844213,0.03405,0.031275,50312005,54768185,,,1620598623,18:17:03,20210509
42,2009-03-31,TBR.AX,AUD,2009-03-31,2009-03-31,Q1,8576647.25,3173391.0,5403256.25,0.6299963251957226,0.0,354696.25,0.0,-196725.5,389543.75,0.0,2001.5,1371825.5,4659016.25,0.5432211578947705,3287190.75,0.3832722337974201,-740667.25,2773174.5,0.3233401606904143,1060299.5,1712875.0,0.19971382173844213,0.03405,0.031275,50312005,54768185,,,1620598623,18:17:03,20210509
43,2009-01-31,TBR.AX,AUD,2009-01-31,2009-01-31,Q1,8576647.25,3173391.0,5403256.25,0.6299963251957226,0.0,354696.25,0.0,-196725.5,389543.75,0.0,2001.5,1371825.5,4659016.25,0.5432211578947705,3287190.75,0.3832722337974201,-740667.25,2773174.5,0.3233401606904143,1060299.5,1712875.0,0.19971382173844213,0.03405,0.031275,50312005,54768185,,,1620598623,18:17:03,20210509
44,2008-09-30,TBR.AX,AUD,2008-09-30,2008-09-30,Q3,8458810.0,-272665.75,8731475.75,1.0322345282610674,0.0,953026.75,0.0,-266890.25,4007572.5,0.0,5820.0,400561.0,3770481.25,0.44574606238939046,3369920.25,0.3983917655083871,-463815.0,3078927.75,0.36399064998504516,1211629.75,1867298.0,0.22075185516638865,0.037125,0.034125,50312005,54719355,,,1620598623,18:17:03,20210509
45,2008-06-30,TBR.AX,AUD,2008-06-30,2008-06-30,Q2,8458810.0,-272665.75,8731475.75,1.0322345282610674,0.0,953026.75,0.0,-266890.25,4007572.5,0.0,5820.0,400561.0,3770481.25,0.44574606238939046,3369920.25,0.3983917655083871,-463815.0,3078927.75,0.36399064998504516,1211629.75,1867298.0,0.22075185516638865,0.037125,0.034125,50312005,54719355,,,1620598623,18:17:03,20210509
46,2008-03-31,TBR.AX,AUD,2008-03-31,2008-03-31,Q1,8458810.0,-272665.75,8731475.75,1.0322345282610674,0.0,953026.75,0.0,-266890.25,4007572.5,0.0,5820.0,400561.0,3770481.25,0.44574606238939046,3369920.25,0.3983917655083871,-463815.0,3078927.75,0.36399064998504516,1211629.75,1867298.0,0.22075185516638865,0.037125,0.034125,50312005,54719355,,,1620598623,18:17:03,20210509
47,2008-01-31,TBR.AX,AUD,2008-01-31,2008-01-31,Q1,8458810.0,-272665.75,8731475.75,1.0322345282610674,0.0,953026.75,0.0,-266890.25,4007572.5,0.0,5820.0,400561.0,3770481.25,0.44574606238939046,3369920.25,0.3983917655083871,-463815.0,3078927.75,0.36399064998504516,1211629.75,1867298.0,0.22075185516638865,0.037125,0.034125,50312005,54719355,,,1620598623,18:17:03,20210509
48,2007-09-30,TBR.AX,AUD,2007-09-30,2007-09-30,Q3,9151475.0,645555.75,8505919.25,0.9294588304071202,0.0,416487.5,0.0,-489208.0,3498638.25,0.0,203379.5,947270.75,4584976.75,0.5010095913500283,3637706.0,0.3974994194924862,-490104.5,3090598.25,0.33771586001163745,581998.5,2508599.75,0.2741197184060493,0.0499,0.049425,50262005,50755685,,,1620598623,18:17:03,20210509
49,2007-06-30,TBR.AX,AUD,2007-06-30,2007-06-30,Q2,9151475.0,645555.75,8505919.25,0.9294588304071202,0.0,416487.5,0.0,-489208.0,3498638.25,0.0,203379.5,947270.75,4584976.75,0.5010095913500283,3637706.0,0.3974994194924862,-490104.5,3090598.25,0.33771586001163745,581998.5,2508599.75,0.2741197184060493,0.0499,0.049425,50262005,50755685,,,1620598623,18:17:03,20210509
50,2007-03-31,TBR.AX,AUD,2007-03-31,2007-03-31,Q1,9151475.0,645555.75,8505919.25,0.9294588304071202,0.0,416487.5,0.0,-489208.0,3498638.25,0.0,203379.5,947270.75,4584976.75,0.5010095913500283,3637706.0,0.3974994194924862,-490104.5,3090598.25,0.33771586001163745,581998.5,2508599.75,0.2741197184060493,0.0499,0.049425,50262005,50755685,,,1620598623,18:17:03,20210509
51,2007-01-31,TBR.AX,AUD,2007-01-31,2007-01-31,Q1,9151475.0,645555.75,8505919.25,0.9294588304071202,0.0,416487.5,0.0,-489208.0,3498638.25,0.0,203379.5,947270.75,4584976.75,0.5010095913500283,3637706.0,0.3974994194924862,-490104.5,3090598.25,0.33771586001163745,581998.5,2508599.75,0.2741197184060493,0.0499,0.049425,50262005,50755685,,,1620598623,18:17:03,20210509
52,2006-09-30,TBR.AX,AUD,2006-09-30,2006-09-30,Q3,5490258.25,-576980.25,6067238.5,1.1050916411809955,0.0,414214.25,0.0,3853.25,1938959.0,0.0,266961.75,650614.0,3699656.25,0.6738583289775121,3049042.25,0.5553549780650118,-27100.5,2825608.0,0.5146584862378741,836291.25,1989316.75,0.36233573347847525,0.039575,0.039575,50262005,50262005,,,1620598623,18:17:03,20210509
53,2006-06-30,TBR.AX,AUD,2006-06-30,2006-06-30,Q2,5490258.25,-576980.25,6067238.5,1.1050916411809955,0.0,414214.25,0.0,3853.25,1938959.0,0.0,266961.75,650614.0,3699656.25,0.6738583289775121,3049042.25,0.5553549780650118,-27100.5,2825608.0,0.5146584862378741,836291.25,1989316.75,0.36233573347847525,0.039575,0.039575,50262005,50262005,,,1620598623,18:17:03,20210509
54,2006-03-31,TBR.AX,AUD,2006-03-31,2006-03-31,Q1,5490258.25,-576980.25,6067238.5,1.1050916411809955,0.0,414214.25,0.0,3853.25,1938959.0,0.0,266961.75,650614.0,3699656.25,0.6738583289775121,3049042.25,0.5553549780650118,-27100.5,2825608.0,0.5146584862378741,836291.25,1989316.75,0.36233573347847525,0.039575,0.039575,50262005,50262005,,,1620598623,18:17:03,20210509
55,2006-01-31,TBR.AX,AUD,2006-01-31,2006-01-31,Q1,5490258.25,-576980.25,6067238.5,1.1050916411809955,0.0,414214.25,0.0,3853.25,1938959.0,0.0,266961.75,650614.0,3699656.25,0.6738583289775121,3049042.25,0.5553549780650118,-27100.5,2825608.0,0.5146584862378741,836291.25,1989316.75,0.36233573347847525,0.039575,0.039575,50262005,50262005,,,1620598623,18:17:03,20210509
56,2005-09-30,TBR.AX,AUD,2005-09-30,2005-09-30,Q3,406.25,130162.75,-129756.5,-319.4006153846154,0.0,290143.75,0.0,73885.5,549597.0,0.0,277361.5,11370.25,-982894.25,-2419.432,-994264.5,-2447.4203076923077,73885.5,-1181208.0,-2907.588923076923,-1181208.0,-944278.25,-2324.3772307692307,-0.019475,-0.019475,48485019,48485019,,,1620598623,18:17:03,20210509
57,2005-06-30,TBR.AX,AUD,2005-06-30,2005-06-30,Q2,406.25,130162.75,-129756.5,-319.4006153846154,0.0,290143.75,0.0,73885.5,549597.0,0.0,277361.5,11370.25,-982894.25,-2419.432,-994264.5,-2447.4203076923077,73885.5,-1181208.0,-2907.588923076923,-1181208.0,-944278.25,-2324.3772307692307,-0.019475,-0.019475,48485019,48485019,,,1620598623,18:17:03,20210509
58,2005-03-31,TBR.AX,AUD,2005-03-31,2005-03-31,Q1,406.25,130162.75,-129756.5,-319.4006153846154,0.0,290143.75,0.0,73885.5,549597.0,0.0,277361.5,11370.25,-982894.25,-2419.432,-994264.5,-2447.4203076923077,73885.5,-1181208.0,-2907.588923076923,-1181208.0,-944278.25,-2324.3772307692307,-0.019475,-0.019475,48485019,48485019,,,1620598623,18:17:03,20210509
59,2005-01-31,TBR.AX,AUD,2005-01-31,2005-01-31,Q1,406.25,130162.75,-129756.5,-319.4006153846154,0.0,290143.75,0.0,73885.5,549597.0,0.0,277361.5,11370.25,-982894.25,-2419.432,-994264.5,-2447.4203076923077,73885.5,-1181208.0,-2907.588923076923,-1181208.0,-944278.25,-2324.3772307692307,-0.019475,-0.019475,48485019,48485019,,,1620598623,18:17:03,20210509
60,2004-09-30,TBR.AX,AUD,2004-09-30,2004-09-30,Q3,6269585.5,3301114.5,2968471.0,0.47347165135558006,0.0,468425.25,0.0,0.0,285646.75,0.0,0.0,0.0,2785692.5,2.250638037041059,2500045.75,0.3987577408426761,-285646.75,2226812.25,0.3551769490981501,2226812.25,1404720.0,0.22405308931507514,0.0293,0.0283,47962005,49636749,,,1620598623,18:17:03,20210509
61,2004-06-30,TBR.AX,AUD,2004-06-30,2004-06-30,Q2,6269585.5,3301114.5,2968471.0,0.47347165135558006,0.0,468425.25,0.0,0.0,285646.75,0.0,0.0,0.0,2785692.5,2.250638037041059,2500045.75,0.3987577408426761,-285646.75,2226812.25,0.3551769490981501,2226812.25,1404720.0,0.22405308931507514,0.0293,0.0283,47962005,49636749,,,1620598623,18:17:03,20210509
62,2004-03-31,TBR.AX,AUD,2004-03-31,2004-03-31,Q1,6269585.5,3301114.5,2968471.0,0.47347165135558006,0.0,468425.25,0.0,0.0,285646.75,0.0,0.0,0.0,2785692.5,2.250638037041059,2500045.75,0.3987577408426761,-285646.75,2226812.25,0.3551769490981501,2226812.25,1404720.0,0.22405308931507514,0.0293,0.0283,47962005,49636749,,,1620598623,18:17:03,20210509
63,2004-01-31,TBR.AX,AUD,2004-01-31,2004-01-31,Q1,6269585.5,3301114.5,2968471.0,0.47347165135558006,0.0,468425.25,0.0,0.0,285646.75,0.0,0.0,0.0,2785692.5,2.250638037041059,2500045.75,0.3987577408426761,-285646.75,2226812.25,0.3551769490981501,2226812.25,1404720.0,0.22405308931507514,0.0293,0.0283,47962005,49636749,,,1620598623,18:17:03,20210509
64,2003-09-30,TBR.AX,AUD,2003-09-30,2003-09-30,Q3,6063870.5,4101108.75,1962761.75,0.3236813434587694,0.0,296356.0,0.0,3937.0,0.0,0.0,75724.75,0.0,1681602.75,3.606006531566388,1666405.75,0.27480892773023435,3937.0,1605878.0,0.26482722544948806,1605878.0,1124114.5,0.1853790413235243,0.02345,0.02265,47962005,49629779,,,1620598623,18:17:03,20210509
65,2003-06-30,TBR.AX,AUD,2003-06-30,2003-06-30,Q2,6063870.5,4101108.75,1962761.75,0.3236813434587694,0.0,296356.0,0.0,3937.0,0.0,0.0,75724.75,0.0,1681602.75,3.606006531566388,1666405.75,0.27480892773023435,3937.0,1605878.0,0.26482722544948806,1605878.0,1124114.5,0.1853790413235243,0.02345,0.02265,47962005,49629779,,,1620598623,18:17:03,20210509
66,2003-03-31,TBR.AX,AUD,2003-03-31,2003-03-31,Q1,6063870.5,4101108.75,1962761.75,0.3236813434587694,0.0,296356.0,0.0,3937.0,0.0,0.0,75724.75,0.0,1681602.75,3.606006531566388,1666405.75,0.27480892773023435,3937.0,1605878.0,0.26482722544948806,1605878.0,1124114.5,0.1853790413235243,0.02345,0.02265,47962005,49629779,,,1620598623,18:17:03,20210509
67,2003-01-31,TBR.AX,AUD,2003-01-31,2003-01-31,Q1,6063870.5,4101108.75,1962761.75,0.3236813434587694,0.0,296356.0,0.0,3937.0,0.0,0.0,75724.75,0.0,1681602.75,3.606006531566388,1666405.75,0.27480892773023435,3937.0,1605878.0,0.26482722544948806,1605878.0,1124114.5,0.1853790413235243,0.02345,0.02265,47962005,49629779,,,1620598623,18:17:03,20210509
68,2002-09-30,TBR.AX,AUD,2002-09-30,2002-09-30,Q3,720062.0,553455.25,166606.75,0.2313783396429752,0.0,30477.25,0.0,-3863.75,0.0,0.0,73872.75,0.0,134345.5,5.359777588382194,136129.5,0.1890524704817085,-3863.75,60472.75,0.08398269871205535,60472.75,60472.75,0.08398269871205535,0.0015,0.0015,41287671,41287671,,,1620598623,18:17:03,20210509
69,2002-06-30,TBR.AX,AUD,2002-06-30,2002-06-30,Q2,720062.0,553455.25,166606.75,0.2313783396429752,0.0,30477.25,0.0,-3863.75,0.0,0.0,73872.75,0.0,134345.5,5.359777588382194,136129.5,0.1890524704817085,-3863.75,60472.75,0.08398269871205535,60472.75,60472.75,0.08398269871205535,0.0015,0.0015,41287671,41287671,,,1620598623,18:17:03,20210509
70,2002-03-31,TBR.AX,AUD,2002-03-31,2002-03-31,Q1,720062.0,553455.25,166606.75,0.2313783396429752,0.0,30477.25,0.0,-3863.75,0.0,0.0,73872.75,0.0,134345.5,5.359777588382194,136129.5,0.1890524704817085,-3863.75,60472.75,0.08398269871205535,60472.75,60472.75,0.08398269871205535,0.0015,0.0015,41287671,41287671,,,1620598623,18:17:03,20210509
71,2002-01-31,TBR.AX,AUD,2002-01-31,2002-01-31,Q1,720062.0,553455.25,166606.75,0.2313783396429752,0.0,30477.25,0.0,-3863.75,0.0,0.0,73872.75,0.0,134345.5,5.359777588382194,136129.5,0.1890524704817085,-3863.75,60472.75,0.08398269871205535,60472.75,60472.75,0.08398269871205535,0.0015,0.0015,41287671,41287671,,,1620598623,18:17:03,20210509
72,2001-09-30,TBR.AX,AUD,2001-09-30,2001-09-30,Q3,0.0,0.0,0.0,0.0,0.0,63053.75,0.0,-121922.25,0.0,0.0,43836.5,160.5,-63053.75,0.0,-63214.25,0.0,-121922.25,-225947.75,0.0,-225947.75,-225947.75,0.0,-0.00575,-0.00575,39719814,39719814,,,1620598623,18:17:03,20210509
73,2001-06-30,TBR.AX,AUD,2001-06-30,2001-06-30,Q2,0.0,0.0,0.0,0.0,0.0,63053.75,0.0,-121922.25,0.0,0.0,43836.5,160.5,-63053.75,0.0,-63214.25,0.0,-121922.25,-225947.75,0.0,-225947.75,-225947.75,0.0,-0.00575,-0.00575,39719814,39719814,,,1620598623,18:17:03,20210509
74,2001-03-31,TBR.AX,AUD,2001-03-31,2001-03-31,Q1,0.0,0.0,0.0,0.0,0.0,63053.75,0.0,-121922.25,0.0,0.0,43836.5,160.5,-63053.75,0.0,-63214.25,0.0,-121922.25,-225947.75,0.0,-225947.75,-225947.75,0.0,-0.00575,-0.00575,39719814,39719814,,,1620598623,18:17:03,20210509
75,2001-01-31,TBR.AX,AUD,2001-01-31,2001-01-31,Q1,0.0,0.0,0.0,0.0,0.0,63053.75,0.0,-121922.25,0.0,0.0,43836.5,160.5,-63053.75,0.0,-63214.25,0.0,-121922.25,-225947.75,0.0,-225947.75,-225947.75,0.0,-0.00575,-0.00575,39719814,39719814,,,1620598623,18:17:03,20210509
76,2000-09-30,TBR.AX,AUD,2000-09-30,2000-09-30,Q3,0.0,0.0,0.0,0.0,0.0,0.0,0.0,0.0,0.0,0.0,5.0,0.0,40220.25,0.0,0.0,0.0,0.0,40215.25,0.0,40215.25,40215.25,0.0,0.001075,0.001075,36432005,36432005,,,1620598623,18:17:03,20210509
77,2000-06-30,TBR.AX,AUD,2000-06-30,2000-06-30,Q2,0.0,0.0,0.0,0.0,0.0,0.0,0.0,0.0,0.0,0.0,5.0,0.0,40220.25,0.0,0.0,0.0,0.0,40215.25,0.0,40215.25,40215.25,0.0,0.001075,0.001075,36432005,36432005,,,1620598623,18:17:03,20210509
78,2000-03-31,TBR.AX,AUD,2000-03-31,2000-03-31,Q1,0.0,0.0,0.0,0.0,0.0,0.0,0.0,0.0,0.0,0.0,5.0,0.0,40220.25,0.0,0.0,0.0,0.0,40215.25,0.0,40215.25,40215.25,0.0,0.001075,0.001075,36432005,36432005,,,1620598623,18:17:03,20210509
79,2000-01-31,TBR.AX,AUD,2000-01-31,2000-01-31,Q1,0.0,0.0,0.0,0.0,0.0,0.0,0.0,0.0,0.0,0.0,5.0,0.0,40220.25,0.0,0.0,0.0,0.0,40215.25,0.0,40215.25,40215.25,0.0,0.001075,0.001075,36432005,36432005,,,1620598623,18:17:03,20210509
80,1999-09-30,TBR.AX,AUD,1999-09-30,1999-09-30,Q3,0.0,0.0,0.0,0.0,0.0,0.0,0.0,0.0,0.0,0.0,55.25,0.0,-23864.5,0.0,0.0,0.0,0.0,-23919.75,0.0,-23919.75,-23919.75,0.0,-0.000675,-0.000675,35682005,35682005,,,1620598623,18:17:03,20210509
81,1999-06-30,TBR.AX,AUD,1999-06-30,1999-06-30,Q2,0.0,0.0,0.0,0.0,0.0,0.0,0.0,0.0,0.0,0.0,55.25,0.0,-23864.5,0.0,0.0,0.0,0.0,-23919.75,0.0,-23919.75,-23919.75,0.0,-0.000675,-0.000675,35682005,35682005,,,1620598623,18:17:03,20210509
82,1999-03-31,TBR.AX,AUD,1999-03-31,1999-03-31,Q1,0.0,0.0,0.0,0.0,0.0,0.0,0.0,0.0,0.0,0.0,55.25,0.0,-23864.5,0.0,0.0,0.0,0.0,-23919.75,0.0,-23919.75,-23919.75,0.0,-0.000675,-0.000675,35682005,35682005,,,1620598623,18:17:03,20210509
83,1999-01-31,TBR.AX,AUD,1999-01-31,1999-01-31,Q1,0.0,0.0,0.0,0.0,0.0,0.0,0.0,0.0,0.0,0.0,55.25,0.0,-23864.5,0.0,0.0,0.0,0.0,-23919.75,0.0,-23919.75,-23919.75,0.0,-0.000675,-0.000675,35682005,35682005,,,1620598623,18:17:03,20210509
84,1998-09-30,TBR.AX,AUD,1998-09-30,1998-09-30,Q3,0.0,0.0,0.0,0.0,0.0,0.0,0.0,0.0,0.0,0.0,113.75,0.0,-59283.5,0.0,0.0,0.0,0.0,-59397.25,0.0,-59397.25,-59397.25,0.0,-0.0025,-0.0025,35682004,35682004,,,1620598623,18:17:03,20210509
85,1998-06-30,TBR.AX,AUD,1998-06-30,1998-06-30,Q2,0.0,0.0,0.0,0.0,0.0,0.0,0.0,0.0,0.0,0.0,113.75,0.0,-59283.5,0.0,0.0,0.0,0.0,-59397.25,0.0,-59397.25,-59397.25,0.0,-0.0025,-0.0025,35682004,35682004,,,1620598623,18:17:03,20210509
86,1998-03-31,TBR.AX,AUD,1998-03-31,1998-03-31,Q1,0.0,0.0,0.0,0.0,0.0,0.0,0.0,0.0,0.0,0.0,113.75,0.0,-59283.5,0.0,0.0,0.0,0.0,-59397.25,0.0,-59397.25,-59397.25,0.0,-0.0025,-0.0025,35682004,35682004,,,1620598623,18:17:03,20210509
87,1998-01-31,TBR.AX,AUD,1998-01-31,1998-01-31,Q1,0.0,0.0,0.0,0.0,0.0,0.0,0.0,0.0,0.0,0.0,113.75,0.0,-59283.5,0.0,0.0,0.0,0.0,-59397.25,0.0,-59397.25,-59397.25,0.0,-0.0025,-0.0025,35682004,35682004,,,1620598623,18:17:03,20210509
88,1997-09-30,TBR.AX,AUD,1997-09-30,1997-09-30,Q3,0.0,0.0,0.0,0.0,0.0,0.0,0.0,0.0,0.0,0.0,0.0,0.0,-72937.75,0.0,0.0,0.0,0.0,-72937.75,0.0,-72937.75,-72937.75,0.0,-0.0025,-0.0025,29175100,29175100,,,1620598623,18:17:03,20210509
89,1997-06-30,TBR.AX,AUD,1997-06-30,1997-06-30,Q2,0.0,0.0,0.0,0.0,0.0,0.0,0.0,0.0,0.0,0.0,0.0,0.0,-72937.75,0.0,0.0,0.0,0.0,-72937.75,0.0,-72937.75,-72937.75,0.0,-0.0025,-0.0025,29175100,29175100,,,1620598623,18:17:03,20210509
90,1997-03-31,TBR.AX,AUD,1997-03-31,1997-03-31,Q1,0.0,0.0,0.0,0.0,0.0,0.0,0.0,0.0,0.0,0.0,0.0,0.0,-72937.75,0.0,0.0,0.0,0.0,-72937.75,0.0,-72937.75,-72937.75,0.0,-0.0025,-0.0025,29175100,29175100,,,1620598623,18:17:03,20210509
91,1997-01-31,TBR.AX,AUD,1997-01-31,1997-01-31,Q1,0.0,0.0,0.0,0.0,0.0,0.0,0.0,0.0,0.0,0.0,0.0,0.0,-72937.75,0.0,0.0,0.0,0.0,-72937.75,0.0,-72937.75,-72937.75,0.0,-0.0025,-0.0025,29175100,29175100,,,1620598623,18:17:03,20210509
92,1996-09-30,TBR.AX,AUD,1996-09-30,1996-09-30,Q3,0.0,0.0,0.0,0.0,0.0,0.0,0.0,0.0,0.0,0.0,0.75,0.0,-38298.75,0.0,0.0,0.0,0.0,-38299.5,0.0,-38299.5,-38299.5,0.0,-0.001325,-0.001325,28905285,28905285,,,1620598623,18:17:03,20210509
93,1996-06-30,TBR.AX,AUD,1996-06-30,1996-06-30,Q2,0.0,0.0,0.0,0.0,0.0,0.0,0.0,0.0,0.0,0.0,0.75,0.0,-38298.75,0.0,0.0,0.0,0.0,-38299.5,0.0,-38299.5,-38299.5,0.0,-0.001325,-0.001325,28905285,28905285,,,1620598623,18:17:03,20210509
94,1996-03-31,TBR.AX,AUD,1996-03-31,1996-03-31,Q1,0.0,0.0,0.0,0.0,0.0,0.0,0.0,0.0,0.0,0.0,0.75,0.0,-38298.75,0.0,0.0,0.0,0.0,-38299.5,0.0,-38299.5,-38299.5,0.0,-0.001325,-0.001325,28905285,28905285,,,1620598623,18:17:03,20210509
95,1996-01-31,TBR.AX,AUD,1996-01-31,1996-01-31,Q1,0.0,0.0,0.0,0.0,0.0,0.0,0.0,0.0,0.0,0.0,0.75,0.0,-38298.75,0.0,0.0,0.0,0.0,-38299.5,0.0,-38299.5,-38299.5,0.0,-0.001325,-0.001325,28905285,28905285,,,1620598623,18:17:03,20210509
96,1995-09-30,TBR.AX,AUD,1995-09-30,1995-09-30,Q3,0.0,0.0,0.0,0.0,0.0,0.0,0.0,0.0,0.0,0.0,1000.0,0.0,-22000.0,0.0,0.0,0.0,0.0,-23000.0,0.0,-23000.0,-23000.0,0.0,-0.00085,-0.00085,27058823,27058823,,,1620598623,18:17:03,20210509
97,1995-06-30,TBR.AX,AUD,1995-06-30,1995-06-30,Q2,0.0,0.0,0.0,0.0,0.0,0.0,0.0,0.0,0.0,0.0,1000.0,0.0,-22000.0,0.0,0.0,0.0,0.0,-23000.0,0.0,-23000.0,-23000.0,0.0,-0.00085,-0.00085,27058823,27058823,,,1620598623,18:17:03,20210509
98,1995-03-31,TBR.AX,AUD,1995-03-31,1995-03-31,Q1,0.0,0.0,0.0,0.0,0.0,0.0,0.0,0.0,0.0,0.0,1000.0,0.0,-22000.0,0.0,0.0,0.0,0.0,-23000.0,0.0,-23000.0,-23000.0,0.0,-0.00085,-0.00085,27058823,27058823,,,1620598623,18:17:03,20210509
99,1995-01-31,TBR.AX,AUD,1995-01-31,1995-01-31,Q1,0.0,0.0,0.0,0.0,0.0,0.0,0.0,0.0,0.0,0.0,1000.0,0.0,-22000.0,0.0,0.0,0.0,0.0,-23000.0,0.0,-23000.0,-23000.0,0.0,-0.00085,-0.00085,27058823,27058823,,,1620598623,18:17:03,20210509
100,1994-09-30,TBR.AX,AUD,1994-09-30,1994-09-30,Q3,0.0,0.0,0.0,0.0,0.0,0.0,0.0,0.0,0.0,0.0,0.0,0.0,-68750.0,0.0,0.0,0.0,0.0,-68750.0,0.0,-68750.0,-68750.0,0.0,-0.002725,-0.002725,25229357,25229357,,,1620598623,18:17:03,20210509
101,1994-06-30,TBR.AX,AUD,1994-06-30,1994-06-30,Q2,0.0,0.0,0.0,0.0,0.0,0.0,0.0,0.0,0.0,0.0,0.0,0.0,-68750.0,0.0,0.0,0.0,0.0,-68750.0,0.0,-68750.0,-68750.0,0.0,-0.002725,-0.002725,25229357,25229357,,,1620598623,18:17:03,20210509
102,1994-03-31,TBR.AX,AUD,1994-03-31,1994-03-31,Q1,0.0,0.0,0.0,0.0,0.0,0.0,0.0,0.0,0.0,0.0,0.0,0.0,-68750.0,0.0,0.0,0.0,0.0,-68750.0,0.0,-68750.0,-68750.0,0.0,-0.002725,-0.002725,25229357,25229357,,,1620598623,18:17:03,20210509
103,1994-01-31,TBR.AX,AUD,1994-01-31,1994-01-31,Q1,0.0,0.0,0.0,0.0,0.0,0.0,0.0,0.0,0.0,0.0,0.0,0.0,-68750.0,0.0,0.0,0.0,0.0,-68750.0,0.0,-68750.0,-68750.0,0.0,-0.002725,-0.002725,25229357,25229357,,,1620598623,18:17:03,20210509
104,1993-09-30,TBR.AX,AUD,1993-09-30,1993-09-30,Q3,0.0,0.0,0.0,0.0,0.0,0.0,0.0,0.0,0.0,0.0,0.0,0.0,-40500.0,0.0,0.0,0.0,0.0,-40500.0,0.0,-40500.0,-40500.0,0.0,-0.0017,-0.0017,23823529,23823529,,,1620598623,18:17:03,20210509
105,1993-06-30,TBR.AX,AUD,1993-06-30,1993-06-30,Q2,0.0,0.0,0.0,0.0,0.0,0.0,0.0,0.0,0.0,0.0,0.0,0.0,-40500.0,0.0,0.0,0.0,0.0,-40500.0,0.0,-40500.0,-40500.0,0.0,-0.0017,-0.0017,23823529,23823529,,,1620598623,18:17:03,20210509
106,1993-03-31,TBR.AX,AUD,1993-03-31,1993-03-31,Q1,0.0,0.0,0.0,0.0,0.0,0.0,0.0,0.0,0.0,0.0,0.0,0.0,-40500.0,0.0,0.0,0.0,0.0,-40500.0,0.0,-40500.0,-40500.0,0.0,-0.0017,-0.0017,23823529,23823529,,,1620598623,18:17:03,20210509
107,1993-01-31,TBR.AX,AUD,1993-01-31,1993-01-31,Q1,0.0,0.0,0.0,0.0,0.0,0.0,0.0,0.0,0.0,0.0,0.0,0.0,-40500.0,0.0,0.0,0.0,0.0,-40500.0,0.0,-40500.0,-40500.0,0.0,-0.0017,-0.0017,23823529,23823529,,,1620598623,18:17:03,20210509
108,1992-09-30,TBR.AX,AUD,1992-09-30,1992-09-30,Q3,0.0,0.0,0.0,0.0,0.0,0.0,0.0,0.0,0.0,0.0,0.0,0.0,-262500.0,0.0,0.0,0.0,0.0,-262500.0,0.0,-262500.0,-262500.0,0.0,-0.012575,-0.012575,23782000,23782000,,,1620598623,18:17:03,20210509
109,1992-06-30,TBR.AX,AUD,1992-06-30,1992-06-30,Q2,0.0,0.0,0.0,0.0,0.0,0.0,0.0,0.0,0.0,0.0,0.0,0.0,-262500.0,0.0,0.0,0.0,0.0,-262500.0,0.0,-262500.0,-262500.0,0.0,-0.012575,-0.012575,23782000,23782000,,,1620598623,18:17:03,20210509
110,1992-03-31,TBR.AX,AUD,1992-03-31,1992-03-31,Q1,0.0,0.0,0.0,0.0,0.0,0.0,0.0,0.0,0.0,0.0,0.0,0.0,-262500.0,0.0,0.0,0.0,0.0,-262500.0,0.0,-262500.0,-262500.0,0.0,-0.012575,-0.012575,23782000,23782000,,,1620598623,18:17:03,20210509
111,1992-01-31,TBR.AX,AUD,1992-01-31,1992-01-31,Q1,0.0,0.0,0.0,0.0,0.0,0.0,0.0,0.0,0.0,0.0,0.0,0.0,-262500.0,0.0,0.0,0.0,0.0,-262500.0,0.0,-262500.0,-262500.0,0.0,-0.012575,-0.012575,23782000,23782000,,,1620598623,18:17:03,20210509
112,1991-09-30,TBR.AX,AUD,1991-09-30,1991-09-30,Q3,0.0,0.0,0.0,0.0,0.0,0.0,0.0,0.0,0.0,0.0,0.0,0.0,-47500.0,0.0,0.0,0.0,0.0,-47500.0,0.0,-47500.0,-47500.0,0.0,-0.0008941647579700247,-0.0008941647579700247,53122201,53122201,,,1620598623,18:17:03,20210509
113,1991-06-30,TBR.AX,AUD,1991-06-30,1991-06-30,Q2,0.0,0.0,0.0,0.0,0.0,0.0,0.0,0.0,0.0,0.0,0.0,0.0,-47500.0,0.0,0.0,0.0,0.0,-47500.0,0.0,-47500.0,-47500.0,0.0,-0.0008941647579700247,-0.0008941647579700247,53122201,53122201,,,1620598623,18:17:03,20210509
114,1991-03-31,TBR.AX,AUD,1991-03-31,1991-03-31,Q1,0.0,0.0,0.0,0.0,0.0,0.0,0.0,0.0,0.0,0.0,0.0,0.0,-47500.0,0.0,0.0,0.0,0.0,-47500.0,0.0,-47500.0,-47500.0,0.0,-0.0008941647579700247,-0.0008941647579700247,53122201,53122201,,,1620598623,18:17:03,20210509
115,1991-01-31,TBR.AX,AUD,1991-01-31,1991-01-31,Q1,0.0,0.0,0.0,0.0,0.0,0.0,0.0,0.0,0.0,0.0,0.0,0.0,-47500.0,0.0,0.0,0.0,0.0,-47500.0,0.0,-47500.0,-47500.0,0.0,-0.0008941647579700247,-0.0008941647579700247,53122201,53122201,,,1620598623,18:17:03,20210509
116,1990-09-30,TBR.AX,AUD,1990-09-30,1990-09-30,Q3,0.0,0.0,0.0,0.0,0.0,0.0,0.0,0.0,0.0,0.0,0.0,0.0,-133500.0,0.0,0.0,0.0,0.0,-133500.0,0.0,-133500.0,-133750.0,0.0,-0.002517779713231385,-0.002517779713231385,53122201,53122201,,,1620598623,18:17:03,20210509
117,1990-06-30,TBR.AX,AUD,1990-06-30,1990-06-30,Q2,0.0,0.0,0.0,0.0,0.0,0.0,0.0,0.0,0.0,0.0,0.0,0.0,-133500.0,0.0,0.0,0.0,0.0,-133500.0,0.0,-133500.0,-133750.0,0.0,-0.002517779713231385,-0.002517779713231385,53122201,53122201,,,1620598623,18:17:03,20210509
118,1990-03-31,TBR.AX,AUD,1990-03-31,1990-03-31,Q1,0.0,0.0,0.0,0.0,0.0,0.0,0.0,0.0,0.0,0.0,0.0,0.0,-133500.0,0.0,0.0,0.0,0.0,-133500.0,0.0,-133500.0,-133750.0,0.0,-0.002517779713231385,-0.002517779713231385,53122201,53122201,,,1620598623,18:17:03,20210509
119,1990-01-31,TBR.AX,AUD,1990-01-31,1990-01-31,Q1,0.0,0.0,0.0,0.0,0.0,0.0,0.0,0.0,0.0,0.0,0.0,0.0,-133500.0,0.0,0.0,0.0,0.0,-133500.0,0.0,-133500.0,-133750.0,0.0,-0.002517779713231385,-0.002517779713231385,53122201,53122201,,,1620598623,18:17:03,20210509
120,1989-09-30,TBR.AX,AUD,1989-09-30,1989-09-30,Q3,0.0,0.0,0.0,0.0,0.0,0.0,0.0,0.0,0.0,0.0,1000.0,0.0,-10250.0,0.0,0.0,0.0,0.0,-11250.0,0.0,-11250.0,-11250.0,0.0,-0.00021177586372974266,-0.00021177586372974266,53122201,53122201,,,1620598623,18:17:03,20210509
121,1989-06-30,TBR.AX,AUD,1989-06-30,1989-06-30,Q2,0.0,0.0,0.0,0.0,0.0,0.0,0.0,0.0,0.0,0.0,1000.0,0.0,-10250.0,0.0,0.0,0.0,0.0,-11250.0,0.0,-11250.0,-11250.0,0.0,-0.00021177586372974266,-0.00021177586372974266,53122201,53122201,,,1620598623,18:17:03,20210509
122,1989-03-31,TBR.AX,AUD,1989-03-31,1989-03-31,Q1,0.0,0.0,0.0,0.0,0.0,0.0,0.0,0.0,0.0,0.0,1000.0,0.0,-10250.0,0.0,0.0,0.0,0.0,-11250.0,0.0,-11250.0,-11250.0,0.0,-0.00021177586372974266,-0.00021177586372974266,53122201,53122201,,,1620598623,18:17:03,20210509
123,1989-01-31,TBR.AX,AUD,1989-01-31,1989-01-31,Q1,0.0,0.0,0.0,0.0,0.0,0.0,0.0,0.0,0.0,0.0,1000.0,0.0,-10250.0,0.0,0.0,0.0,0.0,-11250.0,0.0,-11250.0,-11250.0,0.0,-0.00021177586372974266,-0.00021177586372974266,53122201,53122201,,,1620598623,18:17:03,20210509
