,date,symbol,reportedCurrency,fillingDate,acceptedDate,period,revenue,costOfRevenue,grossProfit,grossProfitRatio,researchAndDevelopmentExpenses,generalAndAdministrativeExpenses,sellingAndMarketingExpenses,otherExpenses,operatingExpenses,costAndExpenses,interestExpense,depreciationAndAmortization,ebitda,ebitdaratio,operatingIncome,operatingIncomeRatio,totalOtherIncomeExpensesNet,incomeBeforeTax,incomeBeforeTaxRatio,incomeTaxExpense,netIncome,netIncomeRatio,eps,epsdiluted,weightedAverageShsOut,weightedAverageShsOutDil,link,finalLink,timestamp,est_time,est_date
0,2020-12-31,INMB,USD,2021-03-04,2021-03-04 16:15:56,Q4,10916.0,0.0,10916.0,1.0,1858785.0,1360991.0,0.0,4574.0,3219776.0,3219776.0,0.0,0.0,-3208860.0,-293.95932576035176,-3208860.0,-293.95932576035176,4574.0,-3204286.0,-293.5403078050568,0.0,-3204286.0,-293.5403078050568,-0.24788429447356328,-0.24788429447356328,12926539.0,12926539.0,https://www.sec.gov/Archives/edgar/data/1711754/000121390021013456/0001213900-21-013456-index.htm,https://www.sec.gov/Archives/edgar/data/1711754/000121390021013456/f10k2020_inmunebioinc.htm,1620593634,16:53:54,20210509
1,2020-09-30,INMB,USD,2020-11-05,2020-11-05 16:08:22,Q3,0.0,0.0,0.0,0.0,2362880.0,2456266.0,0.0,102484.0,4819146.0,4819146.0,0.0,0.0,-4819146.0,0.0,-4819146.0,0.0,102484.0,-4716662.0,0.0,0.0,-4716662.0,0.0,-0.36,-0.36,12926539.0,12926539.0,https://www.sec.gov/Archives/edgar/data/1711754/000121390020035280/0001213900-20-035280-index.htm,https://www.sec.gov/Archives/edgar/data/1711754/000121390020035280/f10q0920_inmunebioinc.htm,1620593634,16:53:54,20210509
2,2020-06-30,INMB,USD,2020-08-05,2020-08-05 16:00:41,Q2,0.0,0.0,0.0,0.0,903043.0,1204366.0,0.0,-395.0,2107409.0,2107409.0,0.0,0.0,-2107409.0,0.0,-2107409.0,0.0,-395.0,-2107804.0,0.0,0.0,-2107804.0,0.0,-0.2,-0.2,10800708.0,10800708.0,https://www.sec.gov/Archives/edgar/data/1711754/000121390020020373/0001213900-20-020373-index.htm,https://www.sec.gov/Archives/edgar/data/1711754/000121390020020373/f10q0620_inmunebio.htm,1620593634,16:53:54,20210509
3,2020-03-31,INMB,USD,2020-05-14 00:00:00,2020-05-13 18:10:23,Q1,0.0,0.0,0.0,0.0,792787.0,1299474.0,0.0,0.0,2092261.0,2092261.0,0.0,0.0,-2092261.0,0.0,-2092261.0,0.0,0.0,-2070407.0,0.0,0.0,-2070407.0,0.0,-0.19,-0.19,10747300.0,10747300.0,https://www.sec.gov/Archives/edgar/data/1711754/000121390020012056/0001213900-20-012056-index.html,https://www.sec.gov/Archives/edgar/data/1711754/000121390020012056/f10q0320_inmunebio.htm,1620593634,16:53:54,20210509
4,2019-12-31,INMB,USD,2020-03-11 00:00:00,2020-03-10 20:28:23,Q4,0.0,0.0,0.0,0.0,866555.0,1465750.0,0.0,0.0,2332305.0,2332305.0,0.0,0.0,-2332305.0,0.0,-2332305.0,0.0,0.0,-2318219.0,0.0,0.0,-2318219.0,0.0,-0.21570245550045128,-0.21570245550045128,10747300.0,10747300.0,https://www.sec.gov/Archives/edgar/data/1711754/000121390020005916/0001213900-20-005916-index.html,https://www.sec.gov/Archives/edgar/data/1711754/000121390020005916/f10k2019_inmunebioinc.htm,1620593634,16:53:54,20210509
5,2019-09-30,INMB,USD,2019-11-08 00:00:00,2019-11-08 16:05:07,Q3,0.0,0.0,0.0,0.0,1167986.0,1916200.0,0.0,0.0,3084186.0,3084186.0,0.0,0.0,-3084186.0,0.0,-3084186.0,0.0,0.0,-3066966.0,0.0,0.0,-3066966.0,0.0,-0.28,-0.28,10762473.0,10762473.0,https://www.sec.gov/Archives/edgar/data/1711754/000121390019022556/0001213900-19-022556-index.html,https://www.sec.gov/Archives/edgar/data/1711754/000121390019022556/f10q0919_inmunebioinc.htm,1620593634,16:53:54,20210509
6,2019-06-30,INMB,USD,2019-08-09,2019-08-09 16:32:52,Q2,0.0,0.0,0.0,0.0,293812.0,1676611.0,0.0,0.0,1970423.0,1970423.0,0.0,0.0,-3512423.0,0.0,-1970423.0,0.0,1542000.0,-392083.0,0.0,0.0,-392083.0,0.0,-0.04,-0.04,10150810.0,10150810.0,https://www.sec.gov/Archives/edgar/data/1711754/000164033419001563/inmb_10q.htm,https://www.sec.gov/Archives/edgar/data/1711754/000164033419001563/inmb_10q.htm,1620593634,16:53:54,20210509
7,2019-03-31,INMB,USD,2019-05-15 00:00:00,2019-05-15 09:01:13,Q1,0.0,0.0,0.0,0.0,101592.0,1809495.0,0.0,10042.0,1911087.0,1911087.0,0.0,0.0,-1911087.0,0.0,-1911087.0,0.0,10042.0,-1901045.0,0.0,0.0,-1901045.0,0.0,-0.2,-0.2,9388645.0,9388645.0,https://www.sec.gov/Archives/edgar/data/1711754/000164033419000853/0001640334-19-000853-index.html,https://www.sec.gov/Archives/edgar/data/1711754/000164033419000853/inmb_10q.htm,1620593634,16:53:54,20210509
