,date,symbol,reportedCurrency,fillingDate,acceptedDate,period,revenue,costOfRevenue,grossProfit,grossProfitRatio,researchAndDevelopmentExpenses,generalAndAdministrativeExpenses,sellingAndMarketingExpenses,otherExpenses,operatingExpenses,costAndExpenses,interestExpense,depreciationAndAmortization,ebitda,ebitdaratio,operatingIncome,operatingIncomeRatio,totalOtherIncomeExpensesNet,incomeBeforeTax,incomeBeforeTaxRatio,incomeTaxExpense,netIncome,netIncomeRatio,eps,epsdiluted,weightedAverageShsOut,weightedAverageShsOutDil,link,finalLink,timestamp,est_time,est_date
0,2019-06-30,VAL.L,GBP,2019-06-30,2019-06-30,Q2,0.0,0.0,0.0,0.0,246114.25,465094.75,0.0,0.0,0.0,674579.75,773.25,100129.75,-574450.0,0.0,-674579.75,0.0,0.0,-679873.5,0.0,-73434.5,-597176.75,0.0,-0.08125,-0.08125,7221101.0,7221101.0,https://find-and-update.company-information.service.gov.uk/search/companies?q=ValiRx+PLC,https://find-and-update.company-information.service.gov.uk/search/companies?q=ValiRx+PLC,1620599414,18:30:14,20210509
1,2019-03-31,VAL.L,GBP,2019-03-31,2019-03-31,Q1,0.0,0.0,0.0,0.0,246114.25,465094.75,0.0,0.0,0.0,674579.75,773.25,100129.75,-574450.0,0.0,-674579.75,0.0,0.0,-679873.5,0.0,-73434.5,-597176.75,0.0,-0.08125,-0.08125,7221101.0,7221101.0,https://find-and-update.company-information.service.gov.uk/search/companies?q=ValiRx+PLC,https://find-and-update.company-information.service.gov.uk/search/companies?q=ValiRx+PLC,1620599414,18:30:14,20210509
2,2019-01-31,VAL.L,GBP,2019-01-31,2019-01-31,Q1,0.0,0.0,0.0,0.0,246114.25,465094.75,0.0,0.0,0.0,674579.75,773.25,100129.75,-574450.0,0.0,-674579.75,0.0,0.0,-679873.5,0.0,-73434.5,-597176.75,0.0,-0.08125,-0.08125,7221101.0,7221101.0,https://find-and-update.company-information.service.gov.uk/search/companies?q=ValiRx+PLC,https://find-and-update.company-information.service.gov.uk/search/companies?q=ValiRx+PLC,1620599414,18:30:14,20210509
3,2018-06-30,VAL.L,GBP,2018-06-30,2018-06-30,Q2,0.0,0.0,0.0,0.0,424697.75,541699.5,0.0,0.0,126688.75,1093086.0,216.5,35747.0,-1057339.0,0.0,-1093086.0,0.0,0.0,-1207284.5,0.0,-115324.0,-1074705.5,0.0,-0.29375,-0.29375,3669726.0,3669726.0,https://find-and-update.company-information.service.gov.uk/search/companies?q=ValiRx+PLC,https://find-and-update.company-information.service.gov.uk/search/companies?q=ValiRx+PLC,1620599414,18:30:14,20210509
4,2018-03-31,VAL.L,GBP,2018-03-31,2018-03-31,Q1,0.0,0.0,0.0,0.0,424697.75,541699.5,0.0,0.0,126688.75,1093086.0,216.5,35747.0,-1057339.0,0.0,-1093086.0,0.0,0.0,-1207284.5,0.0,-115324.0,-1074705.5,0.0,-0.29375,-0.29375,3669726.0,3669726.0,https://find-and-update.company-information.service.gov.uk/search/companies?q=ValiRx+PLC,https://find-and-update.company-information.service.gov.uk/search/companies?q=ValiRx+PLC,1620599414,18:30:14,20210509
5,2018-01-31,VAL.L,GBP,2018-01-31,2018-01-31,Q1,0.0,0.0,0.0,0.0,424697.75,541699.5,0.0,0.0,126688.75,1093086.0,216.5,35747.0,-1057339.0,0.0,-1093086.0,0.0,0.0,-1207284.5,0.0,-115324.0,-1074705.5,0.0,-0.29375,-0.29375,3669726.0,3669726.0,https://find-and-update.company-information.service.gov.uk/search/companies?q=ValiRx+PLC,https://find-and-update.company-information.service.gov.uk/search/companies?q=ValiRx+PLC,1620599414,18:30:14,20210509
6,2017-06-30,VAL.L,GBP,2017-06-30,2017-06-30,Q2,0.0,0.0,0.0,0.0,436702.0,366817.0,0.0,0.0,0.0,781325.75,112467.0,46921.75,-734404.0,0.0,-781325.75,0.0,0.0,-888495.5,0.0,-104084.0,-754921.0,0.0,-0.59375,-0.59375,1208568.0,1208568.0,https://find-and-update.company-information.service.gov.uk/search/companies?q=ValiRx+PLC,https://find-and-update.company-information.service.gov.uk/search/companies?q=ValiRx+PLC,1620599414,18:30:14,20210509
7,2017-03-31,VAL.L,GBP,2017-03-31,2017-03-31,Q1,0.0,0.0,0.0,0.0,436702.0,366817.0,0.0,0.0,0.0,781325.75,112467.0,46921.75,-734404.0,0.0,-781325.75,0.0,0.0,-888495.5,0.0,-104084.0,-754921.0,0.0,-0.59375,-0.59375,1208568.0,1208568.0,https://find-and-update.company-information.service.gov.uk/search/companies?q=ValiRx+PLC,https://find-and-update.company-information.service.gov.uk/search/companies?q=ValiRx+PLC,1620599414,18:30:14,20210509
8,2017-01-31,VAL.L,GBP,2017-01-31,2017-01-31,Q1,0.0,0.0,0.0,0.0,436702.0,366817.0,0.0,0.0,0.0,781325.75,112467.0,46921.75,-734404.0,0.0,-781325.75,0.0,0.0,-888495.5,0.0,-104084.0,-754921.0,0.0,-0.59375,-0.59375,1208568.0,1208568.0,https://find-and-update.company-information.service.gov.uk/search/companies?q=ValiRx+PLC,https://find-and-update.company-information.service.gov.uk/search/companies?q=ValiRx+PLC,1620599414,18:30:14,20210509
9,2016-06-30,VAL.L,GBP,2016-06-30,2016-06-30,Q2,0.0,0.0,0.0,0.0,593838.5,448571.0,0.0,0.0,0.0,1042409.5,84547.0,25708.75,-1016700.75,0.0,-1042409.5,0.0,0.0,-1437843.75,0.0,-155026.0,-1187000.75,0.0,-2.56875,-2.56875,461945.0,461945.0,https://find-and-update.company-information.service.gov.uk/search/companies?q=ValiRx+PLC,https://find-and-update.company-information.service.gov.uk/search/companies?q=ValiRx+PLC,1620599414,18:30:14,20210509
10,2016-03-31,VAL.L,GBP,2016-03-31,2016-03-31,Q1,0.0,0.0,0.0,0.0,593838.5,448571.0,0.0,0.0,0.0,1042409.5,84547.0,25708.75,-1016700.75,0.0,-1042409.5,0.0,0.0,-1437843.75,0.0,-155026.0,-1187000.75,0.0,-2.56875,-2.56875,461945.0,461945.0,https://find-and-update.company-information.service.gov.uk/search/companies?q=ValiRx+PLC,https://find-and-update.company-information.service.gov.uk/search/companies?q=ValiRx+PLC,1620599414,18:30:14,20210509
11,2016-01-31,VAL.L,GBP,2016-01-31,2016-01-31,Q1,0.0,0.0,0.0,0.0,593838.5,448571.0,0.0,0.0,0.0,1042409.5,84547.0,25708.75,-1016700.75,0.0,-1042409.5,0.0,0.0,-1437843.75,0.0,-155026.0,-1187000.75,0.0,-2.56875,-2.56875,461945.0,461945.0,https://find-and-update.company-information.service.gov.uk/search/companies?q=ValiRx+PLC,https://find-and-update.company-information.service.gov.uk/search/companies?q=ValiRx+PLC,1620599414,18:30:14,20210509
12,2015-09-30,VAL.L,GBP,2015-09-30,2015-09-30,Q3,20650.75,19468.75,1182.0,0.057237630594530464,385860.25,423522.25,0.0,0.0,0.0,778003.5,448.25,25684.25,-731668.5,-35.4306017941237,-757352.75,-36.67434596806412,0.0,-641776.75,-31.07764851155527,-97800.5,-529583.75,-25.644770771037372,-2.08125,-2.08125,254316.0,254316.0,https://find-and-update.company-information.service.gov.uk/search/companies?q=ValiRx+PLC,https://find-and-update.company-information.service.gov.uk/search/companies?q=ValiRx+PLC,1620599414,18:30:14,20210509
13,2015-06-30,VAL.L,GBP,2015-06-30,2015-06-30,Q2,20650.75,19468.75,1182.0,0.057237630594530464,385860.25,423522.25,0.0,0.0,0.0,778003.5,448.25,25684.25,-731668.5,-35.4306017941237,-757352.75,-36.67434596806412,0.0,-641776.75,-31.07764851155527,-97800.5,-529583.75,-25.644770771037372,-2.08125,-2.08125,254316.0,254316.0,https://find-and-update.company-information.service.gov.uk/search/companies?q=ValiRx+PLC,https://find-and-update.company-information.service.gov.uk/search/companies?q=ValiRx+PLC,1620599414,18:30:14,20210509
14,2015-03-31,VAL.L,GBP,2015-03-31,2015-03-31,Q1,20650.75,19468.75,1182.0,0.057237630594530464,385860.25,423522.25,0.0,0.0,0.0,778003.5,448.25,25684.25,-731668.5,-35.4306017941237,-757352.75,-36.67434596806412,0.0,-641776.75,-31.07764851155527,-97800.5,-529583.75,-25.644770771037372,-2.08125,-2.08125,254316.0,254316.0,https://find-and-update.company-information.service.gov.uk/search/companies?q=ValiRx+PLC,https://find-and-update.company-information.service.gov.uk/search/companies?q=ValiRx+PLC,1620599414,18:30:14,20210509
15,2015-01-31,VAL.L,GBP,2015-01-31,2015-01-31,Q1,20650.75,19468.75,1182.0,0.057237630594530464,385860.25,423522.25,0.0,0.0,0.0,778003.5,448.25,25684.25,-731668.5,-35.4306017941237,-757352.75,-36.67434596806412,0.0,-641776.75,-31.07764851155527,-97800.5,-529583.75,-25.644770771037372,-2.08125,-2.08125,254316.0,254316.0,https://find-and-update.company-information.service.gov.uk/search/companies?q=ValiRx+PLC,https://find-and-update.company-information.service.gov.uk/search/companies?q=ValiRx+PLC,1620599414,18:30:14,20210509
16,2014-09-30,VAL.L,GBP,2014-09-30,2014-09-30,Q3,21889.5,15256.25,6633.25,0.30303341784874027,443084.5,400782.0,0.0,0.0,0.0,806422.25,383.0,22803.5,-761729.25,-34.79884191050504,-784532.75,-35.84059708992896,0.0,-910333.75,-41.58769044519062,-99216.0,-790007.75,-36.090717010438794,-3.125,-3.125,246702.0,246702.0,https://find-and-update.company-information.service.gov.uk/search/companies?q=ValiRx+PLC,https://find-and-update.company-information.service.gov.uk/search/companies?q=ValiRx+PLC,1620599414,18:30:14,20210509
17,2014-06-30,VAL.L,GBP,2014-06-30,2014-06-30,Q2,21889.5,15256.25,6633.25,0.30303341784874027,443084.5,400782.0,0.0,0.0,0.0,806422.25,383.0,22803.5,-761729.25,-34.79884191050504,-784532.75,-35.84059708992896,0.0,-910333.75,-41.58769044519062,-99216.0,-790007.75,-36.090717010438794,-3.125,-3.125,246702.0,246702.0,https://find-and-update.company-information.service.gov.uk/search/companies?q=ValiRx+PLC,https://find-and-update.company-information.service.gov.uk/search/companies?q=ValiRx+PLC,1620599414,18:30:14,20210509
18,2014-03-31,VAL.L,GBP,2014-03-31,2014-03-31,Q1,21889.5,15256.25,6633.25,0.30303341784874027,443084.5,400782.0,0.0,0.0,0.0,806422.25,383.0,22803.5,-761729.25,-34.79884191050504,-784532.75,-35.84059708992896,0.0,-910333.75,-41.58769044519062,-99216.0,-790007.75,-36.090717010438794,-3.125,-3.125,246702.0,246702.0,https://find-and-update.company-information.service.gov.uk/search/companies?q=ValiRx+PLC,https://find-and-update.company-information.service.gov.uk/search/companies?q=ValiRx+PLC,1620599414,18:30:14,20210509
19,2014-01-31,VAL.L,GBP,2014-01-31,2014-01-31,Q1,21889.5,15256.25,6633.25,0.30303341784874027,443084.5,400782.0,0.0,0.0,0.0,806422.25,383.0,22803.5,-761729.25,-34.79884191050504,-784532.75,-35.84059708992896,0.0,-910333.75,-41.58769044519062,-99216.0,-790007.75,-36.090717010438794,-3.125,-3.125,246702.0,246702.0,https://find-and-update.company-information.service.gov.uk/search/companies?q=ValiRx+PLC,https://find-and-update.company-information.service.gov.uk/search/companies?q=ValiRx+PLC,1620599414,18:30:14,20210509
20,2013-09-30,VAL.L,GBP,2013-09-30,2013-09-30,Q3,31217.0,12904.5,18312.5,0.5866194701604894,405595.75,340488.5,0.0,0.0,0.0,758988.75,45.0,15290.0,-712481.75,-22.82351763462216,-727771.75,-23.31331486049268,0.0,-726428.75,-23.270293429861933,-77119.25,-649309.5,-20.79986866130634,-5.859375,-5.859375,110918.0,110918.0,https://find-and-update.company-information.service.gov.uk/search/companies?q=ValiRx+PLC,https://find-and-update.company-information.service.gov.uk/search/companies?q=ValiRx+PLC,1620599414,18:30:14,20210509
21,2013-06-30,VAL.L,GBP,2013-06-30,2013-06-30,Q2,31217.0,12904.5,18312.5,0.5866194701604894,405595.75,340488.5,0.0,0.0,0.0,758988.75,45.0,15290.0,-712481.75,-22.82351763462216,-727771.75,-23.31331486049268,0.0,-726428.75,-23.270293429861933,-77119.25,-649309.5,-20.79986866130634,-5.859375,-5.859375,110918.0,110918.0,https://find-and-update.company-information.service.gov.uk/search/companies?q=ValiRx+PLC,https://find-and-update.company-information.service.gov.uk/search/companies?q=ValiRx+PLC,1620599414,18:30:14,20210509
22,2013-03-31,VAL.L,GBP,2013-03-31,2013-03-31,Q1,31217.0,12904.5,18312.5,0.5866194701604894,405595.75,340488.5,0.0,0.0,0.0,758988.75,45.0,15290.0,-712481.75,-22.82351763462216,-727771.75,-23.31331486049268,0.0,-726428.75,-23.270293429861933,-77119.25,-649309.5,-20.79986866130634,-5.859375,-5.859375,110918.0,110918.0,https://find-and-update.company-information.service.gov.uk/search/companies?q=ValiRx+PLC,https://find-and-update.company-information.service.gov.uk/search/companies?q=ValiRx+PLC,1620599414,18:30:14,20210509
23,2013-01-31,VAL.L,GBP,2013-01-31,2013-01-31,Q1,31217.0,12904.5,18312.5,0.5866194701604894,405595.75,340488.5,0.0,0.0,0.0,758988.75,45.0,15290.0,-712481.75,-22.82351763462216,-727771.75,-23.31331486049268,0.0,-726428.75,-23.270293429861933,-77119.25,-649309.5,-20.79986866130634,-5.859375,-5.859375,110918.0,110918.0,https://find-and-update.company-information.service.gov.uk/search/companies?q=ValiRx+PLC,https://find-and-update.company-information.service.gov.uk/search/companies?q=ValiRx+PLC,1620599414,18:30:14,20210509
24,2012-09-30,VAL.L,GBP,2012-09-30,2012-09-30,Q3,54067.25,18240.0,35827.25,0.6626423574344913,252619.0,370429.25,0.0,0.0,0.0,641288.25,5.25,13835.25,-573385.75,-10.60504741779913,-587221.0,-10.860937073736874,0.0,-582476.0,-10.773175998409389,-41489.0,-540987.0,-10.005816829966385,-6.640625,-6.640625,82437.0,82437.0,https://find-and-update.company-information.service.gov.uk/search/companies?q=ValiRx+PLC,https://find-and-update.company-information.service.gov.uk/search/companies?q=ValiRx+PLC,1620599414,18:30:14,20210509
25,2012-06-30,VAL.L,GBP,2012-06-30,2012-06-30,Q2,54067.25,18240.0,35827.25,0.6626423574344913,252619.0,370429.25,0.0,0.0,0.0,641288.25,5.25,13835.25,-573385.75,-10.60504741779913,-587221.0,-10.860937073736874,0.0,-582476.0,-10.773175998409389,-41489.0,-540987.0,-10.005816829966385,-6.640625,-6.640625,82437.0,82437.0,https://find-and-update.company-information.service.gov.uk/search/companies?q=ValiRx+PLC,https://find-and-update.company-information.service.gov.uk/search/companies?q=ValiRx+PLC,1620599414,18:30:14,20210509
26,2012-03-31,VAL.L,GBP,2012-03-31,2012-03-31,Q1,54067.25,18240.0,35827.25,0.6626423574344913,252619.0,370429.25,0.0,0.0,0.0,641288.25,5.25,13835.25,-573385.75,-10.60504741779913,-587221.0,-10.860937073736874,0.0,-582476.0,-10.773175998409389,-41489.0,-540987.0,-10.005816829966385,-6.640625,-6.640625,82437.0,82437.0,https://find-and-update.company-information.service.gov.uk/search/companies?q=ValiRx+PLC,https://find-and-update.company-information.service.gov.uk/search/companies?q=ValiRx+PLC,1620599414,18:30:14,20210509
27,2012-01-31,VAL.L,GBP,2012-01-31,2012-01-31,Q1,54067.25,18240.0,35827.25,0.6626423574344913,252619.0,370429.25,0.0,0.0,0.0,641288.25,5.25,13835.25,-573385.75,-10.60504741779913,-587221.0,-10.860937073736874,0.0,-582476.0,-10.773175998409389,-41489.0,-540987.0,-10.005816829966385,-6.640625,-6.640625,82437.0,82437.0,https://find-and-update.company-information.service.gov.uk/search/companies?q=ValiRx+PLC,https://find-and-update.company-information.service.gov.uk/search/companies?q=ValiRx+PLC,1620599414,18:30:14,20210509
28,2011-09-30,VAL.L,GBP,2011-09-30,2011-09-30,Q3,113750.0,6750.0,107000.0,0.9406593406593406,105250.0,273250.0,0.0,0.0,261250.0,381750.0,500.0,8500.0,-259500.0,-2.281318681318681,-268000.0,-2.356043956043956,0.0,-266250.0,-2.340659340659341,-33000.0,-233250.0,-2.0505494505494504,-3.90625,-3.90625,66852.0,66852.0,https://find-and-update.company-information.service.gov.uk/search/companies?q=ValiRx+PLC,https://find-and-update.company-information.service.gov.uk/search/companies?q=ValiRx+PLC,1620599414,18:30:14,20210509
29,2011-06-30,VAL.L,GBP,2011-06-30,2011-06-30,Q2,113750.0,6750.0,107000.0,0.9406593406593406,105250.0,273250.0,0.0,0.0,261250.0,381750.0,500.0,8500.0,-259500.0,-2.281318681318681,-268000.0,-2.356043956043956,0.0,-266250.0,-2.340659340659341,-33000.0,-233250.0,-2.0505494505494504,-3.90625,-3.90625,66852.0,66852.0,https://find-and-update.company-information.service.gov.uk/search/companies?q=ValiRx+PLC,https://find-and-update.company-information.service.gov.uk/search/companies?q=ValiRx+PLC,1620599414,18:30:14,20210509
30,2011-03-31,VAL.L,GBP,2011-03-31,2011-03-31,Q1,113750.0,6750.0,107000.0,0.9406593406593406,105250.0,273250.0,0.0,0.0,261250.0,381750.0,500.0,8500.0,-259500.0,-2.281318681318681,-268000.0,-2.356043956043956,0.0,-266250.0,-2.340659340659341,-33000.0,-233250.0,-2.0505494505494504,-3.90625,-3.90625,66852.0,66852.0,https://find-and-update.company-information.service.gov.uk/search/companies?q=ValiRx+PLC,https://find-and-update.company-information.service.gov.uk/search/companies?q=ValiRx+PLC,1620599414,18:30:14,20210509
31,2011-01-31,VAL.L,GBP,2011-01-31,2011-01-31,Q1,113750.0,6750.0,107000.0,0.9406593406593406,105250.0,273250.0,0.0,0.0,261250.0,381750.0,500.0,8500.0,-259500.0,-2.281318681318681,-268000.0,-2.356043956043956,0.0,-266250.0,-2.340659340659341,-33000.0,-233250.0,-2.0505494505494504,-3.90625,-3.90625,66852.0,66852.0,https://find-and-update.company-information.service.gov.uk/search/companies?q=ValiRx+PLC,https://find-and-update.company-information.service.gov.uk/search/companies?q=ValiRx+PLC,1620599414,18:30:14,20210509
32,2010-09-30,VAL.L,GBP,2010-09-30,2010-09-30,Q3,44250.0,14250.0,30000.0,0.6779661016949152,30000.0,115750.0,0.0,0.0,283500.0,335500.0,2000.0,7750.0,-283500.0,-6.406779661016949,-291250.0,-6.581920903954802,0.0,46500.0,1.0508474576271187,-8750.0,33500.0,0.7570621468926554,1.5625,1.5625,19596.0,19596.0,https://find-and-update.company-information.service.gov.uk/search/companies?q=ValiRx+PLC,https://find-and-update.company-information.service.gov.uk/search/companies?q=ValiRx+PLC,1620599414,18:30:14,20210509
33,2010-06-30,VAL.L,GBP,2010-06-30,2010-06-30,Q2,44250.0,14250.0,30000.0,0.6779661016949152,30000.0,115750.0,0.0,0.0,283500.0,335500.0,2000.0,7750.0,-283500.0,-6.406779661016949,-291250.0,-6.581920903954802,0.0,46500.0,1.0508474576271187,-8750.0,33500.0,0.7570621468926554,1.5625,1.5625,19596.0,19596.0,https://find-and-update.company-information.service.gov.uk/search/companies?q=ValiRx+PLC,https://find-and-update.company-information.service.gov.uk/search/companies?q=ValiRx+PLC,1620599414,18:30:14,20210509
34,2010-03-31,VAL.L,GBP,2010-03-31,2010-03-31,Q1,44250.0,14250.0,30000.0,0.6779661016949152,30000.0,115750.0,0.0,0.0,283500.0,335500.0,2000.0,7750.0,-283500.0,-6.406779661016949,-291250.0,-6.581920903954802,0.0,46500.0,1.0508474576271187,-8750.0,33500.0,0.7570621468926554,1.5625,1.5625,19596.0,19596.0,https://find-and-update.company-information.service.gov.uk/search/companies?q=ValiRx+PLC,https://find-and-update.company-information.service.gov.uk/search/companies?q=ValiRx+PLC,1620599414,18:30:14,20210509
35,2010-01-31,VAL.L,GBP,2010-01-31,2010-01-31,Q1,44250.0,14250.0,30000.0,0.6779661016949152,30000.0,115750.0,0.0,0.0,283500.0,335500.0,2000.0,7750.0,-283500.0,-6.406779661016949,-291250.0,-6.581920903954802,0.0,46500.0,1.0508474576271187,-8750.0,33500.0,0.7570621468926554,1.5625,1.5625,19596.0,19596.0,https://find-and-update.company-information.service.gov.uk/search/companies?q=ValiRx+PLC,https://find-and-update.company-information.service.gov.uk/search/companies?q=ValiRx+PLC,1620599414,18:30:14,20210509
36,2009-09-30,VAL.L,GBP,2009-09-30,2009-09-30,Q3,2000.0,750.0,1250.0,0.625,18250.0,256500.0,0.0,0.0,163500.0,189000.0,750.0,6500.0,-180500.0,-90.25,-187000.0,-93.5,0.0,-316250.0,-158.125,-40750.0,-360750.0,-180.375,-5.46875,-5.46875,9801.0,9801.0,https://find-and-update.company-information.service.gov.uk/search/companies?q=ValiRx+PLC,https://find-and-update.company-information.service.gov.uk/search/companies?q=ValiRx+PLC,1620599414,18:30:14,20210509
37,2009-06-30,VAL.L,GBP,2009-06-30,2009-06-30,Q2,2000.0,750.0,1250.0,0.625,18250.0,256500.0,0.0,0.0,163500.0,189000.0,750.0,6500.0,-180500.0,-90.25,-187000.0,-93.5,0.0,-316250.0,-158.125,-40750.0,-360750.0,-180.375,-5.46875,-5.46875,9801.0,9801.0,https://find-and-update.company-information.service.gov.uk/search/companies?q=ValiRx+PLC,https://find-and-update.company-information.service.gov.uk/search/companies?q=ValiRx+PLC,1620599414,18:30:14,20210509
38,2009-03-31,VAL.L,GBP,2009-03-31,2009-03-31,Q1,2000.0,750.0,1250.0,0.625,18250.0,256500.0,0.0,0.0,163500.0,189000.0,750.0,6500.0,-180500.0,-90.25,-187000.0,-93.5,0.0,-316250.0,-158.125,-40750.0,-360750.0,-180.375,-5.46875,-5.46875,9801.0,9801.0,https://find-and-update.company-information.service.gov.uk/search/companies?q=ValiRx+PLC,https://find-and-update.company-information.service.gov.uk/search/companies?q=ValiRx+PLC,1620599414,18:30:14,20210509
39,2009-01-31,VAL.L,GBP,2009-01-31,2009-01-31,Q1,2000.0,750.0,1250.0,0.625,18250.0,256500.0,0.0,0.0,163500.0,189000.0,750.0,6500.0,-180500.0,-90.25,-187000.0,-93.5,0.0,-316250.0,-158.125,-40750.0,-360750.0,-180.375,-5.46875,-5.46875,9801.0,9801.0,https://find-and-update.company-information.service.gov.uk/search/companies?q=ValiRx+PLC,https://find-and-update.company-information.service.gov.uk/search/companies?q=ValiRx+PLC,1620599414,18:30:14,20210509
40,2008-09-30,VAL.L,GBP,2008-09-30,2008-09-30,Q3,7750.0,0.0,0.0,0.0,36500.0,257500.0,0.0,0.0,91250.0,132500.0,750.0,4750.0,-120000.0,-15.483870967741936,-124750.0,-16.096774193548388,0.0,-472000.0,-60.903225806451616,0.0,-464000.0,-59.87096774193548,-161.328125,-161.328125,2877.0,2877.0,https://find-and-update.company-information.service.gov.uk/search/companies?q=ValiRx+PLC,https://find-and-update.company-information.service.gov.uk/search/companies?q=ValiRx+PLC,1620599414,18:30:14,20210509
41,2008-06-30,VAL.L,GBP,2008-06-30,2008-06-30,Q2,7750.0,0.0,0.0,0.0,36500.0,257500.0,0.0,0.0,91250.0,132500.0,750.0,4750.0,-120000.0,-15.483870967741936,-124750.0,-16.096774193548388,0.0,-472000.0,-60.903225806451616,0.0,-464000.0,-59.87096774193548,-161.328125,-161.328125,2877.0,2877.0,https://find-and-update.company-information.service.gov.uk/search/companies?q=ValiRx+PLC,https://find-and-update.company-information.service.gov.uk/search/companies?q=ValiRx+PLC,1620599414,18:30:14,20210509
42,2008-03-31,VAL.L,GBP,2008-03-31,2008-03-31,Q1,7750.0,0.0,0.0,0.0,36500.0,257500.0,0.0,0.0,91250.0,132500.0,750.0,4750.0,-120000.0,-15.483870967741936,-124750.0,-16.096774193548388,0.0,-472000.0,-60.903225806451616,0.0,-464000.0,-59.87096774193548,-161.328125,-161.328125,2877.0,2877.0,https://find-and-update.company-information.service.gov.uk/search/companies?q=ValiRx+PLC,https://find-and-update.company-information.service.gov.uk/search/companies?q=ValiRx+PLC,1620599414,18:30:14,20210509
43,2008-01-31,VAL.L,GBP,2008-01-31,2008-01-31,Q1,7750.0,0.0,0.0,0.0,36500.0,257500.0,0.0,0.0,91250.0,132500.0,750.0,4750.0,-120000.0,-15.483870967741936,-124750.0,-16.096774193548388,0.0,-472000.0,-60.903225806451616,0.0,-464000.0,-59.87096774193548,-161.328125,-161.328125,2877.0,2877.0,https://find-and-update.company-information.service.gov.uk/search/companies?q=ValiRx+PLC,https://find-and-update.company-information.service.gov.uk/search/companies?q=ValiRx+PLC,1620599414,18:30:14,20210509
44,2007-09-30,VAL.L,GBP,2007-09-30,2007-09-30,Q3,10500.0,0.0,0.0,0.0,39000.0,179000.0,0.0,0.0,63500.0,105250.0,0.0,2750.0,-92000.0,-8.761904761904763,-94750.0,-9.023809523809524,0.0,-322500.0,-30.714285714285715,0.0,-310000.0,-29.523809523809526,-160.546875,-160.546875,1918.0,1918.0,https://find-and-update.company-information.service.gov.uk/search/companies?q=ValiRx+PLC,https://find-and-update.company-information.service.gov.uk/search/companies?q=ValiRx+PLC,1620599414,18:30:14,20210509
45,2007-06-30,VAL.L,GBP,2007-06-30,2007-06-30,Q2,10500.0,0.0,0.0,0.0,39000.0,179000.0,0.0,0.0,63500.0,105250.0,0.0,2750.0,-92000.0,-8.761904761904763,-94750.0,-9.023809523809524,0.0,-322500.0,-30.714285714285715,0.0,-310000.0,-29.523809523809526,-160.546875,-160.546875,1918.0,1918.0,https://find-and-update.company-information.service.gov.uk/search/companies?q=ValiRx+PLC,https://find-and-update.company-information.service.gov.uk/search/companies?q=ValiRx+PLC,1620599414,18:30:14,20210509
46,2007-03-31,VAL.L,GBP,2007-03-31,2007-03-31,Q1,10500.0,0.0,0.0,0.0,39000.0,179000.0,0.0,0.0,63500.0,105250.0,0.0,2750.0,-92000.0,-8.761904761904763,-94750.0,-9.023809523809524,0.0,-322500.0,-30.714285714285715,0.0,-310000.0,-29.523809523809526,-160.546875,-160.546875,1918.0,1918.0,https://find-and-update.company-information.service.gov.uk/search/companies?q=ValiRx+PLC,https://find-and-update.company-information.service.gov.uk/search/companies?q=ValiRx+PLC,1620599414,18:30:14,20210509
47,2007-01-31,VAL.L,GBP,2007-01-31,2007-01-31,Q1,10500.0,0.0,0.0,0.0,39000.0,179000.0,0.0,0.0,63500.0,105250.0,0.0,2750.0,-92000.0,-8.761904761904763,-94750.0,-9.023809523809524,0.0,-322500.0,-30.714285714285715,0.0,-310000.0,-29.523809523809526,-160.546875,-160.546875,1918.0,1918.0,https://find-and-update.company-information.service.gov.uk/search/companies?q=ValiRx+PLC,https://find-and-update.company-information.service.gov.uk/search/companies?q=ValiRx+PLC,1620599414,18:30:14,20210509
48,2006-09-30,VAL.L,GBP,2006-09-30,2006-09-30,Q3,0.0,0.0,0.0,0.0,0.0,0.0,0.0,0.0,15500.0,16000.0,0.0,500.0,-15500.0,0.0,-16000.0,0.0,0.0,-15750.0,0.0,0.0,-15750.0,0.0,-115.8088125,-115.8088125,136.0,136.0,https://find-and-update.company-information.service.gov.uk/search/companies?q=ValiRx+PLC,https://find-and-update.company-information.service.gov.uk/search/companies?q=ValiRx+PLC,1620599414,18:30:14,20210509
49,2006-06-30,VAL.L,GBP,2006-06-30,2006-06-30,Q2,0.0,0.0,0.0,0.0,0.0,0.0,0.0,0.0,15500.0,16000.0,0.0,500.0,-15500.0,0.0,-16000.0,0.0,0.0,-15750.0,0.0,0.0,-15750.0,0.0,-115.8088125,-115.8088125,136.0,136.0,https://find-and-update.company-information.service.gov.uk/search/companies?q=ValiRx+PLC,https://find-and-update.company-information.service.gov.uk/search/companies?q=ValiRx+PLC,1620599414,18:30:14,20210509
50,2006-03-31,VAL.L,GBP,2006-03-31,2006-03-31,Q1,0.0,0.0,0.0,0.0,0.0,0.0,0.0,0.0,15500.0,16000.0,0.0,500.0,-15500.0,0.0,-16000.0,0.0,0.0,-15750.0,0.0,0.0,-15750.0,0.0,-115.8088125,-115.8088125,136.0,136.0,https://find-and-update.company-information.service.gov.uk/search/companies?q=ValiRx+PLC,https://find-and-update.company-information.service.gov.uk/search/companies?q=ValiRx+PLC,1620599414,18:30:14,20210509
51,2006-01-31,VAL.L,GBP,2006-01-31,2006-01-31,Q1,0.0,0.0,0.0,0.0,0.0,0.0,0.0,0.0,15500.0,16000.0,0.0,500.0,-15500.0,0.0,-16000.0,0.0,0.0,-15750.0,0.0,0.0,-15750.0,0.0,-115.8088125,-115.8088125,136.0,136.0,https://find-and-update.company-information.service.gov.uk/search/companies?q=ValiRx+PLC,https://find-and-update.company-information.service.gov.uk/search/companies?q=ValiRx+PLC,1620599414,18:30:14,20210509
52,2005-09-30,VAL.L,GBP,2005-09-30,2005-09-30,Q3,0.0,0.0,0.0,0.0,0.0,33500.0,0.0,0.0,0.0,33500.0,0.0,0.0,-33500.0,0.0,-33500.0,0.0,0.0,-33500.0,0.0,0.0,-33500.0,0.0,-246.32353125,-656.2565625,136.0,136.0,https://find-and-update.company-information.service.gov.uk/search/companies?q=ValiRx+PLC,https://find-and-update.company-information.service.gov.uk/search/companies?q=ValiRx+PLC,1620599414,18:30:14,20210509
53,2005-06-30,VAL.L,GBP,2005-06-30,2005-06-30,Q2,0.0,0.0,0.0,0.0,0.0,33500.0,0.0,0.0,0.0,33500.0,0.0,0.0,-33500.0,0.0,-33500.0,0.0,0.0,-33500.0,0.0,0.0,-33500.0,0.0,-246.32353125,-656.2565625,136.0,136.0,https://find-and-update.company-information.service.gov.uk/search/companies?q=ValiRx+PLC,https://find-and-update.company-information.service.gov.uk/search/companies?q=ValiRx+PLC,1620599414,18:30:14,20210509
54,2005-03-31,VAL.L,GBP,2005-03-31,2005-03-31,Q1,0.0,0.0,0.0,0.0,0.0,33500.0,0.0,0.0,0.0,33500.0,0.0,0.0,-33500.0,0.0,-33500.0,0.0,0.0,-33500.0,0.0,0.0,-33500.0,0.0,-246.32353125,-656.2565625,136.0,136.0,https://find-and-update.company-information.service.gov.uk/search/companies?q=ValiRx+PLC,https://find-and-update.company-information.service.gov.uk/search/companies?q=ValiRx+PLC,1620599414,18:30:14,20210509
55,2005-01-31,VAL.L,GBP,2005-01-31,2005-01-31,Q1,0.0,0.0,0.0,0.0,0.0,33500.0,0.0,0.0,0.0,33500.0,0.0,0.0,-33500.0,0.0,-33500.0,0.0,0.0,-33500.0,0.0,0.0,-33500.0,0.0,-246.32353125,-656.2565625,136.0,136.0,https://find-and-update.company-information.service.gov.uk/search/companies?q=ValiRx+PLC,https://find-and-update.company-information.service.gov.uk/search/companies?q=ValiRx+PLC,1620599414,18:30:14,20210509
56,2004-09-30,VAL.L,GBP,2004-09-30,2004-09-30,Q3,0.0,0.0,0.0,0.0,0.0,86250.0,0.0,0.0,0.0,86250.0,0.0,0.0,-86250.0,0.0,-86250.0,0.0,0.0,-86250.0,0.0,0.0,-86250.0,0.0,-16.12516125,-2015.64515625,5302.0,5302.0,https://find-and-update.company-information.service.gov.uk/search/companies?q=ValiRx+PLC,https://find-and-update.company-information.service.gov.uk/search/companies?q=ValiRx+PLC,1620599414,18:30:14,20210509
57,2004-06-30,VAL.L,GBP,2004-06-30,2004-06-30,Q2,0.0,0.0,0.0,0.0,0.0,86250.0,0.0,0.0,0.0,86250.0,0.0,0.0,-86250.0,0.0,-86250.0,0.0,0.0,-86250.0,0.0,0.0,-86250.0,0.0,-16.12516125,-2015.64515625,5302.0,5302.0,https://find-and-update.company-information.service.gov.uk/search/companies?q=ValiRx+PLC,https://find-and-update.company-information.service.gov.uk/search/companies?q=ValiRx+PLC,1620599414,18:30:14,20210509
58,2004-03-31,VAL.L,GBP,2004-03-31,2004-03-31,Q1,0.0,0.0,0.0,0.0,0.0,86250.0,0.0,0.0,0.0,86250.0,0.0,0.0,-86250.0,0.0,-86250.0,0.0,0.0,-86250.0,0.0,0.0,-86250.0,0.0,-16.12516125,-2015.64515625,5302.0,5302.0,https://find-and-update.company-information.service.gov.uk/search/companies?q=ValiRx+PLC,https://find-and-update.company-information.service.gov.uk/search/companies?q=ValiRx+PLC,1620599414,18:30:14,20210509
59,2004-01-31,VAL.L,GBP,2004-01-31,2004-01-31,Q1,0.0,0.0,0.0,0.0,0.0,86250.0,0.0,0.0,0.0,86250.0,0.0,0.0,-86250.0,0.0,-86250.0,0.0,0.0,-86250.0,0.0,0.0,-86250.0,0.0,-16.12516125,-2015.64515625,5302.0,5302.0,https://find-and-update.company-information.service.gov.uk/search/companies?q=ValiRx+PLC,https://find-and-update.company-information.service.gov.uk/search/companies?q=ValiRx+PLC,1620599414,18:30:14,20210509
60,2003-09-30,VAL.L,GBP,2003-09-30,2003-09-30,Q3,0.0,0.0,0.0,0.0,0.0,21500.0,0.0,0.0,0.0,21500.0,0.0,0.0,-21500.0,0.0,-21500.0,0.0,0.0,-37500.0,0.0,0.0,-37500.0,0.0,-2.3692191053828657,-9703.22203125,15828.0,15828.0,https://find-and-update.company-information.service.gov.uk/search/companies?q=ValiRx+PLC,https://find-and-update.company-information.service.gov.uk/search/companies?q=ValiRx+PLC,1620599414,18:30:14,20210509
61,2003-06-30,VAL.L,GBP,2003-06-30,2003-06-30,Q2,0.0,0.0,0.0,0.0,0.0,21500.0,0.0,0.0,0.0,21500.0,0.0,0.0,-21500.0,0.0,-21500.0,0.0,0.0,-37500.0,0.0,0.0,-37500.0,0.0,-2.3692191053828657,-9703.22203125,15828.0,15828.0,https://find-and-update.company-information.service.gov.uk/search/companies?q=ValiRx+PLC,https://find-and-update.company-information.service.gov.uk/search/companies?q=ValiRx+PLC,1620599414,18:30:14,20210509
62,2003-03-31,VAL.L,GBP,2003-03-31,2003-03-31,Q1,0.0,0.0,0.0,0.0,0.0,21500.0,0.0,0.0,0.0,21500.0,0.0,0.0,-21500.0,0.0,-21500.0,0.0,0.0,-37500.0,0.0,0.0,-37500.0,0.0,-2.3692191053828657,-9703.22203125,15828.0,15828.0,https://find-and-update.company-information.service.gov.uk/search/companies?q=ValiRx+PLC,https://find-and-update.company-information.service.gov.uk/search/companies?q=ValiRx+PLC,1620599414,18:30:14,20210509
63,2003-01-31,VAL.L,GBP,2003-01-31,2003-01-31,Q1,0.0,0.0,0.0,0.0,0.0,21500.0,0.0,0.0,0.0,21500.0,0.0,0.0,-21500.0,0.0,-21500.0,0.0,0.0,-37500.0,0.0,0.0,-37500.0,0.0,-2.3692191053828657,-9703.22203125,15828.0,15828.0,https://find-and-update.company-information.service.gov.uk/search/companies?q=ValiRx+PLC,https://find-and-update.company-information.service.gov.uk/search/companies?q=ValiRx+PLC,1620599414,18:30:14,20210509
64,2002-09-30,VAL.L,GBP,2002-09-30,2002-09-30,Q3,4250.0,0.0,0.0,0.0,0.0,277000.0,0.0,873500.0,0.0,277000.0,0.0,8500.0,-264250.0,-62.1764705882353,-272750.0,-64.17647058823529,0.0,-709250.0,-166.88235294117646,0.0,-714750.0,-168.1764705882353,-45.157316148597424,-546099.211,15828.0,15828.0,https://find-and-update.company-information.service.gov.uk/search/companies?q=ValiRx+PLC,https://find-and-update.company-information.service.gov.uk/search/companies?q=ValiRx+PLC,1620599414,18:30:14,20210509
65,2002-06-30,VAL.L,GBP,2002-06-30,2002-06-30,Q2,4250.0,0.0,0.0,0.0,0.0,277000.0,0.0,873500.0,0.0,277000.0,0.0,8500.0,-264250.0,-62.1764705882353,-272750.0,-64.17647058823529,0.0,-709250.0,-166.88235294117646,0.0,-714750.0,-168.1764705882353,-45.157316148597424,-546099.211,15828.0,15828.0,https://find-and-update.company-information.service.gov.uk/search/companies?q=ValiRx+PLC,https://find-and-update.company-information.service.gov.uk/search/companies?q=ValiRx+PLC,1620599414,18:30:14,20210509
66,2002-03-31,VAL.L,GBP,2002-03-31,2002-03-31,Q1,4250.0,0.0,0.0,0.0,0.0,277000.0,0.0,873500.0,0.0,277000.0,0.0,8500.0,-264250.0,-62.1764705882353,-272750.0,-64.17647058823529,0.0,-709250.0,-166.88235294117646,0.0,-714750.0,-168.1764705882353,-45.157316148597424,-546099.211,15828.0,15828.0,https://find-and-update.company-information.service.gov.uk/search/companies?q=ValiRx+PLC,https://find-and-update.company-information.service.gov.uk/search/companies?q=ValiRx+PLC,1620599414,18:30:14,20210509
67,2002-01-31,VAL.L,GBP,2002-01-31,2002-01-31,Q1,4250.0,0.0,0.0,0.0,0.0,277000.0,0.0,873500.0,0.0,277000.0,0.0,8500.0,-264250.0,-62.1764705882353,-272750.0,-64.17647058823529,0.0,-709250.0,-166.88235294117646,0.0,-714750.0,-168.1764705882353,-45.157316148597424,-546099.211,15828.0,15828.0,https://find-and-update.company-information.service.gov.uk/search/companies?q=ValiRx+PLC,https://find-and-update.company-information.service.gov.uk/search/companies?q=ValiRx+PLC,1620599414,18:30:14,20210509
68,2001-09-30,VAL.L,GBP,2001-09-30,2001-09-30,Q3,247750.0,95000.0,152750.0,0.6165489404641776,0.0,891750.0,0.0,1329500.0,0.0,986750.0,0.0,220250.0,-518750.0,-2.0938446014127146,-739000.0,-2.98284561049445,0.0,-1376000.0,-5.5539858728557014,0.0,-1369750.0,-5.528758829465187,-86.53967652261815,-32273760.23759375,15828.0,15828.0,https://find-and-update.company-information.service.gov.uk/search/companies?q=ValiRx+PLC,https://find-and-update.company-information.service.gov.uk/search/companies?q=ValiRx+PLC,1620599414,18:30:14,20210509
69,2001-06-30,VAL.L,GBP,2001-06-30,2001-06-30,Q2,247750.0,95000.0,152750.0,0.6165489404641776,0.0,891750.0,0.0,1329500.0,0.0,986750.0,0.0,220250.0,-518750.0,-2.0938446014127146,-739000.0,-2.98284561049445,0.0,-1376000.0,-5.5539858728557014,0.0,-1369750.0,-5.528758829465187,-86.53967652261815,-32273760.23759375,15828.0,15828.0,https://find-and-update.company-information.service.gov.uk/search/companies?q=ValiRx+PLC,https://find-and-update.company-information.service.gov.uk/search/companies?q=ValiRx+PLC,1620599414,18:30:14,20210509
70,2001-03-31,VAL.L,GBP,2001-03-31,2001-03-31,Q1,247750.0,95000.0,152750.0,0.6165489404641776,0.0,891750.0,0.0,1329500.0,0.0,986750.0,0.0,220250.0,-518750.0,-2.0938446014127146,-739000.0,-2.98284561049445,0.0,-1376000.0,-5.5539858728557014,0.0,-1369750.0,-5.528758829465187,-86.53967652261815,-32273760.23759375,15828.0,15828.0,https://find-and-update.company-information.service.gov.uk/search/companies?q=ValiRx+PLC,https://find-and-update.company-information.service.gov.uk/search/companies?q=ValiRx+PLC,1620599414,18:30:14,20210509
71,2001-01-31,VAL.L,GBP,2001-01-31,2001-01-31,Q1,247750.0,95000.0,152750.0,0.6165489404641776,0.0,891750.0,0.0,1329500.0,0.0,986750.0,0.0,220250.0,-518750.0,-2.0938446014127146,-739000.0,-2.98284561049445,0.0,-1376000.0,-5.5539858728557014,0.0,-1369750.0,-5.528758829465187,-86.53967652261815,-32273760.23759375,15828.0,15828.0,https://find-and-update.company-information.service.gov.uk/search/companies?q=ValiRx+PLC,https://find-and-update.company-information.service.gov.uk/search/companies?q=ValiRx+PLC,1620599414,18:30:14,20210509
