,date,symbol,reportedCurrency,fillingDate,acceptedDate,period,revenue,costOfRevenue,grossProfit,grossProfitRatio,researchAndDevelopmentExpenses,generalAndAdministrativeExpenses,sellingAndMarketingExpenses,otherExpenses,operatingExpenses,costAndExpenses,interestExpense,depreciationAndAmortization,ebitda,ebitdaratio,operatingIncome,operatingIncomeRatio,totalOtherIncomeExpensesNet,incomeBeforeTax,incomeBeforeTaxRatio,incomeTaxExpense,netIncome,netIncomeRatio,eps,epsdiluted,weightedAverageShsOut,weightedAverageShsOutDil,link,finalLink,timestamp,est_time,est_date
0,2020-12-31,CLDB,USD,2021-03-17,2021-03-17 16:15:23,Q4,8529000.0,0.0,0.0,0.0,0.0,3119000.0,58000.0,0.0,0.0,0.0,712000.0,807000.0,0.0,0.0,0.0,0.39090162973384923,0.0,3334000.0,0.39090162973384923,536000.0,2798000.0,0.32805721655528197,0.6600277032356926,0.6600277032356926,4239216.0,4239216.0,https://www.sec.gov/Archives/edgar/data/774569/000143774921006324/0001437749-21-006324-index.htm,https://www.sec.gov/Archives/edgar/data/774569/000143774921006324/cldb20201002_10k.htm,1620590350,15:59:10,20210509
1,2020-09-30,CLDB,USD,2020-11-05,2020-11-05 10:25:29,Q3,7768000.0,0.0,7768000.0,1.0,0.0,2707000.0,64000.0,841.0,6000000.0,905.0,868000.0,720000.0,722522.0,0.09301261585993821,2522.0,0.00032466529351184343,14.0,2522000.0,0.3246652935118435,360000.0,2162000.0,0.27832131822863027,0.51,0.51,4239216.0,4239216.0,https://www.sec.gov/Archives/edgar/data/774569/000143774920022682/0001437749-20-022682-index.htm,https://www.sec.gov/Archives/edgar/data/774569/000143774920022682/cldb20200930_10q.htm,1620590350,15:59:10,20210509
2,2020-06-30,CLDB,USD,2020-08-10,2020-08-10 12:55:05,Q2,7329000.0,0.0,0.0,0.0,0.0,2579000.0,35000.0,0.0,6000000.0,0.0,1004000.0,631000.0,0.0,0.0,0.0,0.31395824805566924,0.0,2301000.0,0.31395824805566924,369000.0,1932000.0,0.2636103151862464,0.47,0.47,4223000.0,4223000.0,https://www.sec.gov/Archives/edgar/data/774569/000143774920017259/0001437749-20-017259-index.htm,https://www.sec.gov/Archives/edgar/data/774569/000143774920017259/cldb20200608_10q.htm,1620590350,15:59:10,20210509
3,2020-03-31,CLDB,USD,2020-05-14,2020-05-14 10:55:50,Q1,7157000.0,0.0,0.0,0.0,0.0,2844000.0,57000.0,0.0,7000000.0,0.0,1225000.0,595000.0,0.0,0.0,0.0,0.22034371943551767,0.0,1577000.0,0.22034371943551767,206000.0,1371000.0,0.19156070979460668,0.32,0.32,4228000.0,4228000.0,https://www.sec.gov/Archives/edgar/data/774569/000156459020025317/0001564590-20-025317-index.htm,https://www.sec.gov/Archives/edgar/data/774569/000156459020008875/cldb-10k_20191231.htm,1620590350,15:59:10,20210509
4,2019-12-31,CLDB,USD,2020-03-05,2020-03-05 12:33:19,Q4,7380000.0,0.0,0.0,0.0,0.0,2780000.0,112000.0,0.0,6000000.0,0.0,1387000.0,587000.0,0.0,0.0,0.0,0.3112466124661247,0.0,2297000.0,0.3112466124661247,393000.0,1904000.0,0.25799457994579944,0.44,0.44,4324000.0,4324000.0,https://www.sec.gov/Archives/edgar/data/774569/000156459020008875/0001564590-20-008875-index.htm,https://www.sec.gov/Archives/edgar/data/774569/000156459020008875/cldb-10k_20191231.htm,1620590350,15:59:10,20210509
5,2019-09-30,CLDB,USD,2019-11-07,2019-11-07 12:33:02,Q3,7249000.0,0.0,0.0,0.0,0.0,2686000.0,78000.0,0.0,6000000.0,0.0,1402000.0,573000.0,0.0,0.0,0.0,0.3183887432749345,0.0,2308000.0,0.3183887432749345,363000.0,1945000.0,0.26831287074079185,0.45,0.45,4379000.0,4379000.0,https://www.sec.gov/Archives/edgar/data/774569/000156459019041503/0001564590-19-041503-index.htm,https://www.sec.gov/Archives/edgar/data/774569/000156459019041503/cldb-10q_20190930.htm,1620590350,15:59:10,20210509
6,2019-06-30,CLDB,USD,2019-08-08,2019-08-08 11:15:34,Q2,7054000.0,0.0,0.0,0.0,0.0,3230000.0,103000.0,0.0,7000000.0,0.0,1399000.0,551000.0,0.0,0.0,0.0,0.21760703147150554,0.0,1535000.0,0.21760703147150554,207000.0,1328000.0,0.1882619790189963,0.3,0.3,4379000.0,4379000.0,https://www.sec.gov/Archives/edgar/data/774569/000156459019030505/0001564590-19-030505-index.htm,https://www.sec.gov/Archives/edgar/data/774569/000156459019030505/cldb-10q_20190630.htm,1620590350,15:59:10,20210509
7,2019-03-31,CLDB,USD,2019-05-09,2019-05-09 11:44:52,Q1,7428000.0,0.0,0.0,0.0,0.0,2842000.0,95000.0,0.0,6000000.0,0.0,1366000.0,532000.0,0.0,0.0,0.0,0.33669897684437267,0.0,2501000.0,0.33669897684437267,396000.0,2105000.0,0.28338718362951,0.49,0.49,4295918.0,4295918.0,https://www.sec.gov/Archives/edgar/data/774569/000156459019017710/0001564590-19-017710-index.htm,https://www.sec.gov/Archives/edgar/data/774569/000156459019006746/cldb-10k_20181231.htm,1620590350,15:59:10,20210509
8,2018-12-31,CLDB,USD,2019-03-07,2019-03-07 15:38:27,Q4,7208000.0,0.0,0.0,0.0,0.0,2712000.0,83000.0,0.0,6000000.0,0.0,1236000.0,515000.0,0.0,0.0,0.0,0.34544950055493895,0.0,2490000.0,0.34544950055493895,466000.0,2024000.0,0.2807991120976693,0.48,0.48,4216667.0,4216667.0,https://www.sec.gov/Archives/edgar/data/774569/000156459019006746/0001564590-19-006746-index.htm,https://www.sec.gov/Archives/edgar/data/774569/000156459019006746/cldb-10k_20181231.htm,1620590350,15:59:10,20210509
9,2018-09-30,CLDB,USD,2018-11-08,2018-11-08 14:59:13,Q3,6962000.0,0.0,0.0,0.0,0.0,2692000.0,76000.0,0.0,6000000.0,0.0,1148000.0,585000.0,0.0,0.0,0.0,0.338695777075553,0.0,2358000.0,0.338695777075553,386000.0,1972000.0,0.28325193909796037,0.46,0.46,4286957.0,4286957.0,https://www.sec.gov/Archives/edgar/data/774569/000156459018028459/0001564590-18-028459-index.htm,https://www.sec.gov/Archives/edgar/data/774569/000156459018028459/cldb-10q_20180930.htm,1620590350,15:59:10,20210509
10,2018-06-30,CLDB,USD,2018-08-09,2018-08-09 14:06:30,Q2,8284000.0,0.0,0.0,0.0,0.0,2725000.0,89000.0,0.0,6000000.0,0.0,1020000.0,565000.0,0.0,0.0,0.0,0.4374698213423467,0.0,3624000.0,0.4374698213423467,322000.0,3302000.0,0.39859971028488655,0.75,0.75,4402667.0,4402667.0,https://www.sec.gov/Archives/edgar/data/774569/000156459018020911/0001564590-18-020911-index.htm,https://www.sec.gov/Archives/edgar/data/774569/000156459018020911/cldb-10q_20180630.htm,1620590350,15:59:10,20210509
11,2018-03-31,CLDB,USD,2018-05-10,2018-05-10 15:25:39,Q1,6604000.0,0.0,0.0,0.0,0.0,2557000.0,74000.0,0.0,6000000.0,0.0,979000.0,650000.0,0.0,0.0,0.0,0.2692307692307692,0.0,1778000.0,0.2692307692307692,241000.0,1537000.0,0.23273773470623865,0.35,0.35,4410000.0,4410000.0,https://www.sec.gov/Archives/edgar/data/774569/000156459018012900/0001564590-18-012900-index.htm,https://www.sec.gov/Archives/edgar/data/774569/000156459018006552/cldb-10k_20171231.htm,1620590350,15:59:10,20210509
12,2017-12-31,CLDB,USD,2018-03-22,2018-03-22 14:53:28,Q4,6228000.0,0.0,0.0,0.0,0.0,2701000.0,96000.0,0.0,5000000.0,0.0,848000.0,678000.0,0.0,0.0,0.0,0.26091843288375083,0.0,1625000.0,0.26091843288375083,1604000.0,21000.0,0.003371868978805395,0.01,0.01,4420000.0,4420000.0,https://www.sec.gov/Archives/edgar/data/774569/000156459018006552/0001564590-18-006552-index.htm,https://www.sec.gov/Archives/edgar/data/774569/000156459018006552/cldb-10k_20171231.htm,1620590350,15:59:10,20210509
13,2017-09-30,CLDB,USD,2017-11-09,2017-11-09 10:58:05,Q3,7249000.0,0.0,0.0,0.0,0.0,2787000.0,122000.0,0.0,6000000.0,0.0,800000.0,693000.0,0.0,0.0,0.0,0.3426679542005794,0.0,2484000.0,0.3426679542005794,337000.0,2147000.0,0.2961787832804525,0.49,0.49,4423000.0,4423000.0,https://www.sec.gov/Archives/edgar/data/774569/000156459017023041/0001564590-17-023041-index.htm,https://www.sec.gov/Archives/edgar/data/774569/000156459017023041/cldb-10q_20170930.htm,1620590350,15:59:10,20210509
14,2017-06-30,CLDB,USD,2017-08-10,2017-08-10 15:01:41,Q2,6154000.0,0.0,0.0,0.0,0.0,2737000.0,158000.0,0.0,5000000.0,0.0,783000.0,665000.0,0.0,0.0,0.0,0.23854403639909003,0.0,1468000.0,0.23854403639909003,286000.0,1182000.0,0.19207019824504387,0.26,0.26,4433000.0,4433000.0,https://www.sec.gov/Archives/edgar/data/774569/000156459017017213/0001564590-17-017213-index.htm,https://www.sec.gov/Archives/edgar/data/774569/000156459017017213/cldb-10q_20170630.htm,1620590350,15:59:10,20210509
15,2017-03-31,CLDB,USD,2017-05-11,2017-05-11 15:35:30,Q1,5837000.0,0.0,0.0,0.0,0.0,2856000.0,102000.0,0.0,5000000.0,0.0,759000.0,699000.0,0.0,0.0,0.0,0.2038718519787562,0.0,1190000.0,0.2038718519787562,190000.0,1000000.0,0.1713208840157615,0.23,0.23,4435000.0,4435000.0,https://www.sec.gov/Archives/edgar/data/774569/000156459017010507/0001564590-17-010507-index.htm,https://www.sec.gov/Archives/edgar/data/774569/000156459017005125/cldb-10k_20161231.htm,1620590350,15:59:10,20210509
16,2016-12-31,CLDB,USD,2017-03-23,2017-03-23 15:21:36,Q4,5903000.0,0.0,0.0,0.0,0.0,2824000.0,125000.0,0.0,5000000.0,0.0,764000.0,764000.0,0.0,0.0,0.0,0.23953921734711164,0.0,1414000.0,0.23953921734711164,273000.0,1141000.0,0.19329154667118414,0.26,0.26,4420000.0,4420000.0,https://www.sec.gov/Archives/edgar/data/774569/000156459017005125/0001564590-17-005125-index.htm,https://www.sec.gov/Archives/edgar/data/774569/000156459017005125/cldb-10k_20161231.htm,1620590350,15:59:10,20210509
17,2016-09-30,CLDB,USD,2016-11-10,2016-11-10 13:10:57,Q3,6037000.0,0.0,0.0,0.0,0.0,2687000.0,130000.0,0.0,5000000.0,0.0,743000.0,721000.0,0.0,0.0,0.0,0.2497929435149909,0.0,1508000.0,0.2497929435149909,313000.0,1195000.0,0.19794599966870963,0.2711858560350313,0.2710961586014614,4406572.0,4408030.0,https://www.sec.gov/Archives/edgar/data/774569/000156459016028857/0001564590-16-028857-index.htm,https://www.sec.gov/Archives/edgar/data/774569/000156459016028857/cldb-10q_20160930.htm,1620590350,15:59:10,20210509
18,2016-06-30,CLDB,USD,2016-08-10,2016-08-10 15:45:33,Q2,6186000.0,0.0,0.0,0.0,0.0,2680000.0,151000.0,0.0,5000000.0,0.0,719000.0,701000.0,0.0,0.0,0.0,0.2347235693501455,0.0,1452000.0,0.2347235693501455,279000.0,1173000.0,0.18962172647914646,0.27,0.27,4407000.0,4407000.0,https://www.sec.gov/Archives/edgar/data/774569/000156459016023892/0001564590-16-023892-index.htm,https://www.sec.gov/Archives/edgar/data/774569/000156459016023892/cldb-10q_20160630.htm,1620590350,15:59:10,20210509
19,2016-03-31,CLDB,USD,2016-05-11,2016-05-11 16:00:35,Q1,6108000.0,0.0,0.0,0.0,0.0,2479000.0,121000.0,0.0,5000000.0,0.0,692000.0,584000.0,0.0,0.0,0.0,0.26588081204977076,0.0,1624000.0,0.26588081204977076,262000.0,1362000.0,0.22298624754420432,0.31,0.31,4405000.0,4405000.0,https://www.sec.gov/Archives/edgar/data/774569/000156459016019095/0001564590-16-019095-index.htm,https://www.sec.gov/Archives/edgar/data/774569/000156459016015228/cldb-10k_20151231.htm,1620590350,15:59:10,20210509
20,2015-12-31,CLDB,USD,2016-03-24,2016-03-24 15:19:35,Q4,5666000.0,0.0,0.0,0.0,0.0,2834000.0,0.0,0.0,5000000.0,0.0,679000.0,630000.0,0.0,0.0,0.0,0.24867631486057185,0.0,1409000.0,0.24867631486057185,323000.0,1086000.0,0.19166960818919873,0.24,0.24,4405000.0,4405000.0,https://www.sec.gov/Archives/edgar/data/774569/000156459016015228/0001564590-16-015228-index.htm,https://www.sec.gov/Archives/edgar/data/774569/000156459016015228/cldb-10k_20151231.htm,1620590350,15:59:10,20210509
21,2015-09-30,CLDB,USD,2015-11-12,2015-11-12 15:31:25,Q3,5692000.0,0.0,0.0,0.0,0.0,2233000.0,0.0,0.0,5000000.0,0.0,649000.0,644000.0,0.0,0.0,0.0,0.2814476458186929,0.0,1602000.0,0.2814476458186929,375000.0,1227000.0,0.21556570625439214,0.27,0.27,4463000.0,4463000.0,https://www.sec.gov/Archives/edgar/data/774569/000156459015010559/0001564590-15-010559-index.htm,https://www.sec.gov/Archives/edgar/data/774569/000156459015010559/cldb-10q_20150930.htm,1620590350,15:59:10,20210509
22,2015-06-30,CLDB,USD,2015-08-11,2015-08-11 16:02:58,Q2,5433000.0,0.0,0.0,0.0,0.0,2471000.0,0.0,0.0,5000000.0,0.0,631000.0,668000.0,0.0,0.0,0.0,0.20541137493097736,0.0,1116000.0,0.20541137493097736,200000.0,916000.0,0.16859930057058714,0.21,0.21,4518000.0,4518000.0,https://www.sec.gov/Archives/edgar/data/774569/000156459015006993/0001564590-15-006993-index.htm,https://www.sec.gov/Archives/edgar/data/774569/000156459015006993/cldb-10q_20150630.htm,1620590350,15:59:10,20210509
23,2015-03-31,CLDB,USD,2015-05-13,2015-05-13 12:16:28,Q1,5624000.0,0.0,0.0,0.0,0.0,2531000.0,0.0,0.0,5000000.0,0.0,648000.0,592000.0,0.0,0.0,0.0,0.26137980085348506,0.0,1470000.0,0.26137980085348506,321000.0,1149000.0,0.20430298719772405,0.25,0.25,4528000.0,4528000.0,https://www.sec.gov/Archives/edgar/data/774569/000156459015004148/0001564590-15-004148-index.htm,https://www.sec.gov/Archives/edgar/data/774569/000156459015001931/cldb-10k_20141231.htm,1620590350,15:59:10,20210509
24,2014-12-31,CLDB,USD,2015-03-24,2015-03-24 15:44:23,Q4,5829000.0,0.0,0.0,0.0,0.0,2421000.0,0.0,0.0,6000000.0,0.0,688000.0,624000.0,0.0,0.0,0.0,0.09675759135357695,0.0,564000.0,0.09675759135357695,21000.0,543000.0,0.09315491507977354,0.12,0.12,4528000.0,4528000.0,https://www.sec.gov/Archives/edgar/data/774569/000156459015001931/0001564590-15-001931-index.htm,https://www.sec.gov/Archives/edgar/data/774569/000156459015001931/cldb-10k_20141231.htm,1620590350,15:59:10,20210509
25,2014-09-30,CLDB,USD,2014-11-12,2014-11-12 16:14:30,Q3,5211000.0,0.0,0.0,0.0,0.0,2377000.0,0.0,0.0,5000000.0,0.0,726000.0,631000.0,0.0,0.0,0.0,0.2247169449241988,0.0,1171000.0,0.2247169449241988,216000.0,955000.0,0.18326616772212628,0.21,0.21,4528000.0,4528000.0,https://www.sec.gov/Archives/edgar/data/774569/000156459014005529/0001564590-14-005529-index.htm,https://www.sec.gov/Archives/edgar/data/774569/000156459014005529/cldb-10q_20140930.htm,1620590350,15:59:10,20210509
26,2014-06-30,CLDB,USD,2014-08-12,2014-08-12 13:58:03,Q2,5344000.0,0.0,0.0,0.0,0.0,2389000.0,0.0,0.0,5000000.0,0.0,726000.0,635000.0,0.0,0.0,0.0,0.2404565868263473,0.0,1285000.0,0.2404565868263473,246000.0,1039000.0,0.1944236526946108,0.23,0.23,4528000.0,4528000.0,https://www.sec.gov/Archives/edgar/data/774569/000156459014003540/0001564590-14-003540-index.htm,https://www.sec.gov/Archives/edgar/data/774569/000156459014003540/cldb-10q_20140630.htm,1620590350,15:59:10,20210509
27,2014-03-31,CLDB,USD,2014-05-14,2014-05-14 12:56:02,Q1,5524000.0,0.0,0.0,0.0,0.0,2269000.0,0.0,0.0,5000000.0,0.0,744000.0,575000.0,0.0,0.0,0.0,0.3169804489500362,0.0,1751000.0,0.3169804489500362,419000.0,1332000.0,0.24112961622013035,0.29,0.29,4593103.0,4593103.0,https://www.sec.gov/Archives/edgar/data/774569/000156459014002146/0001564590-14-002146-index.htm,https://www.sec.gov/Archives/edgar/data/774569/000156459014001079/cldb-10k_20131231.htm,1620590350,15:59:10,20210509
28,2013-12-31,CLDB,USD,2014-03-28,2014-03-28 14:27:50,Q4,3230000.0,0.0,0.0,0.0,0.0,2314000.0,0.0,0.0,5000000.0,0.0,792000.0,635000.0,0.0,0.0,0.0,-0.28637770897832815,0.0,-925000.0,-0.28637770897832815,-463000.0,-462000.0,-0.14303405572755418,-0.11,-0.11,4200000.0,4200000.0,https://www.sec.gov/Archives/edgar/data/774569/000156459014001079/0001564590-14-001079-index.htm,https://www.sec.gov/Archives/edgar/data/774569/000156459014001079/cldb-10k_20131231.htm,1620590350,15:59:10,20210509
29,2013-09-30,CLDB,USD,2013-11-13,2013-11-13 16:25:33,Q3,5388000.0,0.0,0.0,0.0,0.0,2700000.0,0.0,0.0,5000000.0,0.0,843000.0,824000.0,0.0,0.0,0.0,0.13530066815144767,0.0,729000.0,0.13530066815144767,112000.0,617000.0,0.11451373422420193,0.14,0.14,4407143.0,4407143.0,https://www.sec.gov/Archives/edgar/data/774569/000156459013001314/0001564590-13-001314-index.htm,https://www.sec.gov/Archives/edgar/data/774569/000156459013001314/cldb-10q_20131001.htm,1620590350,15:59:10,20210509
30,2013-06-30,CLDB,USD,2013-08-13,2013-08-13 17:22:37,Q2,5496000.0,0.0,0.0,0.0,0.0,2655000.0,0.0,0.0,5000000.0,0.0,858000.0,841000.0,0.0,0.0,0.0,0.18249636098981079,0.0,1003000.0,0.18249636098981079,204000.0,799000.0,0.14537845705967978,0.18,0.18,4438889.0,4438889.0,https://www.sec.gov/Archives/edgar/data/774569/000156459013000335/0001564590-13-000335-index.htm,https://www.sec.gov/Archives/edgar/data/774569/000156459013000335/cldb-10q_20130630.htm,1620590350,15:59:10,20210509
31,2013-03-31,CLDB,USD,2013-05-15,2013-05-14 20:22:12,Q1,5440000.0,0.0,0.0,0.0,0.0,2566000.0,0.0,0.0,5000000.0,0.0,911000.0,921000.0,0.0,0.0,0.0,0.1957720588235294,0.0,1065000.0,0.1957720588235294,235000.0,830000.0,0.15257352941176472,0.18,0.18,4611111.0,4611111.0,https://www.sec.gov/Archives/edgar/data/774569/000156459013000028/0001564590-13-000028-index.htm,https://www.sec.gov/Archives/edgar/data/774569/000119312513134262/d444283d10k.htm,1620590350,15:59:10,20210509
32,2012-12-31,CLDB,USD,2013-03-29,2013-03-29 13:34:20,Q4,5263000.0,0.0,0.0,0.0,0.0,2498000.0,0.0,0.0,7000000.0,0.0,968000.0,819000.0,0.0,0.0,0.0,-0.17841535246057383,0.0,-939000.0,-0.17841535246057383,-475000.0,-464000.0,-0.08816264487934639,0.17,0.17,4723529.0,4723529.0,https://www.sec.gov/Archives/edgar/data/774569/000119312513134262/0001193125-13-134262-index.htm,https://www.sec.gov/Archives/edgar/data/774569/000119312513134262/d444283d10k.htm,1620590350,15:59:10,20210509
33,2012-09-30,CLDB,USD,2012-11-13,2012-11-13 16:12:23,Q3,5836000.0,0.0,0.0,0.0,0.0,2284000.0,0.0,0.0,5000000.0,0.0,1012000.0,798000.0,0.0,0.0,0.0,0.2892392049348869,0.0,1688000.0,0.2892392049348869,422000.0,1266000.0,0.21692940370116517,0.28,0.28,4521429.0,4521429.0,https://www.sec.gov/Archives/edgar/data/774569/000119312512467402/0001193125-12-467402-index.htm,https://www.sec.gov/Archives/edgar/data/774569/000119312512467402/d398702d10q.htm,1620590350,15:59:10,20210509
34,2012-06-30,CLDB,USD,2012-08-13,2012-08-13 12:08:17,Q2,5228000.0,0.0,0.0,0.0,0.0,2142000.0,0.0,0.0,5000000.0,0.0,1027000.0,752000.0,0.0,0.0,0.0,0.23029839326702373,0.0,1204000.0,0.23029839326702373,252000.0,952000.0,0.1820964039785769,0.21,0.21,4533333.0,4533333.0,https://www.sec.gov/Archives/edgar/data/774569/000119312512351644/0001193125-12-351644-index.htm,https://www.sec.gov/Archives/edgar/data/774569/000119312512351644/d334152d10q.htm,1620590350,15:59:10,20210509
35,2012-03-31,CLDB,USD,2012-05-14,2012-05-14 17:25:05,Q1,4936000.0,0.0,0.0,0.0,0.0,2079000.0,0.0,0.0,5000000.0,0.0,1064000.0,691000.0,0.0,0.0,0.0,0.16247974068071314,0.0,802000.0,0.16247974068071314,-357000.0,1159000.0,0.23480551053484602,0.26,0.26,4525530.0,4525530.0,https://www.sec.gov/Archives/edgar/data/774569/000119312512231719/0001193125-12-231719-index.htm,https://www.sec.gov/Archives/edgar/data/774569/000119312512140180/d304243d10k.htm,1620590350,15:59:10,20210509
36,2011-12-31,CLDB,USD,2012-03-29,2012-03-29 17:27:06,Q4,5076000.0,0.0,0.0,0.0,0.0,2645000.0,0.0,0.0,5000000.0,0.0,1118000.0,705000.0,0.0,0.0,0.0,0.2052797478329393,0.0,1042000.0,0.2052797478329393,214000.0,828000.0,0.16312056737588654,0.18296199561156373,0.18296199561156373,4525530.0,4525530.0,https://www.sec.gov/Archives/edgar/data/774569/000119312512140180/0001193125-12-140180-index.htm,https://www.sec.gov/Archives/edgar/data/774569/000119312512140180/d304243d10k.htm,1620590350,15:59:10,20210509
37,2011-09-30,CLDB,USD,2011-11-14,2011-11-14 16:26:16,Q3,4987000.0,0.0,0.0,0.0,0.0,2071000.0,0.0,0.0,5000000.0,0.0,1158000.0,607000.0,0.0,0.0,0.0,0.2751152997794265,0.0,1372000.0,0.2751152997794265,318000.0,1054000.0,0.21134950872267896,0.24,0.24,4525537.0,4525537.0,https://www.sec.gov/Archives/edgar/data/774569/000095012311098516/0000950123-11-098516-index.htm,https://www.sec.gov/Archives/edgar/data/774569/000095012311098516/c23633e10vq.htm,1620590350,15:59:10,20210509
38,2011-06-30,CLDB,USD,2011-08-15,2011-08-15 16:20:18,Q2,5475000.0,0.0,0.0,0.0,0.0,2152000.0,0.0,0.0,5000000.0,0.0,1203000.0,533000.0,0.0,0.0,0.0,0.32511415525114157,0.0,1780000.0,0.32511415525114157,459000.0,1321000.0,0.24127853881278538,0.29,0.29,4525540.0,4525540.0,https://www.sec.gov/Archives/edgar/data/774569/000095012311077585/0000950123-11-077585-index.htm,https://www.sec.gov/Archives/edgar/data/774569/000095012311077585/c20111e10vq.htm,1620590350,15:59:10,20210509
39,2011-03-31,CLDB,USD,2011-05-16,2011-05-16 17:07:17,Q1,4802000.0,0.0,0.0,0.0,0.0,2310000.0,0.0,202000.0,5000000.0,0.0,1253000.0,566000.0,0.0,0.0,0.0,0.2230320699708455,0.0,1071000.0,0.2230320699708455,202000.0,869000.0,0.18096626405664307,0.19,0.19,4525542.0,4525542.0,https://www.sec.gov/Archives/edgar/data/774569/000095012311050884/0000950123-11-050884-index.htm,https://www.sec.gov/Archives/edgar/data/774569/000095012311031447/l42231e10vk.htm,1620590350,15:59:10,20210509
40,2010-12-31,CLDB,USD,2011-03-31,2011-03-31 15:37:43,Q4,4775000.0,0.0,0.0,0.0,0.0,2345000.0,0.0,91000.0,5000000.0,0.0,1416000.0,599000.0,0.0,0.0,0.0,0.27204188481675395,0.0,1299000.0,0.27204188481675395,263000.0,1036000.0,0.21696335078534032,0.22892285609104943,0.22892285609104943,4525542.0,4525542.0,https://www.sec.gov/Archives/edgar/data/774569/000095012311031447/0000950123-11-031447-index.htm,https://www.sec.gov/Archives/edgar/data/774569/000095012311031447/l42231e10vk.htm,1620590350,15:59:10,20210509
41,2010-09-30,CLDB,USD,2010-11-15,2010-11-15 15:56:54,Q3,4556000.0,0.0,0.0,0.0,0.0,2231000.0,0.0,1464000.0,5000000.0,0.0,1567000.0,487000.0,0.0,0.0,0.0,-0.04938542581211589,0.0,-225000.0,-0.04938542581211589,-242000.0,17000.0,0.0037313432835820895,0.003756454472655663,0.003756454472655663,4525544.0,4525544.0,https://www.sec.gov/Archives/edgar/data/774569/000095012310105630/0000950123-10-105630-index.htm,https://www.sec.gov/Archives/edgar/data/774569/000095012310105630/c08310e10vq.htm,1620590350,15:59:10,20210509
42,2010-06-30,CLDB,USD,2010-08-16,2010-08-16 15:42:41,Q2,5722000.0,0.0,0.0,0.0,0.0,2181000.0,0.0,613000.0,5000000.0,0.0,1624000.0,409000.0,0.0,0.0,0.0,0.31090527787486893,0.0,1779000.0,0.31090527787486893,455000.0,1324000.0,0.23138762670394966,0.29,0.29,4525546.0,4525546.0,https://www.sec.gov/Archives/edgar/data/774569/000095012310077958/0000950123-10-077958-index.htm,https://www.sec.gov/Archives/edgar/data/774569/000095012310077958/c04928e10vq.htm,1620590350,15:59:10,20210509
43,2010-03-31,CLDB,USD,2010-05-17,2010-05-17 15:35:22,Q1,4497000.0,0.0,0.0,0.0,0.0,1789000.0,0.0,544000.0,5000000.0,0.0,1760000.0,312000.0,0.0,0.0,0.0,0.23104291750055592,0.0,1039000.0,0.23104291750055592,145000.0,894000.0,0.19879919946631086,0.2,0.2,4470000.0,4470000.0,https://www.sec.gov/Archives/edgar/data/774569/000095012310050334/0000950123-10-050334-index.htm,https://www.sec.gov/Archives/edgar/data/774569/000095012310030841/l39007e10vk.htm,1620590350,15:59:10,20210509
44,2009-12-31,CLDB,USD,2010-03-31,2010-03-31 16:18:25,Q4,4584000.0,0.0,0.0,0.0,0.0,2633000.0,0.0,330000.0,5000000.0,0.0,1973000.0,291000.0,0.0,0.0,0.0,0.16055846422338568,0.0,736000.0,0.16055846422338568,93000.0,643000.0,0.14027050610820244,0.14384787472035795,0.14384787472035795,4470000.0,4470000.0,https://www.sec.gov/Archives/edgar/data/774569/000095012310030841/0000950123-10-030841-index.htm,https://www.sec.gov/Archives/edgar/data/774569/000095012310030841/l39007e10vk.htm,1620590350,15:59:10,20210509
45,2009-09-30,CLDB,USD,2009-11-09,2009-11-09 17:19:36,Q3,4317000.0,0.0,0.0,0.0,0.0,2390000.0,0.0,2532000.0,6000000.0,0.0,2248000.0,165000.0,0.0,0.0,0.0,-0.39819318971507994,0.0,-1719000.0,-0.39819318971507994,-736000.0,-983000.0,-0.2277044243687746,-0.22,-0.22,4525551.0,4525551.0,https://www.sec.gov/Archives/edgar/data/774569/000095012309060312/0000950123-09-060312-index.htm,https://www.sec.gov/Archives/edgar/data/774569/000095012309060312/c92212e10vq.htm,1620590350,15:59:10,20210509
46,2009-06-30,CLDB,USD,2009-08-10,2009-08-10 17:27:30,Q2,4386000.0,0.0,0.0,0.0,0.0,2568000.0,0.0,7912000.0,6000000.0,0.0,2432000.0,175000.0,0.0,0.0,0.0,-1.6297309621523028,0.0,-7148000.0,-1.6297309621523028,-2550000.0,-4598000.0,-1.0483356133150934,-1.01,-1.01,4525636.0,4525636.0,https://www.sec.gov/Archives/edgar/data/774569/000095012309033085/0000950123-09-033085-index.htm,https://www.sec.gov/Archives/edgar/data/774569/000095012309033085/c89075e10vq.htm,1620590350,15:59:10,20210509
47,2009-03-31,CLDB,USD,2009-05-15,2009-05-15 17:15:57,Q1,4800000.0,0.0,0.0,0.0,0.0,2230000.0,0.0,3728000.0,6000000.0,0.0,2581000.0,177000.0,0.0,0.0,0.0,-0.49145833333333333,0.0,-2359000.0,-0.49145833333333333,-962000.0,-1397000.0,-0.29104166666666664,-0.31,-0.31,4525326.0,4525326.0,https://www.sec.gov/Archives/edgar/data/774569/000136231009007680/0001362310-09-007680-index.htm,https://www.sec.gov/Archives/edgar/data/774569/000095015209002685/l35077ae10vk.htm,1620590350,15:59:10,20210509
48,2008-12-31,CLDB,USD,2009-03-16,2009-03-16 16:51:28,Q4,3426000.0,0.0,0.0,0.0,0.0,1785000.0,0.0,0.0,7000000.0,0.0,2816000.0,0.0,0.0,0.0,0.0,-0.29392877991827204,0.0,-1007000.0,-0.29392877991827204,-443000.0,-564000.0,-0.1646234676007005,-0.12463190497215007,-0.12463190497215007,4525326.0,4525326.0,https://www.sec.gov/Archives/edgar/data/774569/000095015209002685/0000950152-09-002685-index.htm,https://www.sec.gov/Archives/edgar/data/774569/000095015209002685/l35077ae10vk.htm,1620590350,15:59:10,20210509
49,2008-09-30,CLDB,USD,2008-11-10,2008-11-10 16:29:29,Q3,4726000.0,0.0,0.0,0.0,0.0,1788000.0,0.0,0.0,6000000.0,0.0,2921000.0,0.0,0.0,0.0,0.0,0.28840457046127804,0.0,1363000.0,0.28840457046127804,285000.0,1078000.0,0.2280998730427423,0.245074,0.245074,4486639.0,4486639.0,https://www.sec.gov/Archives/edgar/data/774569/000136231008006986/0001362310-08-006986-index.htm,https://www.sec.gov/Archives/edgar/data/774569/000136231008006986/c76912e10vq.htm,1620590350,15:59:10,20210509
50,2008-06-30,CLDB,USD,2008-08-08,2008-08-08 12:36:42,Q2,4541000.0,0.0,0.0,0.0,0.0,1796000.0,0.0,0.0,7000000.0,0.0,3051000.0,188000.0,0.0,0.0,0.0,0.21338912133891214,0.0,969000.0,0.21338912133891214,164000.0,805000.0,0.17727372825368862,0.186256,0.186256,4496638.0,4496638.0,https://www.sec.gov/Archives/edgar/data/774569/000136231008004343/0001362310-08-004343-index.htm,https://www.sec.gov/Archives/edgar/data/774569/000136231008004343/c74402e10vq.htm,1620590350,15:59:10,20210509
51,2008-03-31,CLDB,USD,2008-05-12,2008-05-12 14:30:20,Q1,4548000.0,0.0,0.0,0.0,0.0,1787000.0,0.0,0.0,7000000.0,0.0,3389000.0,174000.0,0.0,0.0,0.0,0.28935795954265614,0.0,1316000.0,0.28935795954265614,282000.0,1034000.0,0.22735268249780125,0.225468,0.225468,4586015.0,4586015.0,https://www.sec.gov/Archives/edgar/data/774569/000095015208003835/0000950152-08-003835-index.htm,https://www.sec.gov/Archives/edgar/data/774569/000095015208002001/l29502ae10vk.htm,1620590350,15:59:10,20210509
52,2007-12-31,CLDB,USD,2008-03-17,2008-03-17 12:54:14,Q4,4655000.0,0.0,0.0,0.0,0.0,1764000.0,0.0,0.0,7000000.0,0.0,3623000.0,184000.0,0.0,0.0,0.0,0.30526315789473685,0.0,1421000.0,0.30526315789473685,305000.0,1116000.0,0.23974221267454351,0.2433485280793892,0.2433485280793892,4586015.0,4586015.0,https://www.sec.gov/Archives/edgar/data/774569/000095015208002001/0000950152-08-002001-index.htm,https://www.sec.gov/Archives/edgar/data/774569/000095015208002001/l29502ae10vk.htm,1620590350,15:59:10,20210509
53,2007-09-30,CLDB,USD,2007-11-09,2007-11-09 13:52:16,Q3,4482000.0,0.0,0.0,0.0,0.0,1803000.0,0.0,0.0,7000000.0,0.0,3651000.0,0.0,0.0,0.0,0.0,0.30120481927710846,0.0,1350000.0,0.30120481927710846,275000.0,1075000.0,0.2398482820169567,0.232942,0.232942,4614890.0,4614890.0,https://www.sec.gov/Archives/edgar/data/774569/000095015207008827/0000950152-07-008827-index.htm,https://www.sec.gov/Archives/edgar/data/774569/000095015207008827/l28751ae10vq.htm,1620590350,15:59:10,20210509
54,2007-06-30,CLDB,USD,2007-08-09,2007-08-09 15:14:09,Q2,4521000.0,0.0,0.0,0.0,0.0,1812000.0,0.0,0.0,7000000.0,0.0,3495000.0,0.0,0.0,0.0,0.0,0.29086485290864855,0.0,1315000.0,0.29086485290864855,258000.0,1057000.0,0.23379783233797832,0.232942,0.232942,4537617.0,4537617.0,https://www.sec.gov/Archives/edgar/data/774569/000095015207006654/0000950152-07-006654-index.htm,https://www.sec.gov/Archives/edgar/data/774569/000095015207006654/l27417ae10vq.htm,1620590350,15:59:10,20210509
55,2007-03-31,CLDB,USD,2007-05-10,2007-05-10 13:11:08,Q1,4438000.0,0.0,0.0,0.0,0.0,1820000.0,0.0,0.0,6000000.0,0.0,3216000.0,0.0,0.0,0.0,0.0,0.30982424515547546,0.0,1375000.0,0.30982424515547546,273000.0,1102000.0,0.24831004957187922,0.232942,0.232942,4730799.0,4730799.0,https://www.sec.gov/Archives/edgar/data/774569/000095015207004259/0000950152-07-004259-index.htm,https://www.sec.gov/Archives/edgar/data/774569/000095015207002167/l23826ae10vk.htm,1620590350,15:59:10,20210509
56,2006-12-31,CLDB,USD,2007-03-15,2007-03-15 16:12:20,Q4,4495000.0,0.0,0.0,0.0,0.0,1547000.0,0.0,0.0,6000000.0,0.0,3166000.0,245000.0,0.0,0.0,0.0,0.3299221357063404,0.0,1483000.0,0.3299221357063404,301000.0,1182000.0,0.26295884315906565,0.2498520862966277,0.2498520862966277,4730799.0,4730799.0,https://www.sec.gov/Archives/edgar/data/774569/000095015207002167/0000950152-07-002167-index.htm,https://www.sec.gov/Archives/edgar/data/774569/000095015207002167/l23826ae10vk.htm,1620590350,15:59:10,20210509
57,2006-09-30,CLDB,USD,2006-11-09,2006-11-09 13:19:09,Q3,4525000.0,0.0,0.0,0.0,0.0,1715000.0,54000.0,0.0,6000000.0,0.0,2980000.0,241000.0,0.0,0.0,0.0,0.31801104972375693,0.0,1439000.0,0.31801104972375693,296000.0,1143000.0,0.2525966850828729,0.247405,0.247405,4619949.0,4619949.0,https://www.sec.gov/Archives/edgar/data/774569/000095015206009105/0000950152-06-009105-index.htm,https://www.sec.gov/Archives/edgar/data/774569/000095015206009105/l22653ae10vq.htm,1620590350,15:59:10,20210509
58,2006-06-30,CLDB,USD,2006-08-09,2006-08-09 15:52:05,Q2,4442000.0,0.0,0.0,0.0,0.0,1691000.0,53000.0,0.0,6000000.0,0.0,2783000.0,235000.0,0.0,0.0,0.0,0.2991895542548402,0.0,1329000.0,0.2991895542548402,253000.0,1076000.0,0.24223322827555155,0.228374,0.228374,4711566.0,4711566.0,https://www.sec.gov/Archives/edgar/data/774569/000095015206006769/0000950152-06-006769-index.htm,https://www.sec.gov/Archives/edgar/data/774569/000095015206006769/l21339ae10vq.htm,1620590350,15:59:10,20210509
59,2006-03-31,CLDB,USD,2006-05-10,2006-05-10 10:57:06,Q1,4288000.0,0.0,0.0,0.0,0.0,1678000.0,38000.0,0.0,6000000.0,0.0,2653000.0,270000.0,0.0,0.0,0.0,0.29221082089552236,0.0,1253000.0,0.29221082089552236,78000.0,1175000.0,0.2740205223880597,0.256921,0.256921,4573392.0,4573392.0,https://www.sec.gov/Archives/edgar/data/774569/000095015206004207/0000950152-06-004207-index.htm,https://www.sec.gov/Archives/edgar/data/774569/000095015206002183/l17792ae10vk.htm,1620590350,15:59:10,20210509
60,2005-12-31,CLDB,USD,2006-03-16,2006-03-16 15:13:50,Q4,4465000.0,0.0,0.0,0.0,0.0,1726000.0,37000.0,0.0,6000000.0,0.0,2439000.0,298000.0,0.0,0.0,0.0,0.30011198208286677,0.0,1340000.0,0.30011198208286677,247000.0,1093000.0,0.24479283314669653,0.23899110332112358,0.23899110332112358,4573392.0,4573392.0,https://www.sec.gov/Archives/edgar/data/774569/000095015206002183/0000950152-06-002183-index.htm,https://www.sec.gov/Archives/edgar/data/774569/000095015206002183/l17792ae10vk.htm,1620590350,15:59:10,20210509
61,2005-09-30,CLDB,USD,2005-11-09,2005-11-09 13:57:39,Q3,4419000.0,0.0,0.0,0.0,0.0,1972000.0,95000.0,0.0,6000000.0,0.0,2197000.0,367000.0,0.0,0.0,0.0,0.21973297126046618,0.0,971000.0,0.21973297126046618,120000.0,851000.0,0.19257750622312741,0.184769,0.184769,4605758.0,4605758.0,https://www.sec.gov/Archives/edgar/data/774569/000095015205008997/0000950152-05-008997-index.htm,https://www.sec.gov/Archives/edgar/data/774569/000095015205008997/l16620ae10vq.htm,1620590350,15:59:10,20210509
62,2005-06-30,CLDB,USD,2005-08-09,2005-08-09 14:05:22,Q2,4506000.0,0.0,0.0,0.0,0.0,1698000.0,64000.0,0.0,5000000.0,0.0,2024000.0,383000.0,0.0,0.0,0.0,0.309809143364403,0.0,1396000.0,0.309809143364403,264000.0,1132000.0,0.25122059476253883,0.249438,0.249438,4538206.0,4538206.0,https://www.sec.gov/Archives/edgar/data/774569/000095015205006761/0000950152-05-006761-index.htm,https://www.sec.gov/Archives/edgar/data/774569/000095015205006761/l14971ae10vq.htm,1620590350,15:59:10,20210509
63,2005-03-31,CLDB,USD,2005-05-10,2005-05-10 11:03:11,Q1,4646000.0,0.0,0.0,0.0,0.0,1656000.0,49000.0,0.0,5000000.0,0.0,2005000.0,421000.0,0.0,0.0,0.0,0.340938441670254,0.0,1584000.0,0.340938441670254,326000.0,1258000.0,0.2707705553164012,0.277153,0.277153,4539008.0,4539008.0,https://www.sec.gov/Archives/edgar/data/774569/000095015205004220/0000950152-05-004220-index.htm,https://www.sec.gov/Archives/edgar/data/774569/000095015205002195/l11287ae10vk.htm,1620590350,15:59:10,20210509
64,2004-12-31,CLDB,USD,2005-03-16,2005-03-16 13:14:53,Q4,4744000.0,0.0,0.0,0.0,0.0,1715000.0,52000.0,0.0,0.0,0.0,2046000.0,489000.0,0.0,0.0,0.0,0.3383220910623946,0.0,1605000.0,0.3383220910623946,300000.0,1305000.0,0.27508431703204045,0.287507754998449,0.287507754998449,4539008.0,4539008.0,https://www.sec.gov/Archives/edgar/data/774569/000095015205002195/0000950152-05-002195-index.htm,https://www.sec.gov/Archives/edgar/data/774569/000095015205002195/l11287ae10vk.htm,1620590350,15:59:10,20210509
65,2004-09-30,CLDB,USD,2004-11-09,2004-11-09 14:13:58,Q3,4768000.0,0.0,0.0,0.0,0.0,1697000.0,26000.0,0.0,0.0,0.0,2024000.0,498000.0,0.0,0.0,0.0,0.33703859060402686,0.0,1607000.0,0.33703859060402686,292000.0,1315000.0,0.2757969798657718,0.295989,0.295989,4442736.0,4442736.0,https://www.sec.gov/Archives/edgar/data/774569/000095015204008096/0000950152-04-008096-index.htm,https://www.sec.gov/Archives/edgar/data/774569/000095015204008096/l09933ae10vq.htm,1620590350,15:59:10,20210509
66,2004-06-30,CLDB,USD,2004-08-09,2004-08-09 13:14:47,Q2,4205000.0,0.0,0.0,0.0,0.0,1659000.0,40000.0,0.0,0.0,0.0,1974000.0,0.0,0.0,0.0,0.0,0.2998810939357907,0.0,1261000.0,0.2998810939357907,179000.0,1082000.0,0.25731272294887036,0.242173,0.242173,4467888.0,4467888.0,https://www.sec.gov/Archives/edgar/data/774569/000095015204006028/0000950152-04-006028-index.htm,https://www.sec.gov/Archives/edgar/data/774569/000095015204006028/l08606ae10vq.htm,1620590350,15:59:10,20210509
67,2004-03-31,CLDB,USD,2004-05-10,2004-05-10 15:13:34,Q1,4392000.0,0.0,0.0,0.0,0.0,1651000.0,64000.0,0.0,0.0,0.0,1966000.0,0.0,0.0,0.0,0.0,0.30965391621129323,0.0,1360000.0,0.30965391621129323,219000.0,1141000.0,0.2597905282331512,0.251142,0.251142,4543247.0,4543247.0,https://www.sec.gov/Archives/edgar/data/774569/000095015204003810/0000950152-04-003810-index.htm,https://www.sec.gov/Archives/edgar/data/774569/000095015204001957/l04975ae10vk.htm,1620590350,15:59:10,20210509
68,2003-12-31,CLDB,USD,2004-03-15,2004-03-15 16:20:54,Q4,4680000.0,0.0,0.0,0.0,0.0,1680000.0,53000.0,0.0,0.0,0.0,1977000.0,0.0,0.0,0.0,0.0,0.3547008547008547,0.0,1660000.0,0.3547008547008547,320000.0,1340000.0,0.2863247863247863,0.29494324213497525,0.29494324213497525,4543247.0,4543247.0,https://www.sec.gov/Archives/edgar/data/774569/000095015204001957/0000950152-04-001957-index.htm,https://www.sec.gov/Archives/edgar/data/774569/000095015204001957/l04975ae10vk.htm,1620590350,15:59:10,20210509
69,2003-09-30,CLDB,USD,2003-11-14,2003-11-14 12:12:37,Q3,4535000.0,0.0,0.0,0.0,0.0,1625000.0,30000.0,0.0,0.0,0.0,2017000.0,0.0,0.0,0.0,0.0,0.36163175303197354,0.0,1640000.0,0.36163175303197354,323000.0,1317000.0,0.2904079382579934,0.287368,0.287368,4582978.0,4582978.0,https://www.sec.gov/Archives/edgar/data/774569/000095015203009758/0000950152-03-009758-index.htm,https://www.sec.gov/Archives/edgar/data/774569/000095015203009758/l03440ae10vq.htm,1620590350,15:59:10,20210509
70,2003-06-30,CLDB,USD,2003-08-14,2003-08-14 13:48:43,Q2,4598000.0,0.0,0.0,0.0,0.0,1616000.0,47000.0,0.0,0.0,0.0,2041000.0,0.0,0.0,0.0,0.0,0.37255328403653765,0.0,1713000.0,0.37255328403653765,348000.0,1365000.0,0.2968682035667682,0.296076,0.296076,4610305.0,4610305.0,https://www.sec.gov/Archives/edgar/data/774569/000095015203007720/0000950152-03-007720-index.htm,https://www.sec.gov/Archives/edgar/data/774569/000095015203007720/l01968ae10vq.htm,1620590350,15:59:10,20210509
71,2003-03-31,CLDB,USD,2003-05-15,2003-05-15 12:47:55,Q1,4811000.0,0.0,0.0,0.0,0.0,1665000.0,0.0,0.0,0.0,0.0,2097000.0,0.0,0.0,0.0,0.0,0.38287258366244026,0.0,1842000.0,0.38287258366244026,380000.0,1462000.0,0.303886925795053,0.3222,0.3222,4537552.0,4537552.0,https://www.sec.gov/Archives/edgar/data/774569/000095015203005561/0000950152-03-005561-index.htm,https://www.sec.gov/Archives/edgar/data/774569/000095015203003617/l98217ae10vk.htm,1620590350,15:59:10,20210509
72,2002-12-31,CLDB,USD,2003-03-28,2003-03-28 13:19:02,Q4,4747000.0,0.0,0.0,0.0,0.0,1955000.0,28000.0,0.0,0.0,0.0,2294000.0,0.0,0.0,0.0,0.0,0.28312618495892145,0.0,1344000.0,0.28312618495892145,215000.0,1129000.0,0.23783442174004635,0.24881257559142023,0.24881257559142023,4537552.0,4537552.0,https://www.sec.gov/Archives/edgar/data/774569/000095015203003617/0000950152-03-003617-index.htm,https://www.sec.gov/Archives/edgar/data/774569/000095015203003617/l98217ae10vk.htm,1620590350,15:59:10,20210509
73,2002-09-30,CLDB,USD,2002-09-30,2002-09-30,Q3,5120000.0,0.0,0.0,0.0,0.0,1618000.0,47000.0,0.0,0.0,0.0,2461000.0,0.0,0.0,0.0,0.0,0.4146484375,0.0,2123000.0,0.4146484375,491000.0,1632000.0,0.31875,0.355088,0.355088,4596043.0,4596043.0,,,1620590350,15:59:10,20210509
74,2002-06-30,CLDB,USD,2002-08-14,2002-08-14 13:40:19,Q2,4906000.0,0.0,0.0,0.0,0.0,1614000.0,42000.0,0.0,0.0,0.0,2600000.0,0.0,0.0,0.0,0.0,0.4054219323277619,0.0,1989000.0,0.4054219323277619,450000.0,1539000.0,0.31369751324908274,0.329725,0.329725,4667531.0,4667531.0,https://www.sec.gov/Archives/edgar/data/774569/000095015202006384/0000950152-02-006384-index.htm,https://www.sec.gov/Archives/edgar/data/774569/000095015202006384/l95327ae10vq.htm,1620590350,15:59:10,20210509
75,2002-03-31,CLDB,USD,2002-05-15,2002-05-15 13:17:58,Q1,4834000.0,0.0,0.0,0.0,0.0,1611000.0,44000.0,0.0,0.0,0.0,2649000.0,0.0,0.0,0.0,0.0,0.38580885395117914,0.0,1865000.0,0.38580885395117914,423000.0,1442000.0,0.298303682250724,0.312816,0.312816,4609743.0,4609743.0,https://www.sec.gov/Archives/edgar/data/774569/000095015202004287/0000950152-02-004287-index.htm,https://www.sec.gov/Archives/edgar/data/774569/000095015202002416/l93050ae10-k405.htm,1620590350,15:59:10,20210509
76,2001-12-31,CLDB,USD,2002-03-27,2002-03-27 00:00:00,Q4,4899000.0,0.0,0.0,0.0,0.0,1840000.0,72000.0,0.0,0.0,0.0,3044000.0,0.0,0.0,0.0,0.0,0.35884874464176364,0.0,1758000.0,0.35884874464176364,390000.0,1368000.0,0.27924066135946113,0.2967627479449505,0.2967627479449505,4609743.0,4609743.0,https://www.sec.gov/Archives/edgar/data/774569/000095015202002416/0000950152-02-002416-index.htm,https://www.sec.gov/Archives/edgar/data/774569/000095015202002416/l93050ae10-k405.htm,1620590350,15:59:10,20210509
77,2001-09-30,CLDB,USD,2001-11-14,2001-11-14 00:00:00,Q3,4772000.0,0.0,0.0,0.0,0.0,1460000.0,37000.0,0.0,0.0,0.0,3439000.0,0.0,0.0,0.0,0.0,0.4220452640402347,0.0,2014000.0,0.4220452640402347,498000.0,1516000.0,0.3176865046102263,0.328329,0.328329,4617316.0,4617316.0,https://www.sec.gov/Archives/edgar/data/774569/000095015201505882/0000950152-01-505882-index.htm,https://www.sec.gov/Archives/edgar/data/774569/000095015201505882/l90973ae10-q.htm,1620590350,15:59:10,20210509
78,2001-06-30,CLDB,USD,2001-08-14,2001-08-14 00:00:00,Q2,4528000.0,0.0,0.0,0.0,0.0,1447000.0,31000.0,0.0,0.0,0.0,3636000.0,0.0,0.0,0.0,0.0,0.4026060070671378,0.0,1823000.0,0.4026060070671378,434000.0,1389000.0,0.30675795053003535,0.295496,0.295496,4700566.0,4700566.0,https://www.sec.gov/Archives/edgar/data/774569/000095015201503924/0000950152-01-503924-index.htm,https://www.sec.gov/Archives/edgar/data/774569/000095015201503924/l89557ae10-q.htm,1620590350,15:59:10,20210509
79,2001-03-31,CLDB,USD,2001-03-31,2001-03-31,Q3,4500000.0,0.0,0.0,0.0,0.0,1536000.0,20000.0,0.0,0.0,0.0,3704000.0,0.0,0.0,0.0,0.0,0.3731111111111111,0.0,1679000.0,0.3731111111111111,406000.0,1273000.0,0.2828888888888889,0.270872,0.270872,4699643.0,4699643.0,,,1620590350,15:59:10,20210509
80,2000-09-30,CLDB,USD,2000-11-14,2000-11-14 00:00:00,Q3,4582000.0,0.0,0.0,0.0,0.0,1462000.0,98000.0,0.0,0.0,0.0,3616000.0,0.0,0.0,0.0,0.0,0.3952422522915757,0.0,1811000.0,0.3952422522915757,482000.0,1329000.0,0.2900480139676997,0.28689,0.28689,4632443.0,4632443.0,https://www.sec.gov/Archives/edgar/data/774569/000095015200007868/0000950152-00-007868-index.htm,https://www.sec.gov/Archives/edgar/data/774569/000095015200007868/l84470ae10-q.htm,1620590350,15:59:10,20210509
81,2000-06-30,CLDB,USD,2000-06-30,2000-06-30,Q2,4733000.0,0.0,0.0,0.0,0.0,1455000.0,127000.0,0.0,0.0,0.0,3422000.0,0.0,0.0,0.0,0.0,0.34417916754701033,0.0,1629000.0,0.34417916754701033,415000.0,1214000.0,0.2564969364039721,0.262982,0.262982,4616283.0,4616283.0,,,1620590350,15:59:10,20210509
82,2000-03-31,CLDB,USD,2000-03-31,2000-03-31,Q3,4501000.0,0.0,0.0,0.0,0.0,1467000.0,48000.0,0.0,0.0,0.0,3316000.0,0.0,0.0,0.0,0.0,0.38258164852255055,0.0,1722000.0,0.38258164852255055,444000.0,1278000.0,0.28393690291046436,0.270951,0.270951,4716714.0,4716714.0,,,1620590350,15:59:10,20210509
