,date,symbol,reportedCurrency,fillingDate,acceptedDate,period,revenue,costOfRevenue,grossProfit,grossProfitRatio,researchAndDevelopmentExpenses,generalAndAdministrativeExpenses,sellingAndMarketingExpenses,otherExpenses,operatingExpenses,costAndExpenses,interestExpense,depreciationAndAmortization,ebitda,ebitdaratio,operatingIncome,operatingIncomeRatio,totalOtherIncomeExpensesNet,incomeBeforeTax,incomeBeforeTaxRatio,incomeTaxExpense,netIncome,netIncomeRatio,eps,epsdiluted,weightedAverageShsOut,weightedAverageShsOutDil,link,finalLink,timestamp,est_time,est_date
0,2020-12-31,SLL.DE,EUR,2020-12-31,2020-12-31,Q4,-7351000.0,42417000,-49768000.0,6.770235342130323,0.0,12616000.0,3806000.0,0.0,13279000.0,55696000,1436000.0,8007000.0,-55040000.0,7.487416678002993,-63047000.0,8.576656237246633,0.0,-9396000.0,1.2781934430689703,-9000000.0,-396000.0,0.053870221738538976,-0.025185288357241868,-0.025185288357241868,15723465,15723465,https://www.bundesanzeiger.de/pub/de/suche;wwwsid=627BFD7A56A5CB624C47FDDEAB2FC509.web07-pub?0,https://www.bundesanzeiger.de/pub/de/suche;wwwsid=627BFD7A56A5CB624C47FDDEAB2FC509.web07-pub?0,1620598011,18:06:51,20210509
1,2020-09-30,SLL.DE,EUR,2020-09-30,2020-09-30,Q3,51916000.0,46228000,5688000.0,0.10956159950689576,0.0,7531000.0,4127000.0,0.0,16931000.0,63159000,1182000.0,9662000.0,-1581000.0,-0.030453039525387166,-11243000.0,-0.21656136836428075,0.0,-11846000.0,-0.22817628476770166,-2587000.0,-9259000.0,-0.17834578935203022,-0.59,-0.59,15723465,15723465,,,1620598011,18:06:51,20210509
2,2020-06-30,SLL.DE,EUR,2020-06-30,2020-06-30,Q2,75583000.0,59872000,15711000.0,0.2078642022677057,0.0,8134000.0,5551000.0,0.0,15681000.0,75553000,1026000.0,26112000.0,26142000.0,0.34587142611433785,30000.0,0.00039691465011973593,0.0,-21582000.0,-0.285540399296138,-926000.0,-20656000.0,-0.2732889670957755,-1.31,-1.31,15718058,15718058,https://www.bundesanzeiger.de/pub/de/suche;wwwsid=627BFD7A56A5CB624C47FDDEAB2FC509.web07-pub?0,https://www.bundesanzeiger.de/pub/de/suche;wwwsid=627BFD7A56A5CB624C47FDDEAB2FC509.web07-pub?0,1620598011,18:06:51,20210509
3,2020-03-31,SLL.DE,EUR,2020-03-31,2020-03-31,Q1,108919000.0,76569000,32350000.0,0.2970097044592771,0.0,10536000.0,7628000.0,0.0,19996000.0,96565000,1179000.0,11255000.0,23609000.0,0.21675740688034228,12354000.0,0.11342373690540677,0.0,11628000.0,0.10675823318245668,3017000.0,8611000.0,0.07905875008033493,0.54,0.54,15938682,15938682,https://www.bundesanzeiger.de/pub/de/suche;wwwsid=627BFD7A56A5CB624C47FDDEAB2FC509.web07-pub?0,https://www.bundesanzeiger.de/pub/de/suche;wwwsid=627BFD7A56A5CB624C47FDDEAB2FC509.web07-pub?0,1620598011,18:06:51,20210509
4,2019-12-31,SLL.DE,EUR,2019-12-31,2019-12-31,Q4,4914000.0,72607000,-67693000.0,-13.775539275539275,0.0,8261000.0,7660000.0,0.0,21560000.0,94167000,1651000.0,11301000.0,-77952000.0,-15.863247863247864,-89253000.0,-18.163003663003664,0.0,4422000.0,0.8998778998778999,-1339000.0,5761000.0,1.1723646723646723,0.36652110585162617,0.36652110585162617,15718058,15718058,https://www.bundesanzeiger.de/pub/de/suche;wwwsid=627BFD7A56A5CB624C47FDDEAB2FC509.web07-pub?0,https://www.bundesanzeiger.de/pub/de/suche;wwwsid=627BFD7A56A5CB624C47FDDEAB2FC509.web07-pub?0,1620598011,18:06:51,20210509
5,2019-09-30,SLL.DE,EUR,2019-09-30,2019-09-30,Q3,109620000.0,78570000,31050000.0,0.2832512315270936,0.0,11595000.0,6735000.0,0.0,14380000.0,92950000,1405000.0,12301000.0,28971000.0,0.2642857142857143,16670000.0,0.1520707900018245,0.0,16048000.0,0.14639664294836707,6725000.0,9323000.0,0.08504834884145229,0.59,0.59,15955403,15955403,https://www.bundesanzeiger.de/pub/de/suche;wwwsid=627BFD7A56A5CB624C47FDDEAB2FC509.web07-pub?0,https://www.bundesanzeiger.de/pub/de/suche;wwwsid=627BFD7A56A5CB624C47FDDEAB2FC509.web07-pub?0,1620598011,18:06:51,20210509
6,2019-06-30,SLL.DE,EUR,2019-06-30,2019-06-30,Q2,115090000.0,77796000,37294000.0,0.3240420540446607,0.0,9104000.0,6678000.0,0.0,18906000.0,96702000,2504000.0,12055000.0,30443000.0,0.26451472760448347,18388000.0,0.15977061430185072,0.0,14589000.0,0.12676166478408202,5023000.0,9566000.0,0.0831175601703015,0.6,0.6,15955403,15955403,https://www.bundesanzeiger.de/pub/de/suche;wwwsid=627BFD7A56A5CB624C47FDDEAB2FC509.web07-pub?0,https://www.bundesanzeiger.de/pub/de/suche;wwwsid=627BFD7A56A5CB624C47FDDEAB2FC509.web07-pub?0,1620598011,18:06:51,20210509
7,2019-03-31,SLL.DE,EUR,2019-03-31,2019-03-31,Q1,121141000.0,83717000,37424000.0,0.3089292642457962,0.0,10861000.0,6420000.0,0.0,16876000.0,100593000,3139000.0,12733000.0,33281000.0,0.27472944750332257,20548000.0,0.1696205248429516,0.0,12830000.0,0.10590964248272675,5151000.0,7679000.0,0.06338894346257666,0.48,0.48,15953603,15953603,https://www.bundesanzeiger.de/pub/de/suche;wwwsid=627BFD7A56A5CB624C47FDDEAB2FC509.web07-pub?0,https://www.bundesanzeiger.de/pub/de/suche;wwwsid=627BFD7A56A5CB624C47FDDEAB2FC509.web07-pub?0,1620598011,18:06:51,20210509
8,2018-12-31,SLL.DE,EUR,2018-12-31,2018-12-31,Q4,9827000.0,71955000,-62128000.0,-6.322173603337743,0.0,11289000.0,6247000.0,0.0,17187000.0,89142000,3707000.0,13719000.0,-65596000.0,-6.6750788643533125,-79315000.0,-8.071130558664903,0.0,14327000.0,1.4579220514907907,5967000.0,8360000.0,0.8507174112140022,0.5318723216315909,0.5318723216315909,15718058,15718058,https://www.bundesanzeiger.de/pub/de/suche;wwwsid=627BFD7A56A5CB624C47FDDEAB2FC509.web07-pub?0,https://www.bundesanzeiger.de/pub/de/suche;wwwsid=627BFD7A56A5CB624C47FDDEAB2FC509.web07-pub?0,1620598011,18:06:51,20210509
9,2018-09-30,SLL.DE,EUR,2018-09-30,2018-09-30,Q3,110764000.0,69884000,40880000.0,0.3690729840020223,0.0,12176000.0,6089000.0,0.0,18663000.0,88547000,2788000.0,11832000.0,34049000.0,0.30740132172908163,22217000.0,0.20057961070383878,0.0,22801000.0,0.2058520819038677,2978000.0,19823000.0,0.1789660900653642,1.24,1.24,15959403,15959403,https://www.bundesanzeiger.de/pub/de/suche;wwwsid=627BFD7A56A5CB624C47FDDEAB2FC509.web07-pub?0,https://www.bundesanzeiger.de/pub/de/suche;wwwsid=627BFD7A56A5CB624C47FDDEAB2FC509.web07-pub?0,1620598011,18:06:51,20210509
10,2018-06-30,SLL.DE,EUR,2018-06-30,2018-06-30,Q2,105851000.0,70375000,35476000.0,0.33515035285448413,0.0,13043000.0,5851000.0,3935000.0,16963000.0,87338000,2266000.0,12080000.0,30593000.0,0.28901947076551,18513000.0,0.17489678888248575,0.0,13238000.0,0.12506258797744,3766000.0,9472000.0,0.08948427506589451,0.59,0.59,15959403,15959403,https://www.bundesanzeiger.de/pub/de/suche;wwwsid=627BFD7A56A5CB624C47FDDEAB2FC509.web07-pub?0,https://www.bundesanzeiger.de/pub/de/suche;wwwsid=627BFD7A56A5CB624C47FDDEAB2FC509.web07-pub?0,1620598011,18:06:51,20210509
11,2018-03-31,SLL.DE,EUR,2018-03-31,2018-03-31,Q1,94184000.0,62394000,31790000.0,0.3375307907924913,0.0,9615000.0,5677000.0,2881000.0,18232000.0,80626000,2640000.0,11637000.0,25195000.0,0.2675082816614287,13558000.0,0.14395226365412384,0.0,5525000.0,0.05866176845324046,1789000.0,3736000.0,0.039667034740507943,0.23,0.23,15953603,15953603,https://www.bundesanzeiger.de/pub/de/suche;wwwsid=627BFD7A56A5CB624C47FDDEAB2FC509.web07-pub?0,https://www.bundesanzeiger.de/pub/de/suche;wwwsid=627BFD7A56A5CB624C47FDDEAB2FC509.web07-pub?0,1620598011,18:06:51,20210509
12,2017-12-31,SLL.DE,EUR,2017-12-31,2017-12-31,Q4,-5237000.0,61437000,-66674000.0,12.731334733626122,0.0,12607000.0,5213000.0,2121000.0,20618000.0,82055000,2155000.0,11684000.0,-75608000.0,14.437273248042773,-87292000.0,16.668321558143976,0.0,14681000.0,-2.8033225128890584,-17181000.0,31862000.0,-6.0840175673095285,2.0270952047638455,2.0270952047638455,15718058,15718058,https://www.bundesanzeiger.de/pub/de/suche;wwwsid=627BFD7A56A5CB624C47FDDEAB2FC509.web07-pub?0,https://www.bundesanzeiger.de/pub/de/suche;wwwsid=627BFD7A56A5CB624C47FDDEAB2FC509.web07-pub?0,1620598011,18:06:51,20210509
13,2017-09-30,SLL.DE,EUR,2017-09-30,2017-09-30,Q3,91917000.0,63247000,28670000.0,0.3119118335019637,0.0,8410000.0,4850000.0,1583000.0,16025000.0,79272000,2206000.0,11804000.0,24449000.0,0.2659899692113537,12645000.0,0.13756976402624108,0.0,-76481000.0,-0.8320658855271603,3558000.0,-80039000.0,-0.8707747206719105,-5.02,-5.02,15953403,15953403,https://www.bundesanzeiger.de/pub/de/suche;wwwsid=627BFD7A56A5CB624C47FDDEAB2FC509.web07-pub?0,https://www.bundesanzeiger.de/pub/de/suche;wwwsid=627BFD7A56A5CB624C47FDDEAB2FC509.web07-pub?0,1620598011,18:06:51,20210509
14,2017-06-30,SLL.DE,EUR,2017-06-30,2017-06-30,Q2,75546000.0,55571000,19975000.0,0.2644084398909274,0.0,8441000.0,5137000.0,845000.0,17808000.0,73379000,1673000.0,12669000.0,14836000.0,0.196383660286448,2167000.0,0.02868451009980674,0.0,-1713000.0,-0.022674926534826462,-430000.0,-1283000.0,-0.016983030206761444,-0.08,-0.08,15953403,15953403,https://www.bundesanzeiger.de/pub/de/suche;wwwsid=627BFD7A56A5CB624C47FDDEAB2FC509.web07-pub?0,https://www.bundesanzeiger.de/pub/de/suche;wwwsid=627BFD7A56A5CB624C47FDDEAB2FC509.web07-pub?0,1620598011,18:06:51,20210509
15,2017-03-31,SLL.DE,EUR,2017-03-31,2017-03-31,Q1,60133000.0,49072000,11061000.0,0.18394226132073904,0.0,8444000.0,6513000.0,1396000.0,16822000.0,65894000,2062000.0,12964000.0,7203000.0,0.11978447774100744,-5761000.0,-0.09580430046729749,0.0,-6282000.0,-0.10446842831723013,-1382000.0,-4900000.0,-0.0814860392795969,-0.31,-0.31,15947460,15947460,https://www.bundesanzeiger.de/pub/de/suche;wwwsid=627BFD7A56A5CB624C47FDDEAB2FC509.web07-pub?0,https://www.bundesanzeiger.de/pub/de/suche;wwwsid=627BFD7A56A5CB624C47FDDEAB2FC509.web07-pub?0,1620598011,18:06:51,20210509
16,2016-12-31,SLL.DE,EUR,2016-12-31,2016-12-31,Q4,-8060000.0,43747000,-51807000.0,6.427667493796526,0.0,7813000.0,5947000.0,3930000.0,12609000.0,56356000,2252000.0,12342000.0,-52074000.0,6.460794044665012,-64416000.0,7.9920595533498755,0.0,-8805000.0,1.0924317617866004,-3684000.0,-5121000.0,0.6353598014888338,-0.32580360754490156,-0.32580360754490156,15718058,15718058,https://www.bundesanzeiger.de/pub/de/suche;wwwsid=627BFD7A56A5CB624C47FDDEAB2FC509.web07-pub?0,https://www.bundesanzeiger.de/pub/de/suche;wwwsid=627BFD7A56A5CB624C47FDDEAB2FC509.web07-pub?0,1620598011,18:06:51,20210509
17,2016-09-30,SLL.DE,EUR,2016-09-30,2016-09-30,Q3,45059000.0,45359000,-300000.0,-0.006657937371002463,0.0,8688000.0,4895000.0,515000.0,14754000.0,60113000,2031000.0,13215000.0,-1839000.0,-0.0408131560842451,-15054000.0,-0.3340952972769036,0.0,-9473000.0,-0.21023546905168777,-3492000.0,-5981000.0,-0.1327370780532191,-0.37,-0.37,15954064,15954064,https://www.bundesanzeiger.de/pub/de/suche;wwwsid=627BFD7A56A5CB624C47FDDEAB2FC509.web07-pub?0,https://www.bundesanzeiger.de/pub/de/suche;wwwsid=627BFD7A56A5CB624C47FDDEAB2FC509.web07-pub?0,1620598011,18:06:51,20210509
18,2016-06-30,SLL.DE,EUR,2016-06-30,2016-06-30,Q2,41229000.0,43807000,-2578000.0,-0.06252880254190012,0.0,7422000.0,4956000.0,1553000.0,11784000.0,55591000,1524000.0,0.0,-16659000.0,-0.404060248853962,-14362000.0,-0.34834703727958477,0.0,-6562000.0,-0.15915981469354096,-4702000.0,-1860000.0,-0.04511387615513352,-0.12,-0.12,15988000,15988000,https://www.bundesanzeiger.de/pub/de/suche;wwwsid=627BFD7A56A5CB624C47FDDEAB2FC509.web07-pub?0,https://www.bundesanzeiger.de/pub/de/suche;wwwsid=627BFD7A56A5CB624C47FDDEAB2FC509.web07-pub?0,1620598011,18:06:51,20210509
19,2016-03-31,SLL.DE,EUR,2016-03-31,2016-03-31,Q1,46782000.0,46540000,242000.0,0.005172929759309136,0.0,9827000.0,4272000.0,1892000.0,17114000.0,63654000,1284000.0,0.0,-16138000.0,-0.34496173742037534,-16872000.0,-0.3606515326407593,0.0,-20213000.0,-0.43206788935915524,-5174000.0,-15039000.0,-0.3214697960754136,-0.94,-0.94,15982066,15982066,https://www.bundesanzeiger.de/pub/de/suche;wwwsid=627BFD7A56A5CB624C47FDDEAB2FC509.web07-pub?0,https://www.bundesanzeiger.de/pub/de/suche;wwwsid=627BFD7A56A5CB624C47FDDEAB2FC509.web07-pub?0,1620598011,18:06:51,20210509
20,2015-12-31,SLL.DE,EUR,2015-12-31,2015-12-31,Q4,-24086000.0,54131000,-78217000.0,3.2474051316117247,0.0,7529000.0,3960000.0,1813000.0,14763000.0,68894000,3071000.0,0.0,-11083000.0,0.46014282155609065,-92980000.0,3.8603338038694677,0.0,-20306000.0,0.843062359877107,-3352000.0,-16954000.0,0.7038943784771237,-1.0786319785815779,-1.0786319785815779,15718058,15718058,https://www.bundesanzeiger.de/pub/de/suche;wwwsid=627BFD7A56A5CB624C47FDDEAB2FC509.web07-pub?0,https://www.bundesanzeiger.de/pub/de/suche;wwwsid=627BFD7A56A5CB624C47FDDEAB2FC509.web07-pub?0,1620598011,18:06:51,20210509
21,2015-09-30,SLL.DE,EUR,2015-09-30,2015-09-30,Q3,70745000.0,57687000,13058000.0,0.18457841543571984,0.0,8810000.0,4684000.0,1078000.0,15902000.0,73589000,857000.0,0.0,-23467000.0,-0.3317124885150894,-2844000.0,-0.040200720899003464,0.0,-4494000.0,-0.06352392395222277,-2429000.0,-2065000.0,-0.029189342002968407,-0.13,-0.13,15982000,15982000,https://www.bundesanzeiger.de/pub/de/suche;wwwsid=627BFD7A56A5CB624C47FDDEAB2FC509.web07-pub?0,https://www.bundesanzeiger.de/pub/de/suche;wwwsid=627BFD7A56A5CB624C47FDDEAB2FC509.web07-pub?0,1620598011,18:06:51,20210509
22,2015-06-30,SLL.DE,EUR,2015-06-30,2015-06-30,Q2,79339000.0,61346000,17993000.0,0.2267863219854044,0.0,8119000.0,5110000.0,-732000.0,14766000.0,76112000,1620000.0,0.0,3919000.0,0.049395631404479515,3227000.0,0.04067356533356861,0.0,-9779000.0,-0.12325590188936085,559000.0,-10338000.0,-0.1303016171113828,-0.65,-0.65,15981604,15981604,https://www.bundesanzeiger.de/pub/de/suche;wwwsid=627BFD7A56A5CB624C47FDDEAB2FC509.web07-pub?0,https://www.bundesanzeiger.de/pub/de/suche;wwwsid=627BFD7A56A5CB624C47FDDEAB2FC509.web07-pub?0,1620598011,18:06:51,20210509
23,2015-03-31,SLL.DE,EUR,2015-03-31,2015-03-31,Q1,107516000.0,79446000,28070000.0,0.26107742103500875,0.0,8421000.0,6003000.0,11836000.0,11948000.0,91394000,2392000.0,0.0,16939000.0,0.157548643922765,16122000.0,0.1499497749172216,0.0,14547000.0,0.13530079244019494,4172000.0,10375000.0,0.09649726552327095,0.65,0.65,15976000,15976000,https://www.bundesanzeiger.de/pub/de/suche;wwwsid=627BFD7A56A5CB624C47FDDEAB2FC509.web07-pub?0,https://www.bundesanzeiger.de/pub/de/suche;wwwsid=627BFD7A56A5CB624C47FDDEAB2FC509.web07-pub?0,1620598011,18:06:51,20210509
24,2014-12-31,SLL.DE,EUR,2014-12-31,2014-12-31,Q4,10292000.0,81999000,-71707000.0,-6.96725612125923,0.0,9054000.0,5713000.0,5345000.0,15359000.0,97358000,2473000.0,0.0,57161000.0,5.553925378935095,-87066000.0,-8.459580256509911,0.0,15468000.0,1.502914885347843,8233000.0,7235000.0,0.7029731830547998,0.4602985941393014,0.4602985941393014,15718058,15718058,https://www.bundesanzeiger.de/pub/de/suche;wwwsid=627BFD7A56A5CB624C47FDDEAB2FC509.web07-pub?0,https://www.bundesanzeiger.de/pub/de/suche;wwwsid=627BFD7A56A5CB624C47FDDEAB2FC509.web07-pub?0,1620598011,18:06:51,20210509
25,2014-09-30,SLL.DE,EUR,2014-09-30,2014-09-30,Q3,126277000.0,87592000,38685000.0,0.306350325078993,0.0,7845000.0,5756000.0,0.0,12365000.0,99957000,3804000.0,0.0,26898000.0,0.21300791117939133,26320000.0,0.2084306722522708,0.0,23094000.0,0.18288366052408594,6661000.0,16433000.0,0.1301345454833422,1.03,1.03,15976000,15976000,https://www.bundesanzeiger.de/pub/de/suche;wwwsid=627BFD7A56A5CB624C47FDDEAB2FC509.web07-pub?0,https://www.bundesanzeiger.de/pub/de/suche;wwwsid=627BFD7A56A5CB624C47FDDEAB2FC509.web07-pub?0,1620598011,18:06:51,20210509
26,2014-06-30,SLL.DE,EUR,2014-06-30,2014-06-30,Q2,117835000.0,81130000,36705000.0,0.31149488691814825,0.0,8120000.0,5566000.0,2813000.0,12916000.0,94046000,3054000.0,0.0,24464000.0,0.20761233928798745,23789000.0,0.2018839903254551,0.0,21410000.0,0.18169474264861882,5529000.0,15881000.0,0.13477319981329824,0.99,0.99,15974533,15974533,https://www.bundesanzeiger.de/pub/de/suche;wwwsid=627BFD7A56A5CB624C47FDDEAB2FC509.web07-pub?0,https://www.bundesanzeiger.de/pub/de/suche;wwwsid=627BFD7A56A5CB624C47FDDEAB2FC509.web07-pub?0,1620598011,18:06:51,20210509
27,2014-03-31,SLL.DE,EUR,2014-03-31,2014-03-31,Q1,112446000.0,76476000,35970000.0,0.31988687903527024,0.0,7998000.0,5501000.0,2375000.0,14095000.0,90571000,2375000.0,0.0,22414000.0,0.19933123454813867,21875000.0,0.19453782259929212,0.0,20039000.0,0.17820998523735837,5581000.0,14458000.0,0.12857727264642585,0.91,0.91,15912239,15912239,https://www.bundesanzeiger.de/pub/de/suche;wwwsid=627BFD7A56A5CB624C47FDDEAB2FC509.web07-pub?0,https://www.bundesanzeiger.de/pub/de/suche;wwwsid=627BFD7A56A5CB624C47FDDEAB2FC509.web07-pub?0,1620598011,18:06:51,20210509
28,2013-12-31,SLL.DE,EUR,2013-12-31,2013-12-31,Q4,13425000.0,73253000,-59828000.0,-4.456461824953445,0.0,5169000.0,4663000.0,1446000.0,12399000.0,85652000,7447000.0,0.0,30540000.0,2.2748603351955308,-72227000.0,-5.380037243947858,0.0,23093000.0,1.7201489757914339,3753000.0,19289000.0,1.4367970204841713,1.2271872263100188,1.2271872263100188,15718058,15718058,https://www.bundesanzeiger.de/pub/de/suche;wwwsid=627BFD7A56A5CB624C47FDDEAB2FC509.web07-pub?0,https://www.bundesanzeiger.de/pub/de/suche;wwwsid=627BFD7A56A5CB624C47FDDEAB2FC509.web07-pub?0,1620598011,18:06:51,20210509
29,2013-09-30,SLL.DE,EUR,2013-09-30,2013-09-30,Q3,113066000.0,77176000,35890000.0,0.31742522066757467,0.0,6380000.0,4861000.0,1938000.0,13035000.0,90211000,1671000.0,0.0,21727000.0,0.19216210001238215,22855000.0,0.20213857393027082,0.0,20056000.0,0.1773831213627439,6169000.0,13699000.0,0.121159322873366,0.86,0.86,15959097,15959097,https://www.bundesanzeiger.de/pub/de/suche;wwwsid=627BFD7A56A5CB624C47FDDEAB2FC509.web07-pub?0,https://www.bundesanzeiger.de/pub/de/suche;wwwsid=627BFD7A56A5CB624C47FDDEAB2FC509.web07-pub?0,1620598011,18:06:51,20210509
30,2013-06-30,SLL.DE,EUR,2013-06-30,2013-06-30,Q2,119605000.0,81057000,38548000.0,0.32229421846912754,0.0,6397000.0,5163000.0,1755000.0,11319000.0,92376000,4014000.0,0.0,31774000.0,0.2656577902261611,27229000.0,0.2276577066176163,0.0,20243000.0,0.1692487772250324,6357000.0,13752000.0,0.11497847079971574,0.86,0.86,15960116,15960116,https://www.bundesanzeiger.de/pub/de/suche;wwwsid=627BFD7A56A5CB624C47FDDEAB2FC509.web07-pub?0,https://www.bundesanzeiger.de/pub/de/suche;wwwsid=627BFD7A56A5CB624C47FDDEAB2FC509.web07-pub?0,1620598011,18:06:51,20210509
31,2013-03-31,SLL.DE,EUR,2013-03-31,2013-03-31,Q1,115801000.0,81894000,33907000.0,0.29280403450747405,0.0,6319000.0,4679000.0,4794000.0,10720000.0,92614000,1492000.0,0.0,22028000.0,0.19022288235852886,23187000.0,0.20023143150749995,0.0,20536000.0,0.17733871037383098,6325000.0,14012000.0,0.12100068220481688,0.88,0.88,15960116,15960116,https://www.bundesanzeiger.de/pub/de/suche;wwwsid=627BFD7A56A5CB624C47FDDEAB2FC509.web07-pub?0,https://www.bundesanzeiger.de/pub/de/suche;wwwsid=627BFD7A56A5CB624C47FDDEAB2FC509.web07-pub?0,1620598011,18:06:51,20210509
32,2012-12-31,SLL.DE,EUR,2012-12-31,2012-12-31,Q4,29399000.0,83601000,-54202000.0,-1.8436681519779585,0.0,6872000.0,5275000.0,0.0,11485000.0,95086000,3793000.0,0.0,30922000.0,1.0518044831456852,-65687000.0,-2.234327698221028,0.0,27129000.0,0.922786489336372,7920000.0,19351000.0,0.6582196673356236,1.2311317339584826,1.2311317339584826,15718058,15718058,https://www.bundesanzeiger.de/pub/de/suche;wwwsid=627BFD7A56A5CB624C47FDDEAB2FC509.web07-pub?0,https://www.bundesanzeiger.de/pub/de/suche;wwwsid=627BFD7A56A5CB624C47FDDEAB2FC509.web07-pub?0,1620598011,18:06:51,20210509
33,2012-09-30,SLL.DE,EUR,2012-09-30,2012-09-30,Q3,130999000.0,86759000,44240000.0,0.3377125016221498,0.0,7020000.0,4799000.0,0.0,12753000.0,99512000,1332000.0,0.0,30525000.0,0.23301704593164832,31487000.0,0.24036061343979725,0.0,29193000.0,0.22284902938190368,9308000.0,19647000.0,0.14997824410873364,1.23,1.23,15960116,15960116,https://www.bundesanzeiger.de/pub/de/suche;wwwsid=627BFD7A56A5CB624C47FDDEAB2FC509.web07-pub?0,https://www.bundesanzeiger.de/pub/de/suche;wwwsid=627BFD7A56A5CB624C47FDDEAB2FC509.web07-pub?0,1620598011,18:06:51,20210509
34,2012-06-30,SLL.DE,EUR,2012-06-30,2012-06-30,Q2,135155000.0,93307000,41848000.0,0.30962968443638783,0.0,6257000.0,4517000.0,0.0,11536000.0,104843000,1422000.0,0.0,29455000.0,0.21793496356035663,30312000.0,0.22427583145277644,0.0,28033000.0,0.20741371018460286,8707000.0,19326000.0,0.14299138026710073,1.2,1.2,15960116,15960116,https://www.bundesanzeiger.de/pub/de/suche;wwwsid=627BFD7A56A5CB624C47FDDEAB2FC509.web07-pub?0,https://www.bundesanzeiger.de/pub/de/suche;wwwsid=627BFD7A56A5CB624C47FDDEAB2FC509.web07-pub?0,1620598011,18:06:51,20210509
35,2012-03-31,SLL.DE,EUR,2012-03-31,2012-03-31,Q1,120567000.0,78687000,41880000.0,0.34735873000074646,0.0,8012000.0,4385000.0,0.0,13752000.0,92439000,1481000.0,0.0,27262000.0,0.22611494024069603,28128000.0,0.23329766851626066,0.0,25781000.0,0.2138313137093898,7957000.0,17824000.0,0.14783481383794903,1.11,1.11,15960116,15960116,https://www.bundesanzeiger.de/pub/de/suche;wwwsid=627BFD7A56A5CB624C47FDDEAB2FC509.web07-pub?0,https://www.bundesanzeiger.de/pub/de/suche;wwwsid=627BFD7A56A5CB624C47FDDEAB2FC509.web07-pub?0,1620598011,18:06:51,20210509
36,2011-12-31,SLL.DE,EUR,2011-12-31,2011-12-31,Q4,114714000.0,77881000,36833000.0,0.3210854821556218,0.0,6845000.0,4019000.0,0.0,9003000.0,86884000,2022000.0,0.0,26072000.0,0.22727827466569034,27830000.0,0.24260334396847813,0.0,24050000.0,0.20965182976794464,7896000.0,16154000.0,0.14081977788238575,1.027735105698172,1.027735105698172,15718058,15718058,https://www.bundesanzeiger.de/pub/de/suche;wwwsid=627BFD7A56A5CB624C47FDDEAB2FC509.web07-pub?0,https://www.bundesanzeiger.de/pub/de/suche;wwwsid=627BFD7A56A5CB624C47FDDEAB2FC509.web07-pub?0,1620598011,18:06:51,20210509
37,2011-09-30,SLL.DE,EUR,2011-09-30,2011-09-30,Q3,99523000.0,68716000,30807000.0,0.3095465369814013,0.0,5127000.0,3979000.0,0.0,8568000.0,77284000,1645000.0,0.0,21123000.0,0.21224239623001717,22239000.0,0.22345588456939602,0.0,19478000.0,0.19571355365091486,5825000.0,13653000.0,0.1371843694422395,0.85,0.85,15690116,15690116,https://www.bundesanzeiger.de/pub/de/suche;wwwsid=627BFD7A56A5CB624C47FDDEAB2FC509.web07-pub?0,https://www.bundesanzeiger.de/pub/de/suche;wwwsid=627BFD7A56A5CB624C47FDDEAB2FC509.web07-pub?0,1620598011,18:06:51,20210509
38,2011-06-30,SLL.DE,EUR,2011-06-30,2011-06-30,Q2,97064000.0,66328000,30736000.0,0.3166570510178851,0.0,5354000.0,3634000.0,0.0,10566000.0,76894000,1587000.0,0.0,18999000.0,0.19573683342948983,20170000.0,0.2078010384900684,0.0,17412000.0,0.17938679634055882,5356000.0,12056000.0,0.1242067089755213,0.74,0.74,15960116,15960116,https://www.bundesanzeiger.de/pub/de/suche;wwwsid=627BFD7A56A5CB624C47FDDEAB2FC509.web07-pub?0,https://www.bundesanzeiger.de/pub/de/suche;wwwsid=627BFD7A56A5CB624C47FDDEAB2FC509.web07-pub?0,1620598011,18:06:51,20210509
39,2011-03-31,SLL.DE,EUR,2011-03-31,2011-03-31,Q1,97348000.0,66640000,30708000.0,0.3154456177836216,0.0,5568000.0,3897000.0,0.0,10748000.0,77388000,1609000.0,0.0,18876000.0,0.19390228869622386,19960000.0,0.20503759707441344,0.0,17267000.0,0.17737395734889264,5698000.0,11569000.0,0.1188416813904754,0.72,0.72,15960116,15960116,https://www.bundesanzeiger.de/pub/de/suche;wwwsid=627BFD7A56A5CB624C47FDDEAB2FC509.web07-pub?0,https://www.bundesanzeiger.de/pub/de/suche;wwwsid=627BFD7A56A5CB624C47FDDEAB2FC509.web07-pub?0,1620598011,18:06:51,20210509
40,2010-12-31,SLL.DE,EUR,2010-12-31,2010-12-31,Q4,92503000.0,60137000,32366000.0,0.349891354874977,0.0,7216000.0,5380000.0,0.0,10058000.0,70195000,1452000.0,0.0,18369000.0,0.19857734343751013,22308000.0,0.24115974617039448,0.0,16917000.0,0.18288055522523594,7031000.0,9886000.0,0.10687220954996055,0.6289581066566875,0.6289581066566875,15718058,15718058,https://www.bundesanzeiger.de/pub/de/suche;wwwsid=627BFD7A56A5CB624C47FDDEAB2FC509.web07-pub?0,https://www.bundesanzeiger.de/pub/de/suche;wwwsid=627BFD7A56A5CB624C47FDDEAB2FC509.web07-pub?0,1620598011,18:06:51,20210509
41,2010-09-30,SLL.DE,EUR,2010-09-30,2010-09-30,Q3,87650000.0,62848000,24802000.0,0.2829663434112949,0.0,5342000.0,2094000.0,0.0,8682000.0,71530000,1326000.0,0.0,15724000.0,0.17939532230462066,16120000.0,0.18391329150028524,0.0,14398000.0,0.16426697090701653,4714000.0,9684000.0,0.11048488305761552,0.61,0.61,15960116,15960116,https://www.bundesanzeiger.de/pub/de/suche;wwwsid=627BFD7A56A5CB624C47FDDEAB2FC509.web07-pub?0,https://www.bundesanzeiger.de/pub/de/suche;wwwsid=627BFD7A56A5CB624C47FDDEAB2FC509.web07-pub?0,1620598011,18:06:51,20210509
42,2010-06-30,SLL.DE,EUR,2010-06-30,2010-06-30,Q2,74012000.0,56281000,17731000.0,0.23956925903907475,0.0,5762000.0,2858000.0,0.0,8389000.0,64670000,1405000.0,0.0,9257000.0,0.12507431227368535,9342000.0,0.1262227746851862,0.0,7852000.0,0.10609090417770091,2543000.0,5309000.0,0.0717316110900935,0.33,0.33,15930116,15930116,https://www.bundesanzeiger.de/pub/de/suche;wwwsid=627BFD7A56A5CB624C47FDDEAB2FC509.web07-pub?0,https://www.bundesanzeiger.de/pub/de/suche;wwwsid=627BFD7A56A5CB624C47FDDEAB2FC509.web07-pub?0,1620598011,18:06:51,20210509
43,2010-03-31,SLL.DE,EUR,2010-03-31,2010-03-31,Q1,53559000.0,43154000,10405000.0,0.19427173770981535,0.0,4095000.0,2466000.0,0.0,5549000.0,48703000,1196000.0,0.0,4887000.0,0.09124516887917997,4856000.0,0.09066636793069326,0.0,3691000.0,0.06891465486659572,1240000.0,2451000.0,0.045762616927127096,0.15,0.15,15906783,15906783,https://www.bundesanzeiger.de/pub/de/suche;wwwsid=627BFD7A56A5CB624C47FDDEAB2FC509.web07-pub?0,https://www.bundesanzeiger.de/pub/de/suche;wwwsid=627BFD7A56A5CB624C47FDDEAB2FC509.web07-pub?0,1620598011,18:06:51,20210509
44,2009-12-31,SLL.DE,EUR,2009-12-31,2009-12-31,Q4,62874000.0,54539000,8335000.0,0.13256672074307344,0.0,3078000.0,2276000.0,0.0,3811000.0,58350000,1032000.0,0.0,5069000.0,0.08062156058148041,4524000.0,0.07195343067086554,0.0,4037000.0,0.06420778064064638,2317000.0,1720000.0,0.02735629990139008,0.10942827669932252,0.10942827669932252,15718058,15718058,https://www.bundesanzeiger.de/pub/de/suche;wwwsid=627BFD7A56A5CB624C47FDDEAB2FC509.web07-pub?0,https://www.bundesanzeiger.de/pub/de/suche;wwwsid=627BFD7A56A5CB624C47FDDEAB2FC509.web07-pub?0,1620598011,18:06:51,20210509
45,2009-09-30,SLL.DE,EUR,2009-09-30,2009-09-30,Q3,51161000.0,41573000,9588000.0,0.1874083774750298,0.0,3895000.0,2205000.0,0.0,6282000.0,47855000,1324000.0,0.0,3430000.0,0.06704325560485526,3306000.0,0.0646195344109771,0.0,2106000.0,0.04116416801860792,675000.0,1431000.0,0.027970524422900257,0.09,0.09,15880116,15880116,https://www.bundesanzeiger.de/pub/de/suche;wwwsid=627BFD7A56A5CB624C47FDDEAB2FC509.web07-pub?0,https://www.bundesanzeiger.de/pub/de/suche;wwwsid=627BFD7A56A5CB624C47FDDEAB2FC509.web07-pub?0,1620598011,18:06:51,20210509
46,2009-06-30,SLL.DE,EUR,2009-06-30,2009-06-30,Q2,56771000.0,45066000,11705000.0,0.2061792112169946,0.0,4293000.0,2479000.0,0.0,7022000.0,52088000,1388000.0,0.0,4779000.0,0.08418030332388016,4683000.0,0.08248929911398425,0.0,3391000.0,0.0597312007891353,991000.0,2400000.0,0.042275105247397436,0.15,0.15,15880116,15880116,https://www.bundesanzeiger.de/pub/de/suche;wwwsid=627BFD7A56A5CB624C47FDDEAB2FC509.web07-pub?0,https://www.bundesanzeiger.de/pub/de/suche;wwwsid=627BFD7A56A5CB624C47FDDEAB2FC509.web07-pub?0,1620598011,18:06:51,20210509
47,2008-12-31,SLL.DE,EUR,2008-12-31,2008-12-31,Q4,107362000.0,74291000,33071000.0,0.3080326372459529,0.0,5032000.0,3179000.0,0.0,-7028000.0,67263000,1583000.0,0.0,23795000.0,0.22163335258285055,40099000.0,0.3734934148022578,0.0,22212000.0,0.20688884335239657,5814000.0,16398000.0,0.15273560477636408,1.0432586519276108,1.0432586519276108,15718058,15718058,https://www.bundesanzeiger.de/pub/de/suche;wwwsid=627BFD7A56A5CB624C47FDDEAB2FC509.web07-pub?0,https://www.bundesanzeiger.de/pub/de/suche;wwwsid=627BFD7A56A5CB624C47FDDEAB2FC509.web07-pub?0,1620598011,18:06:51,20210509
48,2008-09-30,SLL.DE,EUR,2008-09-30,2008-09-30,Q3,95820000.0,66788000,29032000.0,0.3029847630974744,0.0,3972000.0,3062000.0,0.0,6753000.0,73541000,1367000.0,0.0,22517000.0,0.2349926946357754,22279000.0,0.23250887079941557,0.0,21150000.0,0.22072636192861617,6263000.0,14887000.0,0.15536422458776875,0.93,0.93,15950713,15950713,https://www.bundesanzeiger.de/pub/de/suche;wwwsid=627BFD7A56A5CB624C47FDDEAB2FC509.web07-pub?0,https://www.bundesanzeiger.de/pub/de/suche;wwwsid=627BFD7A56A5CB624C47FDDEAB2FC509.web07-pub?0,1620598011,18:06:51,20210509
