,date,symbol,reportedCurrency,fillingDate,acceptedDate,period,revenue,costOfRevenue,grossProfit,grossProfitRatio,researchAndDevelopmentExpenses,generalAndAdministrativeExpenses,sellingAndMarketingExpenses,otherExpenses,operatingExpenses,costAndExpenses,interestExpense,depreciationAndAmortization,ebitda,ebitdaratio,operatingIncome,operatingIncomeRatio,totalOtherIncomeExpensesNet,incomeBeforeTax,incomeBeforeTaxRatio,incomeTaxExpense,netIncome,netIncomeRatio,eps,epsdiluted,weightedAverageShsOut,weightedAverageShsOutDil,link,finalLink,timestamp,est_time,est_date
0,2021-03-31,CLFD,USD,2021-04-28,2021-04-28 10:00:24,Q2,29691934.0,16750354.0,12941580.0,0.435861806778905,0.0,0.0,0.0,0.0,8490120.0,25240474.0,0.0,571543.0,5023003.0,0.16917062391422533,4451460.0,0.15407497537883522,0.0,4574784.0,0.15407497537883522,935000.0,3639784.0,0.1225849417555623,0.27,0.27,13730150.0,13779779.0,https://www.sec.gov/Archives/edgar/data/796505/000117184321002840/0001171843-21-002840-index.htm,https://www.sec.gov/Archives/edgar/data/796505/000117184321002840/f10q_042821p.htm,1620590358,15:59:18,20210509
1,2020-12-31,CLFD,USD,2021-02-03,2021-02-03 10:30:21,Q1,27092147.0,15722902.0,11369245.0,0.4196509416547902,0.0,7655537.0,0.0,0.0,7655537.0,23378439.0,0.0,567718.0,4281426.0,0.15803199355148928,3713708.0,0.13707691752890608,0.0,3847439.0,0.14201307116781847,684000.0,3163439.0,0.11676590268021209,0.23103387809983733,0.23096165057350923,13692533.0,13696815.0,https://www.sec.gov/Archives/edgar/data/796505/000117184321000707/0001171843-21-000707-index.htm,https://www.sec.gov/Archives/edgar/data/796505/000117184321000707/f10q_020321p.htm,1620590358,15:59:18,20210509
2,2020-09-30,CLFD,USD,2020-11-12,2020-11-12 16:48:24,Q4,27317969.0,16072909.0,11245060.0,0.41163601876845235,0.0,7565160.0,0.0,0.0,7565160.0,23638069.0,0.0,597237.0,4277137.0,0.15656863070603821,3679900.0,0.1347062074783085,0.0,3835327.0,0.14039575928942594,785884.0,3049443.0,0.11162773484368475,0.22591888919469652,0.22591888919469652,13497955.0,13497955.0,https://www.sec.gov/Archives/edgar/data/796505/000117184320007946/0001171843-20-007946-index.htm,https://www.sec.gov/Archives/edgar/data/796505/000117184320007946/f10k_111020p.htm,1620590358,15:59:18,20210509
3,2020-06-30,CLFD,USD,2020-07-30,2020-07-30 14:06:28,Q3,25970045.0,15179875.0,10790170.0,0.4154852253817812,0.0,7207157.0,0.0,0.0,7207157.0,22387032.0,0.0,613556.0,4196569.0,0.1615926734050711,3583013.0,0.13796714637960775,0.0,3757568.0,0.1446885440514254,763000.0,2994568.0,0.11530854105181566,0.22,0.22,13497955.0,13497955.0,https://www.sec.gov/Archives/edgar/data/796505/000117184320005401/0001171843-20-005401-index.htm,https://www.sec.gov/Archives/edgar/data/796505/000117184320005401/clfd20200630_10q.htm,1620590358,15:59:18,20210509
4,2020-03-31,CLFD,USD,2020-05-01 00:00:00,2020-05-01 12:01:25,Q2,20408509.0,12257076.0,8151433.0,0.39941345053673444,0.0,7431261.0,0.0,0.0,7431261.0,19688337.0,0.0,603989.0,1324161.0,0.06488278982065765,720172.0,0.03528783018886877,0.0,937897.0,0.045956174456448534,190000.0,747897.0,0.03664633217448663,0.05,0.05,13521172.0,13521172.0,https://www.sec.gov/Archives/edgar/data/796505/000117184320003168/0001171843-20-003168-index.html,https://www.sec.gov/Archives/edgar/data/796505/000117184320003168/f10q_043020p.htm,1620590358,15:59:18,20210509
5,2019-12-31,CLFD,USD,2020-01-29 00:00:00,2020-01-28 19:32:29,Q1,19377991.0,11650456.0,7727535.0,0.39877895494945786,0.0,7326620.0,0.0,0.0,7326620.0,18977076.0,0.0,606972.0,1007887.0,0.05201194489150088,400915.0,0.020689193219255803,0.0,624158.0,0.032209634115321864,123000.0,501158.0,0.025862226894418517,0.037089588038685936,0.03678972878588272,13512094.0,13622226.0,https://www.sec.gov/Archives/edgar/data/796505/000117184320000543/0001171843-20-000543-index.html,https://www.sec.gov/Archives/edgar/data/796505/000117184320000543/f10q_013120p.htm,1620590358,15:59:18,20210509
6,2019-09-30,CLFD,USD,2019-11-15 00:00:00,2019-11-15 13:51:37,Q4,23968423.0,14663868.0,9304555.0,0.38820055036578754,0.0,7126376.0,0.0,0.0,7126376.0,21790244.0,0.0,565015.0,2743194.0,0.1144503332572193,2178179.0,0.09087702599374185,0.0,2399164.0,0.10009686494601668,511437.0,1887727.0,0.0787589154280196,0.14,0.14,13502178.0,13502178.0,https://www.sec.gov/Archives/edgar/data/796505/000117184319007586/0001171843-19-007586-index.html,https://www.sec.gov/Archives/edgar/data/796505/000117184319007586/f10k_111419p.htm,1620590358,15:59:18,20210509
7,2019-06-30,CLFD,USD,2019-08-01,2019-08-01 12:06:41,Q3,21892244.0,13479617.0,8412627.0,0.3842743119435358,0.0,6870994.0,0.0,0.0,6870994.0,20350611.0,0.0,549370.0,2091003.0,0.09551341561879174,1541633.0,0.07041914022153234,0.0,1754527.0,0.08014377146536462,454000.0,1300527.0,0.059405833408397966,0.09672014337933686,0.09668144574752088,13446289.0,13451671.0,https://www.sec.gov/Archives/edgar/data/796505/000117184319005080/f10q_080119p.htm,https://www.sec.gov/Archives/edgar/data/796505/000117184319005080/f10q_080119p.htm,1620590358,15:59:18,20210509
8,2019-03-31,CLFD,USD,2019-05-01 00:00:00,2019-05-01 11:01:12,Q2,19084365.0,12059122.0,7025243.0,0.36811510364636185,0.0,6727744.0,0.0,0.0,6727744.0,18786866.0,0.0,534610.0,832109.0,0.043601607913074394,297499.0,0.015588624510168403,0.0,466942.0,0.024467253691699987,99000.0,367942.0,0.01927976120766921,0.0274128978048493,0.027355851342714895,13422222.0,13450212.0,https://www.sec.gov/Archives/edgar/data/796505/000117184319002798/0001171843-19-002798-index.html,https://www.sec.gov/Archives/edgar/data/796505/000117184319002798/f10q_050119p.htm,1620590358,15:59:18,20210509
9,2018-12-31,CLFD,USD,2019-02-06 00:00:00,2019-02-06 11:01:06,Q1,20089150.0,12142452.0,7946698.0,0.3955716394172974,0.0,6775875.0,0.0,0.0,6775875.0,18918327.0,0.0,529414.0,1700237.0,0.08463459130923906,1170823.0,0.05828136083408208,0.0,1305960.0,0.06500822583334785,296000.0,1009960.0,0.0502739040725964,0.08,0.08,13400383.0,13400383.0,https://www.sec.gov/Archives/edgar/data/796505/000117184319000758/0001171843-19-000758-index.html,https://www.sec.gov/Archives/edgar/data/796505/000117184319000758/f10q_020619p.htm,1620590358,15:59:18,20210509
10,2018-09-30,CLFD,USD,2018-11-14 00:00:00,2018-11-14 15:11:22,Q4,22472985.0,13856487.0,8616498.0,0.38341582126272944,0.0,6069011.0,0.0,0.0,6069011.0,19925498.0,0.0,501085.0,3048572.0,0.13565496528387305,2547487.0,0.11335774931545586,0.0,2672938.0,0.11894005179997227,791405.0,1881533.0,0.08372421376154525,0.14,0.14,13392475.0,13392475.0,https://www.sec.gov/Archives/edgar/data/796505/000117184318007950/0001171843-18-007950-index.html,https://www.sec.gov/Archives/edgar/data/796505/000117184318007950/f10k_111418p.htm,1620590358,15:59:18,20210509
11,2018-06-30,CLFD,USD,2018-08-01 00:00:00,2018-08-01 11:01:26,Q3,21480590.0,12988545.0,8492045.0,0.39533574264021615,0.0,6087362.0,0.0,0.0,6087362.0,19075907.0,0.0,556749.0,2961432.0,0.13786548693494918,2404683.0,0.11194678544676845,0.0,2521232.0,0.11737256751327593,766000.0,1755232.0,0.08171246692944653,0.13,0.13,13430503.0,13430503.0,https://www.sec.gov/Archives/edgar/data/796505/000117184318005600/0001171843-18-005600-index.html,https://www.sec.gov/Archives/edgar/data/796505/000117184318005600/f10q_080118p.htm,1620590358,15:59:18,20210509
12,2018-03-31,CLFD,USD,2018-05-02 00:00:00,2018-05-02 11:01:04,Q2,16830895.0,10051061.0,6779834.0,0.4028207650276471,0.0,7305589.0,0.0,0.0,7305589.0,17356650.0,0.0,553714.0,27959.0,0.001661171316201545,-525755.0,-0.031237495094586475,0.0,-406376.0,-0.024144645902668873,-101000.0,-305376.0,-0.018143776667848027,-0.02,-0.02,13450482.0,13450482.0,https://www.sec.gov/Archives/edgar/data/796505/000117184318003305/0001171843-18-003305-index.html,https://www.sec.gov/Archives/edgar/data/796505/000117184318003305/f10q_050218p.htm,1620590358,15:59:18,20210509
13,2017-12-31,CLFD,USD,2018-01-29 00:00:00,2018-01-29 11:01:03,Q1,16866884.0,9758477.0,7108407.0,0.4214416249023827,0.0,6463971.0,0.0,0.0,6463971.0,16222448.0,0.0,436198.0,1080634.0,0.06406838394098163,644436.0,0.03820717567038464,0.0,740158.0,0.043882319935324154,-203000.0,943158.0,0.0559177379769731,0.07015485409974527,0.06998581299465577,13443945.0,13476417.0,https://www.sec.gov/Archives/edgar/data/796505/000117184318000715/0001171843-18-000715-index.html,https://www.sec.gov/Archives/edgar/data/796505/000117184318000715/f10q_012918p.htm,1620590358,15:59:18,20210509
14,2017-09-30,CLFD,USD,2017-11-15 00:00:00,2017-11-15 13:01:09,Q4,18418389.0,10742914.0,7675475.0,0.4167289006655251,0.0,6157981.0,0.0,0.0,6157981.0,16900895.0,0.0,416325.0,1933819.0,0.1049939275362248,1517494.0,0.08239015909589052,0.0,1605046.0,0.08714366929702701,344974.0,1260072.0,0.06841380101158684,0.09,0.09,13451279.0,13451279.0,https://www.sec.gov/Archives/edgar/data/796505/000117184317007043/0001171843-17-007043-index.html,https://www.sec.gov/Archives/edgar/data/796505/000117184317007043/f10k_111517p.htm,1620590358,15:59:18,20210509
15,2017-06-30,CLFD,USD,2017-07-31 00:00:00,2017-07-31 11:01:03,Q3,19611297.0,11674047.0,7937250.0,0.4047284582962565,0.0,6614693.0,0.0,0.0,6614693.0,18288740.0,0.0,405633.0,1728190.0,0.08812216754455353,1322557.0,0.067438527905625,0.0,1396316.0,0.07119957440856665,593000.0,803316.0,0.040961900684080205,0.059404758867553246,0.0590735122235539,13522755.0,13598582.0,https://www.sec.gov/Archives/edgar/data/796505/000117184317004460/0001171843-17-004460-index.html,https://www.sec.gov/Archives/edgar/data/796505/000117184317004460/f10q_073117p.htm,1620590358,15:59:18,20210509
16,2017-03-31,CLFD,USD,2017-05-04 00:00:00,2017-05-04 10:01:04,Q2,17651771.0,10208957.0,7442814.0,0.42164687044716365,0.0,6162178.0,0.0,0.0,6162178.0,16371135.0,0.0,411511.0,1692147.0,0.09586273241364847,1280636.0,0.07255000079028898,0.0,1340521.0,0.07594257822628675,433000.0,907521.0,0.05141246167310917,0.0667829656822975,0.06574477837350386,13589109.0,13803697.0,https://www.sec.gov/Archives/edgar/data/796505/000117184317002642/0001171843-17-002642-index.html,https://www.sec.gov/Archives/edgar/data/796505/000117184317002642/f10q_050417p.htm,1620590358,15:59:18,20210509
17,2016-12-31,CLFD,USD,2017-02-07 00:00:00,2017-02-07 11:01:03,Q1,18266162.0,11057442.0,7208720.0,0.39464885945936534,0.0,6017524.0,0.0,0.0,6017524.0,17074966.0,0.0,388625.0,1579821.0,0.08648894058861407,1191196.0,0.06521326154886833,0.0,1243930.0,0.06810023911974503,367000.0,876930.0,0.04800844315297324,0.06463468097695932,0.06358807647972092,13567484.0,13790793.0,https://www.sec.gov/Archives/edgar/data/796505/000117184317000709/0001171843-17-000709-index.html,https://www.sec.gov/Archives/edgar/data/796505/000117184317000709/f10q_020717p.htm,1620590358,15:59:18,20210509
18,2016-09-30,CLFD,USD,2016-11-22 00:00:00,2016-11-22 14:40:37,Q4,21052104.0,11479298.0,9572806.0,0.4547196802751877,0.0,6426237.0,0.0,0.0,6426237.0,17905535.0,0.0,380905.0,3527474.0,0.1675592140339037,3146569.0,0.1494657731122742,0.0,3189655.0,0.1515124094009796,281000.0,2908655.0,0.1381645749042471,0.2155432608619937,0.2124799630420717,13494530.0,13689079.0,https://www.sec.gov/Archives/edgar/data/796505/000117184316013350/0001171843-16-013350-index.html,https://www.sec.gov/Archives/edgar/data/796505/000117184316013350/f10k_112216p.htm,1620590358,15:59:18,20210509
19,2016-06-30,CLFD,USD,2016-08-03,2016-08-03 11:01:03,Q3,21598720.0,12258523.0,9340197.0,0.4324421539794951,0.0,5878352.0,0.0,0.0,5878352.0,18136875.0,0.0,362121.0,3823966.0,0.17704595457508593,3461845.0,0.1602800999318478,0.0,3503453.0,0.16220651038580064,1221032.0,2282421.0,0.10567390104598791,0.17,0.16,13397509.0,13806928.0,https://www.sec.gov/Archives/edgar/data/796505/000117184316011454/f10q_080316p.htm,https://www.sec.gov/Archives/edgar/data/796505/000117184316011454/f10q_080316p.htm,1620590358,15:59:18,20210509
20,2016-03-31,CLFD,USD,2016-05-04 00:00:00,2016-05-04 11:01:04,Q2,16947187.0,9666738.0,7280449.0,0.4295963099952812,0.0,5136952.0,0.0,0.0,5136952.0,14803690.0,0.0,357427.0,2500924.0,0.14757162943915117,2143497.0,0.12648099062103935,0.0,2182666.0,0.12879222964849565,744000.0,1438666.0,0.08489113857066663,0.1080957573572709,0.10592594065150374,13309181.0,13581810.0,https://www.sec.gov/Archives/edgar/data/796505/000117184316009660/0001171843-16-009660-index.html,https://www.sec.gov/Archives/edgar/data/796505/000117184316009660/f10q_050416p.htm,1620590358,15:59:18,20210509
21,2015-12-31,CLFD,USD,2016-02-03 00:00:00,2016-02-03 11:01:00,Q1,15689715.0,9012919.0,6676796.0,0.42555240805840006,0.0,4697015.0,0.0,0.0,4697015.0,13709934.0,0.0,348749.0,2328530.0,0.1484112362780331,1979781.0,0.1261833627953089,0.0,2013320.0,0.12832100519352965,630000.0,1383320.0,0.0881673121532163,0.10409763077278035,0.10190080972882681,13288679.0,13575162.0,https://www.sec.gov/Archives/edgar/data/796505/000117184316007596/0001171843-16-007596-index.html,https://www.sec.gov/Archives/edgar/data/796505/000117184316007596/f10q_020316p.htm,1620590358,15:59:18,20210509
22,2015-09-30,CLFD,USD,2015-11-25 00:00:00,2015-11-25 12:01:03,Q4,15770602.0,9195340.0,6575262.0,0.4169315794032466,0.0,4555533.0,0.0,0.0,4555533.0,13750873.0,0.0,345391.0,2365120.0,0.14997017869070567,2019729.0,0.12806923920849692,0.0,2050312.0,0.13000848033575382,679238.0,1371074.0,0.08693859625650308,0.10347889963262068,0.10076638585401554,13249793.0,13606462.0,https://www.sec.gov/Archives/edgar/data/796505/000117184315006549/0001171843-15-006549-index.html,https://www.sec.gov/Archives/edgar/data/796505/000117184315006549/gff10k_112515p.htm,1620590358,15:59:18,20210509
23,2015-06-30,CLFD,USD,2015-07-29 00:00:00,2015-07-29 10:30:51,Q3,18195911.0,10399171.0,7796740.0,0.4284885763620189,0.0,4845764.0,0.0,0.0,4845764.0,15244935.0,0.0,324910.0,3275886.0,0.18003418460334303,2950976.0,0.16217797504065612,0.0,2975900.0,0.16354773333415404,1023000.0,1952900.0,0.10732631083983649,0.15,0.14,13200121.0,13614949.0,https://www.sec.gov/Archives/edgar/data/796505/000117184315004151/0001171843-15-004151-index.html,https://www.sec.gov/Archives/edgar/data/796505/000117184315004151/gff10q_072915.htm,1620590358,15:59:18,20210509
24,2015-03-31,CLFD,USD,2015-04-29 00:00:00,2015-04-29 11:00:26,Q2,12370784.0,7617347.0,4753437.0,0.3842470291292775,0.0,4289304.0,0.0,0.0,4289304.0,11906651.0,0.0,315882.0,780015.0,0.06305299647944707,464133.0,0.03751847902283315,0.0,488661.0,0.03950121512104649,200000.0,288661.0,0.023334091032548947,0.02188278973748779,0.021308785720845096,13191234.0,13546572.0,https://www.sec.gov/Archives/edgar/data/796505/000117184315002291/0001171843-15-002291-index.html,https://www.sec.gov/Archives/edgar/data/796505/000117184315002291/f10q_042915.htm,1620590358,15:59:18,20210509
25,2014-12-31,CLFD,USD,2015-02-04,2015-02-04 12:43:11,Q1,13986620.0,8244106.0,5742514.0,0.4105719609169335,0.0,4125997.0,0.0,0.0,4125997.0,12370103.0,0.0,229900.0,1846417.0,0.1320130953725775,1616517.0,0.11557595759375747,0.0,1642373.0,0.11742458149288391,573000.0,1069373.0,0.07645685662440246,0.08087720784318471,0.07873785640014154,13222180.0,13581434.0,https://www.sec.gov/Archives/edgar/data/796505/000117184314005701/f10k_112614.htm,https://www.sec.gov/Archives/edgar/data/796505/000117184314005701/f10k_112614.htm,1620590358,15:59:18,20210509
26,2014-09-30,CLFD,USD,2014-11-26 00:00:00,2014-11-26 10:46:08,Q4,14320881.0,8423776.0,5897105.0,0.4117836744820378,0.0,4225453.0,0.0,0.0,4225453.0,12649229.0,0.0,207707.0,1879359.0,0.13123207992580904,1671652.0,0.1167282934618338,0.0,1697358.0,0.11852329476098572,647978.0,1049380.0,0.07327621813211073,0.07961556194491763,0.07662342308925185,13180589.0,13695290.0,https://www.sec.gov/Archives/edgar/data/796505/000117184314005701/0001171843-14-005701-index.html,https://www.sec.gov/Archives/edgar/data/796505/000117184314005701/f10k_112614.htm,1620590358,15:59:18,20210509
27,2014-06-30,CLFD,USD,2014-07-29 00:00:00,2014-07-29 12:36:21,Q3,14362934.0,8319481.0,6043453.0,0.42076730283659314,0.0,4185157.0,0.0,0.0,4185157.0,12504638.0,0.0,182327.0,2040623.0,0.14207563719223384,1858296.0,0.12938136455963664,0.0,1883840.0,0.13115983127124306,709000.0,1174840.0,0.0817966579808833,0.09,0.08,13045913.0,13547948.0,https://www.sec.gov/Archives/edgar/data/796505/000117184314003497/0001171843-14-003497-index.html,https://www.sec.gov/Archives/edgar/data/796505/000117184314003497/f10q_072914.htm,1620590358,15:59:18,20210509
28,2014-03-31,CLFD,USD,2014-04-29 00:00:00,2014-04-29 11:00:43,Q2,13213855.0,7493292.0,5720563.0,0.4329215811736999,0.0,3805011.0,0.0,0.0,3805011.0,11298303.0,0.0,157925.0,2073477.0,0.15691688761530984,1915552.0,0.14496541698088863,0.0,1940305.0,0.14683867803907338,714000.0,1226305.0,0.09280448438400452,0.09620414494374477,0.09008147701580081,12746904.0,13613287.0,https://www.sec.gov/Archives/edgar/data/796505/000117184314001945/0001171843-14-001945-index.html,https://www.sec.gov/Archives/edgar/data/796505/000117184314001945/f10q_050114.htm,1620590358,15:59:18,20210509
29,2013-12-31,CLFD,USD,2014-01-30,2014-01-30 11:00:38,Q1,16147622.0,9209977.0,6937645.0,0.42963880378175806,0.0,3865019.0,0.0,0.0,3865019.0,13074996.0,0.0,151910.0,3224536.0,0.19969107525553917,3072626.0,0.19028349809030703,0.0,3092326.0,0.19150349196928193,1110000.0,1982326.0,0.12276272010826114,0.16,0.15,12689412.0,13544424.0,https://www.sec.gov/Archives/edgar/data/796505/000117184313004762/f10k_112113.htm,https://www.sec.gov/Archives/edgar/data/796505/000117184313004762/f10k_112113.htm,1620590358,15:59:18,20210509
30,2013-09-30,CLFD,USD,2013-11-21 00:00:00,2013-11-21 16:14:29,Q4,19038581.0,10817711.0,8220870.0,0.43180056328777866,0.0,4407560.0,0.0,0.0,4407560.0,15225271.0,0.0,114931.0,3928241.0,0.20633055583291632,3813310.0,0.20029381391396764,0.0,3835539.0,0.2014613904261037,1339171.0,2496368.0,0.1311215368414274,0.2,0.19,12615258.0,13384401.0,https://www.sec.gov/Archives/edgar/data/796505/000117184313004762/0001171843-13-004762-index.html,https://www.sec.gov/Archives/edgar/data/796505/000117184313004762/f10k_112113.htm,1620590358,15:59:18,20210509
31,2013-06-30,CLFD,USD,2013-08-08 00:00:00,2013-08-08 15:19:18,Q3,13534769.0,7905646.0,5629123.0,0.41590092893347497,0.0,3832889.0,0.0,0.0,3832889.0,11738535.0,0.0,122355.0,1918589.0,0.14175262244963324,1796234.0,0.13271257159985517,0.0,1817988.0,0.13431983951850232,671001.0,1146987.0,0.08474374405651106,0.09166301448947357,0.08685467269047627,12513084.0,13205818.0,https://www.sec.gov/Archives/edgar/data/796505/000117184313003290/0001171843-13-003290-index.html,https://www.sec.gov/Archives/edgar/data/796505/000117184313003290/f10q_080813.htm,1620590358,15:59:18,20210509
32,2013-03-31,CLFD,USD,2013-05-03 00:00:00,2013-05-03 11:00:47,Q2,10514368.0,6299043.0,4215325.0,0.40091092493623964,0.0,3265883.0,0.0,0.0,3265883.0,9564926.0,0.0,117889.0,1067331.0,0.10151166480001461,949442.0,0.0902994835257811,0.0,972278.0,0.0924713687023319,427000.0,545278.0,0.051860273484816206,0.05,0.04,12503434.0,12926560.0,https://www.sec.gov/Archives/edgar/data/796505/000117184313001768/0001171843-13-001768-index.html,https://www.sec.gov/Archives/edgar/data/796505/000117184313001768/f10q_050313.htm,1620590358,15:59:18,20210509
33,2012-12-31,CLFD,USD,2013-01-31 00:00:00,2013-01-31 09:00:33,Q1,10265362.0,6341102.0,3924260.0,0.38228169644674975,0.0,3038511.0,0.0,0.0,3038511.0,9379613.0,0.0,121225.0,1006974.0,0.09809434874288896,885749.0,0.08628521819298725,0.0,911211.0,0.08876559832960591,366000.0,545211.0,0.053111716859083974,0.04370017953422095,0.04260022062281016,12476173.0,12798314.0,https://www.sec.gov/Archives/edgar/data/796505/000117184313000342/0001171843-13-000342-index.html,https://www.sec.gov/Archives/edgar/data/796505/000117184313000342/f10q_013113.htm,1620590358,15:59:18,20210509
34,2012-09-30,CLFD,USD,2012-12-04 00:00:00,2012-12-04 17:19:05,Q4,10402913.0,6187674.0,4215239.0,0.4051979479209333,0.0,2867453.0,0.0,0.0,2867453.0,9055127.0,0.0,105151.0,1452937.0,0.13966636075876054,1347786.0,0.12955851884947994,0.0,1348732.0,0.1296494549170987,-3478976.0,4827708.0,0.46407270732726497,0.39,0.37,12465774.0,12978835.0,https://www.sec.gov/Archives/edgar/data/796505/000117184312004374/0001171843-12-004374-index.html,https://www.sec.gov/Archives/edgar/data/796505/000117184312004374/f10k_113012.htm,1620590358,15:59:18,20210509
35,2012-06-30,CLFD,USD,2012-07-31 00:00:00,2012-07-31 13:36:50,Q3,10793755.0,6236984.0,4556771.0,0.42216735510487313,0.0,2774253.0,0.0,0.0,2774253.0,9011237.0,0.0,102820.0,1885338.0,0.17466933425855968,1782518.0,0.16514345563707902,0.0,1806396.0,0.1673556607501282,64436.0,1741960.0,0.16138591250218298,0.14061488701875224,0.13748263669655258,12388162.0,12670400.0,https://www.sec.gov/Archives/edgar/data/796505/000117184312002817/0001171843-12-002817-index.html,https://www.sec.gov/Archives/edgar/data/796505/000117184312002817/f10q_073112.htm,1620590358,15:59:18,20210509
36,2012-03-31,CLFD,USD,2012-05-04,2012-05-04 15:00:47,Q2,7112097.0,4392668.0,2719429.0,0.3823666915679018,0.0,2572375.0,0.0,0.0,2572375.0,6965043.0,0.0,100713.0,247767.0,0.03483740449546737,147054.0,0.02067660213295741,0.0,173417.0,0.0243833850972505,41490.0,131927.0,0.018549662638178303,0.010698162401035896,0.010314668256213022,12331744.0,12790232.0,https://www.sec.gov/Archives/edgar/data/796505/000117184312001686/f10q_050412.htm,https://www.sec.gov/Archives/edgar/data/796505/000117184312001686/f10q_050412.htm,1620590358,15:59:18,20210509
37,2011-12-31,CLFD,USD,2012-01-27 00:00:00,2012-01-27 11:28:31,Q1,9165201.0,5370919.0,3794282.0,0.41398786562345985,0.0,2773114.0,0.0,0.0,2773114.0,8144033.0,0.0,96081.0,1117249.0,0.1219011999845939,1021168.0,0.11141796017348665,0.0,1048350.0,0.11438374346618257,48751.0,999599.0,0.109064602074739,0.08127115828752815,0.07854596778496299,12299554.0,12726293.0,https://www.sec.gov/Archives/edgar/data/796505/000117184312000261/0001171843-12-000261-index.html,https://www.sec.gov/Archives/edgar/data/796505/000117184312000261/f10q_012712.htm,1620590358,15:59:18,20210509
38,2011-09-30,CLFD,USD,2011-11-30 00:00:00,2011-11-30 16:46:00,Q4,10701634.0,6221719.0,4479915.0,0.4186197173254103,0.0,3082316.0,0.0,0.0,3126668.0,9348387.0,0.0,92083.0,1445330.0,0.13505694550944278,1353247.0,0.12645237166585963,44173.0,1423950.0,0.13305911975685208,-2432021.0,3855971.0,0.36031609752305116,0.3135049449760536,0.3135049449760536,12299554.0,12299554.0,https://www.sec.gov/Archives/edgar/data/796505/000117184311003637/0001171843-11-003637-index.html,https://www.sec.gov/Archives/edgar/data/796505/000117184311003637/f10k_113011.htm,1620590358,15:59:18,20210509
39,2011-06-30,CLFD,USD,2011-07-29 00:00:00,2011-07-29 11:00:58,Q3,10124665.0,5805914.0,4318751.0,0.4265574218998851,0.0,3076388.0,0.0,0.0,3032036.0,8837950.0,0.0,76078.0,1362793.0,0.13460129298105172,1286715.0,0.12708716782234275,10000.0,1323319.0,0.1307024973171952,45489.0,1277830.0,0.12620960792283004,0.11,0.1,12097670.0,12829497.0,https://www.sec.gov/Archives/edgar/data/796505/000117184311002230/0001171843-11-002230-index.html,https://www.sec.gov/Archives/edgar/data/796505/000117184311002230/f10q_072911.htm,1620590358,15:59:18,20210509
40,2011-03-31,CLFD,USD,2011-04-29 00:00:00,2011-04-29 11:00:39,Q2,7119564.0,4225825.0,2893739.0,0.40644890614088164,0.0,2368299.0,0.0,0.0,2368299.0,6594124.0,0.0,85105.0,610545.0,0.08575595359491114,525440.0,0.0738022721616099,15000.0,567393.0,0.07969490828370951,34906.0,532487.0,0.07479207996444726,0.04419726755446274,0.04173992234538783,12047962.0,12757259.0,https://www.sec.gov/Archives/edgar/data/796505/000117184311001198/0001171843-11-001198-index.html,https://www.sec.gov/Archives/edgar/data/796505/000117184311001198/f10q_042911.htm,1620590358,15:59:18,20210509
41,2010-12-31,CLFD,USD,2011-02-01,2011-02-01 08:30:26,Q1,7246669.0,4280716.0,2965953.0,0.4092850108097941,0.0,2459319.0,0.0,0.0,2459319.0,6740035.0,0.0,105236.0,611870.0,0.08443465542582392,506634.0,0.06991267298120005,500.0,536642.0,0.07405361001033717,35484.0,501158.0,0.06915701545082299,0.04169614359052353,0.039680147408424564,12019289.0,12629943.0,https://www.sec.gov/Archives/edgar/data/796505/000117184310002478/f10k_111810.htm,https://www.sec.gov/Archives/edgar/data/796505/000117184310002478/f10k_111810.htm,1620590358,15:59:18,20210509
42,2010-09-30,CLFD,USD,2010-11-18 00:00:00,2010-11-18 16:30:49,Q4,7921129.0,4821875.0,3099254.0,0.3912641745892536,0.0,2267208.0,0.0,0.0,2267208.0,7089083.0,0.0,134822.0,966868.0,0.12206189294480622,832046.0,0.10504133943532544,501.0,863891.0,0.10906159967853067,43899.0,819992.0,0.10351958666498172,0.06822300387319083,0.06822300387319083,12019289.0,12019289.0,https://www.sec.gov/Archives/edgar/data/796505/000117184310002478/0001171843-10-002478-index.html,https://www.sec.gov/Archives/edgar/data/796505/000117184310002478/f10k_111810.htm,1620590358,15:59:18,20210509
43,2010-06-30,CLFD,USD,2010-08-03 00:00:00,2010-08-03 12:00:39,Q3,6778193.0,4174998.0,2603195.0,0.3840544227642972,0.0,1992576.0,0.0,0.0,1992576.0,6167574.0,0.0,126595.0,737214.0,0.1087626156410713,610619.0,0.09008580900543847,11498.0,658608.0,0.09716571953616547,29595.0,629013.0,0.09279951161024774,0.05243815281128966,0.05057247420435022,11995331.0,12437853.0,https://www.sec.gov/Archives/edgar/data/796505/000117184310001509/0001171843-10-001509-index.html,https://www.sec.gov/Archives/edgar/data/796505/000117184310001509/f10q_080310.htm,1620590358,15:59:18,20210509
44,2010-03-31,CLFD,USD,2010-05-04 00:00:00,2010-05-04 11:00:27,Q2,4724766.0,2991390.0,1733376.0,0.366870232303568,0.0,1864722.0,0.0,0.0,1864722.0,4856112.0,236.0,122172.0,-9174.0,-0.001941683461149187,-131346.0,-0.027799471973850135,9837.0,-84167.0,-0.01781400391045821,24203.0,-108370.0,-0.022936585642548222,-0.01,-0.01,11991544.0,11991544.0,https://www.sec.gov/Archives/edgar/data/796505/000115752310002706/0001157523-10-002706-index.html,https://www.sec.gov/Archives/edgar/data/796505/000115752310002706/a6272504.htm,1620590358,15:59:18,20210509
45,2009-12-31,CLFD,USD,2010-02-04 00:00:00,2010-02-04 15:53:50,Q1,4942667.0,3240959.0,1701708.0,0.3442894291685036,0.0,1889615.0,0.0,0.0,1889615.0,5130574.0,584.0,114425.0,-73482.0,-0.014866872479978926,-187907.0,-0.038017329510565856,14515.0,-135920.0,-0.027499323745662007,23761.0,-159681.0,-0.03230664740311253,-0.01,-0.01,11977266.0,11977266.0,https://www.sec.gov/Archives/edgar/data/796505/000115752310000644/0001157523-10-000644-index.html,https://www.sec.gov/Archives/edgar/data/796505/000115752310000644/a6168498.htm,1620590358,15:59:18,20210509
46,2009-09-30,CLFD,USD,2009-12-18 00:00:00,2009-12-18 14:17:22,Q4,6618907.0,4264713.0,2354194.0,0.35567715334268935,0.0,1991493.0,0.0,0.0,2022637.0,6287350.0,925.0,110685.0,442242.0,0.06681495902571224,331557.0,0.050092409517160465,5992.0,377788.0,0.05707709747243767,-2471565.0,2849353.0,0.43048693689154416,0.23789677878073343,0.23789677878073343,11977266.0,11977266.0,https://www.sec.gov/Archives/edgar/data/796505/000115752309008672/0001157523-09-008672-index.html,https://www.sec.gov/Archives/edgar/data/796505/000115752309008672/a6123837.htm,1620590358,15:59:18,20210509
47,2009-06-30,CLFD,USD,2009-08-10 00:00:00,2009-08-10 14:15:05,Q3,7160039.0,4475573.0,2684466.0,0.37492337681400895,0.0,2142074.0,0.0,0.0,2142074.0,6617647.0,1260.0,107181.0,649573.0,0.09072199187741854,542392.0,0.07575266000646086,48243.0,624139.0,0.08716977658920573,37119.0,587020.0,0.08198558695001522,0.049171851104666216,0.04914185094721248,11938131.0,11945419.0,https://www.sec.gov/Archives/edgar/data/796505/000115752309005836/0001157523-09-005836-index.html,https://www.sec.gov/Archives/edgar/data/796505/000115752309005836/a6026207.htm,1620590358,15:59:18,20210509
48,2009-03-31,CLFD,USD,2009-05-11 00:00:00,2009-05-11 11:30:28,Q2,5232604.0,3414452.0,1818152.0,0.34746600354240453,0.0,1689950.0,0.0,0.0,1689950.0,5104402.0,1585.0,107918.0,236120.0,0.04512476006210292,128202.0,0.02450061193241453,13931.0,157792.0,0.030155540147888127,26743.0,131049.0,0.025044700497113864,0.01,0.01,11938131.0,11938131.0,https://www.sec.gov/Archives/edgar/data/796505/000115752309003697/0001157523-09-003697-index.html,https://www.sec.gov/Archives/edgar/data/796505/000115752309003697/a5960877.htm,1620590358,15:59:18,20210509
49,2008-12-31,CLFD,USD,2009-02-09 00:00:00,2009-02-09 14:30:40,Q1,5933287.0,3919079.0,2014208.0,0.3394759093905284,0.0,1804978.0,0.0,0.0,1804978.0,5724057.0,0.0,108715.0,317945.0,0.05358665441263839,209230.0,0.03526375852036148,13644.0,252718.0,0.04259325395855619,35231.0,217487.0,0.03665539860114638,0.02,0.02,11938131.0,11938131.0,https://www.sec.gov/Archives/edgar/data/796505/000115752309001001/0001157523-09-001001-index.html,https://www.sec.gov/Archives/edgar/data/796505/000115752309001001/a5891495.txt,1620590358,15:59:18,20210509
50,2008-09-30,CLFD,USD,2008-12-22 00:00:00,2008-12-22 12:03:25,Q4,7188484.0,4659503.0,2528981.0,0.3518100617598926,0.0,1813598.0,0.0,0.0,1813598.0,6473101.0,0.0,105278.0,820661.0,0.11416329228805407,715383.0,0.09951792338968829,12799.0,777015.0,0.10809163656759896,22355.0,754660.0,0.10498180144798264,0.06321425020382168,0.06321425020382168,11938131.0,11938131.0,https://www.sec.gov/Archives/edgar/data/796505/000115752308010045/0001157523-08-010045-index.html,https://www.sec.gov/Archives/edgar/data/796505/000115752308010045/a5858482.htm,1620590358,15:59:18,20210509
51,2008-06-30,CLFD,USD,2008-08-12,2008-08-11 18:15:35,Q3,6165379.0,4057560.0,2107819.0,0.34187987470032255,0.0,1897625.0,0.0,0.0,1897625.0,5955185.0,0.0,127713.0,337907.0,0.05480717406018348,210194.0,0.03409263242373259,13681.0,271265.0,0.043998106199148505,22371.0,248894.0,0.04036961880202336,0.02,0.02,11872331.0,11872331.0,https://www.sec.gov/Archives/edgar/data/796505/000115752308006730/a5753505.htm,https://www.sec.gov/Archives/edgar/data/796505/000115752308006730/a5753505.htm,1620590358,15:59:18,20210509
52,2008-03-31,CLFD,USD,2008-05-12,2008-05-12 17:25:58,Q2,5442493.0,3676929.0,1765564.0,0.3244035408038191,0.0,1721252.0,0.0,0.0,1721252.0,5398181.0,0.0,144754.0,189066.0,0.03473885956307156,44312.0,0.008141857049701304,15984.0,136745.0,0.025125434244931504,21407.0,115338.0,0.021192126475863174,0.01,0.01,11872331.0,11872331.0,https://www.sec.gov/Archives/edgar/data/796505/000115752308004189/a5682983.htm,https://www.sec.gov/Archives/edgar/data/796505/000115752308004189/a5682983.htm,1620590358,15:59:18,20210509
53,2007-12-31,CLFD,USD,2008-02-13,2008-02-13 16:45:11,Q1,4697440.0,3247969.0,1449471.0,0.3085661551823972,0.0,1422459.0,0.0,0.0,1422459.0,4670428.0,0.0,120673.0,147685.0,0.031439464900030654,27012.0,0.005750366156885452,13417.0,125099.0,0.026631314077454955,27170.0,395368.0,0.08416669505092135,0.03,0.03,11872331.0,11872331.0,https://www.sec.gov/Archives/edgar/data/796505/000114036108003928/form10qsb.htm,https://www.sec.gov/Archives/edgar/data/796505/000114036108003928/form10qsb.htm,1620590358,15:59:18,20210509
54,2007-09-30,CLFD,USD,2007-12-21,2007-12-21 17:28:38,Q4,5390000.0,3620000.0,1770000.0,0.32838589981447125,0.0,1710000.0,0.0,-30754000.0,1700000.0000000002,5320000.0,3430000.0,90000.0,160000.0,0.029684601113172542,70000.0,0.012987012987012988,0.0,150000.0,0.027829313543599257,30000.0,120000.0,0.022263450834879406,0.01011,0.01011,11870000.0,11870000.0,https://www.sec.gov/Archives/edgar/data/796505/000114036107025089/form10ksb.htm,https://www.sec.gov/Archives/edgar/data/796505/000114036107025089/form10ksb.htm,1620590358,15:59:18,20210509
55,2007-06-30,CLFD,USD,2007-08-14,2007-08-14 15:37:41,Q3,4907046.0,3456901.0,1450145.0,0.29552300915866697,0.0,1977583.0,0.0,0.0,1977583.0,5434484.0,0.0,123603.0,-403835.0,-0.0822969664437627,-527438.0,-0.1074858479011609,0.0,-444568.0,-0.09059788720138348,24370.0,-1409939.0,-0.2873294849895436,-0.12,-0.12,11872331.0,11872331.0,https://www.sec.gov/Archives/edgar/data/796505/000114036107012813/form10-k.htm,https://www.sec.gov/Archives/edgar/data/796505/000114036107012813/form10-k.htm,1620590358,15:59:18,20210509
56,2007-03-31,CLFD,USD,2007-06-22 00:00:00,2007-06-22 13:32:46,Q2,4287331.0,3388773.0,898558.0,0.20958447108469117,78912.0,1644457.0,0.0,0.0,2494202.0,5882975.0,0.0,216951.0,-1378693.0,-0.32157372500513726,-1595644.0,-0.37217653593809297,-770833.0,-1512754.0,-0.35284282925671007,-307263.0,-1205491.0,-0.2811751646887073,-0.10153785301302667,-0.10153785301302667,11872331.0,11872331.0,https://www.sec.gov/Archives/edgar/data/796505/000114036107012813/0001140361-07-012813-index.html,https://www.sec.gov/Archives/edgar/data/796505/000114036107012813/form10-k.htm,1620590358,15:59:18,20210509
57,2006-12-31,CLFD,USD,2007-02-13,2007-02-13 13:19:06,Q1,4429117.0,3204504.0,1224613.0,0.27649145416569487,105624.0,1624576.0,0.0,0.0,1726141.0,4930645.0,0.0,137652.0,-363876.0,-0.08215542736848,-501528.0,-0.11323430832827401,4248.0,-402848.0,-0.09095447241515633,26520.0,-429368.0,-0.09694212187214743,-0.04,-0.04,11872331.0,11872331.0,https://www.sec.gov/Archives/edgar/data/796505/000114036107003201/form10-q.htm,https://www.sec.gov/Archives/edgar/data/796505/000114036107003201/form10-q.htm,1620590358,15:59:18,20210509
58,2006-09-30,CLFD,USD,2006-11-09,2006-11-09 14:47:02,Q4,4817813.0,3458236.0,1359577.0,0.2821979599457264,135205.0,1696482.0,0.0,0.0,1825189.0,5283425.0,0.0,142380.0,-323232.0,-0.06709102242033886,-465612.0,-0.0966438506434351,95947.0,-376163.0,-0.07807754265265174,24270.0,-400433.0,-0.0831150980745828,-0.03,-0.03,11872331.0,11872331.0,https://www.sec.gov/Archives/edgar/data/796505/000114036106015841/form10q.htm,https://www.sec.gov/Archives/edgar/data/796505/000114036106015841/form10q.htm,1620590358,15:59:18,20210509
59,2006-06-30,CLFD,USD,2006-08-10,2006-08-10 11:07:04,Q3,5025917.0,3695930.0,1329987.0,0.2646257389447538,153787.0,1713003.0,0.0,0.0,1521790.0,5217720.0,0.0,154416.0,-37387.0,-0.00743884150892265,-191803.0,-0.038162787009813334,443765.0,-93038.0,-0.018511646730337967,18980.0,-112018.0,-0.022288072007556035,-0.01,-0.01,11872331.0,11872331.0,https://www.sec.gov/Archives/edgar/data/796505/000114036106009572/form10-k.htm,https://www.sec.gov/Archives/edgar/data/796505/000114036106009572/form10-k.htm,1620590358,15:59:18,20210509
60,2006-03-31,CLFD,USD,2006-06-28,2006-06-28 11:07:46,Q2,3756715.0,2893124.0,863591.0,0.22987929614037797,428681.0,1577079.0,0.0,0.0,807465.0,3700589.0,0.0,254933.0,311059.0,0.08280079803764726,56126.0,0.014940180450207162,1296862.0,154693.0,0.04117773107621952,273121.0,-118428.0,-0.031524350396556565,-0.009975126198890513,-0.009975126198890513,11872331.0,11872331.0,https://www.sec.gov/Archives/edgar/data/796505/000114036106009572/form10-k.htm,https://www.sec.gov/Archives/edgar/data/796505/000114036106009572/form10-k.htm,1620590358,15:59:18,20210509
61,2005-12-31,CLFD,USD,2006-02-14,2006-02-14 14:47:38,Q1,4379192.0,3354859.0,1024333.0,0.23390913209560119,313127.0,2035215.0,0.0,0.0,2348342.0,5703201.0,0.0,261693.0,-1062316.0,-0.24258264995003645,-1324009.0,-0.3023409341266608,48973.0,-1275036.0,-0.29115782089481346,750.0,-1275786.0,-0.2913290853655195,-0.11,-0.11,11872331.0,11872331.0,https://www.sec.gov/Archives/edgar/data/796505/000114036106002340/form10-q.htm,https://www.sec.gov/Archives/edgar/data/796505/000114036106002340/form10-q.htm,1620590358,15:59:18,20210509
62,2005-09-30,CLFD,USD,2005-11-14,2005-11-14 14:49:12,Q4,4069367.0,3165297.0,904070.0,0.22216477402996584,346707.0,1677031.0,0.0,0.0,2023738.0,5189035.0,0.0,274726.0,-844942.0,-0.2076347500729229,-1119668.0,-0.2751454956016501,56790.0,-1062878.0,-0.26119000817571875,750.0,-1063628.0,-0.26137431202445,-0.09,-0.09,11872331.0,11872331.0,https://www.sec.gov/Archives/edgar/data/796505/000114036105009581/body.htm,https://www.sec.gov/Archives/edgar/data/796505/000114036105009581/body.htm,1620590358,15:59:18,20210509
63,2005-06-30,CLFD,USD,2005-08-12,2005-08-12 11:53:32,Q3,3512563.0,2787453.0,725110.0,0.20643330810009672,323598.0,1470408.0,0.0,0.0,1794006.0,4581459.0,0.0,269847.0,-799049.0,-0.22748317966111925,-1068896.0,-0.30430657044443044,178840.0,-890056.0,-0.2533921811509146,950.0,-891006.0,-0.25366263893345115,-0.08,-0.08,11872331.0,11872331.0,https://www.sec.gov/Archives/edgar/data/796505/000114036105006017/body.htm,https://www.sec.gov/Archives/edgar/data/796505/000114036105006017/body.htm,1620590358,15:59:18,20210509
64,2005-03-31,CLFD,USD,2005-03-31,2005-03-31,Q2,3225401.0,2521370.0,704031.0,0.21827704524181643,378018.0,1285410.0,0.0,0.0,1663428.0,4184798.0,0.0,269010.0,-690387.0,-0.2140468735515367,-959397.0,-0.2974504565478835,54309.0,-905088.0,-0.28061255019143355,557.0,-905645.0,-0.28078524189705406,-0.07628198708408652,-0.07628198708408652,11872331.0,11872331.0,,,1620590358,15:59:18,20210509
65,2004-12-31,CLFD,USD,2004-12-31,2004-12-31,Q1,3305299.0,2704159.0,601140.0,0.1818715946726756,314151.0,1268958.0,0.0,0.0,1583109.0,4287268.0,0.0,262772.0,-719197.0,-0.21758908951958658,-981969.0,-0.297089310225792,54340.0,-927629.0,-0.2806490426433433,881.0,-928510.0,-0.280915584338966,-0.08,-0.08,11872331.0,11872331.0,,,1620590358,15:59:18,20210509
66,2004-09-30,CLFD,USD,2004-09-30,2004-09-30,Q4,3668068.0,2885804.0,782264.0,0.21326322194681233,220595.0,1476049.0,0.0,0.0,1696644.0,4582448.0,0.0,232310.0,-682070.0,-0.18594802495482635,-914380.0,-0.24928109293502737,32083.0,-882297.0,-0.24053452662273436,750.0,-883047.0,-0.2407389939335912,-0.07,-0.07,11872331.0,11872331.0,,,1620590358,15:59:18,20210509
67,2004-06-30,CLFD,USD,2004-06-30,2004-06-30,Q3,3687718.0,3086843.0,600875.0,0.1629395197788985,191208.0,1340809.0,0.0,0.0,1532017.0,4618860.0,0.0,239481.0,-691661.0,-0.18755799657132136,-931142.0,-0.25249815739706777,230256.0,-700886.0,-0.19005954359850727,1950.0,-702836.0,-0.1905883258969368,-0.06,-0.06,11872331.0,11872331.0,,,1620590358,15:59:18,20210509
68,2004-03-31,CLFD,USD,2004-03-31,2004-03-31,Q2,3482932.0,3392444.0,90488.0,0.025980409608915705,293435.0,1500681.0,0.0,0.0,1794116.0,5186560.0,0.0,298666.0,-1404962.0,-0.4033848493166103,-1703628.0,-0.4891361645877669,0.0,-1679934.0,-0.48233327552763017,-110.0,-1679824.0,-0.48230169294146424,-0.1414906643017281,-0.1414906643017281,11872331.0,11872331.0,,,1620590358,15:59:18,20210509
69,2003-12-31,CLFD,USD,2003-12-31,2003-12-31,Q1,3301955.0,3314468.0,-12513.0,-0.0037895731468175673,248128.0,1380005.0,0.0,0.0,1628133.0,4942601.0,0.0,242330.0,-1398316.0,-0.42348124065894294,-1640646.0,-0.49687109606278707,0.0,-1641273.0,-0.4970609835688251,1163.0,-1642436.0,-0.49741319915020044,-0.14,-0.14,11872331.0,11872331.0,,,1620590358,15:59:18,20210509
70,2003-09-30,CLFD,USD,2003-09-30,2003-09-30,Q4,3557586.0,3339257.0,218329.0,0.06136998515285365,210861.0,1705663.0,0.0,0.0,1916524.0,5255781.0,0.0,248022.0,-1450173.0,-0.40762837497111803,-1698195.0,-0.4773447500636668,0.0,-1666738.0,-0.46850251828065437,750.0,-1667488.0,-0.4687133353909083,-0.14,-0.14,11872331.0,11872331.0,,,1620590358,15:59:18,20210509
71,2003-06-30,CLFD,USD,2003-06-30,2003-06-30,Q3,1566992.0,1867881.0,-300889.0,-0.1920169343557593,144189.0,1070952.0,0.0,0.0,1215141.0,3083022.0,0.0,182176.0,-1333854.0,-0.8512194063530637,-1516030.0,-0.9674778173723925,-29119.0,-1545149.0,-0.9860605542338442,250.0,-1545399.0,-0.986220095571643,-0.13,-0.13,11872331.0,11872331.0,,,1620590358,15:59:18,20210509
72,2003-03-31,CLFD,USD,2003-07-01,2003-07-01,Q2,284132.0,771867.0,-487735.0,-1.7165789140258754,162194.0,736234.0,0.0,0.0,898428.0,1670295.0,0.0,297867.0,-1088296.0,-3.8302479129418723,-1386163.0,-4.878588121014176,0.0,-1286210.0,-4.526804443005363,0.0,-1286210.0,-4.526804443005363,-0.10833677059711358,-0.10833677059711358,11872331.0,11872331.0,https://www.sec.gov/Archives/edgar/data/796505/000101540203002614/0001015402-03-002614-index.htm,https://www.sec.gov/Archives/edgar/data/796505/000101540203002614/doc1.txt,1620590358,15:59:18,20210509
73,2002-12-31,CLFD,USD,2002-12-31,2002-12-31,Q1,40674.0,554053.0,-513379.0,-12.621797708609924,360178.0,296638.0,0.0,0.0,656816.0,1210869.0,0.0,170472.0,-999723.0,-24.578920194718986,-1170195.0,-28.77009883463638,0.0,-1150994.0,-28.298028224418548,500.0,-1151494.0,-28.310321089639572,-0.1,-0.1,11872331.0,11872331.0,,,1620590358,15:59:18,20210509
74,2002-09-30,CLFD,USD,2002-09-30,2002-09-30,Q4,38900.0,718944.0,-680044.0,-17.48185089974293,336680.0,397824.0,0.0,0.0,734504.0,1453448.0,0.0,185615.0,-1228933.0,-31.59210796915167,-1414548.0,-36.36370179948586,0.0,-1381487.0,-35.51380462724936,250.0,-1318737.0,-33.9006940874036,-0.11,-0.11,11874957.0,11874957.0,,,1620590358,15:59:18,20210509
75,2002-06-30,CLFD,USD,2002-08-01 00:00:00,2002-08-01 16:17:01,Q3,72451.0,753720.0,-681269.0,-9.403169038384563,355712.0,321579.0,0.0,0.0,677291.0,1431011.0,0.0,156551.0,-1202009.0,-16.59064747208458,-1358560.0,-18.751432002318808,0.0,-1252744.0,-17.29091385902196,250.0,-1252994.0,-17.29436446701909,-0.11,-0.11,11875840.0,11875840.0,https://www.sec.gov/Archives/edgar/data/796505/000101540202002495/0001015402-02-002495-index.html,https://www.sec.gov/Archives/edgar/data/796505/000101540202002495/doc1.txt,1620590358,15:59:18,20210509
76,2002-03-31,CLFD,USD,2002-06-14,2002-06-14,Q2,24958.0,619010.0,-594052.0,-23.802067473355237,352935.0,471172.0,0.0,0.0,824107.0,1443117.0,0.0,183574.0,-1234585.0,-49.466503726260115,-1418159.0,-56.82182065870663,0.0,-1306272.0,-52.338809199455085,363.0,-1306635.0,-52.3533536341053,-0.11002463825716749,-0.11002463825716749,11875840.0,11875840.0,https://www.sec.gov/Archives/edgar/data/796505/000101540202002123/0001015402-02-002123-index.htm,https://www.sec.gov/Archives/edgar/data/796505/000101540202002123/doc1.txt,1620590358,15:59:18,20210509
77,2001-12-31,CLFD,USD,2002-02-06 00:00:00,2002-02-06 00:00:00,Q1,49089.0,1026341.0,-977252.0,-19.907759375827577,342224.0,315842.0,0.0,0.0,658066.0,1684407.0,0.0,168220.0,-1467098.0,-29.88649188209171,-1635318.0,-33.31332885167757,0.0,-1421752.0,-28.962741143637068,250.0,-1422002.0,-28.96783393428263,-0.12,-0.12,11875881.0,11875881.0,https://www.sec.gov/Archives/edgar/data/796505/000101540202000313/0001015402-02-000313-index.html,https://www.sec.gov/Archives/edgar/data/796505/000101540202000313/doc1.txt,1620590358,15:59:18,20210509
78,2001-09-30,CLFD,USD,2001-11-01 00:00:00,2001-11-01 00:00:00,Q4,87574.0,957316.0,-869742.0,-9.931509352090803,236299.0,510217.0,0.0,0.0,746516.0,1703832.0,0.0,156088.0,-1460170.0,-16.673556078288076,-1616258.0,-18.45591157192774,0.0,-1364112.0,-15.576678009454861,387.0,-1364499.0,-15.581097129284947,-0.11,-0.11,11917465.0,11917465.0,https://www.sec.gov/Archives/edgar/data/796505/000101540201503200/0001015402-01-503200-index.html,https://www.sec.gov/Archives/edgar/data/796505/000101540201503200/doc1.txt,1620590358,15:59:18,20210509
79,2001-06-30,CLFD,USD,2001-08-08 00:00:00,2001-08-08 00:00:00,Q3,434335.0,942853.0,-508518.0,-1.1707967352389286,182593.0,436615.0,0.0,0.0,619208.0,1562061.0,0.0,146578.0,-981148.0,-2.258966005502665,-1127726.0,-2.59644283790162,0.0,-644062.0,-1.4828692138556645,1000.0,-645062.0,-1.4851715841458781,-0.05,-0.05,11917291.0,11917291.0,https://www.sec.gov/Archives/edgar/data/796505/000101540201502069/0001015402-01-502069-index.html,https://www.sec.gov/Archives/edgar/data/796505/000101540201502069/doc1.txt,1620590358,15:59:18,20210509
80,2001-03-31,CLFD,USD,2001-06-29 00:00:00,2001-06-29 00:00:00,Q2,429816.0,783833.0,-354017.0,-0.823647793474417,316425.0,580488.0,0.0,0.0,1023417.0,1807250.0,0.0,126504.0,-1250930.0,-2.9103849088912463,-1377434.0,-3.2047061998622666,0.0,-809631.0,-1.8836688257300798,250.0,-809881.0,-1.8842504699685447,-0.06795848150389212,-0.06795848150389212,11917291.0,11917291.0,https://www.sec.gov/Archives/edgar/data/796505/000101540201501697/0001015402-01-501697-index.html,https://www.sec.gov/Archives/edgar/data/796505/000101540201501697/doc1.txt,1620590358,15:59:18,20210509
81,2000-12-31,CLFD,USD,2000-12-31,2000-12-31,Q1,280945.0,632108.0,-351163.0,-1.2499350406663225,285478.0,504300.0,0.0,0.0,894733.0,1526841.0,0.0,104955.0,-1140941.0,-4.061083130150029,-1245896.0,-4.434661588567157,0.0,-636587.0,-2.2658776628877537,250.0,-636837.0,-2.2667675167737458,-0.05,-0.05,11913287.0,11913287.0,,,1620590358,15:59:18,20210509
82,2000-09-30,CLFD,USD,2000-11-13 00:00:00,2000-11-13 00:00:00,Q4,123462.0,512947.0,-389485.0,-3.1546953718553077,293303.0,414092.0,0.0,0.0,804168.0,1317115.0,0.0,96773.0,-1096880.0,-8.884353080300011,-1193653.0,-9.668181302749025,0.0,-596749.0,-4.833462927864444,250.0,-596999.0,-4.83548784241305,-0.05,-0.05,11694715.0,11694715.0,https://www.sec.gov/Archives/edgar/data/796505/000079650500500005/0000796505-00-500005-index.html,https://www.sec.gov/Archives/edgar/data/796505/000079650500500005/q2ndfy01.txt,1620590358,15:59:18,20210509
83,2000-06-30,CLFD,USD,2000-08-11 00:00:00,2000-08-11 00:00:00,Q3,51517.0,538711.0,-487194.0,-9.456955956286274,90999.0,328816.0,0.0,0.0,515605.0,1054316.0,0.0,95790.0,-907009.0,-17.6060135489256,-1002799.0,-19.465399770949396,0.0,-909425.0,-17.652910689675252,250.0,-909675.0,-17.657763456723025,-0.1,-0.1,9193663.0,9193663.0,https://www.sec.gov/Archives/edgar/data/796505/000079650500000006/0000796505-00-000006-index.html,https://www.sec.gov/Archives/edgar/data/796505/000079650500000006/0000796505-00-000006-0001.txt,1620590358,15:59:18,20210509
84,2000-03-31,CLFD,USD,2000-03-31,2000-03-31,Q2,220809.0,788664.0,-567855.0,-2.57170224039781,26989.0,182694.0,0.0,0.0,285768.0,1074432.0,0.0,76085.0,-777538.0,-3.521314801480012,-853623.0,-3.8658886186704344,0.0,0.0,0.0,0.0,-896296.0,-4.059146139876545,-0.09749063023084488,-0.09749063023084488,9193663.0,9193663.0,,,1620590358,15:59:18,20210509
85,1999-12-31,CLFD,USD,1999-12-31,1999-12-31,Q1,100000.0,800000.0,-700000.0,-7.0,0.0,200000.0,0.0,0.0,300000.0,1100000.0,0.0,100000.0,-900000.0,-9.0,-1000000.0,-10.0,0.0,0.0,0.0,0.0,-1000000.0,-10.0,-0.11,-0.11,8955187.0,8955187.0,,,1620590358,15:59:18,20210509
86,1999-09-30,CLFD,USD,1999-09-30,1999-09-30,Q4,100000.0,600000.0,-500000.0,-5.0,100000.0,200000.0,0.0,0.0,400000.0,1000000.0,0.0,100000.0,-800000.0,-8.0,-900000.0,-9.0,0.0,0.0,0.0,0.0,-1000000.0,-10.0,-0.11,-0.11,9090909.0,9090909.0,,,1620590358,15:59:18,20210509
87,1999-06-30,CLFD,USD,1999-06-30,1999-06-30,Q3,100000.0,600000.0,-500000.0,-5.0,100000.0,200000.0,0.0,0.0,400000.0,1000000.0,0.0,100000.0,-800000.0,-8.0,-900000.0,-9.0,0.0,0.0,0.0,0.0,-900000.0,-9.0,-0.11,-0.11,8181818.0,8181818.0,,,1620590358,15:59:18,20210509
88,1999-03-31,CLFD,USD,1999-03-31,1999-03-31,Q2,70878.0,520784.0,-449906.0,-6.347611388583199,95249.0,172248.0,0.0,0.0,336193.0,856977.0,0.0,68696.0,-717403.0,-10.121659753379046,-786099.0,-11.090874460340302,0.0,0.0,0.0,0.0,-744647.0,-10.506038545105675,-0.09101241313360918,-0.09101241313360918,8181818.0,8181818.0,,,1620590358,15:59:18,20210509
89,1998-12-31,CLFD,USD,1998-12-31,1998-12-31,Q1,134128.0,405405.0,-271277.0,-2.0225232613622808,84119.0,143710.0,0.0,0.0,359133.0,764538.0,0.0,131304.0,-499106.0,-3.7211171418346654,-630410.0,-4.700062626744602,0.0,-616730.0,-4.598070499821066,250.0,-616980.0,-4.599934391029464,-0.07,-0.07,8512274.0,8512274.0,,,1620590358,15:59:18,20210509
90,1998-09-30,CLFD,USD,1998-09-30,1998-09-30,Q4,200000.0,400000.0,-200000.0,-1.0,100000.0,300000.0,0.0,0.0,500000.0,900000.0,0.0,100000.0,-600000.0,-3.0,-700000.0,-3.5,100000.0,0.0,0.0,0.0,-700000.0,-3.5,-0.08,-0.08,8750000.0,8750000.0,,,1620590358,15:59:18,20210509
91,1998-06-30,CLFD,USD,1998-06-30,1998-06-30,Q3,200000.0,400000.0,-200000.0,-1.0,100000.0,100000.0,0.0,0.0,300000.0,700000.0,0.0,100000.0,-400000.0,-2.0,-500000.0,-2.5,100000.0,0.0,0.0,0.0,-500000.0,-2.5,-0.06,-0.06,8333333.0,8333333.0,,,1620590358,15:59:18,20210509
92,1998-03-31,CLFD,USD,1998-03-31,1998-03-31,Q2,400000.0,400000.0,0.0,0.0,0.0,200000.0,0.0,0.0,300000.0,700000.0,0.0,100000.0,-200000.0,-0.5,-300000.0,-0.75,100000.0,0.0,0.0,0.0,-500000.0,-1.25,-0.0600000024000001,-0.0600000024000001,8333333.0,8333333.0,,,1620590358,15:59:18,20210509
93,1997-12-31,CLFD,USD,1997-12-31,1997-12-31,Q1,500000.0,500000.0,0.0,0.0,100000.0,100000.0,0.0,0.0,300000.0,800000.0,0.0,100000.0,-200000.0,-0.4,-300000.0,-0.6,100000.0,0.0,0.0,0.0,-300000.0,-0.6,-0.04,-0.04,7500000.0,7500000.0,,,1620590358,15:59:18,20210509
94,1997-09-30,CLFD,USD,1997-09-30,1997-09-30,Q4,700000.0,600000.0,100000.0,0.14285714285714285,100000.0,100000.0,0.0,0.0,300000.0,900000.0,0.0,100000.0,-100000.0,-0.14285714285714285,-200000.0,-0.2857142857142857,100000.0,0.0,0.0,0.0,-200000.0,-0.2857142857142857,-0.02,-0.02,10000000.0,10000000.0,,,1620590358,15:59:18,20210509
95,1997-06-30,CLFD,USD,1997-06-30,1997-06-30,Q4,700000.0,400000.0,300000.0,0.42857142857142855,100000.0,100000.0,0.0,0.0,300000.0,700000.0,0.0,100000.0,100000.0,0.14285714285714285,0.0,0.0,100000.0,0.0,0.0,0.0,0.0,0.0,0.0,0.0,8307000.0,8307000.0,,,1620590358,15:59:18,20210509
96,1997-03-31,CLFD,USD,1997-03-31,1997-03-31,Q2,900000.0,500000.0,400000.0,0.4444444444444444,100000.0,200000.0,0.0,0.0,500000.0,1000000.0,0.0,200000.0,100000.0,0.1111111111111111,-100000.0,-0.1111111111111111,100000.0,0.0,0.0,0.0,0.0,0.0,0.0,0.0,8307000.0,8307000.0,,,1620590358,15:59:18,20210509
97,1996-12-31,CLFD,USD,1996-12-31,1996-12-31,Q1,700000.0,400000.0,300000.0,0.42857142857142855,100000.0,100000.0,0.0,0.0,300000.0,700000.0,0.0,100000.0,100000.0,0.14285714285714285,0.0,0.0,100000.0,0.0,0.0,0.0,0.0,0.0,0.0,0.0,10000000.0,10000000.0,,,1620590358,15:59:18,20210509
98,1996-09-30,CLFD,USD,1996-09-30,1996-09-30,Q4,700000.0,300000.0,400000.0,0.5714285714285714,100000.0,300000.0,0.0,0.0,500000.0,800000.0,0.0,100000.0,0.0,0.0,-100000.0,-0.14285714285714285,100000.0,0.0,0.0,0.0,0.0,0.0,0.0,0.0,10000000.0,10000000.0,,,1620590358,15:59:18,20210509
99,1996-06-30,CLFD,USD,1996-06-30,1996-06-30,Q3,500000.0,300000.0,200000.0,0.4,100000.0,200000.0,0.0,0.0,400000.0,700000.0,0.0,100000.0,-100000.0,-0.2,-200000.0,-0.4,0.0,0.0,0.0,0.0,-100000.0,-0.2,-0.01,-0.01,10000000.0,10000000.0,,,1620590358,15:59:18,20210509
100,1996-03-31,CLFD,USD,1996-07-01,1996-07-01,Q2,600000.0,500000.0,100000.0,0.16666666666666666,-100000.0,100000.0,0.0,0.0,200000.0,700000.0,0.0,200000.0,100000.0,0.16666666666666666,-100000.0,-0.16666666666666666,0.0,0.0,0.0,0.0,0.0,0.0,0.0,0.0,10000000.0,10000000.0,https://www.sec.gov/Archives/edgar/data/796505/0000796505-96-000014-index.html,https://www.sec.gov/Archives/edgar/data/796505/,1620590358,15:59:18,20210509
101,1995-12-31,CLFD,USD,1995-12-31,1995-12-31,Q1,600000.0,400000.0,200000.0,0.3333333333333333,0.0,100000.0,0.0,0.0,200000.0,600000.0,0.0,100000.0,100000.0,0.16666666666666666,0.0,0.0,0.0,0.0,0.0,0.0,0.0,0.0,0.0,0.0,7986000.0,7986000.0,,,1620590358,15:59:18,20210509
102,1995-09-30,CLFD,USD,1995-10-03,1995-10-03,Q4,700000.0,400000.0,300000.0,0.42857142857142855,0.0,100000.0,0.0,0.0,200000.0,600000.0,0.0,100000.0,200000.0,0.2857142857142857,100000.0,0.14285714285714285,0.0,0.0,0.0,0.0,0.0,0.0,0.0,0.0,7986000.0,7986000.0,https://www.sec.gov/Archives/edgar/data/796505/0000796505-95-000020-index.html,https://www.sec.gov/Archives/edgar/data/796505/,1620590358,15:59:18,20210509
103,1995-06-30,CLFD,USD,1995-06-30,1995-06-30,Q4,600000.0,300000.0,300000.0,0.5,0.0,200000.0,0.0,0.0,300000.0,600000.0,0.0,100000.0,100000.0,0.16666666666666666,0.0,0.0,0.0,0.0,0.0,0.0,0.0,0.0,0.0,0.0,7385000.0,7385000.0,,,1620590358,15:59:18,20210509
104,1995-03-31,CLFD,USD,1995-03-31,1995-03-31,Q2,500000.0,0.0,0.0,0.0,0.0,0.0,0.0,0.0,0.0,0.0,0.0,0.0,-2000000.0,-4.0,-2000000.0,-4.0,0.0,0.0,0.0,0.0,-200000.0,-0.4,-0.029999998500000076,-0.029999998500000076,6666667.0,6666667.0,,,1620590358,15:59:18,20210509
105,1994-12-31,CLFD,USD,1994-12-31,1994-12-31,Q1,600000.0,0.0,0.0,0.0,0.0,0.0,0.0,0.0,0.0,0.0,0.0,0.0,600000.0,1.0,600000.0,1.0,0.0,0.0,0.0,0.0,-100000.0,-0.16666666666666666,-0.01,-0.01,6666667.0,6666667.0,,,1620590358,15:59:18,20210509
106,1994-09-30,CLFD,USD,1994-09-30,1994-09-30,Q4,400000.0,300000.0,100000.0,0.25,100000.0,100000.0,0.0,0.0,300000.0,600000.0,0.0,100000.0,-100000.0,-0.25,-200000.0,-0.5,0.0,0.0,0.0,0.0,-100000.0,-0.25,-0.02,-0.02,7375000.0,7375000.0,,,1620590358,15:59:18,20210509
107,1994-06-30,CLFD,USD,1994-06-30,1994-06-30,Q4,500000.0,200000.0,300000.0,0.6,100000.0,100000.0,0.0,0.0,300000.0,500000.0,0.0,100000.0,100000.0,0.2,0.0,0.0,0.0,0.0,0.0,0.0,-100000.0,-0.2,-0.01,-0.01,7275000.0,7275000.0,,,1620590358,15:59:18,20210509
108,1994-03-31,CLFD,USD,1994-03-31,1994-03-31,Q2,400000.0,300000.0,100000.0,0.25,0.0,0.0,0.0,0.0,600000.0,900000.0,0.0,100000.0,-400000.0,-1.0,-500000.0,-1.25,0.0,0.0,0.0,0.0,-500000.0,-1.25,-0.07499999625000019,-0.07499999625000019,6666667.0,6666667.0,,,1620590358,15:59:18,20210509
109,1993-12-31,CLFD,USD,1993-12-31,1993-12-31,Q1,500000.0,300000.0,200000.0,0.4,0.0,200000.0,0.0,0.0,300000.0,600000.0,0.0,100000.0,0.0,0.0,-100000.0,-0.2,0.0,0.0,0.0,0.0,-100000.0,-0.2,-0.02,-0.02,6666667.0,6666667.0,,,1620590358,15:59:18,20210509
110,1993-09-30,CLFD,USD,1993-09-30,1993-09-30,Q4,600000.0,400000.0,200000.0,0.3333333333333333,0.0,200000.0,0.0,0.0,300000.0,700000.0,0.0,200000.0,100000.0,0.16666666666666666,-100000.0,-0.16666666666666666,0.0,0.0,0.0,0.0,-100000.0,-0.16666666666666666,-0.02,-0.02,7239000.0,7239000.0,,,1620590358,15:59:18,20210509
111,1993-06-30,CLFD,USD,1993-06-30,1993-06-30,Q4,600000.0,300000.0,300000.0,0.5,0.0,200000.0,0.0,0.0,300000.0,600000.0,0.0,100000.0,100000.0,0.16666666666666666,0.0,0.0,0.0,0.0,0.0,0.0,-100000.0,-0.16666666666666666,-0.01,-0.01,7239000.0,7239000.0,,,1620590358,15:59:18,20210509
112,1993-03-31,CLFD,USD,1993-03-31,1993-03-31,Q2,700000.0,400000.0,300000.0,0.42857142857142855,0.0,0.0,0.0,0.0,300000.0,700000.0,0.0,100000.0,100000.0,0.14285714285714285,0.0,0.0,0.0,0.0,0.0,0.0,0.0,0.0,0.0,0.0,5000000.0,5000000.0,,,1620590358,15:59:18,20210509
113,1992-12-31,CLFD,USD,1992-12-31,1992-12-31,Q1,600000.0,400000.0,200000.0,0.3333333333333333,0.0,200000.0,0.0,0.0,300000.0,700000.0,0.0,200000.0,100000.0,0.16666666666666666,-100000.0,-0.16666666666666666,0.0,0.0,0.0,0.0,-100000.0,-0.16666666666666666,-0.02,-0.02,5000000.0,5000000.0,,,1620590358,15:59:18,20210509
114,1992-09-30,CLFD,USD,1992-09-30,1992-09-30,Q4,600000.0,400000.0,200000.0,0.3333333333333333,0.0,200000.0,0.0,0.0,300000.0,700000.0,0.0,100000.0,0.0,0.0,-100000.0,-0.16666666666666666,0.0,0.0,0.0,0.0,-200000.0,-0.3333333333333333,-0.03,-0.03,6666667.0,6666667.0,,,1620590358,15:59:18,20210509
115,1992-06-30,CLFD,USD,1992-06-30,1992-06-30,Q4,500000.0,400000.0,100000.0,0.2,0.0,200000.0,0.0,0.0,300000.0,700000.0,0.0,100000.0,-100000.0,-0.2,-200000.0,-0.4,0.0,0.0,0.0,0.0,-200000.0,-0.4,-0.03,-0.03,6666667.0,6666667.0,,,1620590358,15:59:18,20210509
116,1992-03-31,CLFD,USD,1992-03-31,1992-03-31,Q2,500000.0,0.0,0.0,0.0,0.0,0.0,0.0,0.0,0.0,0.0,0.0,0.0,-2500000.0,-5.0,-2500000.0,-5.0,0.0,0.0,0.0,0.0,0.0,0.0,0.0,0.0,5000000.0,5000000.0,,,1620590358,15:59:18,20210509
117,1991-12-31,CLFD,USD,1991-12-31,1991-12-31,Q1,600000.0,0.0,0.0,0.0,0.0,0.0,0.0,0.0,0.0,0.0,0.0,0.0,600000.0,1.0,600000.0,1.0,0.0,0.0,0.0,0.0,0.0,0.0,-0.04,-0.04,5000000.0,5000000.0,,,1620590358,15:59:18,20210509
118,1991-09-30,CLFD,USD,1991-09-30,1991-09-30,Q4,500000.0,0.0,0.0,0.0,0.0,0.0,0.0,0.0,0.0,0.0,0.0,0.0,500000.0,1.0,500000.0,1.0,0.0,0.0,0.0,0.0,0.0,0.0,-0.02,-0.02,5000000.0,5000000.0,,,1620590358,15:59:18,20210509
119,1991-06-30,CLFD,USD,1991-06-30,1991-06-30,Q4,500000.0,300000.0,200000.0,0.4,0.0,200000.0,0.0,0.0,300000.0,600000.0,0.0,100000.0,0.0,0.0,-100000.0,-0.2,0.0,0.0,0.0,0.0,-100000.0,-0.2,-0.02,-0.02,5000000.0,5000000.0,,,1620590358,15:59:18,20210509
120,1991-03-31,CLFD,USD,1991-03-31,1991-03-31,Q2,700000.0,0.0,0.0,0.0,0.0,0.0,0.0,0.0,0.0,0.0,0.0,0.0,-2200000.0,-3.142857142857143,-2200000.0,-3.142857142857143,0.0,0.0,0.0,0.0,0.0,0.0,0.0,0.0,6479000.0,6479000.0,,,1620590358,15:59:18,20210509
121,1990-12-31,CLFD,USD,1990-12-31,1990-12-31,Q1,600000.0,0.0,0.0,0.0,0.0,0.0,0.0,0.0,0.0,0.0,0.0,0.0,600000.0,1.0,600000.0,1.0,0.0,0.0,0.0,0.0,0.0,0.0,0.0,0.0,6479000.0,6479000.0,,,1620590358,15:59:18,20210509
122,1990-09-30,CLFD,USD,1990-09-30,1990-09-30,Q4,700000.0,0.0,0.0,0.0,0.0,0.0,0.0,0.0,0.0,0.0,0.0,0.0,700000.0,1.0,700000.0,1.0,0.0,0.0,0.0,0.0,0.0,0.0,0.0,0.0,6353000.0,6353000.0,,,1620590358,15:59:18,20210509
123,1990-06-30,CLFD,USD,1990-06-30,1990-06-30,Q4,600000.0,0.0,0.0,0.0,0.0,0.0,0.0,0.0,0.0,0.0,0.0,0.0,600000.0,1.0,600000.0,1.0,0.0,0.0,0.0,0.0,0.0,0.0,-0.01,-0.01,6353000.0,6353000.0,,,1620590358,15:59:18,20210509
124,1990-03-31,CLFD,USD,1990-03-31,1990-03-31,Q2,700000.0,0.0,0.0,0.0,0.0,0.0,0.0,0.0,0.0,0.0,0.0,0.0,-1900000.0,-2.7142857142857144,-1900000.0,-2.7142857142857144,0.0,0.0,0.0,0.0,0.0,0.0,0.0,0.0,6681000.0,6681000.0,,,1620590358,15:59:18,20210509
125,1989-12-31,CLFD,USD,1989-12-31,1989-12-31,Q1,700000.0,0.0,0.0,0.0,0.0,0.0,0.0,0.0,0.0,0.0,0.0,0.0,700000.0,1.0,700000.0,1.0,0.0,0.0,0.0,0.0,0.0,0.0,0.0,0.0,6681000.0,6681000.0,,,1620590358,15:59:18,20210509
126,1989-09-30,CLFD,USD,1989-09-30,1989-09-30,Q4,700000.0,0.0,0.0,0.0,0.0,0.0,0.0,0.0,0.0,0.0,0.0,0.0,700000.0,1.0,700000.0,1.0,0.0,0.0,0.0,0.0,0.0,0.0,0.01,0.01,6381000.0,6381000.0,,,1620590358,15:59:18,20210509
127,1989-06-30,CLFD,USD,1989-06-30,1989-06-30,Q4,600000.0,0.0,0.0,0.0,0.0,0.0,0.0,0.0,0.0,0.0,0.0,0.0,600000.0,1.0,600000.0,1.0,0.0,0.0,0.0,0.0,0.0,0.0,-0.01,-0.01,6376000.0,6376000.0,,,1620590358,15:59:18,20210509
128,1989-03-31,CLFD,USD,1989-03-31,1989-03-31,Q2,600000.0,0.0,0.0,0.0,0.0,0.0,0.0,0.0,0.0,0.0,0.0,0.0,-1600000.0,-2.6666666666666665,-1600000.0,-2.6666666666666665,0.0,0.0,0.0,0.0,0.0,0.0,0.0,0.0,6399000.0,6399000.0,,,1620590358,15:59:18,20210509
129,1988-12-31,CLFD,USD,1988-12-31,1988-12-31,Q1,500000.0,0.0,0.0,0.0,0.0,0.0,0.0,0.0,0.0,0.0,0.0,0.0,500000.0,1.0,500000.0,1.0,0.0,0.0,0.0,0.0,0.0,0.0,0.0,0.0,6399000.0,6399000.0,,,1620590358,15:59:18,20210509
130,1988-09-30,CLFD,USD,1988-09-30,1988-09-30,Q4,500000.0,0.0,0.0,0.0,0.0,0.0,0.0,0.0,0.0,0.0,0.0,0.0,500000.0,1.0,500000.0,1.0,0.0,0.0,0.0,0.0,0.0,0.0,0.0,0.0,6399000.0,6399000.0,,,1620590358,15:59:18,20210509
131,1988-06-30,CLFD,USD,1988-06-30,1988-06-30,Q4,500000.0,0.0,0.0,0.0,0.0,0.0,0.0,0.0,0.0,0.0,0.0,0.0,500000.0,1.0,500000.0,1.0,0.0,0.0,0.0,0.0,0.0,0.0,0.0,0.0,6399000.0,6399000.0,,,1620590358,15:59:18,20210509
