,date,symbol,reportedCurrency,fillingDate,acceptedDate,period,revenue,costOfRevenue,grossProfit,grossProfitRatio,researchAndDevelopmentExpenses,generalAndAdministrativeExpenses,sellingAndMarketingExpenses,otherExpenses,operatingExpenses,costAndExpenses,interestExpense,depreciationAndAmortization,ebitda,ebitdaratio,operatingIncome,operatingIncomeRatio,totalOtherIncomeExpensesNet,incomeBeforeTax,incomeBeforeTaxRatio,incomeTaxExpense,netIncome,netIncomeRatio,eps,epsdiluted,weightedAverageShsOut,weightedAverageShsOutDil,link,finalLink,timestamp,est_time,est_date
0,2020-09-30,0684.HK,HKD,2020-09-30,2020-09-30,Q3,245708750,209758250,35950500,0.14631347072499454,0.0,25993750,4596000.0,3042000.0,0.0,238497750,256250.0,4016750.0,11227750.0,0.04569536086932191,7211000.0,0.029347754200857723,0.0,-3196750.0,-0.013010322180223537,1344250.0,-4541000.0,-0.018481230318415604,-0.0135,-0.0135,335433000,335433000,https://www1.hkexnews.hk/search/titlesearch.xhtml,https://www1.hkexnews.hk/search/titlesearch.xhtml,1620584858,14:27:38,20210509
1,2020-06-30,0684.HK,HKD,2020-06-30,2020-06-30,Q2,245708750,209758250,35950500,0.14631347072499454,0.0,25993750,4596000.0,3042000.0,0.0,238497750,256250.0,4016750.0,11227750.0,0.04569536086932191,7211000.0,0.029347754200857723,0.0,-3196750.0,-0.013010322180223537,1344250.0,-4541000.0,-0.018481230318415604,-0.0135,-0.0135,335433000,335433000,https://www1.hkexnews.hk/search/titlesearch.xhtml,https://www1.hkexnews.hk/search/titlesearch.xhtml,1620584858,14:27:38,20210509
2,2020-03-31,0684.HK,HKD,2020-03-31,2020-03-31,Q1,245708750,209758250,35950500,0.14631347072499454,0.0,25993750,4596000.0,3042000.0,0.0,238497750,256250.0,4016750.0,11227750.0,0.04569536086932191,7211000.0,0.029347754200857723,0.0,-3196750.0,-0.013010322180223537,1344250.0,-4541000.0,-0.018481230318415604,-0.0135,-0.0135,335433000,335433000,https://www1.hkexnews.hk/search/titlesearch.xhtml,https://www1.hkexnews.hk/search/titlesearch.xhtml,1620584858,14:27:38,20210509
3,2020-01-31,0684.HK,HKD,2020-01-31,2020-01-31,Q1,245708750,209758250,35950500,0.14631347072499454,0.0,25993750,4596000.0,3042000.0,0.0,238497750,256250.0,4016750.0,11227750.0,0.04569536086932191,7211000.0,0.029347754200857723,0.0,-3196750.0,-0.013010322180223537,1344250.0,-4541000.0,-0.018481230318415604,-0.0135,-0.0135,335433000,335433000,https://www1.hkexnews.hk/search/titlesearch.xhtml,https://www1.hkexnews.hk/search/titlesearch.xhtml,1620584858,14:27:38,20210509
4,2019-09-30,0684.HK,HKD,2019-09-30,2019-09-30,Q3,302300000,278529500,23770500,0.07863215348991069,0.0,25642750,5962500.0,6478500.0,0.0,314603000,248500.0,6690500.0,-5612500.0,-0.018565994045650017,-12303000.0,-0.04069798213695005,0.0,8463000.0,0.027995368838901753,1433250.0,7029750.0,0.023254217664571617,0.021,0.021,335433000,335433000,https://www1.hkexnews.hk/search/titlesearch.xhtml,https://www1.hkexnews.hk/search/titlesearch.xhtml,1620584858,14:27:38,20210509
5,2019-06-30,0684.HK,HKD,2019-06-30,2019-06-30,Q2,302300000,278529500,23770500,0.07863215348991069,0.0,25642750,5962500.0,6478500.0,0.0,314603000,248500.0,6690500.0,-5612500.0,-0.018565994045650017,-12303000.0,-0.04069798213695005,0.0,8463000.0,0.027995368838901753,1433250.0,7029750.0,0.023254217664571617,0.021,0.021,335433000,335433000,https://www1.hkexnews.hk/search/titlesearch.xhtml,https://www1.hkexnews.hk/search/titlesearch.xhtml,1620584858,14:27:38,20210509
6,2019-03-31,0684.HK,HKD,2019-03-31,2019-03-31,Q1,302300000,278529500,23770500,0.07863215348991069,0.0,25642750,5962500.0,6478500.0,0.0,314603000,248500.0,6690500.0,-5612500.0,-0.018565994045650017,-12303000.0,-0.04069798213695005,0.0,8463000.0,0.027995368838901753,1433250.0,7029750.0,0.023254217664571617,0.021,0.021,335433000,335433000,https://www1.hkexnews.hk/search/titlesearch.xhtml,https://www1.hkexnews.hk/search/titlesearch.xhtml,1620584858,14:27:38,20210509
7,2019-01-31,0684.HK,HKD,2019-01-31,2019-01-31,Q1,302300000,278529500,23770500,0.07863215348991069,0.0,25642750,5962500.0,6478500.0,0.0,314603000,248500.0,6690500.0,-5612500.0,-0.018565994045650017,-12303000.0,-0.04069798213695005,0.0,8463000.0,0.027995368838901753,1433250.0,7029750.0,0.023254217664571617,0.021,0.021,335433000,335433000,https://www1.hkexnews.hk/search/titlesearch.xhtml,https://www1.hkexnews.hk/search/titlesearch.xhtml,1620584858,14:27:38,20210509
8,2018-09-30,0684.HK,HKD,2018-09-30,2018-09-30,Q3,326291500,294076000,32215500,0.09873226853902109,0.0,27167500,6143500.0,6506750.0,0.0,327310500,153000.0,11821500.0,10802500.0,0.03310689981197794,-1019000.0,-0.0031229743955941236,0.0,13863250.0,0.04248731578971564,2168250.0,11695000.0,0.03584218405934571,0.03475,0.03475,335433000,335433000,https://www1.hkexnews.hk/search/titlesearch.xhtml,https://www1.hkexnews.hk/search/titlesearch.xhtml,1620584858,14:27:38,20210509
9,2018-06-30,0684.HK,HKD,2018-06-30,2018-06-30,Q2,326291500,294076000,32215500,0.09873226853902109,0.0,27167500,6143500.0,6506750.0,0.0,327310500,153000.0,11821500.0,10802500.0,0.03310689981197794,-1019000.0,-0.0031229743955941236,0.0,13863250.0,0.04248731578971564,2168250.0,11695000.0,0.03584218405934571,0.03475,0.03475,335433000,335433000,https://www1.hkexnews.hk/search/titlesearch.xhtml,https://www1.hkexnews.hk/search/titlesearch.xhtml,1620584858,14:27:38,20210509
10,2018-03-31,0684.HK,HKD,2018-03-31,2018-03-31,Q1,326291500,294076000,32215500,0.09873226853902109,0.0,27167500,6143500.0,6506750.0,0.0,327310500,153000.0,11821500.0,10802500.0,0.03310689981197794,-1019000.0,-0.0031229743955941236,0.0,13863250.0,0.04248731578971564,2168250.0,11695000.0,0.03584218405934571,0.03475,0.03475,335433000,335433000,https://www1.hkexnews.hk/search/titlesearch.xhtml,https://www1.hkexnews.hk/search/titlesearch.xhtml,1620584858,14:27:38,20210509
11,2018-01-31,0684.HK,HKD,2018-01-31,2018-01-31,Q1,326291500,294076000,32215500,0.09873226853902109,0.0,27167500,6143500.0,6506750.0,0.0,327310500,153000.0,11821500.0,10802500.0,0.03310689981197794,-1019000.0,-0.0031229743955941236,0.0,13863250.0,0.04248731578971564,2168250.0,11695000.0,0.03584218405934571,0.03475,0.03475,335433000,335433000,https://www1.hkexnews.hk/search/titlesearch.xhtml,https://www1.hkexnews.hk/search/titlesearch.xhtml,1620584858,14:27:38,20210509
12,2017-09-30,0684.HK,HKD,2017-09-30,2017-09-30,Q3,331270500,283386250,47884250,0.1445472808475249,0.0,29462250,6175750.0,1128000.0,0.0,313670500,169000.0,14910250.0,32510250.0,0.09813807749256273,17600000.0,0.05312878750145274,0.0,21056250.0,0.06356210408110592,2819500.0,18236750.0,0.055050932696995354,0.05425,0.05425,335433000,335433000,https://www1.hkexnews.hk/search/titlesearch.xhtml,https://www1.hkexnews.hk/search/titlesearch.xhtml,1620584858,14:27:38,20210509
13,2017-06-30,0684.HK,HKD,2017-06-30,2017-06-30,Q2,331270500,283386250,47884250,0.1445472808475249,0.0,29462250,6175750.0,1128000.0,0.0,313670500,169000.0,14910250.0,32510250.0,0.09813807749256273,17600000.0,0.05312878750145274,0.0,21056250.0,0.06356210408110592,2819500.0,18236750.0,0.055050932696995354,0.05425,0.05425,335433000,335433000,https://www1.hkexnews.hk/search/titlesearch.xhtml,https://www1.hkexnews.hk/search/titlesearch.xhtml,1620584858,14:27:38,20210509
14,2017-03-31,0684.HK,HKD,2017-03-31,2017-03-31,Q1,331270500,283386250,47884250,0.1445472808475249,0.0,29462250,6175750.0,1128000.0,0.0,313670500,169000.0,14910250.0,32510250.0,0.09813807749256273,17600000.0,0.05312878750145274,0.0,21056250.0,0.06356210408110592,2819500.0,18236750.0,0.055050932696995354,0.05425,0.05425,335433000,335433000,https://www1.hkexnews.hk/search/titlesearch.xhtml,https://www1.hkexnews.hk/search/titlesearch.xhtml,1620584858,14:27:38,20210509
15,2017-01-31,0684.HK,HKD,2017-01-31,2017-01-31,Q1,331270500,283386250,47884250,0.1445472808475249,0.0,29462250,6175750.0,1128000.0,0.0,313670500,169000.0,14910250.0,32510250.0,0.09813807749256273,17600000.0,0.05312878750145274,0.0,21056250.0,0.06356210408110592,2819500.0,18236750.0,0.055050932696995354,0.05425,0.05425,335433000,335433000,https://www1.hkexnews.hk/search/titlesearch.xhtml,https://www1.hkexnews.hk/search/titlesearch.xhtml,1620584858,14:27:38,20210509
16,2016-09-30,0684.HK,HKD,2016-09-30,2016-09-30,Q3,391331250,344173000,47158250,0.12050724290482807,0.0,32377750,7537000.0,29096750.0,0.0,383319500,239750.0,17046250.0,25058000.0,0.06403270886237682,8011750.0,0.020473064699024164,0.0,35753000.0,0.0913624966061361,1839000.0,33914000.0,0.08666315301934104,0.101,0.101,335433000,335433000,https://www1.hkexnews.hk/search/titlesearch.xhtml,https://www1.hkexnews.hk/search/titlesearch.xhtml,1620584858,14:27:38,20210509
17,2016-06-30,0684.HK,HKD,2016-06-30,2016-06-30,Q2,391331250,344173000,47158250,0.12050724290482807,0.0,32377750,7537000.0,29096750.0,0.0,383319500,239750.0,17046250.0,25058000.0,0.06403270886237682,8011750.0,0.020473064699024164,0.0,35753000.0,0.0913624966061361,1839000.0,33914000.0,0.08666315301934104,0.101,0.101,335433000,335433000,https://www1.hkexnews.hk/search/titlesearch.xhtml,https://www1.hkexnews.hk/search/titlesearch.xhtml,1620584858,14:27:38,20210509
18,2016-03-31,0684.HK,HKD,2016-03-31,2016-03-31,Q1,391331250,344173000,47158250,0.12050724290482807,0.0,32377750,7537000.0,29096750.0,0.0,383319500,239750.0,17046250.0,25058000.0,0.06403270886237682,8011750.0,0.020473064699024164,0.0,35753000.0,0.0913624966061361,1839000.0,33914000.0,0.08666315301934104,0.101,0.101,335433000,335433000,https://www1.hkexnews.hk/search/titlesearch.xhtml,https://www1.hkexnews.hk/search/titlesearch.xhtml,1620584858,14:27:38,20210509
19,2016-01-31,0684.HK,HKD,2016-01-31,2016-01-31,Q1,391331250,344173000,47158250,0.12050724290482807,0.0,32377750,7537000.0,29096750.0,0.0,383319500,239750.0,17046250.0,25058000.0,0.06403270886237682,8011750.0,0.020473064699024164,0.0,35753000.0,0.0913624966061361,1839000.0,33914000.0,0.08666315301934104,0.101,0.101,335433000,335433000,https://www1.hkexnews.hk/search/titlesearch.xhtml,https://www1.hkexnews.hk/search/titlesearch.xhtml,1620584858,14:27:38,20210509
20,2015-09-30,0684.HK,HKD,2015-09-30,2015-09-30,Q3,486500750,431163750,55337000,0.11374494283924537,0.0,36004250,8649750.0,1249750.0,0.0,475236500,357000.0,17888000.0,29152250.0,0.05992231255553049,11264250.0,0.02315361281560203,0.0,21483250.0,0.04415871917977516,3863250.0,17620000.0,0.0362178270023222,0.0525,0.0525,335433000,335433000,https://www1.hkexnews.hk/search/titlesearch.xhtml,https://www1.hkexnews.hk/search/titlesearch.xhtml,1620584858,14:27:38,20210509
21,2015-06-30,0684.HK,HKD,2015-06-30,2015-06-30,Q2,486500750,431163750,55337000,0.11374494283924537,0.0,36004250,8649750.0,1249750.0,0.0,475236500,357000.0,17888000.0,29152250.0,0.05992231255553049,11264250.0,0.02315361281560203,0.0,21483250.0,0.04415871917977516,3863250.0,17620000.0,0.0362178270023222,0.0525,0.0525,335433000,335433000,https://www1.hkexnews.hk/search/titlesearch.xhtml,https://www1.hkexnews.hk/search/titlesearch.xhtml,1620584858,14:27:38,20210509
22,2015-03-31,0684.HK,HKD,2015-03-31,2015-03-31,Q1,486500750,431163750,55337000,0.11374494283924537,0.0,36004250,8649750.0,1249750.0,0.0,475236500,357000.0,17888000.0,29152250.0,0.05992231255553049,11264250.0,0.02315361281560203,0.0,21483250.0,0.04415871917977516,3863250.0,17620000.0,0.0362178270023222,0.0525,0.0525,335433000,335433000,https://www1.hkexnews.hk/search/titlesearch.xhtml,https://www1.hkexnews.hk/search/titlesearch.xhtml,1620584858,14:27:38,20210509
23,2015-01-31,0684.HK,HKD,2015-01-31,2015-01-31,Q1,486500750,431163750,55337000,0.11374494283924537,0.0,36004250,8649750.0,1249750.0,0.0,475236500,357000.0,17888000.0,29152250.0,0.05992231255553049,11264250.0,0.02315361281560203,0.0,21483250.0,0.04415871917977516,3863250.0,17620000.0,0.0362178270023222,0.0525,0.0525,335433000,335433000,https://www1.hkexnews.hk/search/titlesearch.xhtml,https://www1.hkexnews.hk/search/titlesearch.xhtml,1620584858,14:27:38,20210509
24,2014-09-30,0684.HK,HKD,2014-09-30,2014-09-30,Q3,503851250,442693750,61157500,0.12138007001074226,0.0,34542750,8842500.0,1335250.0,0.0,485454750,512000.0,19637000.0,38033500.0,0.07548557237875266,18396500.0,0.03651176810616229,0.0,26329750.0,0.05225699053043929,5465500.0,20864250.0,0.041409542995080394,0.06225,0.06225,335443000,335443000,https://www1.hkexnews.hk/search/titlesearch.xhtml,https://www1.hkexnews.hk/search/titlesearch.xhtml,1620584858,14:27:38,20210509
25,2014-06-30,0684.HK,HKD,2014-06-30,2014-06-30,Q2,503851250,442693750,61157500,0.12138007001074226,0.0,34542750,8842500.0,1335250.0,0.0,485454750,512000.0,19637000.0,38033500.0,0.07548557237875266,18396500.0,0.03651176810616229,0.0,26329750.0,0.05225699053043929,5465500.0,20864250.0,0.041409542995080394,0.06225,0.06225,335443000,335443000,https://www1.hkexnews.hk/search/titlesearch.xhtml,https://www1.hkexnews.hk/search/titlesearch.xhtml,1620584858,14:27:38,20210509
26,2014-03-31,0684.HK,HKD,2014-03-31,2014-03-31,Q1,503851250,442693750,61157500,0.12138007001074226,0.0,34542750,8842500.0,1335250.0,0.0,485454750,512000.0,19637000.0,38033500.0,0.07548557237875266,18396500.0,0.03651176810616229,0.0,26329750.0,0.05225699053043929,5465500.0,20864250.0,0.041409542995080394,0.06225,0.06225,335443000,335443000,https://www1.hkexnews.hk/search/titlesearch.xhtml,https://www1.hkexnews.hk/search/titlesearch.xhtml,1620584858,14:27:38,20210509
27,2014-01-31,0684.HK,HKD,2014-01-31,2014-01-31,Q1,503851250,442693750,61157500,0.12138007001074226,0.0,34542750,8842500.0,1335250.0,0.0,485454750,512000.0,19637000.0,38033500.0,0.07548557237875266,18396500.0,0.03651176810616229,0.0,26329750.0,0.05225699053043929,5465500.0,20864250.0,0.041409542995080394,0.06225,0.06225,335443000,335443000,https://www1.hkexnews.hk/search/titlesearch.xhtml,https://www1.hkexnews.hk/search/titlesearch.xhtml,1620584858,14:27:38,20210509
28,2013-09-30,0684.HK,HKD,2013-09-30,2013-09-30,Q3,589090500,518184750,70905750,0.1203647826607287,0.0,35836750,9511000.0,980250.0,0.0,562888000,733500.0,18863000.0,45065500.0,0.0765001302855843,26202500.0,0.04447958335773536,0.0,33282500.0,0.05649811022245309,6076000.0,27206500.0,0.04618390552894674,0.081,0.081,335433000,335433000,https://www1.hkexnews.hk/search/titlesearch.xhtml,https://www1.hkexnews.hk/search/titlesearch.xhtml,1620584858,14:27:38,20210509
29,2013-06-30,0684.HK,HKD,2013-06-30,2013-06-30,Q2,589090500,518184750,70905750,0.1203647826607287,0.0,35836750,9511000.0,980250.0,0.0,562888000,733500.0,18863000.0,45065500.0,0.0765001302855843,26202500.0,0.04447958335773536,0.0,33282500.0,0.05649811022245309,6076000.0,27206500.0,0.04618390552894674,0.081,0.081,335433000,335433000,https://www1.hkexnews.hk/search/titlesearch.xhtml,https://www1.hkexnews.hk/search/titlesearch.xhtml,1620584858,14:27:38,20210509
30,2013-03-31,0684.HK,HKD,2013-03-31,2013-03-31,Q1,589090500,518184750,70905750,0.1203647826607287,0.0,35836750,9511000.0,980250.0,0.0,562888000,733500.0,18863000.0,45065500.0,0.0765001302855843,26202500.0,0.04447958335773536,0.0,33282500.0,0.05649811022245309,6076000.0,27206500.0,0.04618390552894674,0.081,0.081,335433000,335433000,https://www1.hkexnews.hk/search/titlesearch.xhtml,https://www1.hkexnews.hk/search/titlesearch.xhtml,1620584858,14:27:38,20210509
31,2013-01-31,0684.HK,HKD,2013-01-31,2013-01-31,Q1,589090500,518184750,70905750,0.1203647826607287,0.0,35836750,9511000.0,980250.0,0.0,562888000,733500.0,18863000.0,45065500.0,0.0765001302855843,26202500.0,0.04447958335773536,0.0,33282500.0,0.05649811022245309,6076000.0,27206500.0,0.04618390552894674,0.081,0.081,335433000,335433000,https://www1.hkexnews.hk/search/titlesearch.xhtml,https://www1.hkexnews.hk/search/titlesearch.xhtml,1620584858,14:27:38,20210509
32,2012-09-30,0684.HK,HKD,2012-09-30,2012-09-30,Q3,604230000,526270000,77960000,0.12902371613458452,0.0,34417750,9435750.0,5186750.0,0.0,570436750,617250.0,13726250.0,47519500.0,0.0786447213809311,33793250.0,0.05592779239693494,0.0,38362750.0,0.06349030998129851,6578500.0,31784250.0,0.052602899558115285,0.09475,0.09475,335433000,335433000,https://www1.hkexnews.hk/search/titlesearch.xhtml,https://www1.hkexnews.hk/search/titlesearch.xhtml,1620584858,14:27:38,20210509
33,2012-06-30,0684.HK,HKD,2012-06-30,2012-06-30,Q2,604230000,526270000,77960000,0.12902371613458452,0.0,34417750,9435750.0,5186750.0,0.0,570436750,617250.0,13726250.0,47519500.0,0.0786447213809311,33793250.0,0.05592779239693494,0.0,38362750.0,0.06349030998129851,6578500.0,31784250.0,0.052602899558115285,0.09475,0.09475,335433000,335433000,https://www1.hkexnews.hk/search/titlesearch.xhtml,https://www1.hkexnews.hk/search/titlesearch.xhtml,1620584858,14:27:38,20210509
34,2012-03-31,0684.HK,HKD,2012-03-31,2012-03-31,Q1,604230000,526270000,77960000,0.12902371613458452,0.0,34417750,9435750.0,5186750.0,0.0,570436750,617250.0,13726250.0,47519500.0,0.0786447213809311,33793250.0,0.05592779239693494,0.0,38362750.0,0.06349030998129851,6578500.0,31784250.0,0.052602899558115285,0.09475,0.09475,335433000,335433000,https://www1.hkexnews.hk/search/titlesearch.xhtml,https://www1.hkexnews.hk/search/titlesearch.xhtml,1620584858,14:27:38,20210509
35,2012-01-31,0684.HK,HKD,2012-01-31,2012-01-31,Q1,604230000,526270000,77960000,0.12902371613458452,0.0,34417750,9435750.0,5186750.0,0.0,570436750,617250.0,13726250.0,47519500.0,0.0786447213809311,33793250.0,0.05592779239693494,0.0,38362750.0,0.06349030998129851,6578500.0,31784250.0,0.052602899558115285,0.09475,0.09475,335433000,335433000,https://www1.hkexnews.hk/search/titlesearch.xhtml,https://www1.hkexnews.hk/search/titlesearch.xhtml,1620584858,14:27:38,20210509
36,2011-09-30,0684.HK,HKD,2011-09-30,2011-09-30,Q3,555127750,463486000,91641750,0.1650822716032481,0.0,36174500,8824250.0,2391250.0,0.0,507549500,0.0,8778750.0,56357000.0,0.10152077607361548,47578250.0,0.08570684855873265,0.0,49907750.0,0.08990317994371566,9160500.0,40747250.0,0.07340157288119717,0.1215,0.1215,335433000,335433000,https://www1.hkexnews.hk/search/titlesearch.xhtml,https://www1.hkexnews.hk/search/titlesearch.xhtml,1620584858,14:27:38,20210509
37,2011-06-30,0684.HK,HKD,2011-06-30,2011-06-30,Q2,555127750,463486000,91641750,0.1650822716032481,0.0,36174500,8824250.0,2391250.0,0.0,507549500,0.0,8778750.0,56357000.0,0.10152077607361548,47578250.0,0.08570684855873265,0.0,49907750.0,0.08990317994371566,9160500.0,40747250.0,0.07340157288119717,0.1215,0.1215,335433000,335433000,https://www1.hkexnews.hk/search/titlesearch.xhtml,https://www1.hkexnews.hk/search/titlesearch.xhtml,1620584858,14:27:38,20210509
38,2011-03-31,0684.HK,HKD,2011-03-31,2011-03-31,Q1,555127750,463486000,91641750,0.1650822716032481,0.0,36174500,8824250.0,2391250.0,0.0,507549500,0.0,8778750.0,56357000.0,0.10152077607361548,47578250.0,0.08570684855873265,0.0,49907750.0,0.08990317994371566,9160500.0,40747250.0,0.07340157288119717,0.1215,0.1215,335433000,335433000,https://www1.hkexnews.hk/search/titlesearch.xhtml,https://www1.hkexnews.hk/search/titlesearch.xhtml,1620584858,14:27:38,20210509
39,2011-01-31,0684.HK,HKD,2011-01-31,2011-01-31,Q1,555127750,463486000,91641750,0.1650822716032481,0.0,36174500,8824250.0,2391250.0,0.0,507549500,0.0,8778750.0,56357000.0,0.10152077607361548,47578250.0,0.08570684855873265,0.0,49907750.0,0.08990317994371566,9160500.0,40747250.0,0.07340157288119717,0.1215,0.1215,335433000,335433000,https://www1.hkexnews.hk/search/titlesearch.xhtml,https://www1.hkexnews.hk/search/titlesearch.xhtml,1620584858,14:27:38,20210509
40,2010-09-30,0684.HK,HKD,2010-09-30,2010-09-30,Q3,455046750,361463250,93583500,0.20565689129743261,0.0,28601250,7650500.0,625000.0,0.0,396998500,0.0,8317000.0,66365250.0,0.1458427073701768,58048250.0,0.12756546442755606,0.0,58620750.0,0.12882357691819576,11218750.0,47402000.0,0.10416951664856414,0.14125,0.14125,335433000,335433000,https://www1.hkexnews.hk/search/titlesearch.xhtml,https://www1.hkexnews.hk/search/titlesearch.xhtml,1620584858,14:27:38,20210509
41,2010-06-30,0684.HK,HKD,2010-06-30,2010-06-30,Q2,455046750,361463250,93583500,0.20565689129743261,0.0,28601250,7650500.0,625000.0,0.0,396998500,0.0,8317000.0,66365250.0,0.1458427073701768,58048250.0,0.12756546442755606,0.0,58620750.0,0.12882357691819576,11218750.0,47402000.0,0.10416951664856414,0.14125,0.14125,335433000,335433000,https://www1.hkexnews.hk/search/titlesearch.xhtml,https://www1.hkexnews.hk/search/titlesearch.xhtml,1620584858,14:27:38,20210509
42,2010-03-31,0684.HK,HKD,2010-03-31,2010-03-31,Q1,455046750,361463250,93583500,0.20565689129743261,0.0,28601250,7650500.0,625000.0,0.0,396998500,0.0,8317000.0,66365250.0,0.1458427073701768,58048250.0,0.12756546442755606,0.0,58620750.0,0.12882357691819576,11218750.0,47402000.0,0.10416951664856414,0.14125,0.14125,335433000,335433000,https://www1.hkexnews.hk/search/titlesearch.xhtml,https://www1.hkexnews.hk/search/titlesearch.xhtml,1620584858,14:27:38,20210509
43,2010-01-31,0684.HK,HKD,2010-01-31,2010-01-31,Q1,455046750,361463250,93583500,0.20565689129743261,0.0,28601250,7650500.0,625000.0,0.0,396998500,0.0,8317000.0,66365250.0,0.1458427073701768,58048250.0,0.12756546442755606,0.0,58620750.0,0.12882357691819576,11218750.0,47402000.0,0.10416951664856414,0.14125,0.14125,335433000,335433000,https://www1.hkexnews.hk/search/titlesearch.xhtml,https://www1.hkexnews.hk/search/titlesearch.xhtml,1620584858,14:27:38,20210509
44,2009-09-30,0684.HK,HKD,2009-09-30,2009-09-30,Q3,467382250,393409250,73973000,0.15827087999169845,0.0,30510250,8553250.0,-175000.0,0.0,431892750,0.0,8260000.0,43749500.0,0.09360539472776298,35489500.0,0.0759324942271556,0.0,32720250.0,0.07000747247033878,5985750.0,26734500.0,0.05720050344231087,0.07975,0.07975,335433000,335433000,https://www1.hkexnews.hk/search/titlesearch.xhtml,https://www1.hkexnews.hk/search/titlesearch.xhtml,1620584858,14:27:38,20210509
45,2009-06-30,0684.HK,HKD,2009-06-30,2009-06-30,Q2,467382250,393409250,73973000,0.15827087999169845,0.0,30510250,8553250.0,-175000.0,0.0,431892750,0.0,8260000.0,43749500.0,0.09360539472776298,35489500.0,0.0759324942271556,0.0,32720250.0,0.07000747247033878,5985750.0,26734500.0,0.05720050344231087,0.07975,0.07975,335433000,335433000,https://www1.hkexnews.hk/search/titlesearch.xhtml,https://www1.hkexnews.hk/search/titlesearch.xhtml,1620584858,14:27:38,20210509
46,2009-03-31,0684.HK,HKD,2009-03-31,2009-03-31,Q1,467382250,393409250,73973000,0.15827087999169845,0.0,30510250,8553250.0,-175000.0,0.0,431892750,0.0,8260000.0,43749500.0,0.09360539472776298,35489500.0,0.0759324942271556,0.0,32720250.0,0.07000747247033878,5985750.0,26734500.0,0.05720050344231087,0.07975,0.07975,335433000,335433000,https://www1.hkexnews.hk/search/titlesearch.xhtml,https://www1.hkexnews.hk/search/titlesearch.xhtml,1620584858,14:27:38,20210509
47,2009-01-31,0684.HK,HKD,2009-01-31,2009-01-31,Q1,467382250,393409250,73973000,0.15827087999169845,0.0,30510250,8553250.0,-175000.0,0.0,431892750,0.0,8260000.0,43749500.0,0.09360539472776298,35489500.0,0.0759324942271556,0.0,32720250.0,0.07000747247033878,5985750.0,26734500.0,0.05720050344231087,0.07975,0.07975,335433000,335433000,https://www1.hkexnews.hk/search/titlesearch.xhtml,https://www1.hkexnews.hk/search/titlesearch.xhtml,1620584858,14:27:38,20210509
48,2008-09-30,0684.HK,HKD,2008-09-30,2008-09-30,Q3,386956250,336050500,50905750,0.13155427777688047,0.0,27903000,8361250.0,0.0,0.0,372314750,0.0,10066250.0,24707750.0,0.06385153360360506,14641500.0,0.03783761084101885,0.0,18689250.0,0.04829809571495486,2471250.0,16218000.0,0.04191171482564243,0.04825,0.04825,336124352,336124352,https://www1.hkexnews.hk/search/titlesearch.xhtml,https://www1.hkexnews.hk/search/titlesearch.xhtml,1620584858,14:27:38,20210509
49,2008-06-30,0684.HK,HKD,2008-06-30,2008-06-30,Q2,386956250,336050500,50905750,0.13155427777688047,0.0,27903000,8361250.0,0.0,0.0,372314750,0.0,10066250.0,24707750.0,0.06385153360360506,14641500.0,0.03783761084101885,0.0,18689250.0,0.04829809571495486,2471250.0,16218000.0,0.04191171482564243,0.04825,0.04825,336124352,336124352,https://www1.hkexnews.hk/search/titlesearch.xhtml,https://www1.hkexnews.hk/search/titlesearch.xhtml,1620584858,14:27:38,20210509
50,2008-03-31,0684.HK,HKD,2008-03-31,2008-03-31,Q1,386956250,336050500,50905750,0.13155427777688047,0.0,27903000,8361250.0,0.0,0.0,372314750,0.0,10066250.0,24707750.0,0.06385153360360506,14641500.0,0.03783761084101885,0.0,18689250.0,0.04829809571495486,2471250.0,16218000.0,0.04191171482564243,0.04825,0.04825,336124352,336124352,https://www1.hkexnews.hk/search/titlesearch.xhtml,https://www1.hkexnews.hk/search/titlesearch.xhtml,1620584858,14:27:38,20210509
51,2008-01-31,0684.HK,HKD,2008-01-31,2008-01-31,Q1,386956250,336050500,50905750,0.13155427777688047,0.0,27903000,8361250.0,0.0,0.0,372314750,0.0,10066250.0,24707750.0,0.06385153360360506,14641500.0,0.03783761084101885,0.0,18689250.0,0.04829809571495486,2471250.0,16218000.0,0.04191171482564243,0.04825,0.04825,336124352,336124352,https://www1.hkexnews.hk/search/titlesearch.xhtml,https://www1.hkexnews.hk/search/titlesearch.xhtml,1620584858,14:27:38,20210509
52,2007-09-30,0684.HK,HKD,2007-09-30,2007-09-30,Q3,268036000,221751000,46285000,0.17268202778731215,0.0,22185500,0.0,0.0,0.0,250700500,0.0,8666500.0,26002000.0,0.09700935695205122,17335500.0,0.06467601366980555,0.0,19927750.0,0.07434728917011148,2654000.0,17273750.0,0.06444563416854453,0.0515,0.0515,335412621,335412621,https://www1.hkexnews.hk/search/titlesearch.xhtml,https://www1.hkexnews.hk/search/titlesearch.xhtml,1620584858,14:27:38,20210509
53,2007-06-30,0684.HK,HKD,2007-06-30,2007-06-30,Q2,268036000,221751000,46285000,0.17268202778731215,0.0,22185500,0.0,0.0,0.0,250700500,0.0,8666500.0,26002000.0,0.09700935695205122,17335500.0,0.06467601366980555,0.0,19927750.0,0.07434728917011148,2654000.0,17273750.0,0.06444563416854453,0.0515,0.0515,335412621,335412621,https://www1.hkexnews.hk/search/titlesearch.xhtml,https://www1.hkexnews.hk/search/titlesearch.xhtml,1620584858,14:27:38,20210509
54,2007-03-31,0684.HK,HKD,2007-03-31,2007-03-31,Q1,268036000,221751000,46285000,0.17268202778731215,0.0,22185500,0.0,0.0,0.0,250700500,0.0,8666500.0,26002000.0,0.09700935695205122,17335500.0,0.06467601366980555,0.0,19927750.0,0.07434728917011148,2654000.0,17273750.0,0.06444563416854453,0.0515,0.0515,335412621,335412621,https://www1.hkexnews.hk/search/titlesearch.xhtml,https://www1.hkexnews.hk/search/titlesearch.xhtml,1620584858,14:27:38,20210509
55,2007-01-31,0684.HK,HKD,2007-01-31,2007-01-31,Q1,268036000,221751000,46285000,0.17268202778731215,0.0,22185500,0.0,0.0,0.0,250700500,0.0,8666500.0,26002000.0,0.09700935695205122,17335500.0,0.06467601366980555,0.0,19927750.0,0.07434728917011148,2654000.0,17273750.0,0.06444563416854453,0.0515,0.0515,335412621,335412621,https://www1.hkexnews.hk/search/titlesearch.xhtml,https://www1.hkexnews.hk/search/titlesearch.xhtml,1620584858,14:27:38,20210509
56,2006-09-30,0684.HK,HKD,2006-09-30,2006-09-30,Q3,204996500,168266750,36729750,0.17917257123902117,0.0,22350500,0.0,0.0,0.0,196162000,0.0,10543000.0,19377500.0,0.09452600410250907,8834500.0,0.04309585773415644,0.0,10906500.0,0.05320334737422346,1621750.0,9284750.0,0.04529223669672409,0.02775,0.02775,334585586,334585586,https://www1.hkexnews.hk/search/titlesearch.xhtml,https://www1.hkexnews.hk/search/titlesearch.xhtml,1620584858,14:27:38,20210509
57,2006-06-30,0684.HK,HKD,2006-06-30,2006-06-30,Q2,204996500,168266750,36729750,0.17917257123902117,0.0,22350500,0.0,0.0,0.0,196162000,0.0,10543000.0,19377500.0,0.09452600410250907,8834500.0,0.04309585773415644,0.0,10906500.0,0.05320334737422346,1621750.0,9284750.0,0.04529223669672409,0.02775,0.02775,334585586,334585586,https://www1.hkexnews.hk/search/titlesearch.xhtml,https://www1.hkexnews.hk/search/titlesearch.xhtml,1620584858,14:27:38,20210509
58,2006-03-31,0684.HK,HKD,2006-03-31,2006-03-31,Q1,204996500,168266750,36729750,0.17917257123902117,0.0,22350500,0.0,0.0,0.0,196162000,0.0,10543000.0,19377500.0,0.09452600410250907,8834500.0,0.04309585773415644,0.0,10906500.0,0.05320334737422346,1621750.0,9284750.0,0.04529223669672409,0.02775,0.02775,334585586,334585586,https://www1.hkexnews.hk/search/titlesearch.xhtml,https://www1.hkexnews.hk/search/titlesearch.xhtml,1620584858,14:27:38,20210509
59,2006-01-31,0684.HK,HKD,2006-01-31,2006-01-31,Q1,204996500,168266750,36729750,0.17917257123902117,0.0,22350500,0.0,0.0,0.0,196162000,0.0,10543000.0,19377500.0,0.09452600410250907,8834500.0,0.04309585773415644,0.0,10906500.0,0.05320334737422346,1621750.0,9284750.0,0.04529223669672409,0.02775,0.02775,334585586,334585586,https://www1.hkexnews.hk/search/titlesearch.xhtml,https://www1.hkexnews.hk/search/titlesearch.xhtml,1620584858,14:27:38,20210509
60,2005-09-30,0684.HK,HKD,2005-09-30,2005-09-30,Q3,198358750,163587500,34771250,0.17529476264596344,0.0,20309250,0.0,0.0,0.0,190152250,0.0,10329000.0,18535500.0,0.0934443275126507,8206500.0,0.04137200904926049,0.0,10029250.0,0.0505611675814654,1198000.0,8831250.0,0.04452160542451493,0.02625,0.02625,336428571,336428571,https://www1.hkexnews.hk/search/titlesearch.xhtml,https://www1.hkexnews.hk/search/titlesearch.xhtml,1620584858,14:27:38,20210509
61,2005-06-30,0684.HK,HKD,2005-06-30,2005-06-30,Q2,198358750,163587500,34771250,0.17529476264596344,0.0,20309250,0.0,0.0,0.0,190152250,0.0,10329000.0,18535500.0,0.0934443275126507,8206500.0,0.04137200904926049,0.0,10029250.0,0.0505611675814654,1198000.0,8831250.0,0.04452160542451493,0.02625,0.02625,336428571,336428571,https://www1.hkexnews.hk/search/titlesearch.xhtml,https://www1.hkexnews.hk/search/titlesearch.xhtml,1620584858,14:27:38,20210509
62,2005-03-31,0684.HK,HKD,2005-03-31,2005-03-31,Q1,198358750,163587500,34771250,0.17529476264596344,0.0,20309250,0.0,0.0,0.0,190152250,0.0,10329000.0,18535500.0,0.0934443275126507,8206500.0,0.04137200904926049,0.0,10029250.0,0.0505611675814654,1198000.0,8831250.0,0.04452160542451493,0.02625,0.02625,336428571,336428571,https://www1.hkexnews.hk/search/titlesearch.xhtml,https://www1.hkexnews.hk/search/titlesearch.xhtml,1620584858,14:27:38,20210509
63,2005-01-31,0684.HK,HKD,2005-01-31,2005-01-31,Q1,198358750,163587500,34771250,0.17529476264596344,0.0,20309250,0.0,0.0,0.0,190152250,0.0,10329000.0,18535500.0,0.0934443275126507,8206500.0,0.04137200904926049,0.0,10029250.0,0.0505611675814654,1198000.0,8831250.0,0.04452160542451493,0.02625,0.02625,336428571,336428571,https://www1.hkexnews.hk/search/titlesearch.xhtml,https://www1.hkexnews.hk/search/titlesearch.xhtml,1620584858,14:27:38,20210509
64,2004-09-30,0684.HK,HKD,2004-09-30,2004-09-30,Q3,208356750,167395250,40961500,0.19659310293523008,0.0,20684250,0.0,0.0,0.0,196411750,0.0,10835500.0,22780500.0,0.10933411084594091,11945000.0,0.05732955615788785,0.0,13490000.0,0.06474472269316929,2017500.0,11472500.0,0.05506181105243771,0.03425,0.03425,334963504,334963504,https://www1.hkexnews.hk/search/titlesearch.xhtml,https://www1.hkexnews.hk/search/titlesearch.xhtml,1620584858,14:27:38,20210509
65,2004-06-30,0684.HK,HKD,2004-06-30,2004-06-30,Q2,208356750,167395250,40961500,0.19659310293523008,0.0,20684250,0.0,0.0,0.0,196411750,0.0,10835500.0,22780500.0,0.10933411084594091,11945000.0,0.05732955615788785,0.0,13490000.0,0.06474472269316929,2017500.0,11472500.0,0.05506181105243771,0.03425,0.03425,334963504,334963504,https://www1.hkexnews.hk/search/titlesearch.xhtml,https://www1.hkexnews.hk/search/titlesearch.xhtml,1620584858,14:27:38,20210509
66,2004-03-31,0684.HK,HKD,2004-03-31,2004-03-31,Q1,208356750,167395250,40961500,0.19659310293523008,0.0,20684250,0.0,0.0,0.0,196411750,0.0,10835500.0,22780500.0,0.10933411084594091,11945000.0,0.05732955615788785,0.0,13490000.0,0.06474472269316929,2017500.0,11472500.0,0.05506181105243771,0.03425,0.03425,334963504,334963504,https://www1.hkexnews.hk/search/titlesearch.xhtml,https://www1.hkexnews.hk/search/titlesearch.xhtml,1620584858,14:27:38,20210509
67,2004-01-31,0684.HK,HKD,2004-01-31,2004-01-31,Q1,208356750,167395250,40961500,0.19659310293523008,0.0,20684250,0.0,0.0,0.0,196411750,0.0,10835500.0,22780500.0,0.10933411084594091,11945000.0,0.05732955615788785,0.0,13490000.0,0.06474472269316929,2017500.0,11472500.0,0.05506181105243771,0.03425,0.03425,334963504,334963504,https://www1.hkexnews.hk/search/titlesearch.xhtml,https://www1.hkexnews.hk/search/titlesearch.xhtml,1620584858,14:27:38,20210509
68,2003-09-30,0684.HK,HKD,2003-09-30,2003-09-30,Q3,192409500,148500500,43909000,0.2282059877500851,0.0,20444000,0.0,0.0,0.0,175904000,0.0,9562750.0,26068250.0,0.1354831752070454,16505500.0,0.08578318638112983,0.0,15643500.0,0.08130315810809757,1244000.0,14399500.0,0.07483778087880276,0.043,0.043,334872093,334872093,https://www1.hkexnews.hk/search/titlesearch.xhtml,https://www1.hkexnews.hk/search/titlesearch.xhtml,1620584858,14:27:38,20210509
69,2003-06-30,0684.HK,HKD,2003-06-30,2003-06-30,Q2,192409500,148500500,43909000,0.2282059877500851,0.0,20444000,0.0,0.0,0.0,175904000,0.0,9562750.0,26068250.0,0.1354831752070454,16505500.0,0.08578318638112983,0.0,15643500.0,0.08130315810809757,1244000.0,14399500.0,0.07483778087880276,0.043,0.043,334872093,334872093,https://www1.hkexnews.hk/search/titlesearch.xhtml,https://www1.hkexnews.hk/search/titlesearch.xhtml,1620584858,14:27:38,20210509
70,2003-03-31,0684.HK,HKD,2003-03-31,2003-03-31,Q1,192409500,148500500,43909000,0.2282059877500851,0.0,20444000,0.0,0.0,0.0,175904000,0.0,9562750.0,26068250.0,0.1354831752070454,16505500.0,0.08578318638112983,0.0,15643500.0,0.08130315810809757,1244000.0,14399500.0,0.07483778087880276,0.043,0.043,334872093,334872093,https://www1.hkexnews.hk/search/titlesearch.xhtml,https://www1.hkexnews.hk/search/titlesearch.xhtml,1620584858,14:27:38,20210509
71,2003-01-31,0684.HK,HKD,2003-01-31,2003-01-31,Q1,192409500,148500500,43909000,0.2282059877500851,0.0,20444000,0.0,0.0,0.0,175904000,0.0,9562750.0,26068250.0,0.1354831752070454,16505500.0,0.08578318638112983,0.0,15643500.0,0.08130315810809757,1244000.0,14399500.0,0.07483778087880276,0.043,0.043,334872093,334872093,https://www1.hkexnews.hk/search/titlesearch.xhtml,https://www1.hkexnews.hk/search/titlesearch.xhtml,1620584858,14:27:38,20210509
72,2002-09-30,0684.HK,HKD,2002-09-30,2002-09-30,Q3,182666750,136395000,46271750,0.2533123844377808,0.0,22964500,0.0,0.0,0.0,166052750,0.0,0.0,16614000.0,10.994748404959672,16614000.0,0.09095251325159066,0.0,17249750.0,0.09443289487550416,2242000.0,15007750.0,0.0821591778470904,0.04475,0.04475,335368715,335368715,https://www1.hkexnews.hk/search/titlesearch.xhtml,https://www1.hkexnews.hk/search/titlesearch.xhtml,1620584858,14:27:38,20210509
73,2002-06-30,0684.HK,HKD,2002-06-30,2002-06-30,Q2,182666750,136395000,46271750,0.2533123844377808,0.0,22964500,0.0,0.0,0.0,166052750,0.0,0.0,16614000.0,10.994748404959672,16614000.0,0.09095251325159066,0.0,17249750.0,0.09443289487550416,2242000.0,15007750.0,0.0821591778470904,0.04475,0.04475,335368715,335368715,https://www1.hkexnews.hk/search/titlesearch.xhtml,https://www1.hkexnews.hk/search/titlesearch.xhtml,1620584858,14:27:38,20210509
74,2002-03-31,0684.HK,HKD,2002-03-31,2002-03-31,Q1,182666750,136395000,46271750,0.2533123844377808,0.0,22964500,0.0,0.0,0.0,166052750,0.0,0.0,16614000.0,10.994748404959672,16614000.0,0.09095251325159066,0.0,17249750.0,0.09443289487550416,2242000.0,15007750.0,0.0821591778470904,0.04475,0.04475,335368715,335368715,https://www1.hkexnews.hk/search/titlesearch.xhtml,https://www1.hkexnews.hk/search/titlesearch.xhtml,1620584858,14:27:38,20210509
75,2002-01-31,0684.HK,HKD,2002-01-31,2002-01-31,Q1,182666750,136395000,46271750,0.2533123844377808,0.0,22964500,0.0,0.0,0.0,166052750,0.0,0.0,16614000.0,10.994748404959672,16614000.0,0.09095251325159066,0.0,17249750.0,0.09443289487550416,2242000.0,15007750.0,0.0821591778470904,0.04475,0.04475,335368715,335368715,https://www1.hkexnews.hk/search/titlesearch.xhtml,https://www1.hkexnews.hk/search/titlesearch.xhtml,1620584858,14:27:38,20210509
76,2001-09-30,0684.HK,HKD,2001-09-30,2001-09-30,Q3,226060500,171761250,54299250,0.2401978673850584,0.0,22990250,0.0,0.0,0.0,201948000,0.0,0.0,24112500.0,9.375241057542768,24112500.0,0.10666392403803407,0.0,23022250.0,0.10184110005949734,1867000.0,21155250.0,0.09358224899971468,0.0646,0.062225,327480650,339979912,https://www1.hkexnews.hk/search/titlesearch.xhtml,https://www1.hkexnews.hk/search/titlesearch.xhtml,1620584858,14:27:38,20210509
77,2001-06-30,0684.HK,HKD,2001-06-30,2001-06-30,Q2,226060500,171761250,54299250,0.2401978673850584,0.0,22990250,0.0,0.0,0.0,201948000,0.0,0.0,24112500.0,9.375241057542768,24112500.0,0.10666392403803407,0.0,23022250.0,0.10184110005949734,1867000.0,21155250.0,0.09358224899971468,0.0646,0.062225,327480650,339979912,https://www1.hkexnews.hk/search/titlesearch.xhtml,https://www1.hkexnews.hk/search/titlesearch.xhtml,1620584858,14:27:38,20210509
78,2001-03-31,0684.HK,HKD,2001-03-31,2001-03-31,Q1,226060500,171761250,54299250,0.2401978673850584,0.0,22990250,0.0,0.0,0.0,201948000,0.0,0.0,24112500.0,9.375241057542768,24112500.0,0.10666392403803407,0.0,23022250.0,0.10184110005949734,1867000.0,21155250.0,0.09358224899971468,0.0646,0.062225,327480650,339979912,https://www1.hkexnews.hk/search/titlesearch.xhtml,https://www1.hkexnews.hk/search/titlesearch.xhtml,1620584858,14:27:38,20210509
79,2001-01-31,0684.HK,HKD,2001-01-31,2001-01-31,Q1,226060500,171761250,54299250,0.2401978673850584,0.0,22990250,0.0,0.0,0.0,201948000,0.0,0.0,24112500.0,9.375241057542768,24112500.0,0.10666392403803407,0.0,23022250.0,0.10184110005949734,1867000.0,21155250.0,0.09358224899971468,0.0646,0.062225,327480650,339979912,https://www1.hkexnews.hk/search/titlesearch.xhtml,https://www1.hkexnews.hk/search/titlesearch.xhtml,1620584858,14:27:38,20210509
80,2000-09-30,0684.HK,HKD,2000-09-30,2000-09-30,Q3,181738750,135137250,46601500,0.25642027360703207,0.0,23681500,0.0,0.0,0.0,163563000,0.0,0.0,18175750.0,9.998968405705405,18175750.0,0.10001031700724254,0.0,19734750.0,0.10858856462917237,2317500.0,17417250.0,0.09583674367739406,0.05525,0.053775,315244344,323891213,https://www1.hkexnews.hk/search/titlesearch.xhtml,https://www1.hkexnews.hk/search/titlesearch.xhtml,1620584858,14:27:38,20210509
81,2000-06-30,0684.HK,HKD,2000-06-30,2000-06-30,Q2,181738750,135137250,46601500,0.25642027360703207,0.0,23681500,0.0,0.0,0.0,163563000,0.0,0.0,18175750.0,9.998968405705405,18175750.0,0.10001031700724254,0.0,19734750.0,0.10858856462917237,2317500.0,17417250.0,0.09583674367739406,0.05525,0.053775,315244344,323891213,https://www1.hkexnews.hk/search/titlesearch.xhtml,https://www1.hkexnews.hk/search/titlesearch.xhtml,1620584858,14:27:38,20210509
82,2000-03-31,0684.HK,HKD,2000-03-31,2000-03-31,Q1,181738750,135137250,46601500,0.25642027360703207,0.0,23681500,0.0,0.0,0.0,163563000,0.0,0.0,18175750.0,9.998968405705405,18175750.0,0.10001031700724254,0.0,19734750.0,0.10858856462917237,2317500.0,17417250.0,0.09583674367739406,0.05525,0.053775,315244344,323891213,https://www1.hkexnews.hk/search/titlesearch.xhtml,https://www1.hkexnews.hk/search/titlesearch.xhtml,1620584858,14:27:38,20210509
83,2000-01-31,0684.HK,HKD,2000-01-31,2000-01-31,Q1,181738750,135137250,46601500,0.25642027360703207,0.0,23681500,0.0,0.0,0.0,163563000,0.0,0.0,18175750.0,9.998968405705405,18175750.0,0.10001031700724254,0.0,19734750.0,0.10858856462917237,2317500.0,17417250.0,0.09583674367739406,0.05525,0.053775,315244344,323891213,https://www1.hkexnews.hk/search/titlesearch.xhtml,https://www1.hkexnews.hk/search/titlesearch.xhtml,1620584858,14:27:38,20210509
84,1999-09-30,0684.HK,HKD,1999-09-30,1999-09-30,Q3,121303500,87877000,33426500,0.27556088653666216,0.0,17404500,0.0,0.0,0.0,108819750,0.0,0.0,12483750.0,9.716911985581255,12483750.0,0.10291335369548282,0.0,13197500.0,0.10879735539370257,1741250.0,11456250.0,0.0944428643856113,0.03635,0.0361,315165062,317347645,https://www1.hkexnews.hk/search/titlesearch.xhtml,https://www1.hkexnews.hk/search/titlesearch.xhtml,1620584858,14:27:38,20210509
85,1999-06-30,0684.HK,HKD,1999-06-30,1999-06-30,Q2,121303500,87877000,33426500,0.27556088653666216,0.0,17404500,0.0,0.0,0.0,108819750,0.0,0.0,12483750.0,9.716911985581255,12483750.0,0.10291335369548282,0.0,13197500.0,0.10879735539370257,1741250.0,11456250.0,0.0944428643856113,0.03635,0.0361,315165062,317347645,https://www1.hkexnews.hk/search/titlesearch.xhtml,https://www1.hkexnews.hk/search/titlesearch.xhtml,1620584858,14:27:38,20210509
86,1999-03-31,0684.HK,HKD,1999-03-31,1999-03-31,Q1,121303500,87877000,33426500,0.27556088653666216,0.0,17404500,0.0,0.0,0.0,108819750,0.0,0.0,12483750.0,9.716911985581255,12483750.0,0.10291335369548282,0.0,13197500.0,0.10879735539370257,1741250.0,11456250.0,0.0944428643856113,0.03635,0.0361,315165062,317347645,https://www1.hkexnews.hk/search/titlesearch.xhtml,https://www1.hkexnews.hk/search/titlesearch.xhtml,1620584858,14:27:38,20210509
87,1999-01-31,0684.HK,HKD,1999-01-31,1999-01-31,Q1,121303500,87877000,33426500,0.27556088653666216,0.0,17404500,0.0,0.0,0.0,108819750,0.0,0.0,12483750.0,9.716911985581255,12483750.0,0.10291335369548282,0.0,13197500.0,0.10879735539370257,1741250.0,11456250.0,0.0944428643856113,0.03635,0.0361,315165062,317347645,https://www1.hkexnews.hk/search/titlesearch.xhtml,https://www1.hkexnews.hk/search/titlesearch.xhtml,1620584858,14:27:38,20210509
