,date,symbol,reportedCurrency,fillingDate,acceptedDate,period,revenue,costOfRevenue,grossProfit,grossProfitRatio,researchAndDevelopmentExpenses,generalAndAdministrativeExpenses,sellingAndMarketingExpenses,otherExpenses,operatingExpenses,costAndExpenses,interestExpense,depreciationAndAmortization,ebitda,ebitdaratio,operatingIncome,operatingIncomeRatio,totalOtherIncomeExpensesNet,incomeBeforeTax,incomeBeforeTaxRatio,incomeTaxExpense,netIncome,netIncomeRatio,eps,epsdiluted,weightedAverageShsOut,weightedAverageShsOutDil,link,finalLink,timestamp,est_time,est_date
0,2020-09-30,RDS.AX,AUD,2020-09-30,2020-09-30,Q3,0.0,0.0,0.0,0.0,0.0,65893.5,0.0,44463.75,19809.5,0.0,369.25,378.0,-85703.0,0.0,-86081.0,0.0,44463.75,-41233.0,0.0,0.0,-41233.0,0.0,-7.5e-05,-7.5e-05,473964306,473964306,,,1620597142,17:52:22,20210509
1,2020-06-30,RDS.AX,AUD,2020-06-30,2020-06-30,Q2,0.0,0.0,0.0,0.0,0.0,65893.5,0.0,44463.75,19809.5,0.0,369.25,378.0,-85703.0,0.0,-86081.0,0.0,44463.75,-41233.0,0.0,0.0,-41233.0,0.0,-7.5e-05,-7.5e-05,473964306,473964306,,,1620597142,17:52:22,20210509
2,2020-03-31,RDS.AX,AUD,2020-03-31,2020-03-31,Q1,0.0,0.0,0.0,0.0,0.0,65893.5,0.0,44463.75,19809.5,0.0,369.25,378.0,-85703.0,0.0,-86081.0,0.0,44463.75,-41233.0,0.0,0.0,-41233.0,0.0,-7.5e-05,-7.5e-05,473964306,473964306,,,1620597142,17:52:22,20210509
3,2020-01-31,RDS.AX,AUD,2020-01-31,2020-01-31,Q1,0.0,0.0,0.0,0.0,0.0,65893.5,0.0,44463.75,19809.5,0.0,369.25,378.0,-85703.0,0.0,-86081.0,0.0,44463.75,-41233.0,0.0,0.0,-41233.0,0.0,-7.5e-05,-7.5e-05,473964306,473964306,,,1620597142,17:52:22,20210509
4,2019-06-30,RDS.AX,AUD,2019-06-30,2019-06-30,Q2,0.0,0.0,0.0,0.0,0.0,64302.25,0.0,21905.5,26886.25,0.0,485.75,542.5,-91188.5,0.0,-91731.0,0.0,21905.5,-69284.5,0.0,0.0,-69284.5,0.0,-0.00015,-0.00015,448486913,448486913,,,1620597142,17:52:22,20210509
5,2019-03-31,RDS.AX,AUD,2019-03-31,2019-03-31,Q1,0.0,0.0,0.0,0.0,0.0,64302.25,0.0,21905.5,26886.25,0.0,485.75,542.5,-91188.5,0.0,-91731.0,0.0,21905.5,-69284.5,0.0,0.0,-69284.5,0.0,-0.00015,-0.00015,448486913,448486913,,,1620597142,17:52:22,20210509
6,2019-01-31,RDS.AX,AUD,2019-01-31,2019-01-31,Q1,0.0,0.0,0.0,0.0,0.0,64302.25,0.0,21905.5,26886.25,0.0,485.75,542.5,-91188.5,0.0,-91731.0,0.0,21905.5,-69284.5,0.0,0.0,-69284.5,0.0,-0.00015,-0.00015,448486913,448486913,,,1620597142,17:52:22,20210509
7,2018-06-30,RDS.AX,AUD,2018-06-30,2018-06-30,Q2,0.0,0.0,0.0,0.0,0.0,77211.75,0.0,31006.75,39950.25,0.0,397.0,779.0,-117162.0,0.0,-117941.0,0.0,31006.75,-87241.5,0.0,0.0,-87241.5,0.0,-0.0002165,-0.0002165,394721975,394721975,,,1620597142,17:52:22,20210509
8,2018-03-31,RDS.AX,AUD,2018-03-31,2018-03-31,Q1,0.0,0.0,0.0,0.0,0.0,77211.75,0.0,31006.75,39950.25,0.0,397.0,779.0,-117162.0,0.0,-117941.0,0.0,31006.75,-87241.5,0.0,0.0,-87241.5,0.0,-0.0002165,-0.0002165,394721975,394721975,,,1620597142,17:52:22,20210509
9,2018-01-31,RDS.AX,AUD,2018-01-31,2018-01-31,Q1,0.0,0.0,0.0,0.0,0.0,77211.75,0.0,31006.75,39950.25,0.0,397.0,779.0,-117162.0,0.0,-117941.0,0.0,31006.75,-87241.5,0.0,0.0,-87241.5,0.0,-0.0002165,-0.0002165,394721975,394721975,,,1620597142,17:52:22,20210509
10,2017-06-30,RDS.AX,AUD,2017-06-30,2017-06-30,Q2,0.0,0.0,0.0,0.0,0.0,83426.0,0.0,41017.5,37224.5,0.0,450.0,1443.25,-120650.5,0.0,-122093.75,0.0,41017.5,-81526.25,0.0,-323.0,-81203.25,0.0,-0.0002165,-0.0002165,357416088,357416088,,,1620597142,17:52:22,20210509
11,2017-03-31,RDS.AX,AUD,2017-03-31,2017-03-31,Q1,0.0,0.0,0.0,0.0,0.0,83426.0,0.0,41017.5,37224.5,0.0,450.0,1443.25,-120650.5,0.0,-122093.75,0.0,41017.5,-81526.25,0.0,-323.0,-81203.25,0.0,-0.0002165,-0.0002165,357416088,357416088,,,1620597142,17:52:22,20210509
12,2017-01-31,RDS.AX,AUD,2017-01-31,2017-01-31,Q1,0.0,0.0,0.0,0.0,0.0,83426.0,0.0,41017.5,37224.5,0.0,450.0,1443.25,-120650.5,0.0,-122093.75,0.0,41017.5,-81526.25,0.0,-323.0,-81203.25,0.0,-0.0002165,-0.0002165,357416088,357416088,,,1620597142,17:52:22,20210509
13,2016-06-30,RDS.AX,AUD,2016-06-30,2016-06-30,Q2,0.0,0.0,0.0,0.0,0.0,85821.25,0.0,24055.0,42028.0,0.0,523.25,4316.75,-127849.25,0.0,-132166.0,0.0,22555.0,-109515.25,0.0,0.0,-109515.25,0.0,-0.000409,-0.000409,270385887,270385887,,,1620597142,17:52:22,20210509
14,2016-03-31,RDS.AX,AUD,2016-03-31,2016-03-31,Q1,0.0,0.0,0.0,0.0,0.0,85821.25,0.0,24055.0,42028.0,0.0,523.25,4316.75,-127849.25,0.0,-132166.0,0.0,22555.0,-109515.25,0.0,0.0,-109515.25,0.0,-0.000409,-0.000409,270385887,270385887,,,1620597142,17:52:22,20210509
15,2016-01-31,RDS.AX,AUD,2016-01-31,2016-01-31,Q1,0.0,0.0,0.0,0.0,0.0,85821.25,0.0,24055.0,42028.0,0.0,523.25,4316.75,-127849.25,0.0,-132166.0,0.0,22555.0,-109515.25,0.0,0.0,-109515.25,0.0,-0.000409,-0.000409,270385887,270385887,,,1620597142,17:52:22,20210509
16,2015-09-30,RDS.AX,AUD,2015-09-30,2015-09-30,Q3,0.0,0.0,0.0,0.0,0.0,125961.0,0.0,205915.75,220711.25,0.0,1033.75,3452.75,-346672.25,0.0,-350125.0,0.0,205915.75,-129958.75,0.0,0.0,-129958.75,0.0,-0.0006015,-0.0006015,221055281,221055281,,,1620597142,17:52:22,20210509
17,2015-06-30,RDS.AX,AUD,2015-06-30,2015-06-30,Q2,0.0,0.0,0.0,0.0,0.0,125961.0,0.0,205915.75,220711.25,0.0,1033.75,3452.75,-346672.25,0.0,-350125.0,0.0,205915.75,-129958.75,0.0,0.0,-129958.75,0.0,-0.0006015,-0.0006015,221055281,221055281,,,1620597142,17:52:22,20210509
18,2015-03-31,RDS.AX,AUD,2015-03-31,2015-03-31,Q1,0.0,0.0,0.0,0.0,0.0,125961.0,0.0,205915.75,220711.25,0.0,1033.75,3452.75,-346672.25,0.0,-350125.0,0.0,205915.75,-129958.75,0.0,0.0,-129958.75,0.0,-0.0006015,-0.0006015,221055281,221055281,,,1620597142,17:52:22,20210509
19,2015-01-31,RDS.AX,AUD,2015-01-31,2015-01-31,Q1,0.0,0.0,0.0,0.0,0.0,125961.0,0.0,205915.75,220711.25,0.0,1033.75,3452.75,-346672.25,0.0,-350125.0,0.0,205915.75,-129958.75,0.0,0.0,-129958.75,0.0,-0.0006015,-0.0006015,221055281,221055281,,,1620597142,17:52:22,20210509
20,2014-09-30,RDS.AX,AUD,2014-09-30,2014-09-30,Q3,0.0,0.0,0.0,0.0,0.0,143546.0,0.0,16514.0,221562.0,0.0,523.5,8605.5,-371975.5,0.0,-380581.0,0.0,16514.0,-361091.75,0.0,0.0,-361091.75,0.0,-0.00189075,-0.00189075,191677450,191677450,,,1620597142,17:52:22,20210509
21,2014-06-30,RDS.AX,AUD,2014-06-30,2014-06-30,Q2,0.0,0.0,0.0,0.0,0.0,143546.0,0.0,16514.0,221562.0,0.0,523.5,8605.5,-371975.5,0.0,-380581.0,0.0,16514.0,-361091.75,0.0,0.0,-361091.75,0.0,-0.00189075,-0.00189075,191677450,191677450,,,1620597142,17:52:22,20210509
22,2014-03-31,RDS.AX,AUD,2014-03-31,2014-03-31,Q1,0.0,0.0,0.0,0.0,0.0,143546.0,0.0,16514.0,221562.0,0.0,523.5,8605.5,-371975.5,0.0,-380581.0,0.0,16514.0,-361091.75,0.0,0.0,-361091.75,0.0,-0.00189075,-0.00189075,191677450,191677450,,,1620597142,17:52:22,20210509
23,2014-01-31,RDS.AX,AUD,2014-01-31,2014-01-31,Q1,0.0,0.0,0.0,0.0,0.0,143546.0,0.0,16514.0,221562.0,0.0,523.5,8605.5,-371975.5,0.0,-380581.0,0.0,16514.0,-361091.75,0.0,0.0,-361091.75,0.0,-0.00189075,-0.00189075,191677450,191677450,,,1620597142,17:52:22,20210509
24,2013-09-30,RDS.AX,AUD,2013-09-30,2013-09-30,Q3,17865.0,0.0,17865.0,1.0,0.0,245204.75,0.0,38051.5,1203023.5,0.0,61.25,10095.75,-1430363.25,-80.06511335012594,-1440459.0,-80.6302267002519,38051.5,-1395671.0,-78.12320179121187,0.0,-1395671.0,-78.12320179121187,-0.0082715,-0.0082715,168646377,168646377,,,1620597142,17:52:22,20210509
25,2013-06-30,RDS.AX,AUD,2013-06-30,2013-06-30,Q2,17865.0,0.0,17865.0,1.0,0.0,245204.75,0.0,38051.5,1203023.5,0.0,61.25,10095.75,-1430363.25,-80.06511335012594,-1440459.0,-80.6302267002519,38051.5,-1395671.0,-78.12320179121187,0.0,-1395671.0,-78.12320179121187,-0.0082715,-0.0082715,168646377,168646377,,,1620597142,17:52:22,20210509
26,2013-03-31,RDS.AX,AUD,2013-03-31,2013-03-31,Q1,17865.0,0.0,17865.0,1.0,0.0,245204.75,0.0,38051.5,1203023.5,0.0,61.25,10095.75,-1430363.25,-80.06511335012594,-1440459.0,-80.6302267002519,38051.5,-1395671.0,-78.12320179121187,0.0,-1395671.0,-78.12320179121187,-0.0082715,-0.0082715,168646377,168646377,,,1620597142,17:52:22,20210509
27,2013-01-31,RDS.AX,AUD,2013-01-31,2013-01-31,Q1,17865.0,0.0,17865.0,1.0,0.0,245204.75,0.0,38051.5,1203023.5,0.0,61.25,10095.75,-1430363.25,-80.06511335012594,-1440459.0,-80.6302267002519,38051.5,-1395671.0,-78.12320179121187,0.0,-1395671.0,-78.12320179121187,-0.0082715,-0.0082715,168646377,168646377,,,1620597142,17:52:22,20210509
28,2012-09-30,RDS.AX,AUD,2012-09-30,2012-09-30,Q3,6517.5,0.0,6517.5,1.0,0.0,279037.5,0.0,0.0,212507.0,0.0,0.0,10745.0,-485027.0,-74.41917913310319,-495772.0,-76.06781741465286,0.0,-473533.25,-72.65565784426543,0.0,-473533.25,-72.65565784426543,-0.00313675,-0.00313675,151381233,151381233,,,1620597142,17:52:22,20210509
29,2012-06-30,RDS.AX,AUD,2012-06-30,2012-06-30,Q2,6517.5,0.0,6517.5,1.0,0.0,279037.5,0.0,0.0,212507.0,0.0,0.0,10745.0,-485027.0,-74.41917913310319,-495772.0,-76.06781741465286,0.0,-473533.25,-72.65565784426543,0.0,-473533.25,-72.65565784426543,-0.00313675,-0.00313675,151381233,151381233,,,1620597142,17:52:22,20210509
30,2012-03-31,RDS.AX,AUD,2012-03-31,2012-03-31,Q1,6517.5,0.0,6517.5,1.0,0.0,279037.5,0.0,0.0,212507.0,0.0,0.0,10745.0,-485027.0,-74.41917913310319,-495772.0,-76.06781741465286,0.0,-473533.25,-72.65565784426543,0.0,-473533.25,-72.65565784426543,-0.00313675,-0.00313675,151381233,151381233,,,1620597142,17:52:22,20210509
31,2012-01-31,RDS.AX,AUD,2012-01-31,2012-01-31,Q1,6517.5,0.0,6517.5,1.0,0.0,279037.5,0.0,0.0,212507.0,0.0,0.0,10745.0,-485027.0,-74.41917913310319,-495772.0,-76.06781741465286,0.0,-473533.25,-72.65565784426543,0.0,-473533.25,-72.65565784426543,-0.00313675,-0.00313675,151381233,151381233,,,1620597142,17:52:22,20210509
32,2011-09-30,RDS.AX,AUD,2011-09-30,2011-09-30,Q3,34887.0,0.0,34887.0,1.0,0.0,334006.25,0.0,84359.25,106784.75,0.0,63.25,11704.5,-405904.0,-11.634820993493278,-417608.5,-11.970318456731734,84359.25,-289974.75,-8.311828188150313,0.0,-289974.75,-8.311828188150313,-0.0020195,-0.0020195,143488088,143488088,,,1620597142,17:52:22,20210509
33,2011-06-30,RDS.AX,AUD,2011-06-30,2011-06-30,Q2,34887.0,0.0,34887.0,1.0,0.0,334006.25,0.0,84359.25,106784.75,0.0,63.25,11704.5,-405904.0,-11.634820993493278,-417608.5,-11.970318456731734,84359.25,-289974.75,-8.311828188150313,0.0,-289974.75,-8.311828188150313,-0.0020195,-0.0020195,143488088,143488088,,,1620597142,17:52:22,20210509
34,2011-03-31,RDS.AX,AUD,2011-03-31,2011-03-31,Q1,34887.0,0.0,34887.0,1.0,0.0,334006.25,0.0,84359.25,106784.75,0.0,63.25,11704.5,-405904.0,-11.634820993493278,-417608.5,-11.970318456731734,84359.25,-289974.75,-8.311828188150313,0.0,-289974.75,-8.311828188150313,-0.0020195,-0.0020195,143488088,143488088,,,1620597142,17:52:22,20210509
35,2011-01-31,RDS.AX,AUD,2011-01-31,2011-01-31,Q1,34887.0,0.0,34887.0,1.0,0.0,334006.25,0.0,84359.25,106784.75,0.0,63.25,11704.5,-405904.0,-11.634820993493278,-417608.5,-11.970318456731734,84359.25,-289974.75,-8.311828188150313,0.0,-289974.75,-8.311828188150313,-0.0020195,-0.0020195,143488088,143488088,,,1620597142,17:52:22,20210509
36,2010-09-30,RDS.AX,AUD,2010-09-30,2010-09-30,Q3,0.0,0.0,0.0,0.0,0.0,182955.5,0.0,25000.0,493180.75,0.0,1317.25,11600.25,-676136.25,0.0,-687736.5,0.0,25000.0,-655856.5,0.0,0.0,-655856.5,0.0,-0.00592975,-0.00592975,110574408,110574408,,,1620597142,17:52:22,20210509
37,2010-06-30,RDS.AX,AUD,2010-06-30,2010-06-30,Q2,0.0,0.0,0.0,0.0,0.0,182955.5,0.0,25000.0,493180.75,0.0,1317.25,11600.25,-676136.25,0.0,-687736.5,0.0,25000.0,-655856.5,0.0,0.0,-655856.5,0.0,-0.00592975,-0.00592975,110574408,110574408,,,1620597142,17:52:22,20210509
38,2010-03-31,RDS.AX,AUD,2010-03-31,2010-03-31,Q1,0.0,0.0,0.0,0.0,0.0,182955.5,0.0,25000.0,493180.75,0.0,1317.25,11600.25,-676136.25,0.0,-687736.5,0.0,25000.0,-655856.5,0.0,0.0,-655856.5,0.0,-0.00592975,-0.00592975,110574408,110574408,,,1620597142,17:52:22,20210509
39,2010-01-31,RDS.AX,AUD,2010-01-31,2010-01-31,Q1,0.0,0.0,0.0,0.0,0.0,182955.5,0.0,25000.0,493180.75,0.0,1317.25,11600.25,-676136.25,0.0,-687736.5,0.0,25000.0,-655856.5,0.0,0.0,-655856.5,0.0,-0.00592975,-0.00592975,110574408,110574408,,,1620597142,17:52:22,20210509
40,2009-09-30,RDS.AX,AUD,2009-09-30,2009-09-30,Q3,0.0,0.0,0.0,0.0,0.0,154737.0,0.0,664.5,687895.5,0.0,302.0,16387.25,-842632.5,0.0,-859019.75,0.0,664.5,-853213.75,0.0,0.0,-853213.75,0.0,-0.009496,-0.009496,89868791,89868791,,,1620597142,17:52:22,20210509
41,2009-06-30,RDS.AX,AUD,2009-06-30,2009-06-30,Q2,0.0,0.0,0.0,0.0,0.0,154737.0,0.0,664.5,687895.5,0.0,302.0,16387.25,-842632.5,0.0,-859019.75,0.0,664.5,-853213.75,0.0,0.0,-853213.75,0.0,-0.009496,-0.009496,89868791,89868791,,,1620597142,17:52:22,20210509
42,2009-03-31,RDS.AX,AUD,2009-03-31,2009-03-31,Q1,0.0,0.0,0.0,0.0,0.0,154737.0,0.0,664.5,687895.5,0.0,302.0,16387.25,-842632.5,0.0,-859019.75,0.0,664.5,-853213.75,0.0,0.0,-853213.75,0.0,-0.009496,-0.009496,89868791,89868791,,,1620597142,17:52:22,20210509
43,2009-01-31,RDS.AX,AUD,2009-01-31,2009-01-31,Q1,0.0,0.0,0.0,0.0,0.0,154737.0,0.0,664.5,687895.5,0.0,302.0,16387.25,-842632.5,0.0,-859019.75,0.0,664.5,-853213.75,0.0,0.0,-853213.75,0.0,-0.009496,-0.009496,89868791,89868791,,,1620597142,17:52:22,20210509
44,2008-09-30,RDS.AX,AUD,2008-09-30,2008-09-30,Q3,394.25,0.0,394.25,1.0,0.0,297261.5,0.0,-7484.0,4491.5,0.0,0.0,23859.75,-301358.75,-764.3849080532657,-325218.5,-824.9042485732404,-25561.0,-303646.25,-770.1870640456563,0.0,-303646.25,-770.1870640456563,-0.0033945,-0.0033945,89346251,89346251,,,1620597142,17:52:22,20210509
45,2008-06-30,RDS.AX,AUD,2008-06-30,2008-06-30,Q2,394.25,0.0,394.25,1.0,0.0,297261.5,0.0,-7484.0,4491.5,0.0,0.0,23859.75,-301358.75,-764.3849080532657,-325218.5,-824.9042485732404,-25561.0,-303646.25,-770.1870640456563,0.0,-303646.25,-770.1870640456563,-0.0033945,-0.0033945,89346251,89346251,,,1620597142,17:52:22,20210509
46,2008-03-31,RDS.AX,AUD,2008-03-31,2008-03-31,Q1,394.25,0.0,394.25,1.0,0.0,297261.5,0.0,-7484.0,4491.5,0.0,0.0,23859.75,-301358.75,-764.3849080532657,-325218.5,-824.9042485732404,-25561.0,-303646.25,-770.1870640456563,0.0,-303646.25,-770.1870640456563,-0.0033945,-0.0033945,89346251,89346251,,,1620597142,17:52:22,20210509
47,2008-01-31,RDS.AX,AUD,2008-01-31,2008-01-31,Q1,394.25,0.0,394.25,1.0,0.0,297261.5,0.0,-7484.0,4491.5,0.0,0.0,23859.75,-301358.75,-764.3849080532657,-325218.5,-824.9042485732404,-25561.0,-303646.25,-770.1870640456563,0.0,-303646.25,-770.1870640456563,-0.0033945,-0.0033945,89346251,89346251,,,1620597142,17:52:22,20210509
48,2007-09-30,RDS.AX,AUD,2007-09-30,2007-09-30,Q3,200.0,0.0,200.0,1.0,0.0,316647.25,0.0,0.0,196608.5,0.0,3986.0,20305.5,-513055.75,-2565.27875,-533361.25,-2666.80625,0.0,-507919.0,-2539.595,0.0,-507919.0,-2539.595,-0.00601575,-0.00601575,84153649,84153649,,,1620597142,17:52:22,20210509
49,2007-06-30,RDS.AX,AUD,2007-06-30,2007-06-30,Q2,200.0,0.0,200.0,1.0,0.0,316647.25,0.0,0.0,196608.5,0.0,3986.0,20305.5,-513055.75,-2565.27875,-533361.25,-2666.80625,0.0,-507919.0,-2539.595,0.0,-507919.0,-2539.595,-0.00601575,-0.00601575,84153649,84153649,,,1620597142,17:52:22,20210509
50,2007-03-31,RDS.AX,AUD,2007-03-31,2007-03-31,Q1,200.0,0.0,200.0,1.0,0.0,316647.25,0.0,0.0,196608.5,0.0,3986.0,20305.5,-513055.75,-2565.27875,-533361.25,-2666.80625,0.0,-507919.0,-2539.595,0.0,-507919.0,-2539.595,-0.00601575,-0.00601575,84153649,84153649,,,1620597142,17:52:22,20210509
51,2007-01-31,RDS.AX,AUD,2007-01-31,2007-01-31,Q1,200.0,0.0,200.0,1.0,0.0,316647.25,0.0,0.0,196608.5,0.0,3986.0,20305.5,-513055.75,-2565.27875,-533361.25,-2666.80625,0.0,-507919.0,-2539.595,0.0,-507919.0,-2539.595,-0.00601575,-0.00601575,84153649,84153649,,,1620597142,17:52:22,20210509
