,date,symbol,reportedCurrency,fillingDate,acceptedDate,period,revenue,costOfRevenue,grossProfit,grossProfitRatio,researchAndDevelopmentExpenses,generalAndAdministrativeExpenses,sellingAndMarketingExpenses,otherExpenses,operatingExpenses,costAndExpenses,interestExpense,depreciationAndAmortization,ebitda,ebitdaratio,operatingIncome,operatingIncomeRatio,totalOtherIncomeExpensesNet,incomeBeforeTax,incomeBeforeTaxRatio,incomeTaxExpense,netIncome,netIncomeRatio,eps,epsdiluted,weightedAverageShsOut,weightedAverageShsOutDil,link,finalLink,timestamp,est_time,est_date
0,2021-02-28,AEHR,USD,2021-04-13,2021-04-13,Q3,5267000.0,3373000.0,1894000.0,0.35959749382950446,903000.0,0.0,0.0,-39000.0,2546000.0,5919000.0,0.0,239.0,-651761.0,-0.1237442566926144,-652000.0,-0.13309284222517562,-39000.0,-701000.0,-0.13309284222517562,34000.0,-735000.0,-0.1395481298651984,-0.03,-0.03,23525000.0,23525000.0,https://www.sec.gov/Archives/edgar/data/1040470/000165495421004120/0001654954-21-004120-index.htm,https://www.sec.gov/Archives/edgar/data/1040470/000165495421004120/aehr_10q.htm,1620586229,14:50:29,20210509
1,2020-11-30,AEHR,USD,2021-01-14,2021-01-14 16:10:57,Q2,1683000.0,1306000.0,377000.0,0.22400475341651813,820000.0,1501000.0,0.0,-6.0,2321.0,3627000.0,12.0,165.0,-1779.0,-0.0010570409982174687,-1944.0,-0.0011550802139037434,-6000.0,-1962000.0,-1.1657754010695187,-4.0,-1958000.0,-1.1633986928104576,-0.08422229869236063,-0.0834790023449158,23248000.0,23455000.0,https://www.sec.gov/Archives/edgar/data/1040470/000165495421000464/0001654954-21-000464-index.htm,https://www.sec.gov/Archives/edgar/data/1040470/000165495421000464/aehr_10q.htm,1620586229,14:50:29,20210509
2,2020-08-31,AEHR,USD,2020-10-14,2020-10-14 16:49:38,Q1,2012000.0,1785000.0,227000.0,0.11282306163021869,900000.0,1514000.0,0.0,-94000.0,2414000.0,4199000.0,0.0,82000.0,-2105000.0,-1.0462226640159045,-2187000.0,-1.0869781312127236,2092000.0,-108000.0,-0.0536779324055666,-215000.0,107000.0,0.053180914512922464,0.004603,0.004562,23248000.0,23455000.0,https://www.sec.gov/Archives/edgar/data/1040470/000165495420011155/0001654954-20-011155-index.htm,https://www.sec.gov/Archives/edgar/data/1040470/000165495420011155/aehr_10q.htm,1620586229,14:50:29,20210509
3,2020-05-31,AEHR,USD,2020-08-28,2020-08-28 16:01:19,Q4,3773000.0,3866000.0,-93000.0,-0.024648820567187913,854000.0,1674000.0,0.0,-5000.0,2528000.0,6394000.0,0.0,86000.0,-2535000.0,-0.6718791412668964,-2621000.0,-0.694672674264511,-237000.0,-2875000.0,-0.7619931089318844,10000.0,-2885000.0,-0.7646435197455606,-0.13,-0.13,23060000.0,23060000.0,https://www.sec.gov/Archives/edgar/data/1040470/000165495420009618/0001654954-20-009618-index.htm,https://www.sec.gov/Archives/edgar/data/1040470/000165495420009618/aehr_10k.htm,1620586229,14:50:29,20210509
4,2020-02-29,AEHR,USD,2020-04-14,2020-04-14 16:02:07,Q3,6111000.0,3120000.0,2991000.0,0.4894452626411389,845000.0,1891000.0,0.0,-9000.0,2736000.0,5856000.0,0.0,105000.0,360000.0,0.05891016200294551,255000.0,0.041728031418753066,-9000.0,259000.0,0.042382588774341354,14000.0,245000.0,0.04009163802978236,0.01,0.01,23130000.0,23130000.0,https://www.sec.gov/Archives/edgar/data/1040470/000165495420004058/0001654954-20-004058-index.htm,https://www.sec.gov/Archives/edgar/data/1040470/000165495420004058/aehr_10q.htm,1620586229,14:50:29,20210509
5,2019-11-30,AEHR,USD,2020-01-14,2020-01-14 16:42:51,Q2,6874000.0,3672000.0,3202000.0,0.4658132091940646,795000.0,2157000.0,0.0,5000.0,2952000.0,6624000.0,0.0,98000.0,348000.0,0.05062554553389584,250000.0,0.03636892638929299,5000.0,257000.0,0.03738725632819319,6000.0,251000.0,0.03651440209485016,0.010997677781185647,0.01095495810055866,22823000.0,22912000.0,https://www.sec.gov/Archives/edgar/data/1040470/000165495420000416/0001654954-20-000416-index.htm,https://www.sec.gov/Archives/edgar/data/1040470/000165495420000416/aehr_10q.htm,1620586229,14:50:29,20210509
6,2019-08-31,AEHR,USD,2019-10-15,2019-10-15 06:31:42,Q1,5533000.0,3262000.0,2271000.0,0.410446412434484,892000.0,1808000.0,0.0,10000.0,2700000.0,5962000.0,0.0,95000.0,-334000.0,-0.06036508223386951,-429000.0,-0.0775347912524851,10000.0,-407000.0,-0.073558648111332,6000.0,-413000.0,-0.07464305078619193,-0.02,-0.02,22708000.0,22708000.0,https://www.sec.gov/Archives/edgar/data/1040470/000165495419011692/0001654954-19-011692-index.htm,https://www.sec.gov/Archives/edgar/data/1040470/000165495419010095/aehr_10k.htm,1620586229,14:50:29,20210509
7,2019-05-31,AEHR,USD,2019-08-28,2019-08-28 16:09:31,Q4,7242000.0,3863000.0,3379000.0,0.4665838166252416,1120000.0,2018000.0,0.0,-26000.0,3138000.0,7001000.0,0.0,98000.0,339000.0,0.0468102734051367,241000.0,0.03327809997238332,-101000.0,116000.0,0.016017674675504006,6000.0,110000.0,0.015189174261253798,0.004866,0.004842,22605000.0,22717000.0,https://www.sec.gov/Archives/edgar/data/1040470/000165495419010095/0001654954-19-010095-index.htm,https://www.sec.gov/Archives/edgar/data/1040470/000165495419010095/aehr_10k.htm,1620586229,14:50:29,20210509
8,2019-02-28,AEHR,USD,2019-04-12,2019-04-12 16:02:42,Q3,3163000.0,2891000.0,272000.0,0.08599430920012646,931000.0,1850000.0,0.0,-11000.0,2781000.0,5672000.0,76000.0,103000.0,-2406000.0,-0.7606702497628833,-2509000.0,-0.7932342712614606,-618000.0,-3203000.0,-1.0126462219411951,-2000.0,-3201000.0,-1.0120139108441353,-0.14,-0.14,22459000.0,22459000.0,https://www.sec.gov/Archives/edgar/data/1040470/000165495419004343/0001654954-19-004343-index.htm,https://www.sec.gov/Archives/edgar/data/1040470/000165495419004343/aehr_10q.htm,1620586229,14:50:29,20210509
9,2018-11-30,AEHR,USD,2019-01-14,2019-01-14 16:44:22,Q2,5911000.0,3513000.0,2398000.0,0.40568431737438676,986000.0,1977000.0,0.0,29000.0,2963000.0,6476000.0,0.0,119000.0,-446000.0,-0.07545254610049061,-565000.0,-0.0955845034681103,29000.0,-610000.0,-0.10319742852309254,19000.0,-629000.0,-0.10641177465741837,-0.03,-0.03,22294000.0,22294000.0,https://www.sec.gov/Archives/edgar/data/1040470/000165495419000441/0001654954-19-000441-index.htm,https://www.sec.gov/Archives/edgar/data/1040470/000165495419000441/aehr_10q.htm,1620586229,14:50:29,20210509
10,2018-08-31,AEHR,USD,2018-10-12,2018-10-12 16:58:20,Q1,4740000.0,3187000.0,1553000.0,0.32763713080168777,1116000.0,1879000.0,0.0,9000.0,2995000.0,6182000.0,78000.0,111000.0,-1331000.0,-0.28080168776371306,-1442000.0,-0.3042194092827004,9000.0,-1511000.0,-0.3187763713080169,4000.0,-1515000.0,-0.31962025316455694,-0.07,-0.07,22190000.0,22190000.0,https://www.sec.gov/Archives/edgar/data/1040470/000165495418011076/0001654954-18-011076-index.htm,https://www.sec.gov/Archives/edgar/data/1040470/000165495418009628/aehr_10k.htm,1620586229,14:50:29,20210509
11,2018-05-31,AEHR,USD,2018-08-28,2018-08-28 16:40:11,Q4,7269000.0,4108000.0,3161000.0,0.434860365937543,1096000.0,1816000.0,0.0,39000.0,2912000.0,7020000.0,89000.0,117000.0,366000.0,0.05035080478745357,249000.0,0.03425505571605448,39000.0,199000.0,0.027376530471866833,8000.0,191000.0,0.026275966432796807,0.008668814959379113,0.008446095339170425,22033000.0,22614000.0,https://www.sec.gov/Archives/edgar/data/1040470/000165495418009628/0001654954-18-009628-index.htm,https://www.sec.gov/Archives/edgar/data/1040470/000165495418009628/aehr_10k.htm,1620586229,14:50:29,20210509
12,2018-02-28,AEHR,USD,2018-04-12,2018-04-12 16:01:18,Q3,7393000.0,4217000.0,3176000.0,0.4295955633707561,1040000.0,1829000.0,0.0,-33000.0,2869000.0,7086000.0,98000.0,110000.0,417000.0,0.05640470715541729,307000.0,0.041525767618017045,-33000.0,176000.0,0.02380630325984039,-91000.0,267000.0,0.0361152441498715,0.012229754488823744,0.011792765337220087,21832000.0,22641000.0,https://www.sec.gov/Archives/edgar/data/1040470/000165495418003880/0001654954-18-003880-index.htm,https://www.sec.gov/Archives/edgar/data/1040470/000165495418003880/aehr_10q.htm,1620586229,14:50:29,20210509
13,2017-11-30,AEHR,USD,2018-01-12,2018-01-12 16:03:16,Q2,7923000.0,4792000.0,3131000.0,0.3951785939669317,1090000.0,1854000.0,0.0,-7000.0,2944000.0,7736000.0,0.0,101000.0,288000.0,0.0363498674744415,187000.0,0.023602170894863057,-7000.0,75000.0,0.00946611132146914,15000.0,60000.0,0.007572889057175312,0.002772,0.002622,21645000.0,22883000.0,https://www.sec.gov/Archives/edgar/data/1040470/000165495418000356/0001654954-18-000356-index.htm,https://www.sec.gov/Archives/edgar/data/1040470/000165495418000356/aehr_10q.htm,1620586229,14:50:29,20210509
14,2017-08-31,AEHR,USD,2017-10-13,2017-10-13 16:45:03,Q1,6970000.0,4052000.0,2918000.0,0.41865136298421807,955000.0,1791000.0,0.0,-60000.0,2746000.0,6798000.0,0.0,89000.0,261000.0,0.03744619799139168,172000.0,0.024677187948350072,-60000.0,5000.0,0.0007173601147776184,-5000.0,10000.0,0.0014347202295552368,0.000467,0.000435,21417000.0,22991000.0,https://www.sec.gov/Archives/edgar/data/1040470/000165495417009433/0001654954-17-009433-index.htm,https://www.sec.gov/Archives/edgar/data/1040470/000165495417007962/aehr_10k.htm,1620586229,14:50:29,20210509
15,2017-05-31,AEHR,USD,2017-08-29,2017-08-29 16:02:11,Q4,6683000.0,4075000.0,2608000.0,0.3902439024390244,1309000.0,1905000.0,0.0,-59000.0,3214000.0,7289000.0,141000.0,76000.0,-530000.0,-0.07930570103247045,-606000.0,-0.09067783929373036,-59000.0,-806000.0,-0.12060451892862487,-11000.0,-795000.0,-0.11895855154870567,-0.03712004482420507,-0.03712004482420507,21417000.0,21417000.0,https://www.sec.gov/Archives/edgar/data/1040470/000165495417007962/0001654954-17-007962-index.htm,https://www.sec.gov/Archives/edgar/data/1040470/000165495417007962/aehr_10k.htm,1620586229,14:50:29,20210509
16,2017-02-28,AEHR,USD,2017-04-06,2017-04-06 17:21:15,Q3,2681000.0,2178000.0,503000.0,0.1876165609847072,1248000.0,1724000.0,0.0,-2000.0,2972000.0,5150000.0,178000.0,66000.0,-2403000.0,-0.896307348004476,-2469000.0,-0.9209250279746364,-2000.0,-2649000.0,-0.9880641551659829,2000.0,-2651000.0,-0.988810145468109,-0.16,-0.16,16672000.0,16672000.0,https://www.sec.gov/Archives/edgar/data/1040470/000165495417003138/0001654954-17-003138-index.htm,https://www.sec.gov/Archives/edgar/data/1040470/000165495417003138/aehr_10q.htm,1620586229,14:50:29,20210509
17,2016-11-30,AEHR,USD,2017-01-13,2017-01-13 16:02:35,Q2,4216000.0,2753000.0,1463000.0,0.34701138519924096,1040000.0,1707000.0,0.0,43000.0,2747000.0,5500000.0,181000.0,61000.0,-1223000.0,-0.2900853889943074,-1284000.0,-0.3045540796963947,43000.0,-1422000.0,-0.3372865275142315,30000.0,-1452000.0,-0.3444022770398482,-0.09,-0.09,16029000.0,16029000.0,https://www.sec.gov/Archives/edgar/data/1040470/000165495417000239/0001654954-17-000239-index.htm,https://www.sec.gov/Archives/edgar/data/1040470/000165495417000239/aehr_10q.htm,1620586229,14:50:29,20210509
18,2016-08-31,AEHR,USD,2016-10-14,2016-10-14 16:09:21,Q1,5318000.0,3112000.0,2206000.0,0.41481760060172995,1060000.0,1716000.0,0.0,-3000.0,2776000.0,5888000.0,178000.0,68000.0,-502000.0,-0.09439638962015795,-570000.0,-0.10718315156073711,-3000.0,-751000.0,-0.1412185031966905,4000.0,-755000.0,-0.14197066566378339,-0.06,-0.06,13317000.0,13317000.0,https://www.sec.gov/Archives/edgar/data/1040470/000165495416002857/0001654954-16-002857-index.htm,https://www.sec.gov/Archives/edgar/data/1040470/000165495416001861/aehr_10k.htm,1620586229,14:50:29,20210509
19,2016-05-31,AEHR,USD,2016-08-29,2016-08-29,Q4,1571000.0,1669000.0,-98000.0,-0.062380649267982174,1046000.0,1722000.0,0.0,-23000.0,2768000.0,4437000.0,168000.0,80000.0,-2786000.0,-1.7733927434754932,-2866000.0,-1.8243157224697646,-23000.0,-3057000.0,-1.9458943348185869,-1000.0,-3056000.0,-1.9452577975811585,-0.22948111436509724,-0.22948111436509724,13317000.0,13317000.0,https://www.sec.gov/Archives/edgar/data/1040470/000165495416001861/0001654954-16-001861-index.htm,https://www.sec.gov/Archives/edgar/data/1040470/000165495416001861/aehr_10k.htm,1620586229,14:50:29,20210509
20,2016-05-30,AEHR,USD,2016-08-29,2016-08-29 16:02:23,Q4,1571000.0,1669000.0,-98000.0,-0.062380649267982174,1046000.0,1722000.0,0.0,-23000.0,2768000.0,4437000.0,168000.0,131000.0,-2735000.0,-1.7409293443666454,-2866000.0,-1.8243157224697646,-23000.0,-3057000.0,-1.9458943348185869,1000.0,-3036000.0,-1.9325270528325906,-231.91506,-231.91506,13091.0,13091.0,https://www.sec.gov/Archives/edgar/data/1040470/000165495416001861/0001654954-16-001861-index.htm,https://www.sec.gov/Archives/edgar/data/1040470/000165495416001861/aehr_10k.htm,1620586229,14:50:29,20210509
21,2016-02-29,AEHR,USD,2016-04-13,2016-04-13 16:01:25,Q3,1677000.0,1508000.0,169000.0,0.10077519379844961,1293000.0,1695000.0,0.0,-24000.0,2988000.0,4496000.0,165000.0,50000.0,-2769000.0,-1.6511627906976745,-2819000.0,-1.6809779367918902,-24000.0,-3008000.0,-1.7936791890280261,-33000.0,-2975000.0,-1.7740011926058439,-0.23,-0.23,13164000.0,13164000.0,https://www.sec.gov/Archives/edgar/data/1040470/000135448816006972/0001354488-16-006972-index.htm,https://www.sec.gov/Archives/edgar/data/1040470/000135448816006972/aehr_10q.htm,1620586229,14:50:29,20210509
22,2015-11-30,AEHR,USD,2016-01-13,2016-01-13 16:01:20,Q2,4620000.0,2929000.0,1691000.0,0.366017316017316,923000.0,1713000.0,0.0,55000.0,2636000.0,5565000.0,137000.0,36000.0,-909000.0,-0.19675324675324676,-945000.0,-0.20454545454545456,55000.0,-1027000.0,-0.2222943722943723,21000.0,-1048000.0,-0.22683982683982684,-0.08,-0.08,13048000.0,13048000.0,https://www.sec.gov/Archives/edgar/data/1040470/000135448816005917/0001354488-16-005917-index.htm,https://www.sec.gov/Archives/edgar/data/1040470/000135448816005917/aehr_10q.htm,1620586229,14:50:29,20210509
23,2015-08-31,AEHR,USD,2015-10-14,2015-10-14 16:01:21,Q1,6633000.0,3250000.0,3383000.0,0.5100256294286145,1062000.0,1845000.0,0.0,-24000.0,2907000.0,6157000.0,135000.0,37000.0,513000.0,0.0773405698778833,476000.0,0.07176240012060908,-24000.0,317000.0,0.04779134629880898,23000.0,294000.0,0.04432383536861149,0.02267993520018514,0.021282756623715073,12963000.0,13814000.0,https://www.sec.gov/Archives/edgar/data/1040470/000135448815004635/0001354488-15-004635-index.htm,https://www.sec.gov/Archives/edgar/data/1040470/000135448815004120/aehr_10k.htm,1620586229,14:50:29,20210509
24,2015-05-31,AEHR,USD,2015-08-31,2015-08-28 18:41:16,Q4,1818000.0,1136000.0,682000.0,0.37513751375137516,967000.0,1526000.0,0.0,10000.0,2493000.0,3629000.0,101000.0,37000.0,-1774000.0,-0.9757975797579758,-1811000.0,-0.9961496149614961,10000.0,-1902000.0,-1.046204620462046,-2000.0,-1900000.0,-1.045104510451045,-0.14657100979711488,-0.14657100979711488,12963000.0,12963000.0,https://www.sec.gov/Archives/edgar/data/1040470/000135448815004120/0001354488-15-004120-index.htm,https://www.sec.gov/Archives/edgar/data/1040470/000135448815004120/aehr_10k.htm,1620586229,14:50:29,20210509
25,2015-02-28,AEHR,USD,2015-04-14,2015-04-14 16:00:42,Q3,2027000.0,1175000.0,852000.0,0.4203256043413912,1031000.0,1584000.0,0.0,110000.0,2615000.0,3790000.0,7000.0,37000.0,-1726000.0,-0.8515046867291564,-1763000.0,-0.8697582634435126,110000.0,-1660000.0,-0.8189442525900346,66000.0,-1726000.0,-0.8515046867291564,-0.14,-0.14,12677000.0,12677000.0,https://www.sec.gov/Archives/edgar/data/1040470/000135448815001731/0001354488-15-001731-index.htm,https://www.sec.gov/Archives/edgar/data/1040470/000135448815001731/aehr_10q.htm,1620586229,14:50:29,20210509
26,2014-11-30,AEHR,USD,2015-01-13,2015-01-13 16:03:25,Q2,2615000.0,1921000.0,694000.0,0.2653919694072658,1105000.0,1736000.0,0.0,60000.0,2841000.0,4762000.0,8000.0,32000.0,-2115000.0,-0.8087954110898662,-2147000.0,-0.8210325047801147,60000.0,-2095000.0,-0.8011472275334608,19000.0,-2114000.0,-0.8084130019120459,-0.18,-0.18,11724000.0,11724000.0,https://www.sec.gov/Archives/edgar/data/1040470/000135448815000186/0001354488-15-000186-index.htm,https://www.sec.gov/Archives/edgar/data/1040470/000135448815000186/aehr_10q.htm,1620586229,14:50:29,20210509
27,2014-08-31,AEHR,USD,2014-10-14,2014-10-14 16:00:58,Q1,3558000.0,1948000.0,1610000.0,0.45250140528386734,959000.0,1624000.0,0.0,31000.0,2583000.0,4531000.0,14000.0,29000.0,-944000.0,-0.2653175941540191,-973000.0,-0.27346824058459807,31000.0,-956000.0,-0.268690275435638,-49000.0,-907000.0,-0.25491849353569423,-0.08,-0.08,11391000.0,11391000.0,https://www.sec.gov/Archives/edgar/data/1040470/000135448814005101/0001354488-14-005101-index.htm,https://www.sec.gov/Archives/edgar/data/1040470/000135448814004435/aehr_10k.htm,1620586229,14:50:29,20210509
28,2014-05-31,AEHR,USD,2014-08-28,2014-08-28 16:10:55,Q4,5370000.0,2456000.0,2914000.0,0.5426443202979516,1016000.0,1685000.0,0.0,68000.0,2701000.0,5157000.0,5000.0,22000.0,235000.0,0.043761638733705775,213000.0,0.03966480446927374,21000.0,229000.0,0.04264432029795158,-10000.0,239000.0,0.044506517690875234,0.020981476604336757,0.020981476604336757,11391000.0,11391000.0,https://www.sec.gov/Archives/edgar/data/1040470/000135448814004435/0001354488-14-004435-index.htm,https://www.sec.gov/Archives/edgar/data/1040470/000135448814004435/aehr_10k.htm,1620586229,14:50:29,20210509
29,2014-02-28,AEHR,USD,2014-04-11,2014-04-11 16:02:31,Q3,5612000.0,2742000.0,2870000.0,0.5114041339985744,907000.0,1701000.0,0.0,-21000.0,2608000.0,5350000.0,7000.0,24000.0,286000.0,0.05096222380612972,262000.0,0.04668567355666429,-21000.0,234000.0,0.041696364932287955,22000.0,212000.0,0.037776193870277974,0.019304316153706064,0.017268062230186527,10982000.0,12277000.0,https://www.sec.gov/Archives/edgar/data/1040470/000135448814001803/0001354488-14-001803-index.htm,https://www.sec.gov/Archives/edgar/data/1040470/000135448814001803/aehr_10q.htm,1620586229,14:50:29,20210509
30,2013-11-30,AEHR,USD,2014-01-13,2014-01-13 16:00:41,Q2,4950000.0,2456000.0,2494000.0,0.5038383838383839,798000.0,1517000.0,0.0,-30000.0,2315000.0,4771000.0,10000.0,42000.0,221000.0,0.04464646464646465,179000.0,0.03616161616161616,-30000.0,139000.0,0.02808080808080808,2000.0,137000.0,0.027676767676767678,0.012678141773089024,0.011571923304333136,10806000.0,11839000.0,https://www.sec.gov/Archives/edgar/data/1040470/000135448814000170/0001354488-14-000170-index.htm,https://www.sec.gov/Archives/edgar/data/1040470/000135448814000170/aehr_10q.htm,1620586229,14:50:29,20210509
31,2013-08-31,AEHR,USD,2013-10-15,2013-10-15 13:35:48,Q1,3752000.0,1808000.0,1944000.0,0.5181236673773987,681000.0,1420000.0,0.0,-34000.0,2101000.0,3909000.0,4000.0,53000.0,-104000.0,-0.02771855010660981,-157000.0,-0.041844349680170576,-34000.0,-195000.0,-0.05197228144989339,-29000.0,-166000.0,-0.044243070362473345,-0.02,-0.02,10635000.0,10635000.0,https://www.sec.gov/Archives/edgar/data/1040470/000135448813005691/0001354488-13-005691-index.htm,https://www.sec.gov/Archives/edgar/data/1040470/000135448813004932/aehr_10k.htm,1620586229,14:50:29,20210509
32,2013-05-31,AEHR,USD,2013-08-28,2013-08-28 16:24:58,Q4,3262000.0,1970000.0,1292000.0,0.39607602697731453,634000.0,1504000.0,0.0,46000.0,2138000.0,4108000.0,6000.0,75000.0,-771000.0,-0.23635806253832006,-846000.0,-0.2593500919681177,10000.0,-842000.0,-0.25812385039852853,12000.0,-854000.0,-0.26180257510729615,-0.08030089327691585,-0.08030089327691585,10635000.0,10635000.0,https://www.sec.gov/Archives/edgar/data/1040470/000135448813004932/0001354488-13-004932-index.htm,https://www.sec.gov/Archives/edgar/data/1040470/000135448813004932/aehr_10k.htm,1620586229,14:50:29,20210509
33,2013-02-28,AEHR,USD,2013-04-12,2013-04-12 16:00:46,Q3,3340000.0,2575000.0,765000.0,0.22904191616766467,685000.0,1511000.0,0.0,-9000.0,2196000.0,4771000.0,18000.0,77000.0,-1354000.0,-0.4053892215568862,-1431000.0,-0.4284431137724551,-9000.0,-1458000.0,-0.4365269461077844,0.0,-1458000.0,-0.4365269461077844,-0.16,-0.16,9363000.0,9363000.0,https://www.sec.gov/Archives/edgar/data/1040470/000135448813001927/0001354488-13-001927-index.htm,https://www.sec.gov/Archives/edgar/data/1040470/000135448813001927/aehr_10q.htm,1620586229,14:50:29,20210509
34,2012-11-30,AEHR,USD,2013-01-11,2013-01-11 16:02:00,Q2,5054000.0,2791000.0,2263000.0,0.4477641472101306,962000.0,2068000.0,0.0,0.0,3030000.0,5821000.0,13000.0,84000.0,-683000.0,-0.13514048278591215,-767000.0,-0.1517609814008706,-15000.0,-795000.0,-0.15730114760585676,16000.0,-811000.0,-0.16046695686584883,-0.09,-0.09,9300000.0,9300000.0,https://www.sec.gov/Archives/edgar/data/1040470/000135448813000148/0001354488-13-000148-index.htm,https://www.sec.gov/Archives/edgar/data/1040470/000135448813000148/aehr_10q.htm,1620586229,14:50:29,20210509
35,2012-08-31,AEHR,USD,2012-10-12,2012-10-12 16:57:09,Q1,4832000.0,2376000.0,2456000.0,0.5082781456953642,930000.0,1789000.0,0.0,0.0,2719000.0,5095000.0,12000.0,86000.0,-177000.0,-0.036630794701986755,-263000.0,-0.05442880794701987,-19000.0,-294000.0,-0.06084437086092715,2000.0,-296000.0,-0.061258278145695365,-0.03,-0.03,9166000.0,9166000.0,https://www.sec.gov/Archives/edgar/data/1040470/000135448812005267/0001354488-12-005267-index.htm,https://www.sec.gov/Archives/edgar/data/1040470/000135448812004623/aehr_10k.htm,1620586229,14:50:29,20210509
36,2012-05-31,AEHR,USD,2012-08-28,2012-08-28 16:55:29,Q4,4676000.0,2507000.0,2169000.0,0.463857998289136,1134000.0,1872000.0,0.0,0.0,3006000.0,5513000.0,0.0,103000.0,-734000.0,-0.15697177074422583,-837000.0,-0.17899914456800683,64000.0,-777000.0,-0.1661676646706587,2000.0,-779000.0,-0.16659538066723695,-0.08498799912720925,-0.08498799912720925,9166000.0,9166000.0,https://www.sec.gov/Archives/edgar/data/1040470/000135448812004623/0001354488-12-004623-index.htm,https://www.sec.gov/Archives/edgar/data/1040470/000135448812004623/aehr_10k.htm,1620586229,14:50:29,20210509
37,2012-02-29,AEHR,USD,2012-04-13,2012-04-13 16:30:14,Q3,2855000.0,1747000.0,1108000.0,0.3880910683012259,933000.0,1525000.0,0.0,0.0,2458000.0,4205000.0,0.0,120000.0,-1230000.0,-0.4308231173380035,-1350000.0,-0.47285464098073554,7000.0,-1343000.0,-0.4704028021015762,18000.0,-1361000.0,-0.476707530647986,-0.15,-0.15,9055000.0,9055000.0,https://www.sec.gov/Archives/edgar/data/1040470/000135448812001848/0001354488-12-001848-index.htm,https://www.sec.gov/Archives/edgar/data/1040470/000135448812001848/aehr_10q.htm,1620586229,14:50:29,20210509
38,2011-11-30,AEHR,USD,2012-01-17 00:00:00,2012-01-13 17:40:13,Q2,3860000.0,2732000.0,1128000.0,0.2922279792746114,1039000.0,1528000.0,0.0,0.0,2567000.0,5299000.0,0.0,131000.0,-1308000.0,-0.338860103626943,-1439000.0,-0.3727979274611399,58000.0,-1381000.0,-0.3577720207253886,-8000.0,-1373000.0,-0.355699481865285,-0.15,-0.15,8980000.0,8980000.0,https://www.sec.gov/Archives/edgar/data/1040470/000135448812000174/0001354488-12-000174-index.html,https://www.sec.gov/Archives/edgar/data/1040470/000135448812000174/aehr_10q.htm,1620586229,14:50:29,20210509
39,2011-08-31,AEHR,USD,2011-10-14 00:00:00,2011-10-14 15:59:58,Q1,4130000.0,2328000.0,1802000.0,0.43631961259079904,1082000.0,1601000.0,0.0,0.0,2683000.0,5011000.0,0.0,137000.0,-744000.0,-0.18014527845036318,-881000.0,-0.213317191283293,978000.0,97000.0,0.023486682808716706,-27000.0,124000.0,0.03002421307506053,0.013882669055082848,0.013626373626373627,8932000.0,9100000.0,https://www.sec.gov/Archives/edgar/data/1040470/000135448811003818/0001354488-11-003818-index.html,https://www.sec.gov/Archives/edgar/data/1040470/000135448811003818/b77201_10-q.txt,1620586229,14:50:29,20210509
40,2011-05-31,AEHR,USD,2011-08-26 00:00:00,2011-08-26 16:09:42,Q4,3749000.0,2140000.0,1609000.0,0.4291811149639904,1190000.0,1465000.0,0.0,0.0,1978000.0,4118000.0,0.0,141000.0,-228000.0,-0.06081621765804215,-369000.0,-0.09842624699919979,169000.0,-200000.0,-0.05334755934915977,-56000.0,-144000.0,-0.03841024273139504,-0.0161218092252575,-0.0161218092252575,8932000.0,8932000.0,https://www.sec.gov/Archives/edgar/data/1040470/000104047011000044/0001040470-11-000044-index.html,https://www.sec.gov/Archives/edgar/data/1040470/000104047011000044/fy11e-10k.txt,1620586229,14:50:29,20210509
41,2011-02-28,AEHR,USD,2011-04-13 00:00:00,2011-04-13 16:08:38,Q3,4242000.0,2637000.0,1605000.0,0.3783592644978784,1039000.0,1486000.0,0.0,0.0,2525000.0,5162000.0,0.0,140000.0,-780000.0,-0.18387553041018387,-920000.0,-0.21687883074021688,-30000.0,-950000.0,-0.22395096652522395,-4000.0,-946000.0,-0.223008015087223,-0.11,-0.11,8828000.0,8828000.0,https://www.sec.gov/Archives/edgar/data/1040470/000104047011000023/0001040470-11-000023-index.html,https://www.sec.gov/Archives/edgar/data/1040470/000104047011000023/q311e10q.txt,1620586229,14:50:29,20210509
42,2010-11-30,AEHR,USD,2010-11-30,2010-11-30,Q2,3577000.0,2223000.0,1354000.0,0.3785294939893766,1196000.0,1495000.0,0.0,0.0,2691000.0,4914000.0,0.0,145000.0,-1192000.0,-0.3332401453732178,-1337000.0,-0.37377690802348335,579000.0,-757000.0,-0.21162985742242102,10000.0,-767000.0,-0.2144254962258876,-0.09,-0.09,8731000.0,8731000.0,,,1620586229,14:50:29,20210509
43,2010-08-31,AEHR,USD,2010-10-14 00:00:00,2010-10-14 17:04:39,Q1,2169000.0,1225000.0,944000.0,0.4352236053480867,1142000.0,1518000.0,0.0,0.0,2660000.0,3885000.0,0.0,147000.0,-1569000.0,-0.7233748271092669,-1716000.0,-0.7911479944674965,199000.0,-1515000.0,-0.6984785615491009,1000.0,-1516000.0,-0.6989396035039188,-0.17,-0.17,8667000.0,8667000.0,https://www.sec.gov/Archives/edgar/data/1040470/000104047010000035/0001040470-10-000035-index.html,https://www.sec.gov/Archives/edgar/data/1040470/000104047010000035/q111e10q.txt,1620586229,14:50:29,20210509
44,2010-05-31,AEHR,USD,2010-08-27 00:00:00,2010-08-27 16:09:39,Q4,3567000.0,1771000.0,1796000.0,0.5035043453882815,1288000.0,1494000.0,0.0,0.0,2662000.0,4433000.0,0.0,153000.0,-713000.0,-0.199887860947575,-866000.0,-0.24278104850014018,64000.0,-801000.0,-0.22455845248107653,18000.0,-819000.0,-0.22960470984020184,-0.09449636552440291,-0.09449636552440291,8667000.0,8667000.0,https://www.sec.gov/Archives/edgar/data/1040470/000104047010000031/0001040470-10-000031-index.html,https://www.sec.gov/Archives/edgar/data/1040470/000104047010000031/fy10e-10k.txt,1620586229,14:50:29,20210509
45,2010-02-28,AEHR,USD,2010-04-13 00:00:00,2010-04-13 16:03:46,Q3,5193000.0,1178000.0,4015000.0,0.77315617176969,1451000.0,1664000.0,0.0,0.0,2531000.0,3709000.0,0.0,179000.0,1663000.0,0.3202387829770845,1484000.0,0.2857693048334296,55000.0,1540000.0,0.2965530521856345,5000.0,1535000.0,0.2955902176006162,0.1784676200441809,0.17524831601781024,8601000.0,8759000.0,https://www.sec.gov/Archives/edgar/data/1040470/000104047010000014/0001040470-10-000014-index.html,https://www.sec.gov/Archives/edgar/data/1040470/000104047010000014/q310e10q.txt,1620586229,14:50:29,20210509
46,2009-11-30,AEHR,USD,2010-01-13 00:00:00,2010-01-13 16:08:38,Q2,1646000.0,1297000.0,349000.0,0.2120291616038882,1077000.0,1623000.0,0.0,0.0,2700000.0,3997000.0,0.0,177000.0,-2174000.0,-1.3207776427703524,-2351000.0,-1.428311057108141,26000.0,-2323000.0,-1.411300121506683,-165000.0,-2158000.0,-1.3110571081409477,-0.25,-0.25,8526000.0,8526000.0,https://www.sec.gov/Archives/edgar/data/1040470/000104047010000004/0001040470-10-000004-index.html,https://www.sec.gov/Archives/edgar/data/1040470/000104047010000004/q210e10q.txt,1620586229,14:50:29,20210509
47,2009-08-31,AEHR,USD,2009-09-02 00:00:00,2009-09-02 17:03:04,Q1,1268000.0,1325000.0,-57000.0,-0.044952681388012616,942000.0,1313000.0,0.0,0.0,-1034000.0,291000.0,0.0,181000.0,1158000.0,0.9132492113564669,977000.0,0.7705047318611987,-14000.0,964000.0,0.7602523659305994,3000.0,961000.0,0.7578864353312302,0.1131120527306968,0.11289943609022557,8496000.0,8512000.0,https://www.sec.gov/Archives/edgar/data/1040470/000104047009000043/0001040470-09-000043-index.html,https://www.sec.gov/Archives/edgar/data/1040470/000104047009000043/fy09-e10k.txt,1620586229,14:50:29,20210509
48,2009-05-31,AEHR,USD,2009-05-31,2009-05-31,Q4,1240000.0,2752000.0,-1512000.0,-1.2193548387096773,1111000.0,1380000.0,0.0,0.0,2491000.0,5243000.0,0.0,248000.0,-3755000.0,-3.028225806451613,-4003000.0,-3.2282258064516127,-107000.0,-4104000.0,-3.3096774193548386,-76000.0,-4028000.0,-3.2483870967741937,-0.474105461393597,-0.474105461393597,8496000.0,8496000.0,,,1620586229,14:50:29,20210509
49,2009-02-28,AEHR,USD,2009-04-13 00:00:00,2009-04-10 20:06:53,Q3,1235000.0,8049000.0,-6814000.0,-5.517408906882591,1596000.0,15328000.0,0.0,0.0,16924000.0,24973000.0,0.0,163000.0,-23575000.0,-19.089068825910932,-23738000.0,-19.221052631578946,-267000.0,-23979000.0,-19.416194331983807,3701000.0,-27680000.0,-22.412955465587043,-3.28,-3.28,8450000.0,8450000.0,https://www.sec.gov/Archives/edgar/data/1040470/000104047009000019/0001040470-09-000019-index.html,https://www.sec.gov/Archives/edgar/data/1040470/000104047009000019/q309-e10q.txt,1620586229,14:50:29,20210509
50,2008-11-30,AEHR,USD,2009-01-13 00:00:00,2009-01-13 16:01:23,Q2,9242000.0,4650000.0,4592000.0,0.4968621510495564,1577000.0,1830000.0,0.0,0.0,3407000.0,8057000.0,0.0,94000.0,1279000.0,0.1383899588833586,1185000.0,0.12821900021640337,384000.0,1616000.0,0.17485392772127245,744000.0,872000.0,0.09435187188920147,0.10348920009494422,0.10323191665680123,8426000.0,8447000.0,https://www.sec.gov/Archives/edgar/data/1040470/000104047009000004/0001040470-09-000004-index.html,https://www.sec.gov/Archives/edgar/data/1040470/000104047009000004/q209-e10q.txt,1620586229,14:50:29,20210509
51,2008-08-31,AEHR,USD,2008-10-14 00:00:00,2008-10-14 16:48:03,Q1,9690000.0,4772000.0,4918000.0,0.5075335397316821,1478000.0,2085000.0,0.0,0.0,3563000.0,8335000.0,0.0,139000.0,1494000.0,0.15417956656346749,1355000.0,0.13983488132094943,-7000.0,1411000.0,0.1456140350877193,546000.0,865000.0,0.0892672858617131,0.10303752233472305,0.09882326059636697,8395000.0,8753000.0,https://www.sec.gov/Archives/edgar/data/1040470/000104047008000102/0001040470-08-000102-index.html,https://www.sec.gov/Archives/edgar/data/1040470/000104047008000102/q109-e10q.txt,1620586229,14:50:29,20210509
52,2008-05-31,AEHR,USD,2008-08-29 00:00:00,2008-08-28 20:40:15,Q4,10914000.0,5540000.0,5374000.0,0.49239508887667216,1582000.0,1993000.0,0.0,0.0,3575000.0,9115000.0,0.0,142000.0,1941000.0,0.17784496976360636,1799000.0,0.16483415796225032,-1000.0,1816000.0,0.1663917903610042,-4686000.0,6502000.0,0.5957485798057541,0.7745086360929124,0.7745086360929124,8395000.0,8395000.0,https://www.sec.gov/Archives/edgar/data/1040470/000104047008000086/0001040470-08-000086-index.html,https://www.sec.gov/Archives/edgar/data/1040470/000104047008000086/fy08-e10k.txt,1620586229,14:50:29,20210509
53,2008-02-29,AEHR,USD,2008-04-14 00:00:00,2008-04-11 20:43:45,Q3,10792000.0,5262000.0,5530000.0,0.512416604892513,1826000.0,2001000.0,0.0,0.0,3827000.0,9089000.0,0.0,100000.0,1803000.0,0.1670681986656783,1703000.0,0.15780207561156412,38000.0,1796000.0,0.1664195700518903,-130000.0,1926000.0,0.1784655300222387,0.24,0.23,8025000.0,8476000.0,https://www.sec.gov/Archives/edgar/data/1040470/000104047008000045/0001040470-08-000045-index.html,https://www.sec.gov/Archives/edgar/data/1040470/000104047008000045/q30810qa.txt,1620586229,14:50:29,20210509
54,2007-11-30,AEHR,USD,2007-11-30,2007-11-30,Q2,9675000.0,4791000.0,4884000.0,0.5048062015503876,1445000.0,1847000.0,0.0,0.0,3292000.0,8083000.0,0.0,114000.0,1706000.0,0.17633074935400517,1592000.0,0.16454780361757107,-110000.0,1565000.0,0.16175710594315246,199000.0,1366000.0,0.14118863049095606,0.17,0.16,7906000.0,8418000.0,,,1620586229,14:50:29,20210509
55,2007-08-31,AEHR,USD,2007-10-12 00:00:00,2007-10-12 16:01:50,Q1,7660000.0,3479000.0,4181000.0,0.545822454308094,1648000.0,1816000.0,0.0,0.0,3464000.0,6943000.0,0.0,118000.0,835000.0,0.10900783289817233,717000.0,0.09360313315926894,2000.0,794000.0,0.10365535248041775,15000.0,779000.0,0.10169712793733682,0.1,0.09,7827000.0,8301000.0,https://www.sec.gov/Archives/edgar/data/1040470/000104047007000042/0001040470-07-000042-index.html,https://www.sec.gov/Archives/edgar/data/1040470/000104047007000042/q108-e10q.txt,1620586229,14:50:29,20210509
56,2007-05-31,AEHR,USD,2007-08-29 00:00:00,2007-08-28 17:43:17,Q4,8279000.0,3896000.0,4383000.0,0.5294117647058824,1781000.0,1765000.0,0.0,0.0,3546000.0,7442000.0,0.0,90000.0,927000.0,0.11197004469138785,837000.0,0.10109916656601038,24000.0,962000.0,0.11619760840681241,43000.0,919000.0,0.11100374441357652,0.11741407946850645,0.11741407946850645,7827000.0,7827000.0,https://www.sec.gov/Archives/edgar/data/1040470/000104047007000031/0001040470-07-000031-index.html,https://www.sec.gov/Archives/edgar/data/1040470/000104047007000031/fy07-e10k.txt,1620586229,14:50:29,20210509
57,2007-02-28,AEHR,USD,2007-04-13 00:00:00,2007-04-13 12:30:49,Q3,5687000.0,2369000.0,3318000.0,0.5834359064533146,1634000.0,1619000.0,0.0,0.0,3253000.0,5622000.0,0.0,89000.0,154000.0,0.027079303675048357,65000.0,0.011429576226481448,70000.0,269000.0,0.047300861614207844,4000.0,265000.0,0.0465975030771936,0.03412749517063748,0.03265557609365373,7765000.0,8115000.0,https://www.sec.gov/Archives/edgar/data/1040470/000104047007000015/0001040470-07-000015-index.html,https://www.sec.gov/Archives/edgar/data/1040470/000104047007000015/q307-e10q.txt,1620586229,14:50:29,20210509
58,2006-11-30,AEHR,USD,2006-11-30,2006-11-30,Q2,6249000.0,3290000.0,2959000.0,0.4735157625220035,1522000.0,1519000.0,0.0,0.0,3041000.0,6331000.0,0.0,75000.0,-7000.0,-0.0011201792286765883,-82000.0,-0.013122099535925748,651000.0,703000.0,0.11249799967994879,16000.0,687000.0,0.1099375900144023,0.09,0.08,7749000.0,8243000.0,,,1620586229,14:50:29,20210509
59,2006-08-31,AEHR,USD,2006-08-31,2006-08-31,Q1,7136000.0,3883000.0,3253000.0,0.45585762331838564,1387000.0,1635000.0,0.0,0.0,3022000.0,6905000.0,0.0,69000.0,300000.0,0.04204035874439462,231000.0,0.03237107623318386,216000.0,569000.0,0.0797365470852018,12000.0,557000.0,0.078054932735426,0.07249772224391514,0.06689887100648571,7683000.0,8326000.0,,,1620586229,14:50:29,20210509
60,2006-05-31,AEHR,USD,2006-05-31,2006-05-31,Q4,7020000.0,3815000.0,3205000.0,0.4565527065527066,1284000.0,1520000.0,0.0,0.0,2804000.0,6619000.0,0.0,60000.0,461000.0,0.06566951566951566,401000.0,0.057122507122507125,-37000.0,462000.0,0.06581196581196581,-66000.0,528000.0,0.07521367521367521,0.06872315501757126,0.06872315501757126,7683000.0,7683000.0,,,1620586229,14:50:29,20210509
61,2006-02-28,AEHR,USD,2006-02-28,2006-02-28,Q3,6318000.0,3780000.0,2538000.0,0.4017094017094017,1015000.0,1328000.0,0.0,0.0,2343000.0,6123000.0,0.0,70000.0,265000.0,0.04194365305476416,195000.0,0.030864197530864196,102000.0,374000.0,0.059195948084836976,14000.0,360000.0,0.05698005698005698,0.04794885455514118,0.04768211920529802,7508000.0,7550000.0,,,1620586229,14:50:29,20210509
62,2005-11-30,AEHR,USD,2005-11-30,2005-11-30,Q2,5817000.0,3112000.0,2705000.0,0.46501633144232424,1006000.0,1542000.0,0.0,0.0,2548000.0,5660000.0,0.0,125000.0,282000.0,0.04847859721505931,157000.0,0.026989857314767062,12000.0,205000.0,0.03524153343647928,39000.0,166000.0,0.028537046587588103,0.022145144076840984,0.022092094756454617,7496000.0,7514000.0,,,1620586229,14:50:29,20210509
63,2005-08-31,AEHR,USD,2005-10-14,2005-10-14,Q1,4646000.0,2458000.0,2188000.0,0.4709427464485579,1034000.0,1452000.0,0.0,0.0,2486000.0,4944000.0,0.0,85000.0,-213000.0,-0.04584588893671976,-298000.0,-0.06414119672836849,0.0,-252000.0,-0.054240206629358585,-8000.0,-244000.0,-0.052518295307791646,-0.03,-0.03,7482000.0,7482000.0,https://www.sec.gov/Archives/edgar/data/1040470/000104047005000035/0001040470-05-000035-index.htm,https://www.sec.gov/Archives/edgar/data/1040470/000104047005000035/q106-e10q.txt,1620586229,14:50:29,20210509
64,2005-05-31,AEHR,USD,2005-05-31,2005-05-31,Q4,3270000.0,2365000.0,905000.0,0.27675840978593275,1138000.0,1403000.0,0.0,0.0,2541000.0,4906000.0,0.0,79000.0,-1557000.0,-0.4761467889908257,-1636000.0,-0.5003058103975535,-123000.0,-1700000.0,-0.5198776758409785,24000.0,-1724000.0,-0.527217125382263,-0.23041967388398824,-0.23041967388398824,7482000.0,7482000.0,,,1620586229,14:50:29,20210509
65,2005-02-28,AEHR,USD,2005-02-28,2005-02-28,Q3,2084000.0,1281000.0,803000.0,0.3853166986564299,868000.0,1265000.0,0.0,0.0,2133000.0,3414000.0,0.0,83000.0,-1247000.0,-0.5983685220729367,-1330000.0,-0.6381957773512476,13000.0,-1277000.0,-0.6127639155470249,-54000.0,-1223000.0,-0.586852207293666,-0.16,-0.16,7426000.0,7426000.0,,,1620586229,14:50:29,20210509
66,2004-11-30,AEHR,USD,2005-01-13 00:00:00,2005-01-13 16:03:30,Q2,4790000.0,3302000.0,1488000.0,0.3106471816283925,992000.0,1115000.0,0.0,0.0,2107000.0,5409000.0,0.0,124000.0,-495000.0,-0.10334029227557412,-619000.0,-0.12922755741127348,172000.0,-415000.0,-0.08663883089770355,184000.0,-599000.0,-0.12505219206680585,-0.08,-0.08,7412000.0,7412000.0,https://www.sec.gov/Archives/edgar/data/1040470/000104047005000003/0001040470-05-000003-index.html,https://www.sec.gov/Archives/edgar/data/1040470/000104047005000003/q205-e10q.txt,1620586229,14:50:29,20210509
67,2004-08-31,AEHR,USD,2004-10-14 00:00:00,2004-10-14 16:03:37,Q1,5936000.0,4869000.0,1067000.0,0.17975067385444743,1025000.0,1432000.0,0.0,0.0,2457000.0,7326000.0,0.0,37000.0,-1353000.0,-0.2279312668463612,-1390000.0,-0.2341644204851752,24000.0,-1342000.0,-0.22607816711590298,-18000.0,-1324000.0,-0.22304582210242588,-0.18,-0.18,7393000.0,7393000.0,https://www.sec.gov/Archives/edgar/data/1040470/000104047004000050/0001040470-04-000050-index.html,https://www.sec.gov/Archives/edgar/data/1040470/000104047004000050/q105-e10q.txt,1620586229,14:50:29,20210509
68,2004-05-31,AEHR,USD,2004-08-30 00:00:00,2004-08-30 15:00:45,Q4,5872000.0,3942000.0,1930000.0,0.3286784741144414,1153000.0,1375000.0,0.0,0.0,2528000.0,6470000.0,0.0,79000.0,-519000.0,-0.08838555858310626,-598000.0,-0.10183923705722071,119000.0,-452000.0,-0.07697547683923706,33000.0,-485000.0,-0.08259536784741145,-0.06560259705126471,-0.06560259705126471,7393000.0,7393000.0,https://www.sec.gov/Archives/edgar/data/1040470/000104047004000034/0001040470-04-000034-index.html,https://www.sec.gov/Archives/edgar/data/1040470/000104047004000034/fy04-e10k.txt,1620586229,14:50:29,20210509
69,2004-02-29,AEHR,USD,2004-04-13 00:00:00,2004-04-13 16:22:50,Q3,2166000.0,1356000.0,810000.0,0.3739612188365651,1134000.0,1414000.0,0.0,0.0,2548000.0,3904000.0,0.0,95000.0,-1643000.0,-0.7585410895660203,-1738000.0,-0.8024007386888273,13000.0,-1689000.0,-0.7797783933518005,28000.0,-1717000.0,-0.7927054478301016,-0.24,-0.24,7270000.0,7270000.0,https://www.sec.gov/Archives/edgar/data/1040470/000104047004000021/0001040470-04-000021-index.html,https://www.sec.gov/Archives/edgar/data/1040470/000104047004000021/q304-e10q.txt,1620586229,14:50:29,20210509
70,2003-11-30,AEHR,USD,2004-01-13 00:00:00,2004-01-13 16:50:17,Q2,3593000.0,2251000.0,1342000.0,0.37350403562482604,1139000.0,1269000.0,0.0,0.0,2408000.0,4659000.0,0.0,100000.0,-966000.0,-0.2688561091010298,-1066000.0,-0.2966880044531033,98000.0,-934000.0,-0.25994990258836626,15000.0,-949000.0,-0.2641246868911773,-0.13,-0.13,7181000.0,7181000.0,https://www.sec.gov/Archives/edgar/data/1040470/000104047004000002/0001040470-04-000002-index.html,https://www.sec.gov/Archives/edgar/data/1040470/000104047004000002/q204-e10q.txt,1620586229,14:50:29,20210509
71,2003-08-31,AEHR,USD,2003-10-14 00:00:00,2003-10-14 16:15:47,Q1,4169000.0,2543000.0,1626000.0,0.39002158791076996,1219000.0,1514000.0,0.0,0.0,2733000.0,5276000.0,0.0,110000.0,-997000.0,-0.23914607819621012,-1107000.0,-0.26553130247061646,63000.0,-808000.0,-0.19381146557927562,0.0,-808000.0,-0.19381146557927562,-0.11,-0.11,7157000.0,7157000.0,https://www.sec.gov/Archives/edgar/data/1040470/000104047003000023/0001040470-03-000023-index.html,https://www.sec.gov/Archives/edgar/data/1040470/000104047003000023/q104-e10q.txt,1620586229,14:50:29,20210509
72,2003-05-31,AEHR,USD,2003-08-28 00:00:00,2003-08-28 17:13:11,Q4,4628000.0,2985000.0,1643000.0,0.3550129645635264,1248000.0,1259000.0,0.0,0.0,2507000.0,5492000.0,0.0,100000.0,-764000.0,-0.16508210890233363,-864000.0,-0.18668971477960242,14000.0,-783000.0,-0.1691875540190147,-106000.0,-677000.0,-0.14628349178910977,-0.09459270644124633,-0.09459270644124633,7157000.0,7157000.0,https://www.sec.gov/Archives/edgar/data/1040470/000104047003000014/0001040470-03-000014-index.html,https://www.sec.gov/Archives/edgar/data/1040470/000104047003000014/fy03-e10k.txt,1620586229,14:50:29,20210509
73,2003-02-28,AEHR,USD,2003-04-11 00:00:00,2003-04-11 16:32:41,Q3,4028000.0,2512000.0,1516000.0,0.37636544190665344,1100000.0,1497000.0,0.0,0.0,2597000.0,5109000.0,0.0,159000.0,-922000.0,-0.22889771598808342,-1081000.0,-0.2683714001986097,99000.0,-938000.0,-0.23286991062562065,50000.0,-988000.0,-0.24528301886792453,-0.14,-0.14,7137000.0,7137000.0,https://www.sec.gov/Archives/edgar/data/1040470/000104047003000005/0001040470-03-000005-index.html,https://www.sec.gov/Archives/edgar/data/1040470/000104047003000005/q303-e10q.txt,1620586229,14:50:29,20210509
74,2002-11-30,AEHR,USD,2003-01-13 00:00:00,2003-01-13 17:11:28,Q2,2928000.0,1908000.0,1020000.0,0.3483606557377049,1234000.0,1452000.0,0.0,0.0,2686000.0,4594000.0,0.0,160000.0,-1506000.0,-0.514344262295082,-1666000.0,-0.5689890710382514,-363000.0,-1971000.0,-0.673155737704918,21000.0,-1992000.0,-0.680327868852459,-0.28,-0.28,7164000.0,7164000.0,https://www.sec.gov/Archives/edgar/data/1040470/000104047003000002/0001040470-03-000002-index.html,https://www.sec.gov/Archives/edgar/data/1040470/000104047003000002/q203-e10q.txt,1620586229,14:50:29,20210509
75,2002-08-31,AEHR,USD,2002-10-15 00:00:00,2002-10-15 16:29:51,Q1,3508000.0,1949000.0,1559000.0,0.4444127708095781,961000.0,1711000.0,0.0,0.0,2672000.0,4621000.0,0.0,163000.0,-950000.0,-0.2708095781071836,-1113000.0,-0.31727480045610035,104000.0,-926000.0,-0.26396807297605474,-39000.0,-887000.0,-0.25285062713797035,-0.12,-0.12,7184000.0,7184000.0,https://www.sec.gov/Archives/edgar/data/1040470/000104047002000012/0001040470-02-000012-index.html,https://www.sec.gov/Archives/edgar/data/1040470/000104047002000012/q103-e10q.txt,1620586229,14:50:29,20210509
76,2002-05-31,AEHR,USD,2002-08-28 00:00:00,2002-08-28 16:30:24,Q4,3522000.0,1876000.0,1646000.0,0.4673480976717774,1105000.0,1733000.0,0.0,0.0,2838000.0,4714000.0,0.0,192000.0,-1000000.0,-0.2839295854628052,-1192000.0,-0.3384440658716638,49000.0,-1046000.0,-0.2969903463940943,2076000.0,-3122000.0,-0.8864281658148779,-0.43457683741648107,-0.43457683741648107,7184000.0,7184000.0,https://www.sec.gov/Archives/edgar/data/1040470/000104047002000010/0001040470-02-000010-index.html,https://www.sec.gov/Archives/edgar/data/1040470/000104047002000010/fy02-e10k.txt,1620586229,14:50:29,20210509
77,2002-02-28,AEHR,USD,2002-04-12 00:00:00,2002-04-12 00:00:00,Q3,3419000.0,1801000.0,1618000.0,0.47323778882714246,966000.0,1683000.0,0.0,0.0,2649000.0,4450000.0,0.0,-77000.0,-1108000.0,-0.32407136589646096,-1031000.0,-0.3015501608657502,-91000.0,-1012000.0,-0.2959929804036268,-275000.0,-737000.0,-0.2155601052939456,-0.1,-0.1,7169000.0,7169000.0,https://www.sec.gov/Archives/edgar/data/1040470/000104047002000008/0001040470-02-000008-index.html,https://www.sec.gov/Archives/edgar/data/1040470/000104047002000008/q302-e10q.txt,1620586229,14:50:29,20210509
78,2001-11-30,AEHR,USD,2002-01-11 00:00:00,2002-01-11 00:00:00,Q2,2822000.0,1401000.0,1421000.0,0.5035435861091424,999000.0,1500000.0,0.0,0.0,2499000.0,3900000.0,0.0,186000.0,-892000.0,-0.3160878809355067,-1078000.0,-0.38199858256555635,-102000.0,-1035000.0,-0.3667611622962438,-261000.0,-774000.0,-0.2742735648476258,-0.11,-0.11,7128000.0,7128000.0,https://www.sec.gov/Archives/edgar/data/1040470/000104047002000001/0001040470-02-000001-index.html,https://www.sec.gov/Archives/edgar/data/1040470/000104047002000001/q202-e10q.txt,1620586229,14:50:29,20210509
79,2001-08-31,AEHR,USD,2001-10-12 00:00:00,2001-10-12 00:00:00,Q1,2805000.0,1410000.0,1395000.0,0.49732620320855614,966000.0,1631000.0,0.0,0.0,2597000.0,4007000.0,0.0,361000.0,-841000.0,-0.2998217468805704,-1202000.0,-0.4285204991087344,101000.0,-933000.0,-0.332620320855615,-299000.0,-634000.0,-0.22602495543672013,-0.09,-0.09,7123000.0,7123000.0,https://www.sec.gov/Archives/edgar/data/1040470/000104047001500006/0001040470-01-500006-index.html,https://www.sec.gov/Archives/edgar/data/1040470/000104047001500006/q102-e10q.txt,1620586229,14:50:29,20210509
80,2001-05-31,AEHR,USD,2001-08-29 00:00:00,2001-08-29 00:00:00,Q4,5666000.0,1917000.0,3749000.0,0.6616660783621603,1116000.0,1603000.0,0.0,0.0,2719000.0,4636000.0,0.0,169000.0,1199000.0,0.21161313095658313,1030000.0,0.1817860924814684,188000.0,1450000.0,0.2559124602894458,478000.0,-657000.0,-0.11595481821390752,-0.092236417239927,-0.092236417239927,7123000.0,7123000.0,https://www.sec.gov/Archives/edgar/data/1040470/000104047001500004/0001040470-01-500004-index.html,https://www.sec.gov/Archives/edgar/data/1040470/000104047001500004/fy01-e10k.txt,1620586229,14:50:29,20210509
81,2001-02-28,AEHR,USD,2001-04-13 00:00:00,2001-04-13 00:00:00,Q3,7818000.0,5114000.0,2704000.0,0.34586850856996676,966000.0,1757000.0,0.0,0.0,2723000.0,7837000.0,0.0,160000.0,141000.0,0.018035303146584806,-19000.0,-0.002430289076490151,-16000.0,240000.0,0.03069838833461243,98000.0,142000.0,0.01816321309797902,0.019893527598767162,0.019760645699972167,7138000.0,7186000.0,https://www.sec.gov/Archives/edgar/data/1040470/000104047001000009/0001040470-01-000009-index.html,https://www.sec.gov/Archives/edgar/data/1040470/000104047001000009/0001040470-01-000009-0001.txt,1620586229,14:50:29,20210509
82,2000-11-30,AEHR,USD,2001-01-16 00:00:00,2001-01-16 00:00:00,Q2,8986000.0,5572000.0,3414000.0,0.3799243267304696,1048000.0,1884000.0,0.0,0.0,2932000.0,8504000.0,0.0,168000.0,650000.0,0.07233474293345203,482000.0,0.053638993990652126,-74000.0,635000.0,0.07066547963498776,337000.0,298000.0,0.03316269752949032,0.042102288782141846,0.04109777961660461,7078000.0,7251000.0,https://www.sec.gov/Archives/edgar/data/1040470/000104047001000002/0001040470-01-000002-index.html,https://www.sec.gov/Archives/edgar/data/1040470/000104047001000002/0001040470-01-000002-0001.txt,1620586229,14:50:29,20210509
83,2000-08-31,AEHR,USD,2000-10-13 00:00:00,2000-10-13 00:00:00,Q1,8569000.0,5320000.0,3249000.0,0.37915742793791574,1252000.0,2018000.0,0.0,0.0,3270000.0,8590000.0,0.0,154000.0,133000.0,0.015521064301552107,-21000.0,-0.002450694363402964,0.0,209000.0,0.024390243902439025,133000.0,76000.0,0.008869179600886918,0.010913268236645606,0.010503040353786623,6964000.0,7236000.0,https://www.sec.gov/Archives/edgar/data/1040470/000104047000000015/0001040470-00-000015-index.html,https://www.sec.gov/Archives/edgar/data/1040470/000104047000000015/0001040470-00-000015-0001.txt,1620586229,14:50:29,20210509
84,2000-05-31,AEHR,USD,2000-08-29 00:00:00,2000-08-29 00:00:00,Q4,7211000.0,4735000.0,2476000.0,0.3433643045347386,1405000.0,2056000.0,0.0,0.0,3461000.0,8196000.0,0.0,109000.0,-876000.0,-0.1214810705866038,-985000.0,-0.1365968658993205,241000.0,-535000.0,-0.07419220635140757,-112000.0,-423000.0,-0.05866037997503814,-0.06074095347501436,-0.06074095347501436,6964000.0,6964000.0,https://www.sec.gov/Archives/edgar/data/1040470/000104047000000011/0001040470-00-000011-index.html,https://www.sec.gov/Archives/edgar/data/1040470/000104047000000011/0001040470-00-000011-0001.txt,1620586229,14:50:29,20210509
85,2000-02-29,AEHR,USD,2000-04-13 00:00:00,2000-04-13 00:00:00,Q3,6644000.0,4368000.0,2276000.0,0.34256472004816374,958000.0,1927000.0,0.0,0.0,2885000.0,7253000.0,0.0,171000.0,-438000.0,-0.06592414208308248,-609000.0,-0.09166164960866947,-409000.0,-787000.0,-0.11845273931366647,-109000.0,-678000.0,-0.10204695966285371,-0.1,-0.1,6795000.0,6795000.0,https://www.sec.gov/Archives/edgar/data/1040470/000104047000000008/0001040470-00-000008-index.html,https://www.sec.gov/Archives/edgar/data/1040470/0001040470-00-000008.txt,1620586229,14:50:29,20210509
86,1999-11-30,AEHR,USD,2000-01-13 00:00:00,2000-01-13 00:00:00,Q2,6294000.0,4957000.0,1337000.0,0.21242453129965047,1334000.0,2112000.0,0.0,0.0,3446000.0,8403000.0,0.0,168000.0,-1941000.0,-0.30838894184938037,-2109000.0,-0.33508102955195423,593000.0,-1255000.0,-0.19939625039720368,-519000.0,-736000.0,-0.1169367651731808,-0.11,-0.11,6799000.0,6799000.0,https://www.sec.gov/Archives/edgar/data/1040470/000104047000000002/0001040470-00-000002-index.html,https://www.sec.gov/Archives/edgar/data/1040470/0001040470-00-000002.txt,1620586229,14:50:29,20210509
87,1999-08-31,AEHR,USD,1999-10-14 00:00:00,1999-10-14 00:00:00,Q1,4356000.0,3207000.0,1149000.0,0.26377410468319556,1072000.0,1835000.0,0.0,0.0,2907000.0,6114000.0,0.0,255000.0,-1503000.0,-0.3450413223140496,-1758000.0,-0.4035812672176309,341000.0,-1144000.0,-0.26262626262626265,-376000.0,-768000.0,-0.1763085399449036,-0.11,-0.11,6771000.0,6771000.0,https://www.sec.gov/Archives/edgar/data/1040470/000104047099000019/0001040470-99-000019-index.html,https://www.sec.gov/Archives/edgar/data/1040470/0001040470-99-000019.txt,1620586229,14:50:29,20210509
88,1999-05-31,AEHR,USD,1999-08-30 00:00:00,1999-08-30 00:00:00,Q4,3116000.0,2140000.0,976000.0,0.31322207958921694,858000.0,1502000.0,0.0,0.0,2360000.0,4500000.0,0.0,50000.0,-1334000.0,-0.42811296534017973,-1384000.0,-0.4441591784338896,40000.0,-1062000.0,-0.34082156611039793,-290000.0,-772000.0,-0.24775353016688062,-0.11401565499926156,-0.11401565499926156,6771000.0,6771000.0,https://www.sec.gov/Archives/edgar/data/1040470/000104047099000016/0001040470-99-000016-index.html,https://www.sec.gov/Archives/edgar/data/1040470/0001040470-99-000016.txt,1620586229,14:50:29,20210509
89,1999-02-28,AEHR,USD,1999-04-13 00:00:00,1999-04-13 00:00:00,Q3,4414000.0,3120000.0,1294000.0,0.29315813321250567,859000.0,1745000.0,0.0,0.0,2604000.0,5724000.0,0.0,153000.0,-1157000.0,-0.2621205256003625,-1310000.0,-0.2967829632985954,138000.0,-902000.0,-0.20434979610330767,-195000.0,-707000.0,-0.16017217942908926,-0.1,-0.1,6842000.0,6842000.0,https://www.sec.gov/Archives/edgar/data/1040470/000104047099000007/0001040470-99-000007-index.html,https://www.sec.gov/Archives/edgar/data/1040470/0001040470-99-000007.txt,1620586229,14:50:29,20210509
90,1998-11-30,AEHR,USD,1999-01-13 00:00:00,1999-01-13 00:00:00,Q2,5186000.0,3655000.0,1531000.0,0.29521789433089085,1029000.0,1823000.0,0.0,0.0,2852000.0,6507000.0,0.0,138000.0,-1183000.0,-0.22811415349016584,-1321000.0,-0.25472425761666023,314000.0,-684000.0,-0.13189355958349402,-192000.0,-492000.0,-0.09487080601619745,-0.07,-0.07,6888000.0,6888000.0,https://www.sec.gov/Archives/edgar/data/1040470/000104047099000002/0001040470-99-000002-index.html,https://www.sec.gov/Archives/edgar/data/1040470/0001040470-99-000002.txt,1620586229,14:50:29,20210509
91,1998-08-31,AEHR,USD,1998-10-14 00:00:00,1998-10-14 00:00:00,Q1,5430000.0,3286000.0,2144000.0,0.3948434622467772,939000.0,1822000.0,0.0,0.0,2761000.0,6047000.0,0.0,112000.0,-505000.0,-0.09300184162062615,-617000.0,-0.1136279926335175,-54000.0,-359000.0,-0.06611418047882137,0.0,-359000.0,-0.06611418047882137,-0.05,-0.05,6920000.0,6920000.0,https://www.sec.gov/Archives/edgar/data/1040470/000104047098000022/0001040470-98-000022-index.html,https://www.sec.gov/Archives/edgar/data/1040470/0001040470-98-000022.txt,1620586229,14:50:29,20210509
92,1998-05-31,AEHR,USD,1998-08-28 00:00:00,1998-08-28 00:00:00,Q4,5825000.0,3225000.0,2600000.0,0.44635193133047213,656000.0,1885000.0,0.0,0.0,2541000.0,5766000.0,0.0,107000.0,166000.0,0.028497854077253217,59000.0,0.010128755364806867,-140000.0,246000.0,0.04223175965665236,194000.0,52000.0,0.008927038626609441,0.007514450867052023,0.007514450867052023,6920000.0,6920000.0,https://www.sec.gov/Archives/edgar/data/1040470/000104047098000015/0001040470-98-000015-index.html,https://www.sec.gov/Archives/edgar/data/1040470/0001040470-98-000015.txt,1620586229,14:50:29,20210509
93,1998-02-28,AEHR,USD,1998-04-14 00:00:00,1998-04-14 00:00:00,Q3,11567000.0,6907000.0,4660000.0,0.4028702342871963,1074000.0,2271000.0,0.0,0.0,3345000.0,10252000.0,0.0,99000.0,1414000.0,0.12224431572577159,1315000.0,0.11368548456816806,-7000.0,1657000.0,0.14325235583988935,826000.0,831000.0,0.07184231001988416,0.12,0.12,6839000.0,6839000.0,https://www.sec.gov/Archives/edgar/data/1040470/000104047098000012/0001040470-98-000012-index.html,https://www.sec.gov/Archives/edgar/data/1040470/0001040470-98-000012.txt,1620586229,14:50:29,20210509
94,1997-11-30,AEHR,USD,1998-01-14 00:00:00,1998-01-14 00:00:00,Q2,11748000.0,7166000.0,4582000.0,0.3900238338440586,720000.0,2215000.0,0.0,0.0,2935000.0,10101000.0,0.0,113000.0,1760000.0,0.149812734082397,1647000.0,0.14019407558733402,-237000.0,1700000.0,0.14470548178413348,792000.0,908000.0,0.07728975144705481,0.12,0.12,7397000.0,7397000.0,https://www.sec.gov/Archives/edgar/data/1040470/000104746998001105/0001047469-98-001105-index.html,https://www.sec.gov/Archives/edgar/data/1040470/0001047469-98-001105.txt,1620586229,14:50:29,20210509
95,1997-08-31,AEHR,USD,1997-08-31,1997-08-31,Q2,11665000.0,7061000.0,4604000.0,0.39468495499357054,1179000.0,2247000.0,0.0,0.0,3426000.0,10487000.0,0.0,160000.0,1338000.0,0.11470210030004287,1178000.0,0.10098585512216031,20000.0,1136000.0,0.09738534076296614,522000.0,614000.0,0.0526360908701243,0.13,0.12,5143000.0,5143000.0,,,1620586229,14:50:29,20210509
