,date,symbol,reportedCurrency,fillingDate,acceptedDate,period,revenue,costOfRevenue,grossProfit,grossProfitRatio,researchAndDevelopmentExpenses,generalAndAdministrativeExpenses,sellingAndMarketingExpenses,otherExpenses,operatingExpenses,costAndExpenses,interestExpense,depreciationAndAmortization,ebitda,ebitdaratio,operatingIncome,operatingIncomeRatio,totalOtherIncomeExpensesNet,incomeBeforeTax,incomeBeforeTaxRatio,incomeTaxExpense,netIncome,netIncomeRatio,eps,epsdiluted,weightedAverageShsOut,weightedAverageShsOutDil,link,finalLink,timestamp,est_time,est_date
0,2020-12-31,SHREERAMA.NS,INR,2020-12-31,2020-12-31,Q4,354260000,194825000,159435000,0.4500508101394456,0.0,0.0,0.0,381000.0,137521000,332346000,2042000.0,18243000,40157000.0,0.11335459831761983,21914000.0,0.06185852198949924,0.0,20253000.0,0.05716987523287981,0.0,20253000.0,0.05716987523287981,0.32,0.32,63290625,63290625,https://www.nseindia.com/companies-listing/corporate-filings-annual-reports,https://www.nseindia.com/companies-listing/corporate-filings-annual-reports,1620597887,18:04:47,20210509
1,2020-09-30,SHREERAMA.NS,INR,2020-09-30,2020-09-30,Q3,356383000,198299000,158084000,0.44357895859230095,0.0,0.0,0.0,651000.0,144728000,343027000,1979000.0,20852000,34208000.0,0.0959866211351271,13356000.0,0.03747653507602776,0.0,12028000.0,0.03375020694028615,0.0,12028000.0,0.03375020694028615,0.19,0.19,63305263,63305263,https://www.nseindia.com/companies-listing/corporate-filings-annual-reports,https://www.nseindia.com/companies-listing/corporate-filings-annual-reports,1620597887,18:04:47,20210509
2,2020-06-30,SHREERAMA.NS,INR,2020-06-30,2020-06-30,Q2,263577000,153636000,109941000,0.41711150821202153,0.0,0.0,0.0,466000.0,106663000,260299000,3532000.0,18401000,21679000.0,0.08224920990830004,3278000.0,0.012436593481221806,0.0,212000.0,0.0008043190414945158,0.0,212000.0,0.0008043190414945158,0.00334,0.00334,63468005,63468005,https://www.nseindia.com/companies-listing/corporate-filings-annual-reports,https://www.nseindia.com/companies-listing/corporate-filings-annual-reports,1620597887,18:04:47,20210509
3,2020-03-31,SHREERAMA.NS,INR,2020-03-31,2020-03-31,Q1,295931000,226703000,69228000,0.2339329100364612,0.0,0.0,0.0,-847000.0,54284000,280987000,1206000.0,24744000,39688000.0,0.13411234375580794,14944000.0,0.050498258039880915,0.0,-7026000.0,-0.02374202094407142,-98221000.0,91195000.0,0.30816305152214535,1.4405595313615551,1.4405595313615551,63305263,63305263,https://www.nseindia.com/companies-listing/corporate-filings-annual-reports,https://www.nseindia.com/companies-listing/corporate-filings-annual-reports,1620597887,18:04:47,20210509
4,2019-12-31,SHREERAMA.NS,INR,2019-12-31,2019-12-31,Q4,288837000,138984000,149853000,0.5188151102524954,0.0,0.0,0.0,486000.0,138043000,277027000,6697000.0,20920000,32730000.0,0.11331650723418399,11810000.0,0.040888113364977476,0.0,-41668000.0,-0.14426129616358016,-2366000.0,-39302000.0,-0.13606982484930946,-0.62,-0.62,63390323,63390323,https://www.nseindia.com/companies-listing/corporate-filings-annual-reports,https://www.nseindia.com/companies-listing/corporate-filings-annual-reports,1620597887,18:04:47,20210509
5,2019-09-30,SHREERAMA.NS,INR,2019-09-30,2019-09-30,Q3,347448000,175753000,171695000,0.4941602772213396,0.0,0.0,0.0,52000.0,142598000,318351000,8379000.0,21291000,50388000.0,0.1450231401533467,29097000.0,0.0837449057125095,0.0,140106000.0,0.40324307522276714,-1415000.0,141521000.0,0.4073156270866432,2.23,2.23,63462332,63462332,https://www.nseindia.com/companies-listing/corporate-filings-annual-reports,https://www.nseindia.com/companies-listing/corporate-filings-annual-reports,1620597887,18:04:47,20210509
6,2019-06-30,SHREERAMA.NS,INR,2019-06-30,2019-06-30,Q2,357548000,192699000,164849000,0.4610541801380514,0.0,0.0,0.0,502000.0,138500000,331199000,11158000.0,21763000,48112000.0,0.13456095405372145,26349000.0,0.07369360197791625,0.0,15693000.0,0.04389061049145849,-1449000.0,17142000.0,0.04794321321892445,0.27,0.27,63488889,63488889,https://www.nseindia.com/companies-listing/corporate-filings-annual-reports,https://www.nseindia.com/companies-listing/corporate-filings-annual-reports,1620597887,18:04:47,20210509
7,2019-03-31,SHREERAMA.NS,INR,2019-03-31,2019-03-31,Q1,326630000,243694000,82936000,0.25391421486085175,0.0,0.0,0.0,174000.0,66852000,310546000,8744000.0,22535000,38619000.0,0.11823469981324435,16084000.0,0.04924226188653828,0.0,7254000.0,0.02220861525273245,13812000.0,-6558000.0,-0.02007776383063405,-0.10359328259958418,-0.10359328259958418,63305263,63305263,https://www.nseindia.com/companies-listing/corporate-filings-annual-reports,https://www.nseindia.com/companies-listing/corporate-filings-annual-reports,1620597887,18:04:47,20210509
8,2018-12-31,SHREERAMA.NS,INR,2018-12-31,2018-12-31,Q4,314327000,184217000,130110000,0.4139319880252094,0.0,0.0,0.0,59000.0,130338000,314555000,9162000.0,22624000,22396000.0,0.07125064025680262,-228000.0,-0.0007253592596245311,0.0,-9331000.0,-0.029685645840160087,-2854000.0,-6477000.0,-0.020605929493807403,-0.1,-0.1,64770000,64770000,https://www.nseindia.com/companies-listing/corporate-filings-annual-reports,https://www.nseindia.com/companies-listing/corporate-filings-annual-reports,1620597887,18:04:47,20210509
9,2018-09-30,SHREERAMA.NS,INR,2018-09-30,2018-09-30,Q3,272569000,160500000,112069000,0.41115827551922635,0.0,0.0,0.0,240000.0,123785000,284285000,9067000.0,23622000,11906000.0,0.04368068268952082,-11716000.0,-0.0429836114892009,0.0,-20543000.0,-0.07536807193774787,-2318000.0,-18225000.0,-0.06686380329384486,-0.29,-0.29,62844828,62844828,https://www.nseindia.com/companies-listing/corporate-filings-annual-reports,https://www.nseindia.com/companies-listing/corporate-filings-annual-reports,1620597887,18:04:47,20210509
10,2018-06-30,SHREERAMA.NS,INR,2018-06-30,2018-06-30,Q2,246875000,143548000,103327000,0.41853974683544304,0.0,0.0,0.0,732000.0,116697000,260245000,9189000.0,21478000,8108000.0,0.03284253164556962,-13370000.0,-0.05415696202531645,0.0,-21809000.0,-0.08834025316455696,-22808000.0,999000.0,0.0040465822784810125,0.02,0.02,49950000,49950000,https://www.nseindia.com/companies-listing/corporate-filings-annual-reports,https://www.nseindia.com/companies-listing/corporate-filings-annual-reports,1620597887,18:04:47,20210509
11,2018-03-31,SHREERAMA.NS,INR,2018-03-31,2018-03-31,Q1,321727000,191286000,130441000,0.4054400159141135,0.0,0.0,0.0,889000.0,141716000,333002000,10356000.0,27424000,16149000.0,0.05019473031483214,-11275000.0,-0.035045240219192045,0.0,-20742000.0,-0.06447080910212696,-3456000.0,-17286000.0,-0.05372878247706907,-0.29,-0.29,59606897,59606897,https://www.nseindia.com/companies-listing/corporate-filings-annual-reports,https://www.nseindia.com/companies-listing/corporate-filings-annual-reports,1620597887,18:04:47,20210509
12,2017-12-31,SHREERAMA.NS,INR,2017-12-31,2017-12-31,Q4,312113000,164990000,147123000,0.47137735371484046,0.0,0.0,0.0,0.0,137148000,302138000,10206000.0,27876000,37851000.0,0.12127338495993438,9975000.0,0.03195957874231448,0.0,-231000.0,-0.0007401165603483354,-4067000.0,3836000.0,0.01229042045669357,0.06,0.06,63933333,63933333,https://www.nseindia.com/companies-listing/corporate-filings-annual-reports,https://www.nseindia.com/companies-listing/corporate-filings-annual-reports,1620597887,18:04:47,20210509
13,2017-09-30,SHREERAMA.NS,INR,2017-09-30,2017-09-30,Q3,287014000,145104000,141910000,0.494435811493516,0.0,0.0,0.0,0.0,130996000,276100000,10983000.0,20645000,31559000.0,0.10995630875148947,10914000.0,0.03802601963667278,0.0,-69000.0,-0.00024040639132585868,12839000.0,-12908000.0,-0.0449734159309302,-0.2,-0.2,64540000,64540000,https://www.nseindia.com/companies-listing/corporate-filings-annual-reports,https://www.nseindia.com/companies-listing/corporate-filings-annual-reports,1620597887,18:04:47,20210509
14,2017-06-30,SHREERAMA.NS,INR,2017-06-30,2017-06-30,Q2,296843000,167679000,129164000,0.43512563880569866,0.0,0.0,0.0,0.0,134313000,301992000,14242000.0,32738000,27589000.0,0.09294138652418955,-5149000.0,-0.01734586970216579,0.0,-19391000.0,-0.06532409388127731,-20077000.0,686000.0,0.00231098594206365,0.01,0.01,68600000,68600000,https://www.nseindia.com/companies-listing/corporate-filings-annual-reports,https://www.nseindia.com/companies-listing/corporate-filings-annual-reports,1620597887,18:04:47,20210509
15,2017-03-31,SHREERAMA.NS,INR,2017-03-31,2017-03-31,Q1,292142000,164593000,127549000,0.43659932498579457,0.0,0.0,0.0,0.0,132648000,297241000,15041000.0,32270000,27171000.0,0.09300614084931301,-5099000.0,-0.017453840940364618,0.0,-20140000.0,-0.06893907757186574,-4484000.0,-15656000.0,-0.053590377282280534,-0.25,-0.25,62624000,62624000,https://www.nseindia.com/companies-listing/corporate-filings-annual-reports,https://www.nseindia.com/companies-listing/corporate-filings-annual-reports,1620597887,18:04:47,20210509
16,2016-12-31,SHREERAMA.NS,INR,2016-12-31,2016-12-31,Q4,291034000,155798000,135236000,0.4646742305022781,0.0,0.0,0.0,0.0,123604000,279402000,19106000.0,26504000,38136000.0,0.1310362363160318,11632000.0,0.039967838809211294,0.0,-7474000.0,-0.025680848285767298,-2805000.0,-4669000.0,-0.01604279912312651,-0.07,-0.07,66700000,66700000,https://www.nseindia.com/companies-listing/corporate-filings-annual-reports,https://www.nseindia.com/companies-listing/corporate-filings-annual-reports,1620597887,18:04:47,20210509
17,2016-09-30,SHREERAMA.NS,INR,2016-09-30,2016-09-30,Q3,351769000,173787000,177982000,0.5059627198530854,0.0,0.0,0.0,0.0,162521000,336308000,17381000.0,30879000,46340000.0,0.1317341778269262,15461000.0,0.04395213904579426,0.0,-1920000.0,-0.0054581273506192985,-2491000.0,571000.0,0.001623224331876885,0.01,0.01,57100000,57100000,https://www.nseindia.com/companies-listing/corporate-filings-annual-reports,https://www.nseindia.com/companies-listing/corporate-filings-annual-reports,1620597887,18:04:47,20210509
18,2016-06-30,SHREERAMA.NS,INR,2016-06-30,2016-06-30,Q2,298752000,160267000,138485000,0.46354501392459296,0.0,0.0,0.0,0.0,127021000,287288000,16488000.0,30781000,42245000.0,0.14140491109682948,11464000.0,0.03837296486718081,0.0,-5024000.0,-0.01681662382176521,-4451000.0,-573000.0,-0.001917978791773779,-0.01,-0.01,57300000,57300000,https://www.nseindia.com/companies-listing/corporate-filings-annual-reports,https://www.nseindia.com/companies-listing/corporate-filings-annual-reports,1620597887,18:04:47,20210509
19,2016-03-31,SHREERAMA.NS,INR,2016-03-31,2016-03-31,Q1,273930000,141315000,132615000,0.4841200306647684,0.0,0.0,0.0,0.0,117414000,258729000,16804000.0,35201000,50402000.0,0.18399591136421714,15201000.0,0.05549227904939218,0.0,-1603000.0,-0.005851859964224437,-4107000.0,2504000.0,0.009141021428832184,0.04,0.04,62600000,62600000,https://www.nseindia.com/companies-listing/corporate-filings-annual-reports,https://www.nseindia.com/companies-listing/corporate-filings-annual-reports,1620597887,18:04:47,20210509
20,2015-12-31,SHREERAMA.NS,INR,2015-12-31,2015-12-31,Q4,272331000,133545000,138786000,0.5096224814655694,0.0,0.0,0.0,0.0,129257000,262802000,17421000.0,34041000,43570000.0,0.15998913087382632,9529000.0,0.03499050787460847,0.0,-7892000.0,-0.028979440460322182,-4466000.0,-3426000.0,-0.012580279145598556,-0.05,-0.05,68520000,68520000,https://www.nseindia.com/companies-listing/corporate-filings-annual-reports,https://www.nseindia.com/companies-listing/corporate-filings-annual-reports,1620597887,18:04:47,20210509
21,2015-09-30,SHREERAMA.NS,INR,2015-09-30,2015-09-30,Q3,264506000,126932000,137574000,0.5201167459339296,0.0,0.0,0.0,0.0,129797000,256729000,17081000.0,34884000,42661000.0,0.16128556630095348,7777000.0,0.029401979539216503,0.0,-9304000.0,-0.03517500548191724,-4406000.0,-4898000.0,-0.018517538354517478,-0.08,-0.08,61225000,61225000,https://www.nseindia.com/companies-listing/corporate-filings-annual-reports,https://www.nseindia.com/companies-listing/corporate-filings-annual-reports,1620597887,18:04:47,20210509
22,2015-06-30,SHREERAMA.NS,INR,2015-06-30,2015-06-30,Q2,251449000,129703000,121746000,0.4841777060159317,0.0,0.0,0.0,0.0,124575000,254278000,17368000.0,32792000,29963000.0,0.11916134086832718,-2829000.0,-0.011250790418733024,0.0,-20197000.0,-0.08032245107357755,-4859000.0,-15338000.0,-0.060998452966605554,-0.24,-0.24,63908333,63908333,https://www.nseindia.com/companies-listing/corporate-filings-annual-reports,https://www.nseindia.com/companies-listing/corporate-filings-annual-reports,1620597887,18:04:47,20210509
23,2015-03-31,SHREERAMA.NS,INR,2015-03-31,2015-03-31,Q1,243145000,149703000,93442000,0.3843056612309527,0.0,0.0,0.0,0.0,144967000,294670000,18048000.0,66135000,14610000.0,0.06008760204816056,-51525000.0,-0.21191058833206522,0.0,-67706000.0,-0.278459355528594,31041000.0,-98747000.0,-0.4061239178268112,-1.56,-1.56,63299359,63299359,https://www.nseindia.com/companies-listing/corporate-filings-annual-reports,https://www.nseindia.com/companies-listing/corporate-filings-annual-reports,1620597887,18:04:47,20210509
24,2014-12-31,SHREERAMA.NS,INR,2014-12-31,2014-12-31,Q4,256911000,148893000,108018000,0.4204491049429569,0.0,0.0,0.0,0.0,97694000,246587000,0.0,11225000,21549000.0,0.08387729602858578,10324000.0,0.0401851224743199,0.0,-4268000.0,-0.016612756946958285,1281000.0,-5549000.0,-0.021598919470166712,-0.09,-0.09,61655556,61655556,https://www.nseindia.com/companies-listing/corporate-filings-annual-reports,https://www.nseindia.com/companies-listing/corporate-filings-annual-reports,1620597887,18:04:47,20210509
25,2014-09-30,SHREERAMA.NS,INR,2014-09-30,2014-09-30,Q3,282382000,145560000,136822000,0.48452805065478677,0.0,0.0,0.0,0.0,197179000,342739000,0.0,98548000,38191000.0,0.135245872612277,-60357000.0,-0.21374237734699802,0.0,-74047000.0,-0.2622228045696964,-69265000.0,-4782000.0,-0.01693450715697176,-0.08,-0.08,59775000,59775000,https://www.nseindia.com/companies-listing/corporate-filings-annual-reports,https://www.nseindia.com/companies-listing/corporate-filings-annual-reports,1620597887,18:04:47,20210509
26,2014-06-30,SHREERAMA.NS,INR,2014-06-30,2014-06-30,Q2,295898000,159581000,136317000,0.4606891563984887,0.0,0.0,0.0,0.0,156187000,315768000,15576000.0,57282000,37412000.0,0.12643546086827218,-19870000.0,-0.06715151842864771,0.0,-35500000.0,-0.11997377474670326,-11522000.0,-23978000.0,-0.08103468086975918,-0.38,-0.38,63100000,63100000,https://www.nseindia.com/companies-listing/corporate-filings-annual-reports,https://www.nseindia.com/companies-listing/corporate-filings-annual-reports,1620597887,18:04:47,20210509
27,2014-03-31,SHREERAMA.NS,INR,2014-03-31,2014-03-31,Q1,276870000,134435000,142435000,0.5144472134936974,0.0,0.0,0.0,0.0,118401000,252836000,5026000.0,52061000,76095000.0,0.274840177700726,24034000.0,0.08680608227688084,0.0,480145000.0,1.7341893307328349,93669000.0,386476000.0,1.3958753205475494,6.09,6.09,63460755,63460755,https://www.nseindia.com/companies-listing/corporate-filings-annual-reports,https://www.nseindia.com/companies-listing/corporate-filings-annual-reports,1620597887,18:04:47,20210509
28,2013-12-31,SHREERAMA.NS,INR,2013-12-31,2013-12-31,Q4,279443000,159171000,120272000,0.4303990438121549,0.0,0.0,0.0,0.0,140073000,299244000,0.0,54723000,34922000.0,0.12497002966615732,-19801000.0,-0.07085881557240653,0.0,-34364000.0,-0.12297320025908683,-9661000.0,-24703000.0,-0.08840085455710109,-0.39,-0.39,63468005,63468005,https://www.nseindia.com/companies-listing/corporate-filings-annual-reports,https://www.nseindia.com/companies-listing/corporate-filings-annual-reports,1620597887,18:04:47,20210509
29,2013-09-30,SHREERAMA.NS,INR,2013-09-30,2013-09-30,Q3,278457000,157706000,120751000,0.43364325551162297,0.0,0.0,0.0,0.0,134747000,292453000,0.0,53012000,39016000.0,0.1401149908244361,-13996000.0,-0.050262697651702055,0.0,-30306000.0,-0.10883547549531884,-7230000.0,-23076000.0,-0.0828709639190252,-0.36,-0.36,63468005,63468005,https://www.nseindia.com/companies-listing/corporate-filings-annual-reports,https://www.nseindia.com/companies-listing/corporate-filings-annual-reports,1620597887,18:04:47,20210509
30,2013-06-30,SHREERAMA.NS,INR,2013-06-30,2013-06-30,Q2,218215000,118052000,100163000,0.4590106088032445,0.0,0.0,0.0,0.0,117810000,235862000,0.0,52398000,34751000.0,0.15925119721375708,-17647000.0,-0.08086978438695781,0.0,-14494000.0,-0.0664207318470316,-8957000.0,-5537000.0,-0.02537405769539216,-0.09,-0.09,63468005,63468005,https://www.nseindia.com/companies-listing/corporate-filings-annual-reports,https://www.nseindia.com/companies-listing/corporate-filings-annual-reports,1620597887,18:04:47,20210509
31,2013-03-31,SHREERAMA.NS,INR,2013-03-31,2013-03-31,Q1,212486000,112491000,99995000,0.4705957098350009,0.0,0.0,0.0,0.0,145089000,257580000,0.0,51368000,6274000.0,0.029526651167606336,-45094000.0,-0.21222104044501755,0.0,-318291000.0,-1.497938687725309,-32856000.0,-285435000.0,-1.3433120299690333,-4.508866822020785,-4.508866822020785,63305263,63305263,https://www.nseindia.com/companies-listing/corporate-filings-annual-reports,https://www.nseindia.com/companies-listing/corporate-filings-annual-reports,1620597887,18:04:47,20210509
32,2012-12-31,SHREERAMA.NS,INR,2012-12-31,2012-12-31,Q4,226627000,124601000,102026000,0.45019348974305795,0.0,0.0,0.0,0.0,120565000,245166000,0.0,48290000,29751000.0,0.13127738530713462,-18539000.0,-0.08180402158613051,0.0,-100868000.0,-0.44508377201304344,-20324000.0,-80544000.0,-0.35540337206069883,-1.27,-1.27,63468005,63468005,https://www.nseindia.com/companies-listing/corporate-filings-annual-reports,https://www.nseindia.com/companies-listing/corporate-filings-annual-reports,1620597887,18:04:47,20210509
33,2012-09-30,SHREERAMA.NS,INR,2012-09-30,2012-09-30,Q3,229794000,124235000,105559000,0.4593636039235141,0.0,0.0,0.0,0.0,162591000,286826000,0.0,59473000,2441000.0,0.010622557595063404,-57032000.0,-0.24818750707155104,0.0,-70922000.0,-0.30863294951130144,-16504000.0,-54418000.0,-0.23681210127331437,-0.86,-0.86,63468005,63468005,https://www.nseindia.com/companies-listing/corporate-filings-annual-reports,https://www.nseindia.com/companies-listing/corporate-filings-annual-reports,1620597887,18:04:47,20210509
34,2012-06-30,SHREERAMA.NS,INR,2012-06-30,2012-06-30,Q2,185757000,78343000,107414000,0.5782500794048138,0.0,0.0,0.0,0.0,143446000,221789000,0.0,60385000,24353000.0,0.13110138514295558,-36032000.0,-0.19397384755352423,0.0,210614000.0,1.1338146072557158,-10477000.0,221091000.0,1.1902162502624396,3.48,3.48,63468005,63468005,https://www.nseindia.com/companies-listing/corporate-filings-annual-reports,https://www.nseindia.com/companies-listing/corporate-filings-annual-reports,1620597887,18:04:47,20210509
35,2012-03-31,SHREERAMA.NS,INR,2012-03-31,2012-03-31,Q1,185880000,78703000,107177000,0.5765924252205724,0.0,0.0,0.0,0.0,190629000,269332000,0.0,101513000,18061000.0,0.09716483752958899,-83452000.0,-0.44895631590273294,0.0,110184000.0,0.5927695287282118,68697000.0,41487000.0,0.22319238218205295,0.6553483554755944,0.6553483554755944,63305263,63305263,https://www.nseindia.com/companies-listing/corporate-filings-annual-reports,https://www.nseindia.com/companies-listing/corporate-filings-annual-reports,1620597887,18:04:47,20210509
36,2011-12-31,SHREERAMA.NS,INR,2011-12-31,2011-12-31,Q4,161258000,91559000,69699000,0.4322204169715611,0.0,0.0,0.0,0.0,201479000,293038000,0.0,44457000,-87323000.0,-0.5415111188282131,-131780000.0,-0.8171997668332733,0.0,-135032000.0,-0.8373662081881209,-124995000.0,-10037000.0,-0.06224187327140359,-0.16,-0.16,63468005,63468005,https://www.nseindia.com/companies-listing/corporate-filings-annual-reports,https://www.nseindia.com/companies-listing/corporate-filings-annual-reports,1620597887,18:04:47,20210509
