,date,symbol,reportedCurrency,fillingDate,acceptedDate,period,revenue,costOfRevenue,grossProfit,grossProfitRatio,researchAndDevelopmentExpenses,generalAndAdministrativeExpenses,sellingAndMarketingExpenses,otherExpenses,operatingExpenses,costAndExpenses,interestExpense,depreciationAndAmortization,ebitda,ebitdaratio,operatingIncome,operatingIncomeRatio,totalOtherIncomeExpensesNet,incomeBeforeTax,incomeBeforeTaxRatio,incomeTaxExpense,netIncome,netIncomeRatio,eps,epsdiluted,weightedAverageShsOut,weightedAverageShsOutDil,link,finalLink,timestamp,est_time,est_date
0,2021-03-31,CPT,USD,2021-04-30,2021-04-30 13:47:10,Q1,267568000,100932000.0,166636000.0,0.622780003587873,0.0,19272000.0,0.0,0.0,112413000.0,213345000.0,23644000.0,93141000.0,147364000.0,0.5507534533277522,54223000.0,0.12267909466004903,1914000.0,32825000.0,0.12267909466004903,352000.0,31347000.0,0.11715526520361179,0.3153019040626037,0.3153019040626037,99419000,99419000,https://www.sec.gov/Archives/edgar/data/906345/000090634521000026/0000906345-21-000026-index.htm,https://www.sec.gov/Archives/edgar/data/906345/000090634521000026/cpt-20210331.htm,1620590631,16:03:51,20210509
1,2020-12-31,CPT,USD,2021-02-18,2021-02-18 13:08:12,Q4,261554000,99957000.0,161597000.0,0.6178341757342652,0.0,17037000.0,0.0,552372.451,108962000.0,208919000.0,24072000.0,91925000.0,144560000.0,0.5526965750858331,52635000.0,0.20123951459354475,1967000.0,30877000.0,0.11805210396323512,496000.0,29193000.0,0.11161366295296574,0.29363602530703387,0.29363602530703387,99419000,99419000,https://www.sec.gov/Archives/edgar/data/906345/000090634521000010/0000906345-21-000010-index.htm,https://www.sec.gov/Archives/edgar/data/906345/000090634521000010/cpt-20201231.htm,1620590631,16:03:51,20210509
2,2020-09-30,CPT,USD,2020-10-30,2020-10-30 12:15:15,Q3,265721000,101052000.0,164669000.0,0.619706383763421,0.0,17096000.0,0.0,139549.0,107671000.0,208723000.0,24265000.0,90575000.0,147573000.0,0.5553682245663685,56998000.0,0.21450318190884424,2154000.0,36835000.0,0.1386228412507856,615000.0,34957000.0,0.13155527790426802,0.3516128707792273,0.3514855965009301,99419000,99455000,https://www.sec.gov/Archives/edgar/data/906345/000090634520000060/0000906345-20-000060-index.htm,https://www.sec.gov/Archives/edgar/data/906345/000090634520000060/cpt-20200930.htm,1620590631,16:03:51,20210509
3,2020-06-30,CPT,USD,2020-07-31,2020-07-31 12:27:47,Q2,250683000,99681000.0,151002000.0,0.6023623460705353,0.0,18770000.0,0.0,0.0,111573000.0,211254000.0,23482000.0,92803000.0,132232000.0,0.527486905773427,39429000.0,0.15728629384521486,1633000.0,17905000.0,0.07142486726263847,394000.0,16477000.0,0.06572842992943279,0.1657662551937142,0.16575124738451633,99399000,99408000,https://www.sec.gov/Archives/edgar/data/906345/000090634520000052/0000906345-20-000052-index.htm,https://www.sec.gov/Archives/edgar/data/906345/000090634520000052/cpt630202010q2q20.htm,1620590631,16:03:51,20210509
4,2020-03-31,CPT,USD,2020-05-08 00:00:00,2020-05-08 12:32:47,Q1,265879000,94136000.0,171743000.0,0.6459442077035042,0.0,18076000.0,0.0,0.0,109935000.0,204071000.0,19707000.0,91859000.0,153667000.0,0.5779583946080736,61808000.0,0.23246664836260103,2504000.0,44934000.0,0.1690016887381102,467000.0,43284000.0,0.16279585826635423,0.4359000181272533,0.4355403501710606,99298000,99380000,https://www.sec.gov/Archives/edgar/data/906345/000090634520000038/0000906345-20-000038-index.html,https://www.sec.gov/Archives/edgar/data/906345/000090634520000038/cpt331202010q1q20.htm,1620590631,16:03:51,20210509
5,2019-12-31,CPT,USD,2020-02-20 00:00:00,2020-02-20 13:04:30,Q4,263461000,90409000.0,173052000.0,0.6568410504780594,0.0,18450000.0,0.0,0.0,103990000.0,194399000.0,20168000.0,85540000.0,154602000.0,0.5868117102721085,69062000.0,0.26213367443378716,46735000.0,96605000.0,0.3666766618209147,380000.0,95014000.0,0.3606378173619625,0.96,0.95,99055000,100932000,https://www.sec.gov/Archives/edgar/data/906345/000090634520000008/0000906345-20-000008-index.html,https://www.sec.gov/Archives/edgar/data/906345/000090634520000008/cpt1231201910k.htm,1620590631,16:03:51,20210509
6,2019-09-30,CPT,USD,2019-11-01 00:00:00,2019-11-01 12:22:59,Q3,260672000,93873000.0,166799000.0,0.6398807697029216,0.0,18789000.0,0.0,0.0,104603000.0,198476000.0,20719000.0,85814000.0,148010000.0,0.5678016818070218,62196000.0,0.2385986987478517,2133000.0,45095000.0,0.17299518168426223,313000.0,43597000.0,0.16724849619445126,0.4405561899372467,0.44008035047342176,98959000,99066000,https://www.sec.gov/Archives/edgar/data/906345/000090634519000040/0000906345-19-000040-index.html,https://www.sec.gov/Archives/edgar/data/906345/000090634519000040/cpt930201910q3q19.htm,1620590631,16:03:51,20210509
7,2019-06-30,CPT,USD,2019-07-26 00:00:00,2019-07-26 12:15:07,Q2,255761000,91227000.0,164534000.0,0.643311529122892,0.0,19009000.0,0.0,0.0,103655000.0,194882000.0,19349000.0,84646000.0,145525000.0,0.5689882351101223,60879000.0,0.23803081783383706,1909000.0,43770000.0,0.1711363343121117,228000.0,42399000.0,0.1657758610577844,0.42869275957251046,0.4282857056274433,98903000,98997000,https://www.sec.gov/Archives/edgar/data/906345/000090634519000033/0000906345-19-000033-index.html,https://www.sec.gov/Archives/edgar/data/906345/000090634519000033/cpt630201910q2q19.htm,1620590631,16:03:51,20210509
8,2019-03-31,CPT,USD,2019-05-03 00:00:00,2019-05-03 12:19:49,Q1,248567000,90838000.0,157729000.0,0.6345532592822056,0.0,19306000.0,0.0,0.0,99580000.0,190418000.0,20470000.0,80274000.0,138423000.0,0.5568840594286449,58149000.0,0.23393692646248296,1912000.0,39889000.0,0.16047584755820363,168000.0,38613000.0,0.15534242276730217,0.3985158733435165,0.39790397873063965,96892000,97041000,https://www.sec.gov/Archives/edgar/data/906345/000090634519000023/0000906345-19-000023-index.html,https://www.sec.gov/Archives/edgar/data/906345/000090634519000023/cpt331201910q1q19.htm,1620590631,16:03:51,20210509
9,2018-12-31,CPT,USD,2019-02-15 00:00:00,2019-02-15 13:14:43,Q4,244919000,86720000.0,158199000.0,0.6459237543841025,0.0,19466000.0,0.0,0.0,98143000.0,184863000.0,22047000.0,78677000.0,138733000.0,0.5664444163172314,60056000.0,0.245207599247098,2192000.0,40633000.0,0.16590382942932153,326000.0,39196000.0,0.16003658352353228,0.4114547248640591,0.41057979364164876,95262000,95465000,https://www.sec.gov/Archives/edgar/data/906345/000090634519000006/0000906345-19-000006-index.html,https://www.sec.gov/Archives/edgar/data/906345/000090634519000006/cpt1231201810k.htm,1620590631,16:03:51,20210509
10,2018-09-30,CPT,USD,2018-10-26 00:00:00,2018-10-26 12:26:30,Q3,241770000,87833000.0,153937000.0,0.6367084419075981,0.0,18234000.0,0.0,0.0,94710000.0,182543000.0,21235000.0,76476000.0,135703000.0,0.5612896554576664,59227000.0,0.24497249451958472,1943000.0,40320000.0,0.1667700707283782,330000.0,38866000.0,0.1607560904992348,0.41,0.4,95257000,95417000,https://www.sec.gov/Archives/edgar/data/906345/000090634518000045/0000906345-18-000045-index.html,https://www.sec.gov/Archives/edgar/data/906345/000090634518000045/cpt930201810q3q18.htm,1620590631,16:03:51,20210509
11,2018-06-30,CPT,USD,2018-08-03 00:00:00,2018-08-03 12:10:26,Q2,237133000,85061000.0,152072000.0,0.6412941260811443,0.0,18007000.0,0.0,0.0,93576000.0,178637000.0,20607000.0,75569000.0,134065000.0,0.5653578371631109,58496000.0,0.24668013308986939,1872000.0,40252000.0,0.16974440503852267,380000.0,38671000.0,0.1630772604403436,0.4060245897336287,0.4056242592068137,95243000,95337000,https://www.sec.gov/Archives/edgar/data/906345/000090634518000034/0000906345-18-000034-index.html,https://www.sec.gov/Archives/edgar/data/906345/000090634518000034/cpt630201810q2q18.htm,1620590631,16:03:51,20210509
12,2018-03-31,CPT,USD,2018-05-04 00:00:00,2018-05-04 12:14:19,Q1,230683000,83965000.0,146718000.0,0.6360156578508169,0.0,17829000.0,0.0,0.0,88053000.0,172018000.0,20374000.0,70224000.0,128889000.0,0.5587277779463593,58665000.0,0.25431002718015633,1829000.0,40913000.0,0.17735593866908267,388000.0,39395000.0,0.17077547977094107,0.41439195514742233,0.4101680444786873,95067000,96046000,https://www.sec.gov/Archives/edgar/data/906345/000090634518000017/0000906345-18-000017-index.html,https://www.sec.gov/Archives/edgar/data/906345/000090634518000017/cpt331201810q1q18.htm,1620590631,16:03:51,20210509
13,2017-12-31,CPT,USD,2018-02-16 00:00:00,2018-02-16 12:49:21,Q4,229827000,80638000.0,149189000.0,0.6491360893193576,0.0,17708000.0,0.0,0.0,85901000.0,166539000.0,20618000.0,68193000.0,131481000.0,0.5720868305290501,63288000.0,0.27537234528580196,45196000.0,89298000.0,0.38854442689501234,216000.0,87989000.0,0.3828488384741566,0.92,0.91,94905000,97068000,https://www.sec.gov/Archives/edgar/data/906345/000090634518000007/0000906345-18-000007-index.html,https://www.sec.gov/Archives/edgar/data/906345/000090634518000007/cpt1231201710k.htm,1620590631,16:03:51,20210509
14,2017-09-30,CPT,USD,2017-10-27 00:00:00,2017-10-27 13:22:54,Q3,228178000,88283000.0,139895000.0,0.6130959163460106,0.0,17324000.0,0.0,0.0,84338000.0,172621000.0,21210000.0,67014000.0,122571000.0,0.5371727335676533,55557000.0,0.243480966613784,1255000.0,35987000.0,0.15771459124017215,512000.0,34384000.0,0.15068937408514405,0.3778004856555801,0.3736051199026436,91011000,92033000,https://www.sec.gov/Archives/edgar/data/906345/000090634517000044/0000906345-17-000044-index.html,https://www.sec.gov/Archives/edgar/data/906345/000090634517000044/cpt930201710q3q17.htm,1620590631,16:03:51,20210509
15,2017-06-30,CPT,USD,2017-07-28 00:00:00,2017-07-28 13:15:25,Q2,223370000,80353000.0,143017000.0,0.6402695079912253,0.0,18024000.0,0.0,0.0,83057000.0,163410000.0,21966000.0,65033000.0,124993000.0,0.5595782781931324,59960000.0,0.26843354076196446,1785000.0,40339000.0,0.1805927385056185,25000.0,39188000.0,0.1754398531584367,0.4349148215970257,0.43044342658802076,90105000,91041000,https://www.sec.gov/Archives/edgar/data/906345/000090634517000038/0000906345-17-000038-index.html,https://www.sec.gov/Archives/edgar/data/906345/000090634517000038/cpt630201710q2q17.htm,1620590631,16:03:51,20210509
16,2017-03-31,CPT,USD,2017-05-05 00:00:00,2017-05-05 13:24:23,Q1,219521000,79468000.0,140053000.0,0.6379936315887774,0.0,19031000.0,0.0,0.0,82765000.0,162233000.0,22956000.0,63734000.0,121022000.0,0.5513003311756051,57288000.0,0.26096819894224244,1494000.0,36460000.0,0.16608889354549222,471000.0,34861000.0,0.1588048523831433,0.38766750069502365,0.38330273010148547,89925000,90949000,https://www.sec.gov/Archives/edgar/data/906345/000090634517000019/0000906345-17-000019-index.html,https://www.sec.gov/Archives/edgar/data/906345/000090634517000019/cpt331201710q1q17.htm,1620590631,16:03:51,20210509
17,2016-12-31,CPT,USD,2017-02-13 00:00:00,2017-02-13 14:41:20,Q4,217139000,73676000.0,143463000.0,0.6606966044791586,0.0,17903000.0,0.0,0.0,80670000.0,154346000.0,23209000.0,62767000.0,125560000.0,0.5782471136000442,62793000.0,0.28918342628454585,2073000.0,42493000.0,0.19569492352824688,413000.0,40893000.0,0.18832637158686372,0.4556576968076216,0.450145304037691,89745000,90844000,https://www.sec.gov/Archives/edgar/data/906345/000090634517000009/0000906345-17-000009-index.html,https://www.sec.gov/Archives/edgar/data/906345/000090634517000009/cpt12312016-10k.htm,1620590631,16:03:51,20210509
18,2016-09-30,CPT,USD,2016-10-28 00:00:00,2016-10-28 13:16:50,Q3,220235000,80374000.0,139861000.0,0.6350534656162735,0.0,15644000.0,0.0,0.0,78476000.0,158850000.0,23076000.0,62832000.0,124217000.0,0.5640202510954208,61385000.0,0.2787249982972734,264585000.0,303821000.0,1.3795309555701865,400000.0,290898000.0,1.3208527254977638,3.23,3.21,89669000,90012000,https://www.sec.gov/Archives/edgar/data/906345/000090634516000082/0000906345-16-000082-index.html,https://www.sec.gov/Archives/edgar/data/906345/000090634516000082/cpt930201610qq316.htm,1620590631,16:03:51,20210509
19,2016-06-30,CPT,USD,2016-07-29 00:00:00,2016-07-29 13:02:53,Q2,221478000,80156000.0,141322000.0,0.6380859498460344,0.0,17427000.0,0.0,0.0,79883000.0,160039000.0,23070000.0,62456000.0,123895000.0,0.5594009337270519,61439000.0,0.2774045277634799,33924000.0,72508000.0,0.32738240366989046,489000.0,446302000.0,2.015107595336783,4.94,4.92,89559000,89862000,https://www.sec.gov/Archives/edgar/data/906345/000090634516000060/0000906345-16-000060-index.html,https://www.sec.gov/Archives/edgar/data/906345/000090634516000060/cpt630201610qq216.htm,1620590631,16:03:51,20210509
20,2016-03-31,CPT,USD,2016-04-29 00:00:00,2016-04-29 13:18:03,Q1,217595000,77149000.0,140446000.0,0.6454468163330959,0.0,18550000.0,0.0,0.0,80641000.0,157790000.0,23790000.0,62091000.0,121896000.0,0.5601966956961327,59805000.0,0.2748454697948023,1940000.0,38179000.0,0.17545899492175832,315000.0,41730000.0,0.19177830372940555,0.4670710959885387,0.4610591211923676,89344000,90509000,https://www.sec.gov/Archives/edgar/data/906345/000090634516000050/0000906345-16-000050-index.html,https://www.sec.gov/Archives/edgar/data/906345/000090634516000050/cpt331201610qq116.htm,1620590631,16:03:51,20210509
21,2015-12-31,CPT,USD,2016-02-19 00:00:00,2016-02-19 12:36:17,Q4,229658000,80410000.0,149248000.0,0.6498706772679376,0.0,18348000.0,0.0,0.0,85093000.0,165503000.0,25024000.0,66745000.0,130900000.0,0.5699779672382412,64155000.0,0.279350164157138,20777000.0,62340000.0,0.2714471083088767,538000.0,60593000.0,0.2638401449111287,0.679484160358845,0.6701431130969497,89175000,90418000,https://www.sec.gov/Archives/edgar/data/906345/000090634516000044/0000906345-16-000044-index.html,https://www.sec.gov/Archives/edgar/data/906345/000090634516000044/cpt12312015-10k.htm,1620590631,16:03:51,20210509
22,2015-09-30,CPT,USD,2015-10-30 00:00:00,2015-10-30 13:18:33,Q3,227185000,84106000.0,143079000.0,0.629790699209895,0.0,16999000.0,0.0,0.0,82078000.0,166184000.0,23265000.0,65079000.0,126080000.0,0.5549662169597465,61001000.0,0.26850804410502455,1574000.0,38692000.0,0.1703105398683892,498000.0,37044000.0,0.1630565398243722,0.41545915391862187,0.41004637982754233,89164000,90341000,https://www.sec.gov/Archives/edgar/data/906345/000090634515000037/0000906345-15-000037-index.html,https://www.sec.gov/Archives/edgar/data/906345/000090634515000037/cpt930201510q.htm,1620590631,16:03:51,20210509
23,2015-06-30,CPT,USD,2015-07-31 00:00:00,2015-07-31 13:22:31,Q2,220651000,78789000.0,141862000.0,0.6429247997969645,0.0,17167000.0,0.0,0.0,80895000.0,159684000.0,24411000.0,63728000.0,124695000.0,0.5651232036111326,60967000.0,0.2763051153178549,1531000.0,37608000.0,0.17044110382459177,407000.0,36079000.0,0.16351160883023416,0.4046863257546016,0.3997584541062802,89153000,90252000,https://www.sec.gov/Archives/edgar/data/906345/000090634515000028/0000906345-15-000028-index.html,https://www.sec.gov/Archives/edgar/data/906345/000090634515000028/cpt630201510q.htm,1620590631,16:03:51,20210509
24,2015-03-31,CPT,USD,2015-05-01 00:00:00,2015-05-01 13:32:10,Q1,215434000,78411000.0,137023000.0,0.6360323811468942,0.0,15223000.0,0.0,0.0,76753000.0,155164000.0,24612000.0,61530000.0,121800000.0,0.5653703686511878,60270000.0,0.2797608548325705,86574000.0,121494000.0,0.5639499800402907,429000.0,115599000.0,0.5365866112127148,1.29,1.27,88987000,90464000,https://www.sec.gov/Archives/edgar/data/906345/000090634515000017/0000906345-15-000017-index.html,https://www.sec.gov/Archives/edgar/data/906345/000090634515000017/cpt331201510q.htm,1620590631,16:03:51,20210509
25,2014-12-31,CPT,USD,2015-02-20,2015-02-20 14:01:38,Q4,216459000,76429000.0,140030000.0,0.6469123482969061,0.0,25240000.0,0.0,0.0,86346000.0,162775000.0,24417000.0,61106000.0,114790000.0,0.530308280089994,53684000.0,0.24801001575356071,156814000.0,185299000.0,0.8560466416272827,675000.0,178498000.0,0.824627296624303,1.99,1.98,88683000,90233000,https://www.sec.gov/Archives/edgar/data/906345/000090634515000007/cpt12312014-10k.htm,https://www.sec.gov/Archives/edgar/data/906345/000090634515000007/cpt12312014-10k.htm,1620590631,16:03:51,20210509
26,2014-09-30,CPT,USD,2014-10-31 00:00:00,2014-10-31 12:49:23,Q3,213098000,78675000.0,134423000.0,0.6308036677960375,0.0,14856000.0,0.0,0.0,74035000.0,152710000.0,22967000.0,59179000.0,119567000.0,0.5610892640944541,60388000.0,0.28338135505729756,2671000.0,39686000.0,0.1862335639001774,353000.0,38283000.0,0.1796497386179129,0.43431352528759104,0.4284467225498864,88146000,89353000,https://www.sec.gov/Archives/edgar/data/906345/000090634514000024/0000906345-14-000024-index.html,https://www.sec.gov/Archives/edgar/data/906345/000090634514000024/cpt930201410q.htm,1620590631,16:03:51,20210509
27,2014-06-30,CPT,USD,2014-08-01 00:00:00,2014-08-01 13:04:15,Q2,208492000,75880000.0,132612000.0,0.6360531818966675,0.0,15487000.0,0.0,0.0,73440000.0,149320000.0,22746000.0,57953000.0,117125000.0,0.5617721543272644,59172000.0,0.2838094507223299,1031000.0,36685000.0,0.17595399343859716,401000.0,35272000.0,0.16917675498340465,0.401525414081621,0.3964393292271726,87845000,88972000,https://www.sec.gov/Archives/edgar/data/906345/000090634514000015/0000906345-14-000015-index.html,https://www.sec.gov/Archives/edgar/data/906345/000090634514000015/cpt630201410q.htm,1620590631,16:03:51,20210509
28,2014-03-31,CPT,USD,2014-05-07 00:00:00,2014-05-07 12:46:15,Q1,205929000,74324000.0,131605000.0,0.6390794885615916,0.0,13620000.0,0.0,0.0,71016000.0,145340000.0,23133000.0,57396000.0,117985000.0,0.572940188123091,60589000.0,0.2942227660989953,4644000.0,41547000.0,0.20175400259312676,474000.0,40036000.0,0.1944165221993988,0.45676603803721577,0.4507340358461677,87651000,88824000,https://www.sec.gov/Archives/edgar/data/906345/000090634514000008/0000906345-14-000008-index.html,https://www.sec.gov/Archives/edgar/data/906345/000090634514000008/cpt331201410q.htm,1620590631,16:03:51,20210509
29,2013-12-31,CPT,USD,2014-02-21,2014-02-21 13:47:34,Q4,197815000,69061000.0,128754000.0,0.6508808735434624,0.0,12820000.0,0.0,0.0,66943000.0,136004000.0,24162000.0,56077000.0,117888000.0,0.5959507620756768,61811000.0,0.312468720774461,4207000.0,41038000.0,0.20745646184566388,239000.0,129996000.0,0.6571594671789298,1.47,1.46,87459000,88686000,https://www.sec.gov/Archives/edgar/data/906345/000090634514000005/cpt-12312013x10k.htm,https://www.sec.gov/Archives/edgar/data/906345/000090634514000005/cpt-12312013x10k.htm,1620590631,16:03:51,20210509
30,2013-09-30,CPT,USD,2013-11-01 00:00:00,2013-11-01 13:20:36,Q3,201956000,73727000.0,128229000.0,0.6349353324486522,0.0,13755000.0,0.0,0.0,68635000.0,142362000.0,24275000.0,55788000.0,115382000.0,0.5713224662797837,59594000.0,0.29508407771989936,1926000.0,36456000.0,0.18051456752956088,720000.0,70720000.0,0.3501752857057973,0.8086999279580098,0.8045323200837297,87449000,87902000,https://www.sec.gov/Archives/edgar/data/906345/000090634513000024/0000906345-13-000024-index.html,https://www.sec.gov/Archives/edgar/data/906345/000090634513000024/cpt930201310q.htm,1620590631,16:03:51,20210509
31,2013-06-30,CPT,USD,2013-07-26 00:00:00,2013-07-26 13:08:55,Q2,201527000,74385000.0,127142000.0,0.6308931309452331,0.0,15491000.0,0.0,0.0,69806000.0,144191000.0,24797000.0,54315000.0,111651000.0,0.554025018980087,57336000.0,0.2845077830762131,17798000.0,50477000.0,0.2504726413830405,468000.0,72172000.0,0.35812571020260314,0.82,0.81,87191000,88472000,https://www.sec.gov/Archives/edgar/data/906345/000090634513000015/0000906345-13-000015-index.html,https://www.sec.gov/Archives/edgar/data/906345/000090634513000015/cpt630201310q.htm,1620590631,16:03:51,20210509
32,2013-03-31,CPT,USD,2013-05-03 00:00:00,2013-05-03 13:00:08,Q1,196190000,72147000.0,124043000.0,0.6322595443192823,0.0,14360000.0,0.0,0.0,67615000.0,139762000.0,24895000.0,53470000.0,109898000.0,0.5601610683521077,56428000.0,0.2876191447066619,1632000.0,32301000.0,0.16464141903257046,399000.0,63476000.0,0.3235435037463683,0.7321084622216071,0.7273018928456849,86703000,87276000,https://www.sec.gov/Archives/edgar/data/906345/000090634513000009/0000906345-13-000009-index.html,https://www.sec.gov/Archives/edgar/data/906345/000090634513000009/cpt331201310q.htm,1620590631,16:03:51,20210509
33,2012-12-31,CPT,USD,2013-02-15 00:00:00,2013-02-15 13:19:09,Q4,241058000,68847000.0,122585000.0,0.5085290676932522,0.0,-152108000.0,0.0,0.0,67276000.0,136123000.0,25447000.0,53449000.0,108758000.0,0.4511694281044396,55309000.0,0.22944270673447884,32716000.0,55602000.0,0.23065818184835185,216000.0,142166000.0,0.5897584813613321,1.63,1.6,86298000,88020000,https://www.sec.gov/Archives/edgar/data/906345/000090634513000003/0000906345-13-000003-index.html,https://www.sec.gov/Archives/edgar/data/906345/000090634513000003/cpt-12312012x10k.htm,1620590631,16:03:51,20210509
34,2012-09-30,CPT,USD,2012-11-02 00:00:00,2012-11-02 12:53:46,Q3,171383000,0.0,0.0,0.0,0.0,70684000.0,0.0,0.0,133000000.0,0.0,25865000.0,52809000.0,129564000.0,0.7559909675988867,0.0,0.18551431588897382,0.0,31794000.0,0.18551431588897382,334000.0,30703000.0,0.1791484569648098,0.36,0.35,85631000,86293000,https://www.sec.gov/Archives/edgar/data/906345/000090634512000024/0000906345-12-000024-index.html,https://www.sec.gov/Archives/edgar/data/906345/000090634512000024/cpt930201210q.htm,1620590631,16:03:51,20210509
35,2012-06-30,CPT,USD,2012-08-03 00:00:00,2012-08-03 13:03:59,Q2,161156000,0.0,0.0,0.0,0.0,64959000.0,0.0,0.0,132000000.0,0.0,26247000.0,53310000.0,102838000.0,0.6381270321924098,0.0,0.14446250837697636,0.0,23281000.0,0.14446250837697636,434000.0,21763000.0,0.13504306386358558,0.2615022289511313,0.25955919185172815,83223000,83846000,https://www.sec.gov/Archives/edgar/data/906345/000090634512000020/0000906345-12-000020-index.html,https://www.sec.gov/Archives/edgar/data/906345/000090634512000020/cpt630201210q.htm,1620590631,16:03:51,20210509
36,2012-03-31,CPT,USD,2012-04-27,2012-04-27 13:22:09,Q1,161989000,0.0,0.0,0.0,0.0,72711000.0,0.0,0.0,120000000.0,0.0,26683000.0,50304000.0,137421000.0,0.8483353807974615,0.0,0.37307471494978056,0.0,60434000.0,0.37307471494978056,224000.0,91609000.0,0.5655260542382508,1.1,1.07,79885000,82855000,https://www.sec.gov/Archives/edgar/data/906345/000119312512067347/d259732d10k.htm,https://www.sec.gov/Archives/edgar/data/906345/000119312512067347/d259732d10k.htm,1620590631,16:03:51,20210509
37,2011-12-31,CPT,USD,2012-02-17 00:00:00,2012-02-17 15:42:02,Q4,101595000,0.0,0.0,0.0,0.0,58513000.0,0.0,0.0,93000000.0,0.0,26942000.0,45058000.0,95562000.0,0.9406171563561199,0.0,0.23192086224715783,0.0,23562000.0,0.23192086224715783,331000.0,48600000.0,0.4783699985235494,0.6083745383989485,0.6083745383989485,79885000,79885000,https://www.sec.gov/Archives/edgar/data/906345/000119312512067347/0001193125-12-067347-index.html,https://www.sec.gov/Archives/edgar/data/906345/000119312512067347/d259732d10k.htm,1620590631,16:03:51,20210509
38,2011-09-30,CPT,USD,2011-11-04 00:00:00,2011-11-04 16:06:48,Q3,137914000,0.0,0.0,0.0,0.0,59571000.0,0.0,0.0,119000000.0,0.0,27570000.0,44563000.0,104126000.0,0.7550067433328016,0.0,0.10632713140072798,0.0,14664000.0,0.10632713140072798,313000.0,13590000.0,0.09853966964920167,0.18554927500614402,0.1829711608369012,73242000,74274000,https://www.sec.gov/Archives/edgar/data/906345/000119312511297364/0001193125-11-297364-index.html,https://www.sec.gov/Archives/edgar/data/906345/000119312511297364/d226589d10q.htm,1620590631,16:03:51,20210509
39,2011-06-30,CPT,USD,2011-07-29 00:00:00,2011-07-29 16:55:02,Q2,115614000,0.0,0.0,0.0,0.0,63912000.0,0.0,0.0,127000000.0,0.0,28381000.0,45577000.0,60313000.0,0.5216755756223295,0.0,-0.11935405746708876,0.0,-13799000.0,-0.11935405746708876,256000.0,-14847000.0,-0.128418703617209,-0.23,-0.23,72343000,72343000,https://www.sec.gov/Archives/edgar/data/906345/000119312511202967/0001193125-11-202967-index.html,https://www.sec.gov/Archives/edgar/data/906345/000119312511202967/d10q.htm,1620590631,16:03:51,20210509
40,2011-03-31,CPT,USD,2011-04-29 00:00:00,2011-04-29 13:31:12,Q1,143973000,0.0,0.0,0.0,0.0,68506000.0,0.0,0.0,132000000.0,0.0,29737000.0,46593000.0,87480000.0,0.6076139276114272,0.0,0.07585450049662089,0.0,10921000.0,0.07585450049662089,1320000.0,9036000.0,0.0627617678314684,0.12566406141351208,0.12414987016198838,71906000,72783000,https://www.sec.gov/Archives/edgar/data/906345/000095012311041745/0000950123-11-041745-index.html,https://www.sec.gov/Archives/edgar/data/906345/000095012311041745/c14942e10vq.htm,1620590631,16:03:51,20210509
41,2010-12-31,CPT,USD,2011-02-24,2011-02-24 14:30:21,Q4,131918000,0.0,0.0,0.0,0.0,51623000.0,0.0,0.0,94000000.0,0.0,30815000.0,45046000.0,84057000.0,0.637191285495535,0.0,0.054549038038781666,0.0,7196000.0,0.054549038038781666,295000.0,18897000.0,0.14324807835170333,0.2628014352070759,0.2628014352070759,71906000,71906000,https://www.sec.gov/Archives/edgar/data/906345/000095012311017763/c12701e10vk.htm,https://www.sec.gov/Archives/edgar/data/906345/000095012311017763/c12701e10vk.htm,1620590631,16:03:51,20210509
42,2010-09-30,CPT,USD,2010-11-05 00:00:00,2010-11-05 13:31:14,Q3,134009000,0.0,0.0,0.0,0.0,67860000.0,0.0,0.0,128000000.0,0.0,31781000.0,43432000.0,79684000.0,0.5946167794700356,0.0,0.03147549791431919,0.0,4218000.0,0.03147549791431919,712000.0,3400000.0,0.025371430277070943,0.049204052098408106,0.04896242853645541,69100000,69441000,https://www.sec.gov/Archives/edgar/data/906345/000095012310101538/0000950123-10-101538-index.html,https://www.sec.gov/Archives/edgar/data/906345/000095012310101538/c06949e10vq.htm,1620590631,16:03:51,20210509
43,2010-06-30,CPT,USD,2010-07-30 00:00:00,2010-07-30 14:09:25,Q2,120655000,0.0,0.0,0.0,0.0,57909000.0,0.0,0.0,115000000.0,0.0,31742000.0,42480000.0,78693000.0,0.6522149931623223,0.0,0.035564212009448426,0.0,4291000.0,0.035564212009448426,304000.0,3884000.0,0.03219095768927935,0.05704215009546189,0.05679525048986635,68090000,68386000,https://www.sec.gov/Archives/edgar/data/906345/000095012310070420/0000950123-10-070420-index.html,https://www.sec.gov/Archives/edgar/data/906345/000095012310070420/c03726e10vq.htm,1620590631,16:03:51,20210509
44,2010-03-31,CPT,USD,2010-05-07 00:00:00,2010-05-07 13:19:29,Q1,129016000,0.0,0.0,0.0,0.0,58394000.0,0.0,0.0,123000000.0,0.0,31555000.0,43507000.0,79419000.0,0.6155748124263657,0.0,0.0313992062999938,0.0,4051000.0,0.0313992062999938,270000.0,4035000.0,0.03127519067402493,0.06069951109439639,0.059191127932051224,66475000,68169000,https://www.sec.gov/Archives/edgar/data/906345/000095012310046189/0000950123-10-046189-index.html,https://www.sec.gov/Archives/edgar/data/906345/000095012310046189/c00260e10vq.htm,1620590631,16:03:51,20210509
45,2009-12-31,CPT,USD,2010-02-25 00:00:00,2010-02-25 15:46:55,Q4,127365000,0.0,0.0,0.0,0.0,190403000.0,0.0,85614000.0,108000000.0,0.0,30932000.0,43618000.0,81016000.0,0.6360931182035882,0.0,-0.6237898951831351,0.0,-79449000.0,-0.6237898951831351,195000.0,-77536000.0,-0.6087700702704825,-1.1663933809702896,-1.1663933809702896,66475000,66475000,https://www.sec.gov/Archives/edgar/data/906345/000095012310017017/0000950123-10-017017-index.html,https://www.sec.gov/Archives/edgar/data/906345/000095012310017017/c96600e10vk.htm,1620590631,16:03:51,20210509
46,2009-09-30,CPT,USD,2009-10-30 00:00:00,2009-10-30 13:34:49,Q3,135851000,0.0,0.0,0.0,0.0,12983000.0,0.0,0.0,129000000.0,0.0,31117000.0,42596000.0,80406000.0,0.591869032984667,0.0,0.047066271135287926,0.0,6394000.0,0.047066271135287926,126000.0,5687000.0,0.04186204002914958,0.08604411898205586,0.08538782619140567,66094000,66602000,https://www.sec.gov/Archives/edgar/data/906345/000095012309055420/0000950123-09-055420-index.html,https://www.sec.gov/Archives/edgar/data/906345/000095012309055420/c91532e10vq.htm,1620590631,16:03:51,20210509
47,2009-06-30,CPT,USD,2009-07-31 00:00:00,2009-07-31 13:26:50,Q2,134456000,0.0,0.0,0.0,0.0,13091000.0,0.0,2716000.0,128000000.0,0.0,34002000.0,43141000.0,83978000.0,0.6245760694948533,0.0,0.025078836199202714,0.0,3372000.0,0.025078836199202714,347000.0,20065000.0,0.14923097518890938,0.3,0.3,61499000,61499000,https://www.sec.gov/Archives/edgar/data/906345/000095012309028238/0000950123-09-028238-index.html,https://www.sec.gov/Archives/edgar/data/906345/000095012309028238/c88454e10vq.htm,1620590631,16:03:51,20210509
48,2009-03-31,CPT,USD,2009-05-01 00:00:00,2009-05-01 16:12:32,Q1,125151000,0.0,0.0,0.0,0.0,14296000.0,0.0,166000.0,116000000.0,0.0,32245000.0,43060000.0,82860000.0,0.6620802071098113,0.0,0.051689559012712646,0.0,6469000.0,0.051689559012712646,299000.0,6234000.0,0.049811827312606374,0.11221918202764977,0.11122807643584848,55552000,56047000,https://www.sec.gov/Archives/edgar/data/906345/000136231009006305/0001362310-09-006305-index.html,https://www.sec.gov/Archives/edgar/data/906345/000136231009006305/c84556e10vq.htm,1620590631,16:03:51,20210509
49,2008-12-31,CPT,USD,2009-02-20 00:00:00,2009-02-19 19:45:56,Q4,119564000,0.0,0.0,0.0,0.0,169103000.0,0.0,0.0,78000000.0,0.0,33702000.0,42690000.0,40120000.0,0.3355525074437122,0.0,-0.3033689070288716,0.0,-36272000.0,-0.3033689070288716,327000.0,-45961000.0,-0.38440500485095846,-0.8273509504608295,-0.8273509504608295,55552000,55552000,https://www.sec.gov/Archives/edgar/data/906345/000136231009002467/0001362310-09-002467-index.html,https://www.sec.gov/Archives/edgar/data/906345/000136231009002467/c81164e10vk.htm,1620590631,16:03:51,20210509
50,2008-09-30,CPT,USD,2008-10-31 00:00:00,2008-10-31 16:35:18,Q3,124784000,0.0,0.0,0.0,0.0,7513000.0,0.0,0.0,131000000.0,0.0,32838000.0,41204000.0,82049000.0,0.6575282087447109,0.0,0.06416688036927812,0.0,8007000.0,0.06416688036927812,83000.0,73673000.0,0.5904042184895499,1.33,1.32,55367000,56008000,https://www.sec.gov/Archives/edgar/data/906345/000136231008006479/0001362310-08-006479-index.html,https://www.sec.gov/Archives/edgar/data/906345/000136231008006479/c76417e10vq.htm,1620590631,16:03:51,20210509
51,2008-06-30,CPT,USD,2008-08-01 00:00:00,2008-08-01 14:45:34,Q2,130146000,0.0,0.0,0.0,0.0,8414000.0,0.0,0.0,117000000.0,0.0,33378000.0,43288000.0,84908000.0,0.6524057596852766,0.0,0.06332887679990165,0.0,8242000.0,0.06332887679990165,160000.0,17294000.0,0.1328815330475005,0.3124424129645354,0.3086395516927525,55351000,56033000,https://www.sec.gov/Archives/edgar/data/906345/000136231008004047/0001362310-08-004047-index.html,https://www.sec.gov/Archives/edgar/data/906345/000136231008004047/c74127e10vq.htm,1620590631,16:03:51,20210509
52,2008-03-31,CPT,USD,2008-05-02 00:00:00,2008-05-02 15:39:48,Q1,120325000,0.0,0.0,0.0,0.0,7960000.0,0.0,0.0,105000000.0,0.0,32661000.0,41969000.0,83463000.0,0.6936463744026594,0.0,0.07340951589445252,0.0,8833000.0,0.07340951589445252,273000.0,14915000.0,0.12395595262829835,0.2713544983171109,0.2681348314606742,54965000,55625000,https://www.sec.gov/Archives/edgar/data/906345/000136231008002364/0001362310-08-002364-index.html,https://www.sec.gov/Archives/edgar/data/906345/000136231008002364/c73174e10vq.htm,1620590631,16:03:51,20210509
53,2007-12-31,CPT,USD,2008-02-22,2008-02-22 15:58:56,Q4,126791000,0.0,0.0,0.0,0.0,201400000.0,0.0,0.0,106000000.0,0.0,31475000.0,26330000.0,70572000.0,0.5566010205771703,0.0,0.10069326687225434,0.0,12767000.0,0.10069326687225434,478000.0,69247000.0,0.546150752024986,1.2598380787774037,1.2598380787774037,54965000,54965000,https://www.sec.gov/Archives/edgar/data/906345/000136231008001094/c72500e10vk.htm,https://www.sec.gov/Archives/edgar/data/906345/000136231008001094/c72500e10vk.htm,1620590631,16:03:51,20210509
54,2007-09-30,CPT,USD,2007-11-02 00:00:00,2007-11-02 16:02:54,Q3,132321000,0.0,0.0,0.0,0.0,8110000.0,0.0,0.0,111000000.0,0.0,27737000.0,45130000.0,83039000.0,0.6275572282555301,0.0,0.07687366328851808,0.0,10172000.0,0.07687366328851808,353000.0,11852000.0,0.08957006068575661,0.2040879582594321,0.2009051921414405,58073000,58993000,https://www.sec.gov/Archives/edgar/data/906345/000136231007002669/0001362310-07-002669-index.html,https://www.sec.gov/Archives/edgar/data/906345/000136231007002669/c71424e10vq.htm,1620590631,16:03:51,20210509
55,2007-06-30,CPT,USD,2007-08-03 00:00:00,2007-08-03 12:33:04,Q2,131831000,0.0,0.0,0.0,0.0,7912000.0,0.0,0.0,113000000.0,0.0,29279000.0,42717000.0,86106000.0,0.6531544173980324,0.0,0.10703097147105006,0.0,14110000.0,0.10703097147105006,316000.0,42592000.0,0.323080307363215,0.72,0.71,58894000,59929000,https://www.sec.gov/Archives/edgar/data/906345/000095012907003737/0000950129-07-003737-index.html,https://www.sec.gov/Archives/edgar/data/906345/000095012907003737/h48693e10vq.htm,1620590631,16:03:51,20210509
56,2007-03-31,CPT,USD,2007-04-27 00:00:00,2007-04-27 13:19:06,Q1,131729000,0.0,0.0,0.0,0.0,8054000.0,0.0,0.0,111000000.0,0.0,27908000.0,42960000.0,85017000.0,0.6453931936020163,0.0,0.10740990973893372,0.0,14149000.0,0.10740990973893372,1905000.0,13037000.0,0.09896833650904509,0.22166867869348614,0.21730506383971732,58813000,59994000,https://www.sec.gov/Archives/edgar/data/906345/000095012907002184/0000950129-07-002184-index.html,https://www.sec.gov/Archives/edgar/data/906345/000095012907002184/h45902e10vq.htm,1620590631,16:03:51,20210509
57,2006-12-31,CPT,USD,2007-02-28,2007-02-28 12:45:57,Q4,155314000,0.0,0.0,0.0,0.0,65572000.0,0.0,0.0,99000000.0,0.0,26752000.0,40565000.0,116220000.0,0.7482905597692416,0.0,0.22122925170944024,0.0,34360000.0,0.22122925170944024,0.0,31364000.0,0.20193929716574166,0.5332834577389353,0.5332834577389353,58813000,58813000,https://www.sec.gov/Archives/edgar/data/906345/000095012907001000/h43928e10vk.htm,https://www.sec.gov/Archives/edgar/data/906345/000095012907001000/h43928e10vk.htm,1620590631,16:03:51,20210509
58,2006-09-30,CPT,USD,2006-11-03,2006-11-03 15:38:49,Q3,218159000,0.0,0.0,0.0,0.0,65900000.0,0.0,0.0,120000000.0,0.0,29176000.0,34708000.0,182122000.0,0.8348131408743165,0.0,0.4409719516499434,0.0,96202000.0,0.4409719516499434,0.0,125457000.0,0.5750713928831723,2.15,2.07,58348000,61250000,https://www.sec.gov/Archives/edgar/data/906345/000136231006000280/c70046e10vq.htm,https://www.sec.gov/Archives/edgar/data/906345/000136231006000280/c70046e10vq.htm,1620590631,16:03:51,20210509
59,2006-06-30,CPT,USD,2006-08-07,2006-08-07 10:57:21,Q2,130235000,0.0,0.0,0.0,0.0,8036000.0,0.0,0.0,113000000.0,0.0,31379000.0,44205000.0,0.0,0.0,0.0,0.0,0.0,0.0,0.0,0.0,34582000.0,0.265535378354513,0.62,0.61,55506000,56683000,https://www.sec.gov/Archives/edgar/data/906345/000110465906051839/a06-15496_110q.htm,https://www.sec.gov/Archives/edgar/data/906345/000110465906051839/a06-15496_110q.htm,1620590631,16:03:51,20210509
60,2006-03-31,CPT,USD,2006-05-09,2006-05-09 17:08:27,Q1,118895000,0.0,0.0,0.0,0.0,7414000.0,0.0,0.0,105000000.0,0.0,31037000.0,40382000.0,0.0,0.0,0.0,0.0,0.0,0.0,0.0,0.0,41443000.0,0.3485680642583792,0.76,0.75,54290000,55474000,https://www.sec.gov/Archives/edgar/data/906345/000110465906015666/a06-2520_110k.htm,https://www.sec.gov/Archives/edgar/data/906345/000110465906015666/a06-2520_110k.htm,1620590631,16:03:51,20210509
61,2005-12-31,CPT,USD,2006-03-10,2006-03-10 12:29:22,Q4,105648000,0.0,0.0,0.0,0.0,176879000.0,0.0,0.0,77000000.0,0.0,30132000.0,35360000.0,0.0,0.0,0.0,0.0,0.0,0.0,0.0,0.0,12887000.0,0.12198053914887172,0.23737336526063732,0.23737336526063732,54290000,54290000,https://www.sec.gov/Archives/edgar/data/906345/000110465906015666/a06-2520_110k.htm,https://www.sec.gov/Archives/edgar/data/906345/000110465906015666/a06-2520_110k.htm,1620590631,16:03:51,20210509
62,2005-09-30,CPT,USD,2005-11-04,2005-11-04 16:54:20,Q3,113752000,0.0,0.0,0.0,0.0,6183000.0,0.0,0.0,114000000.0,0.0,29331000.0,47697000.0,0.0,0.0,0.0,0.0,0.0,0.0,0.0,0.0,-2317000.0,-0.020368872635206415,-0.04,-0.05,54018000,55671000,https://www.sec.gov/Archives/edgar/data/906345/000110465905052749/a05-18368_110q.htm,https://www.sec.gov/Archives/edgar/data/906345/000110465905052749/a05-18368_110q.htm,1620590631,16:03:51,20210509
63,2005-06-30,CPT,USD,2005-08-09,2005-08-08 19:07:22,Q2,114267000,0.0,0.0,0.0,0.0,6558000.0,0.0,0.0,110000000.0,0.0,28584000.0,47836000.0,0.0,0.0,0.0,0.0,0.0,0.0,0.0,0.0,128000.0,0.0011201834300366685,0.41,0.39,53873000,55538000,https://www.sec.gov/Archives/edgar/data/906345/000110465905037372/a05-13113_110q.htm,https://www.sec.gov/Archives/edgar/data/906345/000110465905037372/a05-13113_110q.htm,1620590631,16:03:51,20210509
64,2005-03-31,CPT,USD,2005-05-10,2005-05-10 15:37:43,Q1,260606000,0.0,0.0,0.0,0.0,5276000.0,0.0,0.0,86000000.0,0.0,23501000.0,40361000.0,0.0,0.0,0.0,0.0,0.0,0.0,0.0,0.0,166664000.0,0.6395247998894883,3.63,3.4,45900000,49374000,https://www.sec.gov/Archives/edgar/data/906345/000095013405004960/d23390e10vk.htm,https://www.sec.gov/Archives/edgar/data/906345/000095013405004960/d23390e10vk.htm,1620590631,16:03:51,20210509
65,2004-12-31,CPT,USD,2005-03-15,2005-03-14 21:18:02,Q4,82710000,0.0,0.0,0.0,0.0,145956000.0,0.0,0.0,0.0,0.0,19513000.0,20979000.0,0.0,0.0,0.0,0.0,0.0,0.0,0.0,0.0,18492000.0,0.22357635110627494,0.40287581699346403,0.40287581699346403,45900000,45900000,https://www.sec.gov/Archives/edgar/data/906345/000095013405004960/d23390e10vk.htm,https://www.sec.gov/Archives/edgar/data/906345/000095013405004960/d23390e10vk.htm,1620590631,16:03:51,20210509
66,2004-09-30,CPT,USD,2004-11-09,2004-11-09 11:14:55,Q3,90651000,0.0,0.0,0.0,0.0,4074000.0,0.0,0.0,0.0,0.0,19305000.0,27916000.0,0.0,0.0,0.0,0.0,0.0,0.0,0.0,0.0,5807000.0,0.06405886311237603,0.1438195012011789,0.13639780147507868,40377000,42574000,https://www.sec.gov/Archives/edgar/data/906345/000090634504000084/q04-3qtr.htm,https://www.sec.gov/Archives/edgar/data/906345/000090634504000084/q04-3qtr.htm,1620590631,16:03:51,20210509
67,2004-06-30,CPT,USD,2004-08-09,2004-08-09 13:48:16,Q2,89829000,0.0,0.0,0.0,0.0,4140000.0,0.0,0.0,0.0,0.0,19261000.0,27260000.0,0.0,0.0,0.0,0.0,0.0,0.0,0.0,0.0,7654000.0,0.08520633648376359,0.19,0.18,40291000,42419000,https://www.sec.gov/Archives/edgar/data/906345/000090634504000076/q04-2qtr.htm,https://www.sec.gov/Archives/edgar/data/906345/000090634504000076/q04-2qtr.htm,1620590631,16:03:51,20210509
68,2004-03-31,CPT,USD,2004-05-07,2004-05-07 16:58:40,Q1,91451000,0.0,0.0,0.0,0.0,41904000.0,0.0,0.0,0.0,0.0,21135000.0,27373000.0,0.0,0.0,0.0,0.0,0.0,0.0,0.0,0.0,9388000.0,0.10265606718351904,0.23,0.22,40031000,42146000,https://www.sec.gov/Archives/edgar/data/906345/000090634504000036/cpt_10k-03.htm,https://www.sec.gov/Archives/edgar/data/906345/000090634504000036/cpt_10k-03.htm,1620590631,16:03:51,20210509
69,2003-12-31,CPT,USD,2004-03-12,2004-03-12 12:11:20,Q4,85387000,0.0,0.0,0.0,0.0,136983000.0,0.0,0.0,0.0,0.0,19955000.0,27454000.0,0.0,0.0,0.0,0.0,0.0,0.0,0.0,0.0,9250000.0,0.10833030789230211,0.23107092003697136,0.23107092003697136,40031000,40031000,https://www.sec.gov/Archives/edgar/data/906345/000090634504000036/cpt_10k-03.htm,https://www.sec.gov/Archives/edgar/data/906345/000090634504000036/cpt_10k-03.htm,1620590631,16:03:51,20210509
70,2003-09-30,CPT,USD,2003-11-13,2003-11-13 15:13:50,Q3,86333000,0.0,0.0,0.0,0.0,3878000.0,0.0,0.0,0.0,0.0,18584000.0,26677000.0,0.0,0.0,0.0,0.0,0.0,0.0,0.0,0.0,5938000.0,0.06878018834049553,0.15,0.14,39290000,41465000,https://www.sec.gov/Archives/edgar/data/906345/000090634503000116/q03-3qtr.htm,https://www.sec.gov/Archives/edgar/data/906345/000090634503000116/q03-3qtr.htm,1620590631,16:03:51,20210509
71,2003-06-30,CPT,USD,2003-08-12,2003-08-12 11:12:30,Q2,85486000,0.0,0.0,0.0,0.0,4437000.0,0.0,0.0,0.0,0.0,18519000.0,27390000.0,0.0,0.0,0.0,0.0,0.0,0.0,0.0,0.0,5908000.0,0.06911073158177947,0.15,0.14,39218000,41169000,https://www.sec.gov/Archives/edgar/data/906345/000090634503000082/q03-2qtr.htm,https://www.sec.gov/Archives/edgar/data/906345/000090634503000082/q03-2qtr.htm,1620590631,16:03:51,20210509
72,2003-03-31,CPT,USD,2003-05-12,2003-05-12 16:57:13,Q1,86510000,0.0,0.0,0.0,0.0,3611000.0,0.0,0.0,0.0,0.0,18356000.0,26555000.0,0.0,0.0,0.0,0.0,0.0,0.0,0.0,0.0,8334000.0,0.09633568373598428,0.21,0.2,39164000,42752000,https://www.sec.gov/Archives/edgar/data/906345/000090634503000053/q03-1qtr.htm,https://www.sec.gov/Archives/edgar/data/906345/000090634503000053/q03-1qtr.htm,1620590631,16:03:51,20210509
73,2002-12-31,CPT,USD,2002-12-31,2002-12-31,Q4,78202000,0.0,0.0,0.0,0.0,117789000.0,0.0,0.0,0.0,0.0,18837000.0,24966000.0,0.0,0.0,0.0,0.0,0.0,0.0,0.0,0.0,38278000.0,0.4894759724815222,0.9773771831273619,0.9773771831273619,39164000,39164000,,,1620590631,16:03:51,20210509
74,2002-09-30,CPT,USD,2002-09-30,2002-09-30,Q3,87939000,0.0,0.0,0.0,0.0,6424000.0,0.0,0.0,0.0,0.0,18075000.0,26675000.0,0.0,0.0,0.0,0.0,0.0,0.0,0.0,0.0,10235000.0,0.1163874958778244,0.25,0.24,40645000,44346000,,,1620590631,16:03:51,20210509
75,2002-06-30,CPT,USD,2002-06-30,2002-06-30,Q2,86776000,0.0,0.0,0.0,0.0,3357000.0,0.0,0.0,0.0,0.0,17483000.0,25644000.0,0.0,0.0,0.0,0.0,0.0,0.0,0.0,0.0,12117000.0,0.13963538305522263,0.3,0.28,41061000,45051000,,,1620590631,16:03:51,20210509
76,2002-03-31,CPT,USD,2002-05-03,2002-05-03,Q1,86926000,0.0,0.0,0.0,0.0,3589000.0,0.0,0.0,0.0,0.0,17104000.0,26057000.0,0.0,0.0,0.0,0.0,0.0,0.0,0.0,0.0,13982000.0,0.1608494581598141,0.34,0.32,40826000,44648000,https://www.sec.gov/Archives/edgar/data/906345/000090634502000005/0000906345-02-000005-index.htm,https://www.sec.gov/Archives/edgar/data/906345/000090634502000005/q02-1qtr.htm,1620590631,16:03:51,20210509
77,2001-12-31,CPT,USD,2001-12-31,2001-12-31,Q4,80264000,0.0,0.0,0.0,0.0,119497000.0,0.0,0.0,0.0,0.0,17169000.0,25742000.0,0.0,0.0,0.0,0.0,0.0,0.0,0.0,0.0,7516000.0,0.09364098475032392,0.18409836868662127,0.18409836868662127,40826000,40826000,,,1620590631,16:03:51,20210509
78,2001-09-30,CPT,USD,2001-11-14 00:00:00,2001-11-14 00:00:00,Q3,94586000,0.0,0.0,0.0,0.0,3426000.0,0.0,0.0,0.0,0.0,17755000.0,26574000.0,0.0,0.0,0.0,0.0,0.0,0.0,0.0,0.0,18096000.0,0.19131795403125199,0.44,0.42,40669000,42649000,https://www.sec.gov/Archives/edgar/data/906345/000090634501500018/0000906345-01-500018-index.html,https://www.sec.gov/Archives/edgar/data/906345/000090634501500018/q01-3.txt,1620590631,16:03:51,20210509
79,2001-06-30,CPT,USD,2001-08-08 00:00:00,2001-08-08 00:00:00,Q2,87442000,0.0,0.0,0.0,0.0,3109000.0,0.0,0.0,0.0,0.0,17774000.0,24848000.0,0.0,0.0,0.0,0.0,0.0,0.0,0.0,0.0,17136000.0,0.19596990004803183,0.43,0.4,39797000,44525000,https://www.sec.gov/Archives/edgar/data/906345/000090634501500013/0000906345-01-500013-index.html,https://www.sec.gov/Archives/edgar/data/906345/000090634501500013/q01-2a.txt,1620590631,16:03:51,20210509
80,2001-03-31,CPT,USD,2001-05-15,2001-05-15,Q1,89927000,0.0,0.0,0.0,0.0,3283000.0,0.0,0.0,0.0,0.0,17143000.0,24496000.0,0.0,0.0,0.0,0.0,0.0,0.0,0.0,0.0,18544000.0,0.2062117050496514,0.43,0.41,37975000,39570000,https://www.sec.gov/Archives/edgar/data/906345/000090634501500007/0000906345-01-500007-index.htm,https://www.sec.gov/Archives/edgar/data/906345/000090634501500007/q01-1qt.txt,1620590631,16:03:51,20210509
81,2000-12-31,CPT,USD,2000-12-31,2000-12-31,Q4,83081000,0.0,0.0,0.0,0.0,117385000.0,0.0,0.0,0.0,0.0,17207000.0,23423000.0,0.0,0.0,0.0,0.0,0.0,0.0,0.0,0.0,15922000.0,0.1916442989371818,0.4192758393680053,0.4192758393680053,37975000,37975000,,,1620590631,16:03:51,20210509
82,2000-09-30,CPT,USD,2000-11-13 00:00:00,2000-11-13 00:00:00,Q3,101195000,0.0,0.0,0.0,0.0,2926000.0,0.0,0.0,0.0,0.0,17640000.0,23700000.0,0.0,0.0,0.0,0.0,0.0,0.0,0.0,0.0,30546000.0,0.3018528583428035,0.74,0.72,38050000,44746000,https://www.sec.gov/Archives/edgar/data/906345/000090634500000010/0000906345-00-000010-index.html,https://www.sec.gov/Archives/edgar/data/906345/000090634500000010/0000906345-00-000010-0001.txt,1620590631,16:03:51,20210509
83,2000-06-30,CPT,USD,2000-08-04 00:00:00,2000-08-04 00:00:00,Q2,83722000,0.0,0.0,0.0,0.0,3626000.0,0.0,0.0,0.0,0.0,17605000.0,25244000.0,0.0,0.0,0.0,0.0,0.0,0.0,0.0,0.0,12937000.0,0.15452330331334654,0.28,0.27,37927000,41146000,https://www.sec.gov/Archives/edgar/data/906345/000090634500000008/0000906345-00-000008-index.html,https://www.sec.gov/Archives/edgar/data/906345/000090634500000008/0000906345-00-000008-0001.txt,1620590631,16:03:51,20210509
84,2000-03-31,CPT,USD,2000-05-15 00:00:00,2000-05-15 00:00:00,Q1,84063000,0.0,0.0,0.0,0.0,3139000.0,0.0,0.0,0.0,0.0,16584000.0,24599000.0,0.0,0.0,0.0,0.0,0.0,0.0,0.0,0.0,15019000.0,0.17866362133162034,0.33,0.31,38492000,41575000,https://www.sec.gov/Archives/edgar/data/906345/000090634500000006/0000906345-00-000006-index.html,https://www.sec.gov/Archives/edgar/data/906345/0000906345-00-000006.txt,1620590631,16:03:51,20210509
85,1999-12-31,CPT,USD,1999-12-31,1999-12-31,Q4,80536000,0.0,0.0,0.0,0.0,111278000.0,0.0,0.0,0.0,0.0,15656000.0,24016000.0,0.0,0.0,0.0,0.0,0.0,0.0,0.0,0.0,14523000.0,0.18032929373199563,0.3772991790501922,0.3772991790501922,38492000,38492000,,,1620590631,16:03:51,20210509
86,1999-09-30,CPT,USD,1999-09-30,1999-09-30,Q3,81800000,0.0,0.0,0.0,0.0,2500000.0,0.0,0.0,0.0,0.0,14700000.0,22700000.0,0.0,0.0,0.0,0.0,0.0,0.0,0.0,0.0,15900000.0,0.19437652811735942,0.33,0.32,41212121,42500000,,,1620590631,16:03:51,20210509
87,1999-06-30,CPT,USD,1999-06-30,1999-06-30,Q2,77400000,0.0,0.0,0.0,0.0,2400000.0,0.0,0.0,0.0,0.0,14000000.0,21400000.0,0.0,0.0,0.0,0.0,0.0,0.0,0.0,0.0,15200000.0,0.19638242894056848,0.31,0.3,41612903,43000000,,,1620590631,16:03:51,20210509
88,1999-03-31,CPT,USD,1999-03-31,1999-03-31,Q1,76000000,0.0,0.0,0.0,0.0,2400000.0,0.0,0.0,0.0,0.0,13500000.0,21400000.0,0.0,0.0,0.0,0.0,0.0,0.0,0.0,0.0,16000000.0,0.21052631578947367,0.32,0.31,42812500,44193548,,,1620590631,16:03:51,20210509
89,1998-12-31,CPT,USD,1998-12-31,1998-12-31,Q4,72060000,0.0,0.0,0.0,0.0,99135000.0,0.0,0.0,0.0,0.0,13767000.0,20713000.0,0.0,0.0,0.0,0.0,0.0,0.0,0.0,0.0,17133000.0,0.2377601998334721,0.4001868613138686,0.4001868613138686,42812500,42812500,,,1620590631,16:03:51,20210509
90,1998-09-30,CPT,USD,1998-09-30,1998-09-30,Q3,73100000,0.0,0.0,0.0,0.0,2200000.0,0.0,0.0,0.0,0.0,13400000.0,20400000.0,0.0,0.0,0.0,0.0,0.0,0.0,0.0,0.0,17000000.0,0.23255813953488372,0.33,0.31,44545455,47419355,,,1620590631,16:03:51,20210509
91,1998-06-30,CPT,USD,1998-06-30,1998-06-30,Q2,76100000,0.0,0.0,0.0,0.0,2300000.0,0.0,0.0,0.0,0.0,15500000.0,22500000.0,0.0,0.0,0.0,0.0,0.0,0.0,0.0,0.0,14300000.0,0.18791064388961892,0.22,0.21,43636364,45714286,,,1620590631,16:03:51,20210509
92,1998-03-31,CPT,USD,1998-03-31,1998-03-31,Q1,50800000,0.0,0.0,0.0,0.0,0.0,0.0,0.0,0.0,0.0,7800000.0,14500000.0,0.0,0.0,0.0,0.0,0.0,0.0,0.0,0.0,9000000.0,0.17716535433070865,0.28,0.27,32142857,33333333,,,1620590631,16:03:51,20210509
93,1997-12-31,CPT,USD,1997-12-31,1997-12-31,Q4,60481000,0.0,0.0,0.0,0.0,71968000.0,0.0,0.0,0.0,0.0,7837000.0,13436000.0,0.0,0.0,0.0,0.0,0.0,0.0,0.0,0.0,19638000.0,0.32469701228484976,0.6109600027153778,0.6109600027153778,32142857,32142857,,,1620590631,16:03:51,20210509
94,1997-09-30,CPT,USD,1997-09-30,1997-09-30,Q3,49400000,0.0,0.0,0.0,0.0,1000000.0,0.0,0.0,0.0,0.0,7500000.0,12800000.0,0.0,0.0,0.0,0.0,0.0,0.0,0.0,0.0,8300000.0,0.1680161943319838,0.27,0.27,30740741,30740741,,,1620590631,16:03:51,20210509
95,1997-06-30,CPT,USD,1997-06-30,1997-06-30,Q2,45000000,0.0,0.0,0.0,0.0,1200000.0,0.0,0.0,0.0,0.0,9100000.0,12100000.0,0.0,0.0,0.0,0.0,0.0,0.0,0.0,0.0,6400000.0,0.14222222222222222,0.24,0.24,26666667,26666667,,,1620590631,16:03:51,20210509
96,1997-03-31,CPT,USD,1997-03-31,1997-03-31,Q1,25300000,0.0,0.0,0.0,0.0,0.0,0.0,0.0,0.0,0.0,4200000.0,6500000.0,0.0,0.0,0.0,0.0,0.0,0.0,0.0,0.0,4100000.0,0.16205533596837945,0.25,0.24,16400000,17083333,,,1620590631,16:03:51,20210509
97,1996-12-31,CPT,USD,1996-12-31,1996-12-31,Q4,30285000,0.0,0.0,0.0,0.0,39835000.0,0.0,0.0,0.0,0.0,4336000.0,6494000.0,0.0,0.0,0.0,0.0,0.0,0.0,0.0,0.0,4113000.0,0.13580980683506685,0.25079268292682927,0.25079268292682927,16400000,16400000,,,1620590631,16:03:51,20210509
98,1996-09-30,CPT,USD,1996-09-30,1996-09-30,Q3,23800000,0.0,0.0,0.0,0.0,1200000.0,0.0,0.0,0.0,0.0,4700000.0,6200000.0,0.0,0.0,0.0,0.0,0.0,0.0,0.0,0.0,2800000.0,0.11764705882352941,0.19,0.19,14736842,14736842,,,1620590631,16:03:51,20210509
99,1996-06-30,CPT,USD,1996-06-30,1996-06-30,Q2,23000000,0.0,0.0,0.0,0.0,1100000.0,0.0,0.0,0.0,0.0,4200000.0,5700000.0,0.0,0.0,0.0,0.0,0.0,0.0,0.0,0.0,3500000.0,0.15217391304347827,0.24,0.24,14583333,14583333,,,1620590631,16:03:51,20210509
100,1996-03-31,CPT,USD,1996-03-31,1996-03-31,Q4,22700000,0.0,0.0,0.0,0.0,1100000.0,0.0,0.0,0.0,0.0,4100000.0,5500000.0,0.0,0.0,0.0,0.0,0.0,0.0,0.0,0.0,-1700000.0,-0.07488986784140969,-0.12,-0.12,14166667,14166667,,,1620590631,16:03:51,20210509
101,1995-09-30,CPT,USD,1995-09-30,1995-09-30,Q3,21500000,0.0,0.0,0.0,0.0,1000000.0,0.0,0.0,0.0,0.0,3600000.0,5300000.0,0.0,0.0,0.0,0.0,0.0,0.0,0.0,0.0,2900000.0,0.13488372093023257,0.2,0.2,14500000,14500000,,,1620590631,16:03:51,20210509
102,1995-06-30,CPT,USD,1995-06-30,1995-06-30,Q2,20300000,0.0,0.0,0.0,0.0,1000000.0,0.0,0.0,0.0,0.0,3200000.0,4900000.0,0.0,0.0,0.0,0.0,0.0,0.0,0.0,0.0,3100000.0,0.15270935960591134,0.22,0.22,14090909,14090909,,,1620590631,16:03:51,20210509
103,1995-03-31,CPT,USD,1995-03-31,1995-03-31,Q4,19500000,0.0,0.0,0.0,0.0,1000000.0,0.0,0.0,0.0,0.0,3000000.0,4700000.0,0.0,0.0,0.0,0.0,0.0,0.0,0.0,0.0,3100000.0,0.15897435897435896,0.22,0.22,14090909,14090909,,,1620590631,16:03:51,20210509
104,1994-09-30,CPT,USD,1994-09-30,1994-09-30,Q3,18300000,0.0,0.0,0.0,0.0,1100000.0,0.0,0.0,0.0,0.0,2100000.0,4300000.0,0.0,0.0,0.0,0.0,0.0,0.0,0.0,0.0,3100000.0,0.16939890710382513,0.22,0.22,14090909,14090909,,,1620590631,16:03:51,20210509
105,1994-06-30,CPT,USD,1994-06-30,1994-06-30,Q2,15600000,0.0,0.0,0.0,0.0,1000000.0,0.0,0.0,0.0,0.0,2000000.0,3600000.0,0.0,0.0,0.0,0.0,0.0,0.0,0.0,0.0,2300000.0,0.14743589743589744,0.19,0.19,12105263,12105263,,,1620590631,16:03:51,20210509
106,1994-03-31,CPT,USD,1994-03-31,1994-03-31,Q4,15000000,0.0,0.0,0.0,0.0,900000.0,0.0,0.0,0.0,0.0,2600000.0,3600000.0,0.0,0.0,0.0,0.0,0.0,0.0,0.0,0.0,1800000.0,0.12,0.14,0.14,12857143,12857143,,,1620590631,16:03:51,20210509
