,date,symbol,reportedCurrency,fillingDate,acceptedDate,period,revenue,costOfRevenue,grossProfit,grossProfitRatio,researchAndDevelopmentExpenses,generalAndAdministrativeExpenses,sellingAndMarketingExpenses,otherExpenses,operatingExpenses,costAndExpenses,interestExpense,depreciationAndAmortization,ebitda,ebitdaratio,operatingIncome,operatingIncomeRatio,totalOtherIncomeExpensesNet,incomeBeforeTax,incomeBeforeTaxRatio,incomeTaxExpense,netIncome,netIncomeRatio,eps,epsdiluted,weightedAverageShsOut,weightedAverageShsOutDil,link,finalLink,timestamp,est_time,est_date
0,2016-09-30,WGBS,USD,2016-11-10 00:00:00,2016-11-10 16:04:48,Q3,2394000.0,1124000.0,1270000.0,0.5304928989139516,2219000.0,-857000.0,1737000.0,-109000.0,4836000.0,5960000.0,0.0,379000.0,-3296000.0,-1.3767752715121135,-3675000.0,-1.5350877192982457,-109000.0,-3675000.0,-1.5350877192982457,-5000.0,-3670000.0,-1.532999164578112,-0.19494,-0.19494,18826000.0,18826000.0,https://www.sec.gov/Archives/edgar/data/1368993/000136899316000176/0001368993-16-000176-index.html,https://www.sec.gov/Archives/edgar/data/1368993/000136899316000176/wgbs16q310q.htm,1620599802,18:36:42,20210509
1,2016-06-30,WGBS,USD,2016-08-11,2016-08-11 16:08:53,Q2,2517000.0,1399000.0,1118000.0,0.44417957886372667,2390000.0,-178000.0,1831000.0,-130000.0,5874000.0,7273000.0,0.0,372000.0,-4514000.0,-1.7934048470401271,-4886000.0,-1.9411998410806515,-130000.0,-4886000.0,-1.9411998410806515,1000.0,-4887000.0,-1.9415971394517282,-0.26029,-0.26029,18775000.0,18775000.0,https://www.sec.gov/Archives/edgar/data/1368993/000136899316000135/0001368993-16-000135-index.htm,https://www.sec.gov/Archives/edgar/data/1368993/000136899316000135/wgbs16q210q.htm,1620599802,18:36:42,20210509
2,2016-03-31,WGBS,USD,2016-05-12 00:00:00,2016-05-12 16:04:57,Q1,1930000.0,854000.0,1076000.0,0.5575129533678757,2272000.0,-434000.0,1774000.0,-84000.0,5386000.0,6240000.0,0.0,346000.0,-4048000.0,-2.0974093264248705,-4394000.0,-2.2766839378238344,-84000.0,-4394000.0,-2.2766839378238344,14000.0,-4408000.0,-2.2839378238341967,-0.23532,-0.23532,18732000.0,18732000.0,https://www.sec.gov/Archives/edgar/data/1368993/000136899316000104/0001368993-16-000104-index.html,https://www.sec.gov/Archives/edgar/data/1368993/000136899316000104/wgbs16q110q.htm,1620599802,18:36:42,20210509
3,2015-12-31,WGBS,USD,2016-03-25 00:00:00,2016-03-25 16:03:39,Q4,2401000.0,1282000.0,1119000.0,0.4660558100791337,2143000.0,-704000.0,1469000.0,176000.0,4377000.0,5659000.0,0.0,333000.0,-2749000.0,-1.1449396084964598,-3082000.0,-1.2836318200749688,176000.0,-3082000.0,-1.2836318200749688,130000.0,-3212000.0,-1.3377759266972096,-0.41526,-0.41526,7735000.0,7735000.0,https://www.sec.gov/Archives/edgar/data/1368993/000136899316000086/0001368993-16-000086-index.html,https://www.sec.gov/Archives/edgar/data/1368993/000136899316000086/wgbs-12312015x10k.htm,1620599802,18:36:42,20210509
4,2015-09-30,WGBS,USD,2015-11-12 00:00:00,2015-11-12 16:16:12,Q3,2010000.0,848000.0,1162000.0,0.5781094527363184,2387000.0,-644000.0,1425000.0,-45000.0,4593000.0,5441000.0,0.0,315000.0,-3161000.0,-1.572636815920398,-3476000.0,-1.7293532338308457,-45000.0,-3476000.0,-1.7293532338308457,0.0,-3476000.0,-1.7293532338308457,-0.61186,-0.61186,5681000.0,5681000.0,https://www.sec.gov/Archives/edgar/data/1368993/000136899315000054/0001368993-15-000054-index.html,https://www.sec.gov/Archives/edgar/data/1368993/000136899315000054/wgbsq31510q.htm,1620599802,18:36:42,20210509
5,2015-06-30,WGBS,USD,2015-08-07 00:00:00,2015-08-07 16:12:18,Q2,1610000.0,676000.0,934000.0,0.5801242236024845,2279000.0,20000.0,1232000.0,8000.0,4763000.0,5439000.0,0.0,301000.0,-3520000.0,-2.186335403726708,-3821000.0,-2.3732919254658387,8000.0,-3821000.0,-2.3732919254658387,0.0,-3821000.0,-2.3732919254658387,-0.67414,-0.67414,5668000.0,5668000.0,https://www.sec.gov/Archives/edgar/data/1368993/000136899315000031/0001368993-15-000031-index.html,https://www.sec.gov/Archives/edgar/data/1368993/000136899315000031/wgbsq21510q.htm,1620599802,18:36:42,20210509
6,2015-03-31,WGBS,USD,2015-05-14 00:00:00,2015-05-14 16:12:03,Q1,1146000.0,414000.0,732000.0,0.6387434554973822,2471000.0,369000.0,1233000.0,-230000.0,5306000.0,5720000.0,0.0,303000.0,-4501000.0,-3.9275741710296685,-4804000.0,-4.191972076788831,-230000.0,-4804000.0,-4.191972076788831,2000.0,-4806000.0,-4.193717277486911,-0.84912,-0.84912,5660000.0,5660000.0,https://www.sec.gov/Archives/edgar/data/1368993/000136899315000023/0001368993-15-000023-index.html,https://www.sec.gov/Archives/edgar/data/1368993/000136899315000023/q1_form10-q.htm,1620599802,18:36:42,20210509
7,2014-12-31,WGBS,USD,2015-03-17,2015-03-17 17:18:42,Q4,1611720.0,832642.0,779078.0,0.4833829697466061,1967496.0,47810.0,1140909.0,254745000.0,4297124.0,5129766.0,-319946.0,271906.0,-3263029094.0,-2024.5632578859852,-3263301000.0,-2024.7319633683271,254745.0,-3263301000.0,-2024.7319633683271,0.0,-3263301000.0,-2024.7319633683271,-576.5549469964665,-1271.219677896491,5660000.0,2567063.0,https://www.sec.gov/Archives/edgar/data/1368993/000136899315000007/0001368993-15-000007-index.htm,https://www.sec.gov/Archives/edgar/data/1368993/000136899315000007/form10-k_2014.htm,1620599802,18:36:42,20210509
8,2014-09-30,WGBS,USD,2014-11-12 00:00:00,2014-11-12 17:31:16,Q3,1250201.0,374776.0,875425.0,0.7002274034335279,1909310.0,170527.0,961891.0,347659000.0,4003619.0,4378395.0,107464.0,283994.0,-2780251006.0,-2223.8432108117013,-2780535000.0,-2224.070369484587,347659.0,-2780535000.0,-2224.070369484587,0.0,-2780535000.0,-2224.070369484587,-491.2606007067138,-1820.9576787387775,5660000.0,1526963.0,https://www.sec.gov/Archives/edgar/data/1368993/000136899314000084/0001368993-14-000084-index.html,https://www.sec.gov/Archives/edgar/data/1368993/000136899314000084/q3_form10-q.htm,1620599802,18:36:42,20210509
9,2014-06-30,WGBS,USD,2014-08-14 00:00:00,2014-08-14 16:02:27,Q2,1733908.0,758408.0,975500.0,0.5626019373576914,1472886.0,-74692.0,1364200.0,1047682000.0,4126594.0,4885002.0,109155.0,274458.0,-2103137542.0,-1212.946443525262,-2103412000.0,-1213.1047322003244,1047682.0,-2103412000.0,-1213.1047322003244,0.0,-2103412000.0,-1213.1047322003244,-371.62756183745586,-2294.828210711901,5660000.0,916588.0,https://www.sec.gov/Archives/edgar/data/1368993/000136899314000065/0001368993-14-000065-index.html,https://www.sec.gov/Archives/edgar/data/1368993/000136899314000065/form_10-q.htm,1620599802,18:36:42,20210509
10,2014-03-31,WGBS,USD,2014-05-14 00:00:00,2014-05-13 17:41:24,Q1,1405513.0,606573.0,798940.0,0.5684330205412543,1366997.0,-461254.0,1272789.0,109866000.0,3451321.0,4057894.0,103327.0,325365.0,-2542189635.0,-1808.7272298441922,-2542515000.0,-1808.958721833238,109866.0,-2542515000.0,-1808.958721833238,3100.0,-2545615000.0,-1811.1643222083326,-449.7553003533569,-279.32117103964777,5660000.0,9113577.0,https://www.sec.gov/Archives/edgar/data/1368993/000136899314000041/0001368993-14-000041-index.html,https://www.sec.gov/Archives/edgar/data/1368993/000136899314000041/form_10-q.htm,1620599802,18:36:42,20210509
11,2013-12-31,WGBS,USD,2014-03-14,2014-03-14 16:28:38,Q4,490465000.0,239013000.0,251452000.0,0.5126808233003375,1152979000.0,-93012000.0,662799000.0,3797017000.0,2385565000.0,2624578000.0,59625000.0,132269000.0,1795173000.0,3.6601449644724906,1662904000.0,3.3904641513665603,3797017000.0,1662904000.0,3.3904641513665603,3150000.0,1659754000.0,3.3840416747372393,293.2427561837456,545.0275936486337,5660000.0,3045266.0,https://www.sec.gov/Archives/edgar/data/1368993/000136899314000026/0001368993-14-000026-index.htm,https://www.sec.gov/Archives/edgar/data/1368993/000136899314000026/form10-k_2013.htm,1620599802,18:36:42,20210509
12,2013-09-30,WGBS,USD,2013-11-14 00:00:00,2013-11-14 16:14:25,Q3,389547.0,192814.0,196733.0,0.5050302017471576,1581449.0,592509.0,625390.0,-7752826000.0,3424738.0,3617552.0,848464.0,782633.0,-10980048367.0,-28186.71011970314,-10980831000.0,-28188.71920461459,-7752826000.0,-10980831000.0,-28188.71920461459,530.0,-10981361000.0,-28190.079759310174,-1940.1697879858657,-8952.90199499417,5660000.0,1226570.0,https://www.sec.gov/Archives/edgar/data/1368993/000136899313000049/0001368993-13-000049-index.html,https://www.sec.gov/Archives/edgar/data/1368993/000136899313000049/q3_form10-q.htm,1620599802,18:36:42,20210509
13,2013-06-30,WGBS,USD,2013-08-14 00:00:00,2013-08-14 17:48:01,Q2,246248.0,76780.0,169468.0,0.6882005133036614,1263267.0,-44526.0,609296.0,-896341000.0,2437333.0,2514113.0,1092091.0,1018565.0,-3163187435.0,-12845.535537344465,-3164206000.0,-12849.671875507618,-896341000.0,-3164206000.0,-12849.671875507618,-1051000.0,-3163155000.0,-12845.403820538644,-558.8613074204947,-75.88994352534196,5660000.0,41680819.0,https://www.sec.gov/Archives/edgar/data/1368993/000136899313000033/0001368993-13-000033-index.html,https://www.sec.gov/Archives/edgar/data/1368993/000136899313000033/q2_form10-q.htm,1620599802,18:36:42,20210509
14,2013-03-31,WGBS,USD,2013-05-10 00:00:00,2013-05-10 16:32:41,Q1,178487.0,65588.0,112899.0,0.6325334618207489,1402080.0,318017.0,342631.0,-1485338000.0,2405359.0,2470947.0,880538.0,853357.0,-3776944643.0,-21160.89487189543,-3777798000.0,-21165.675931580452,-1485338000.0,-3777798000.0,-21165.675931580452,3712.0,-3781510000.0,-21186.472964417575,-668.1113074204947,-90.72560740591547,5660000.0,41680735.0,https://www.sec.gov/Archives/edgar/data/1368993/000136899313000022/0001368993-13-000022-index.html,https://www.sec.gov/Archives/edgar/data/1368993/000136899313000022/form_10-q.htm,1620599802,18:36:42,20210509
15,2012-12-31,WGBS,USD,2013-03-22 00:00:00,2013-03-22 16:27:47,Q4,316177.0,175555.0,140622.0,0.4447572087786272,1232012.0,-279325.0,791915.0,754103000.0,1963680.0,2139235.0,702982.0,675084.0,-1068279916.0,-3378.7401234118865,-1068955000.0,-3380.8752692321073,1567861.0,-1068955000.0,-3380.8752692321073,-34198000.0,-1034757000.0,-3272.71433405972,-182.81925795053004,-24.83757392683744,5660000.0,41660953.0,https://www.sec.gov/Archives/edgar/data/1368993/000136899313000011/0001368993-13-000011-index.html,https://www.sec.gov/Archives/edgar/data/1368993/000136899313000011/form10-k_2012.htm,1620599802,18:36:42,20210509
16,2012-09-30,WGBS,USD,2012-11-09 00:00:00,2012-11-09 16:08:51,Q3,176608.0,144327.0,32281.0,0.18278333937307484,1311812.0,-159425048.0,160006000.0,572837.0,2052770.0,2197097.0,564009.0,549122.0,-2981172878.0,-16880.16895044392,-2981722000.0,-16883.278220692155,-961233000.0,-2981722000.0,-16883.278220692155,-14142000.0,-2967580000.0,-16803.20257292988,-71.23874,-71.23874,41656827.0,41656827.0,https://www.sec.gov/Archives/edgar/data/1368993/000136899312000019/0001368993-12-000019-index.html,https://www.sec.gov/Archives/edgar/data/1368993/000136899312000019/form_10-q.htm,1620599802,18:36:42,20210509
17,2012-06-30,WGBS,USD,2012-08-10 00:00:00,2012-08-10 16:52:23,Q2,20158000.0,10590000.0,9568000.0,0.474650262922909,3617724000.0,549559000.0,158278000.0,-235873000.0,2472975000.0,2483565000.0,-2243803.0,207603.0,7725690.0,0.3832567715051096,7518087.0,0.37295798194265306,1206589000.0,5285731.0,0.2622150510963389,27600.0,5258131.0,0.26084586764559975,0.12622,0.12622,41656827.0,41656827.0,https://www.sec.gov/Archives/edgar/data/1368993/000136899312000015/0001368993-12-000015-index.html,https://www.sec.gov/Archives/edgar/data/1368993/000136899312000015/q2_form10-q.htm,1620599802,18:36:42,20210509
18,2012-03-31,WGBS,USD,2012-05-11 00:00:00,2012-05-11 16:10:11,Q1,73233000.0,90405000.0,-17172000.0,-0.23448445372987586,0.0,921880000.0,254553000.0,2010864000.0,3441850000.0,3532255000.0,363055000.0,268032000.0,-2622588000.0,-35.81156036213183,-2890620000.0,-39.47154971119577,568402000.0,-2890620000.0,-39.47154971119577,14075000.0,-2904695000.0,-39.66374448677509,-69.72915,-69.72915,41656827.0,41656827.0,https://www.sec.gov/Archives/edgar/data/1368993/000136899312000011/0001368993-12-000011-index.html,https://www.sec.gov/Archives/edgar/data/1368993/000136899312000011/q1_10-q.htm,1620599802,18:36:42,20210509
19,2011-12-31,WGBS,USD,2012-03-26 00:00:00,2012-03-23 21:30:52,Q4,37906000.0,754767000.0,-716861000.0,-18.911544346541444,2310245000.0,712566000.0,761326000.0,1577662000.0,4545463000.0,5300230000.0,276847000.0,221669000.0,-3462993000.0,-91.35738405529467,-3684662000.0,-97.20524455231362,1577662000.0,-3684662000.0,-97.20524455231362,27960000.0,-3712622000.0,-97.94285865034558,-89.12397,-89.12397,41656827.0,41656827.0,https://www.sec.gov/Archives/edgar/data/1368993/000136899312000004/0001368993-12-000004-index.html,https://www.sec.gov/Archives/edgar/data/1368993/000136899312000004/form10-k_2011.htm,1620599802,18:36:42,20210509
20,2011-09-30,WGBS,USD,2011-11-21 00:00:00,2011-11-21 17:01:43,Q3,89088.0,492246.0,-403158.0,-4.525390625,1900417.0,345263.0,913948.0,8074358000.0,4073576.0,4565822.0,5878597.0,260254.0,3597884254.0,40385.733813757186,3597624000.0,40382.8125,8074358.0,3597624.0,40.3828125,16703.0,3580921.0,40.19532372485632,0.08654,0.08654,41378428.0,41378428.0,https://www.sec.gov/Archives/edgar/data/1368993/000136899311000033/0001368993-11-000033-index.html,https://www.sec.gov/Archives/edgar/data/1368993/000136899311000033/q3_10-q.htm,1620599802,18:36:42,20210509
21,2011-06-30,WGBS,USD,2011-09-12,2011-09-12 17:22:58,Q2,44905000.0,13942000.0,30963000.0,0.6895223249081394,4079888.0,2073563841.0,1636159.0,-4293307000.0,4964620000.0,4978562000.0,-51819227.0,-492603225.0,-9719567225.0,-216.44732713506292,-9226964000.0,-205.47743013027502,-4293307000.0,-9226964000.0,-205.47743013027502,-17416000.0,-9209548000.0,-205.0895891326133,-223.0377802888183,-222.56882257586005,41291426.0,41378428.0,https://www.sec.gov/Archives/edgar/data/1368993/000136899311000016/0001368993-11-000016-index.htm,https://www.sec.gov/Archives/edgar/data/1368993/000136899311000016/q2_10-q.htm,1620599802,18:36:42,20210509
22,2011-03-31,WGBS,USD,2011-05-16,2011-05-16 17:25:33,Q1,351032000.0,140949000.0,210083000.0,0.5984725039312655,2060715000.0,647669000.0,765912000.0,226296000.0,4240208000.0,4381157000.0,108883000.0,218257000.0,-3585572000.0,-10.21437361835958,-3803829000.0,-10.836131748672486,226296000.0,-3803829000.0,-10.836131748672486,0.0,-3803829000.0,-10.836131748672486,-92.12152179002004,-92.12152179002004,41291426.0,41291426.0,https://www.sec.gov/Archives/edgar/data/1368993/000114036111027970/0001140361-11-027970-index.htm,https://www.sec.gov/Archives/edgar/data/1368993/000114036111027970/q1_10-q.htm,1620599802,18:36:42,20210509
23,2010-12-31,WGBS,USD,2011-03-31,2011-03-31 17:18:35,Q4,712369000.0,278270000.0,434099000.0,0.6093737936378478,1628262000.0,950730000.0,694340000.0,475724000.0,3967672000.0,4245942000.0,29375000.0,146857000.0,-2910992000.0,-4.086354122652726,-3057849000.0,-4.292507113588604,475724000.0,-3057849000.0,-4.292507113588604,0.0,-3057849000.0,-4.292507113588604,-74.05530145652999,-74.05530145652999,41291426.0,41291426.0,https://www.sec.gov/Archives/edgar/data/1368993/000136899311000002/0001368993-11-000002-index.htm,https://www.sec.gov/Archives/edgar/data/1368993/000136899311000002/form10-k_2010.htm,1620599802,18:36:42,20210509
24,2010-09-30,WGBS,USD,2010-11-15,2010-11-15 16:35:59,Q3,633241000.0,312047000.0,321194000.0,0.5072223687348103,2047367000.0,595451000.0,653322000.0,-1596495000.0,3949462000.0,4261509000.0,280000.0,106488000.0,-5118275000.0,-8.082665209612138,-5224763000.0,-8.250828673443444,-1596495000.0,-5224763000.0,-8.250828673443444,0.0,-5224763000.0,-8.250828673443444,-126.53384748688505,-126.53384748688505,41291426.0,41291426.0,https://www.sec.gov/Archives/edgar/data/1368993/000136899310000038/0001368993-10-000038-index.htm,https://www.sec.gov/Archives/edgar/data/1368993/000136899310000038/q3_10-q.htm,1620599802,18:36:42,20210509
25,2010-06-30,WGBS,USD,2010-08-16,2010-08-16 17:09:28,Q2,431894000.0,135894000.0,296000000.0,0.6853533505906542,1496443000.0,684906000.0,475143000.0,3560131000.0,3131635000.0,3267529000.0,1067000.0,107091000.0,-3238413000.0,-7.498166216710581,-3345504000.0,-7.746122891264986,3560131000.0,-3345504000.0,-7.746122891264986,0.0,724496000.0,1.6774856793565087,17.54591861274057,17.54591861274057,41291426.0,41291426.0,https://www.sec.gov/Archives/edgar/data/1368993/000136899310000030/0001368993-10-000030-index.htm,https://www.sec.gov/Archives/edgar/data/1368993/000136899310000030/q2form10-q.htm,1620599802,18:36:42,20210509
26,2010-03-31,WGBS,USD,2010-05-17,2010-05-17 17:04:38,Q1,389785000.0,135855000.0,253930000.0,0.6514617032466616,1542268000.0,794099000.0,249806000.0,-1947216000.0,2835979000.0,2971834000.0,607000.0,71631000.0,-387634000.0,-0.9944815731749554,-459265000.0,-1.178252113344536,-1947216000.0,-459265000.0,-1.178252113344536,0.0,-4529265000.0,-11.619905845530228,-109.69020541940111,-109.69020541940111,41291426.0,41291426.0,https://www.sec.gov/Archives/edgar/data/1368993/000136899310000019/0001368993-10-000019-index.htm,https://www.sec.gov/Archives/edgar/data/1368993/000136899310000019/q1form10-q.htm,1620599802,18:36:42,20210509
27,2010-03-15,WGBS,USD,2010-03-22,2010-03-19 18:05:19,Q4,73425000.0,56380000.0,17045000.0,0.23214164113040517,1700458000.0,1064061000.0,149004000.0,-14401000.0,3062527000.0,3118907000.0,2375000.0,70744000.0,-2872807000.0,-39.125733741913514,-2943551000.0,-40.089220292815796,-14401000.0,-2943551000.0,-40.089220292815796,0.0,-2943551000.0,-40.089220292815796,-71.28722074166195,-71.28722074166195,41291426.0,41291426.0,https://www.sec.gov/Archives/edgar/data/1368993/000136899310000006/0001368993-10-000006-index.htm,https://www.sec.gov/Archives/edgar/data/1368993/000136899310000006/form10-k.htm,1620599802,18:36:42,20210509
28,2009-09-30,WGBS,USD,2009-11-13,2009-11-13 17:17:54,Q3,78860000.0,66897000.0,11963000.0,0.15169921379660156,1267036000.0,927580000.0,136055000.0,-9268000.0,2466726000.0,2533623000.0,2435000.0,115204000.0,-2348827000.0,-29.784770479330458,-2464031000.0,-31.245637839208726,-9268000.0,-2464031000.0,-31.245637839208726,0.0,-2464031000.0,-31.245637839208726,-0.09923232039780061,-0.09923232039780061,24830932000.0,24830932000.0,https://www.sec.gov/Archives/edgar/data/1368993/000114420409059089/0001144204-09-059089-index.htm,https://www.sec.gov/Archives/edgar/data/1368993/000114420409059089/v165703_10q.htm,1620599802,18:36:42,20210509
29,2009-08-10,WGBS,USD,2009-08-14,2009-08-14 13:30:54,Q2,68918000.0,123932000.0,-55014000.0,-0.7982529963144607,1214701000.0,1193878000.0,180338000.0,-46715000.0,2769255000.0,2893187000.0,1928000.0,217039000.0,-2653945000.0,-38.5087350184277,-2870984000.0,-41.65797034156534,-46715000.0,-2870984000.0,-41.65797034156534,0.0,-2870984000.0,-41.65797034156534,-0.11562,-0.11562,24830932000.0,24830932000.0,https://www.sec.gov/Archives/edgar/data/1368993/000136899309000020/0001368993-09-000020-index.htm,https://www.sec.gov/Archives/edgar/data/1368993/000136899309000020/form10-q.htm,1620599802,18:36:42,20210509
30,2009-05-07,WGBS,USD,2009-05-12,2009-05-12 17:29:06,Q1,41838000.0,15832000.0,26006000.0,0.6215880300205555,959888000.0,596318000.0,135848000.0,24096000.0,1827902000.0,1843734000.0,2832000.0,90125000.0,-1687675000.0,-40.33832879200727,-1777800000.0,-42.49247095941489,24096000.0,-1777800000.0,-42.49247095941489,0.0,-1777800000.0,-42.49247095941489,-0.0716,-0.0716,24830932000.0,24830932000.0,https://www.sec.gov/Archives/edgar/data/1368993/000136899309000014/0001368993-09-000014-index.htm,https://www.sec.gov/Archives/edgar/data/1368993/000136899309000014/form10-q.htm,1620599802,18:36:42,20210509
31,2009-03-18,WGBS,USD,2009-03-27,2009-03-27 16:56:35,Q4,65424000.0,35012000.0,30412000.0,0.464844705306921,1124689000.0,460585000.0,170822000.0,-39106000.0,1926918000.0,1961930000.0,2669000.0,89000000.0,-1846612000.0,-28.22529958425043,-1935612000.0,-29.585656639765222,-39106000.0,-1935612000.0,-29.585656639765222,0.0,-1935612000.0,-29.585656639765222,-0.08062,-0.08062,24007933000.0,24007933000.0,https://www.sec.gov/Archives/edgar/data/1368993/000136899309000009/0001368993-09-000009-index.htm,https://www.sec.gov/Archives/edgar/data/1368993/000136899309000009/form10-k.htm,1620599802,18:36:42,20210509
32,2008-11-07,WGBS,USD,2008-11-14,2008-11-14 16:19:39,Q3,197951000.0,73956000.0,123995000.0,0.626392390035918,1205511000.0,320677000.0,328289000.0,-11546000.0,2182766000.0,2256722000.0,4957000.0,80450000.0,-1989867000.0,-10.052321028941506,-2070317000.0,-10.458734737384503,-11546000.0,-2070317000.0,-10.458734737384503,0.0,-2070317000.0,-10.458734737384503,-0.08623,-0.08623,24007933000.0,24007933000.0,https://www.sec.gov/Archives/edgar/data/1368993/000136899308000006/0001368993-08-000006-index.htm,https://www.sec.gov/Archives/edgar/data/1368993/000136899308000006/form10-q3.htm,1620599802,18:36:42,20210509
33,2008-06-30,WGBS,USD,2008-08-14,2008-08-14 14:47:42,Q2,176851000.0,57048000.0,119803000.0,0.6774233676937083,1345621000.0,338258000.0,295506000.0,11871000.0,2274891000.0,2331939000.0,3252000.0,74327000.0,-2068890000.0,-11.698491950851281,-2143217000.0,-12.118772299845633,11871000.0,-2143217000.0,-12.118772299845633,0.0,-2143217000.0,-12.118772299845633,-0.09085,-0.09085,23591912000.0,23591912000.0,https://www.sec.gov/Archives/edgar/data/1368993/000114036108019387/0001140361-08-019387-index.htm,https://www.sec.gov/Archives/edgar/data/1368993/000114036108019387/form10-q2.htm,1620599802,18:36:42,20210509
34,2008-05-06,WGBS,USD,2008-05-15,2008-05-15 15:02:01,Q1,181640000.0,75017000.0,106623000.0,0.587001761726492,952441000.0,303869000.0,385174000.0,27744000.0,2026658000.0,2101675000.0,3973000.0,50472000.0,-1841819000.0,-10.139941642809953,-1892291000.0,-10.417809953754679,27744000.0,-1892291000.0,-10.417809953754679,0.0,-1892291000.0,-10.417809953754679,-0.0815,-0.0815,23217846000.0,23217846000.0,https://www.sec.gov/Archives/edgar/data/1368993/000114036108012613/0001140361-08-012613-index.htm,https://www.sec.gov/Archives/edgar/data/1368993/000114036108012613/form10-q.htm,1620599802,18:36:42,20210509
35,2007-12-31,WGBS,USD,2008-04-29,2008-04-29 15:28:50,Q4,161513000.0,55572000.0,105941000.0,0.6559286249404073,939279000.0,938526000.0,281600000.0,61601000.0,2441005000.0,2496577000.0,2705000.0,29179000.0,-2244284000.0,-13.895376842730926,-2273463000.0,-14.076037223009912,61601000.0,-2273463000.0,-14.076037223009912,0.0,-2273463000.0,-14.076037223009912,-0.18349,-0.18349,12390059000.0,12390059000.0,https://www.sec.gov/Archives/edgar/data/1368993/000114036108010475/0001140361-08-010475-index.htm,https://www.sec.gov/Archives/edgar/data/1368993/000114036108010475/form10ksba.htm,1620599802,18:36:42,20210509
36,2007-09-30,WGBS,USD,2007-11-13,2007-11-13 16:47:02,Q3,6700000.0,1859062000.0,-1852362000.0,-276.4719402985075,1489994000.0,1015594000.0,567218000.0,82652000.0,3640024000.0,1780962000.0,308000.0,15705000.0,-1675905000.0,-250.13507462686567,-1691610000.0,-252.47910447761194,82652000.0,-1691610000.0,-252.47910447761194,0.0,-1691610000.0,-252.47910447761194,-0.13653,-0.13653,12390059000.0,12390059000.0,https://www.sec.gov/Archives/edgar/data/1368993/000114036107021731/0001140361-07-021731-index.htm,https://www.sec.gov/Archives/edgar/data/1368993/000114036107021731/form10qsb.htm,1620599802,18:36:42,20210509
37,2007-06-30,WGBS,USD,2007-08-14,2007-08-14 09:21:52,Q2,60760000.0,1882606000.0,-1821846000.0,-29.98429888084266,0.0,0.0,0.0,-170745000.0,0.0,1882606000.0,186526000.0,13769000.0,-1898738000.0,-31.24980250164582,-1912507000.0,-31.476415404871627,-170745000.0,-1912507000.0,-31.476415404871627,0.0,-1912507000.0,-31.476415404871627,-0.27772,-0.27772,6886433000.0,6886433000.0,https://www.sec.gov/Archives/edgar/data/1368993/000114420407042787/0001144204-07-042787-index.htm,https://www.sec.gov/Archives/edgar/data/1368993/000114420407042787/v084206_10qsb.htm,1620599802,18:36:42,20210509
