,date,symbol,reportedCurrency,fillingDate,acceptedDate,period,revenue,costOfRevenue,grossProfit,grossProfitRatio,researchAndDevelopmentExpenses,generalAndAdministrativeExpenses,sellingAndMarketingExpenses,otherExpenses,operatingExpenses,costAndExpenses,interestExpense,depreciationAndAmortization,ebitda,ebitdaratio,operatingIncome,operatingIncomeRatio,totalOtherIncomeExpensesNet,incomeBeforeTax,incomeBeforeTaxRatio,incomeTaxExpense,netIncome,netIncomeRatio,eps,epsdiluted,weightedAverageShsOut,weightedAverageShsOutDil,link,finalLink,timestamp,est_time,est_date
0,2020-12-31,HCA,USD,2021-02-19,2021-02-19 16:28:21,Q4,14293000000,8699000000.0,5594000000.0,0.391380395998041,0.0,0.0,0.0,0.0,3144000000.0,11843000000,383000000.0,662000000,3112000000,0.21772895823130203,2450000000,0.17141257958441194,5000000.0,2072000000,0.1449660673056741,378000000,1426000000,0.09976911774994753,4.201215,4.13,339425600,345374000,https://www.sec.gov/Archives/edgar/data/860730/000119312521048994/0001193125-21-048994-index.htm,https://www.sec.gov/Archives/edgar/data/860730/000119312521048994/d37951d10k.htm,1620592976,16:42:56,20210509
1,2020-09-30,HCA,USD,2020-10-29,2020-10-29 16:22:59,Q3,13311000000,8225000000.0,5086000000.0,0.3820900007512584,0.0,0.0,0.0,2251000.0,2251000.0,11992000000,385000000.0,694000000,2013000000,0.15122830741492,1319000000,0.09909097738712343,54000000.0,988000000,0.07422432574562392,209000000,668000000,0.05018405829764856,1.97,1.95,338168000,343346000,https://www.sec.gov/Archives/edgar/data/860730/000119312520281070/0001193125-20-281070-index.htm,https://www.sec.gov/Archives/edgar/data/860730/000119312520281070/d56785d10q.htm,1620592976,16:42:56,20210509
2,2020-06-30,HCA,USD,2020-07-30,2020-07-30 18:51:26,Q2,11068000000,7078000000.0,3990000000.0,0.3604987350921576,0.0,0.0,0.0,0.0,9915000000.0,9094000000,388000000.0,691000000,2665000000,0.24078424286230574,1974000000,0.17835200578243585,-26000000.0,1560000000,0.140946873870618,344000000,1079000000,0.09748825442717744,3.2,3.16,337760000,341599000,https://www.sec.gov/Archives/edgar/data/860730/000119312520204191/0001193125-20-204191-index.htm,https://www.sec.gov/Archives/edgar/data/860730/000119312520204191/d860029d10q.htm,1620592976,16:42:56,20210509
3,2020-03-31,HCA,USD,2020-05-06 00:00:00,2020-05-06 17:04:18,Q1,12861000000,8241000000.0,4620000000.0,0.3592255656636342,0.0,0.0,0.0,0.0,11335000000.0,11342000000,428000000.0,674000000,2193000000,0.17051551201306275,1519000000,0.11810901174092217,-281000000.0,810000000,0.06298110566829951,112000000,581000000,0.045175336288002486,1.72,1.69,338242000,344096000,https://www.sec.gov/Archives/edgar/data/860730/000119312520135021/0001193125-20-135021-index.html,https://www.sec.gov/Archives/edgar/data/860730/000119312520135021/d900877d10q.htm,1620592976,16:42:56,20210509
4,2019-12-31,HCA,USD,2020-02-20 00:00:00,2020-02-20 16:20:31,Q4,13523000000,8337000000.0,5186000000.0,0.38349478665976483,0.0,0.0,0.0,0.0,11479000000.0,11499000000,438000000.0,694000000,2718000000,0.20099090438512165,2024000000,0.14967093100643347,21000000.0,1607000000,0.11883457812615544,334000000,1071000000,0.07919840272128965,3.1663720058419713,3.1663720058419713,338242000,338242000,https://www.sec.gov/Archives/edgar/data/860730/000119312520043524/0001193125-20-043524-index.html,https://www.sec.gov/Archives/edgar/data/860730/000119312520043524/d864235d10k.htm,1620592976,16:42:56,20210509
5,2019-09-30,HCA,USD,2019-11-01 00:00:00,2019-11-01 16:33:04,Q3,12694000000,8061000000.0,4633000000.0,0.36497557901370725,0.0,0.0,0.0,0.0,11056000000.0,11060000000,448000000.0,647000000,2281000000,0.1796911926894596,1634000000,0.1287222309752639,-207000000.0,979000000,0.07712305025996534,215000000,612000000,0.04821175358437057,1.8,1.76,340789000,347487000,https://www.sec.gov/Archives/edgar/data/860730/000119312519281996/0001193125-19-281996-index.html,https://www.sec.gov/Archives/edgar/data/860730/000119312519281996/d780498d10q.htm,1620592976,16:42:56,20210509
6,2019-06-30,HCA,USD,2019-08-02 00:00:00,2019-08-02 16:46:57,Q2,12602000000,7955000000.0,4647000000.0,0.36875099190604665,0.0,0.0,0.0,0.0,10945000000.0,10953000000,477000000.0,636000000,2285000000,0.1813204253293128,1649000000,0.13085224567528964,26000000.0,1198000000,0.09506427551182352,271000000,783000000,0.06213299476273607,2.29,2.25,342170000,348373000,https://www.sec.gov/Archives/edgar/data/860730/000119312519212115/0001193125-19-212115-index.html,https://www.sec.gov/Archives/edgar/data/860730/000119312519212115/d757548d10q.htm,1620592976,16:42:56,20210509
7,2019-03-31,HCA,USD,2019-05-03 00:00:00,2019-05-02 17:54:49,Q1,12517000000,7688000000.0,4829000000.0,0.38579531836702086,0.0,0.0,0.0,0.0,10595000000.0,10606000000,461000000.0,619000000,2530000000,0.20212510985060317,1911000000,0.1526723655828074,10000000.0,1460000000,0.11664136773987377,279000000,1039000000,0.08300711032995127,3.03,2.97,342876000,350316000,https://www.sec.gov/Archives/edgar/data/860730/000119312519135292/0001193125-19-135292-index.html,https://www.sec.gov/Archives/edgar/data/860730/000119312519135292/d738201d10q.htm,1620592976,16:42:56,20210509
8,2018-12-31,HCA,USD,2019-02-21 00:00:00,2019-02-21 16:37:08,Q4,12274000000,7487000000.0,4787000000.0,0.39001140622453967,0.0,0.0,0.0,0.0,10347000000.0,10351000000,446000000.0,581000000,2504000000,0.20400847319537233,1923000000,0.15667264135571127,12000000.0,1489000000,0.12131334528271143,244000000,1064000000,0.08668730650154799,3.103162659387067,3.103162659387067,342876000,342876000,https://www.sec.gov/Archives/edgar/data/860730/000119312519047078/0001193125-19-047078-index.html,https://www.sec.gov/Archives/edgar/data/860730/000119312519047078/d676301d10k.htm,1620592976,16:42:56,20210509
9,2018-09-30,HCA,USD,2018-11-06 00:00:00,2018-11-06 16:48:22,Q3,11451000000,7267000000.0,4184000000.0,0.3653829359881233,0.0,0.0,0.0,0.0,9937000000.0,9946000000,442000000.0,582000000,2087000000,0.18225482490612174,1505000000,0.1314295694699153,6000000.0,1069000000,0.09335429220155445,173000000,759000000,0.06628242074927954,2.2,2.15,345823000,353639000,https://www.sec.gov/Archives/edgar/data/860730/000119312518319640/0001193125-18-319640-index.html,https://www.sec.gov/Archives/edgar/data/860730/000119312518319640/d635258d10q.htm,1620592976,16:42:56,20210509
10,2018-06-30,HCA,USD,2018-08-03 00:00:00,2018-08-03 16:44:10,Q2,11529000000,7191000000.0,4338000000.0,0.3762685402029664,0.0,0.0,0.0,0.0,9864000000.0,9871000000,436000000.0,562000000,2220000000,0.19255789747593027,1658000000,0.14381125856535693,16000000.0,1238000000,0.10738138606991066,272000000,820000000,0.07112498915777604,2.35,2.31,348615000,355039000,https://www.sec.gov/Archives/edgar/data/860730/000119312518238342/0001193125-18-238342-index.html,https://www.sec.gov/Archives/edgar/data/860730/000119312518238342/d554060d10q.htm,1620592976,16:42:56,20210509
11,2018-03-31,HCA,USD,2018-05-08 00:00:00,2018-05-08 16:37:19,Q1,11423000000,7204000000.0,4219000000.0,0.36934255449531644,0.0,0.0,0.0,0.0,9858000000.0,9867000000,431000000.0,553000000,2109000000,0.1846275059091307,1556000000,0.13621640549768013,414000000.0,1539000000,0.13472817998774403,257000000,1144000000,0.10014882255099361,3.26,3.18,350850000,359749000,https://www.sec.gov/Archives/edgar/data/860730/000119312518156060/0001193125-18-156060-index.html,https://www.sec.gov/Archives/edgar/data/860730/000119312518156060/d572293d10q.htm,1620592976,16:42:56,20210509
12,2017-12-31,HCA,USD,2018-02-23 00:00:00,2018-02-23 16:41:25,Q4,11562000000,7128000000.0,4434000000.0,0.3834976647638817,0.0,0.0,0.0,0.0,9750000000.0,9759000000,433000000.0,550000000,2353000000,0.2035115032001384,1803000000,0.15594187856772185,7000000.0,1377000000,0.11909704203425013,736000000,474000000,0.04099636741048261,1.351004702864472,1.351004702864472,350850000,350850000,https://www.sec.gov/Archives/edgar/data/860730/000119312518056057/0001193125-18-056057-index.html,https://www.sec.gov/Archives/edgar/data/860730/000119312518056057/d490041d10k.htm,1620592976,16:42:56,20210509
13,2017-09-30,HCA,USD,2017-11-07 00:00:00,2017-11-07 16:21:06,Q3,10696000000,6858000000.0,3838000000.0,0.3588257292445774,0.0,0.0,0.0,0.0,9459000000.0,9472000000,427000000.0,539000000,1763000000,0.16482797307404637,1224000000,0.11443530291697832,-19000000.0,778000000,0.07273747195213164,248000000,426000000,0.039827973074046376,1.18,1.15,360170000,369834000,https://www.sec.gov/Archives/edgar/data/860730/000119312517335751/0001193125-17-335751-index.html,https://www.sec.gov/Archives/edgar/data/860730/000119312517335751/d433901d10q.htm,1620592976,16:42:56,20210509
14,2017-06-30,HCA,USD,2017-08-04 00:00:00,2017-08-04 16:35:16,Q2,10733000000,6691000000.0,4042000000.0,0.3765955464455418,0.0,0.0,0.0,0.0,9164000000.0,9177000000,411000000.0,521000000,2077000000,0.19351532656293674,1556000000,0.14497344638032236,15000000.0,1160000000,0.10807789061772105,365000000,657000000,0.06121308115158856,1.79,1.75,365847000,375338000,https://www.sec.gov/Archives/edgar/data/860730/000119312517248794/0001193125-17-248794-index.html,https://www.sec.gov/Archives/edgar/data/860730/000119312517248794/d398462d10q.htm,1620592976,16:42:56,20210509
15,2017-03-31,HCA,USD,2017-05-09 00:00:00,2017-05-09 17:04:13,Q1,10623000000,6698000000.0,3925000000.0,0.3694813141297185,0.0,0.0,0.0,0.0,9139000000.0,9149000000,419000000.0,521000000,1995000000,0.18780005648122,1474000000,0.13875553045279113,11000000.0,1066000000,0.10034830085663184,289000000,659000000,0.062035206627129816,1.78,1.74,370289000,379980000,https://www.sec.gov/Archives/edgar/data/860730/000119312517164353/0001193125-17-164353-index.html,https://www.sec.gov/Archives/edgar/data/860730/000119312517164353/d327978d10q.htm,1620592976,16:42:56,20210509
16,2016-12-31,HCA,USD,2017-02-22 00:00:00,2017-02-22 17:15:27,Q4,10641000000,6566000000.0,4075000000.0,0.3829527300065783,0.0,0.0,0.0,0.0,8938000000.0,8948000000,432000000.0,503000000,2196000000,0.20637158161826896,1693000000,0.15910158819659806,304000000.0,1565000000,0.14707264354853866,480000000,920000000,0.08645803965792688,2.484545854724283,2.484545854724283,370289000,370289000,https://www.sec.gov/Archives/edgar/data/860730/000119312517052253/0001193125-17-052253-index.html,https://www.sec.gov/Archives/edgar/data/860730/000119312517052253/d299981d10k.htm,1620592976,16:42:56,20210509
17,2016-09-30,HCA,USD,2016-11-03 00:00:00,2016-11-03 16:21:21,Q3,10270000000,6439000000.0,3831000000.0,0.3730282375851996,0.0,0.0,0.0,0.0,8808000000.0,8830000000,432000000.0,495000000,1935000000,0.188412852969815,1440000000,0.14021421616358326,10000000.0,1018000000,0.09912366114897761,273000000,618000000,0.06017526777020448,1.63,1.59,378199000,389592000,https://www.sec.gov/Archives/edgar/data/860730/000119312516758862/0001193125-16-758862-index.html,https://www.sec.gov/Archives/edgar/data/860730/000119312516758862/d254682d10q.htm,1620592976,16:42:56,20210509
18,2016-06-30,HCA,USD,2016-08-04,2016-08-04 16:32:13,Q2,10319000000,6409000000.0,3910000000.0,0.37891268533772654,0.0,0.0,0.0,0.0,8756000000.0,8766000000,427000000.0,489000000,2042000000,0.19788739218916562,1553000000,0.15049907936815582,6000000.0,1132000000,0.1097005523791065,341000000,658000000,0.06376586878573505,1.7,1.65,386406000,398659000,https://www.sec.gov/Archives/edgar/data/860730/000119312516671884/d155084d10q.htm,https://www.sec.gov/Archives/edgar/data/860730/000119312516671884/d155084d10q.htm,1620592976,16:42:56,20210509
19,2016-03-31,HCA,USD,2016-05-06 00:00:00,2016-05-06 17:16:50,Q1,10260000000,6416000000.0,3844000000.0,0.3746588693957115,0.0,0.0,0.0,0.0,8736000000.0,8748000000,416000000.0,479000000,1991000000,0.19405458089668615,1512000000,0.14736842105263157,-1000000.0,1095000000,0.1067251461988304,284000000,694000000,0.06764132553606238,1.75,1.69,396397000,410575000,https://www.sec.gov/Archives/edgar/data/860730/000119312516582196/0001193125-16-582196-index.html,https://www.sec.gov/Archives/edgar/data/860730/000119312516582196/d185324d10q.htm,1620592976,16:42:56,20210509
20,2015-12-31,HCA,USD,2016-02-26 00:00:00,2016-02-26 16:56:58,Q4,10249000000,6292000000.0,3957000000.0,0.38608644745828863,0.0,0.0,0.0,0.0,8598000000.0,8606000000,410000000.0,480000000,2123000000,0.20714216021075227,1643000000,0.1603083227631964,-181000000.0,1052000000,0.10264416040589326,314000000,582000000,0.056786027905161476,1.4682250370209664,1.4682250370209664,396397000,396397000,https://www.sec.gov/Archives/edgar/data/860730/000119312516482165/0001193125-16-482165-index.html,https://www.sec.gov/Archives/edgar/data/860730/000119312516482165/d93001d10k.htm,1620592976,16:42:56,20210509
21,2015-09-30,HCA,USD,2015-10-29 00:00:00,2015-10-29 16:55:32,Q3,9856000000,6263000000.0,3593000000.0,0.364549512987013,0.0,0.0,0.0,0.0,8523000000.0,8532000000,411000000.0,482000000,1806000000,0.18323863636363635,1324000000,0.13433441558441558,-70000000.0,843000000,0.08553165584415584,270000000,449000000,0.045556006493506496,1.08,1.05,414939000,426441000,https://www.sec.gov/Archives/edgar/data/860730/000119312515358150/0001193125-15-358150-index.html,https://www.sec.gov/Archives/edgar/data/860730/000119312515358150/d85739d10q.htm,1620592976,16:42:56,20210509
22,2015-06-30,HCA,USD,2015-08-05 00:00:00,2015-08-05 16:26:12,Q2,9897000000,6162000000.0,3735000000.0,0.3773870869960594,0.0,0.0,0.0,0.0,8358000000.0,8368000000,425000000.0,469000000,1998000000,0.20187935738102455,1529000000,0.15449125997777105,-120000000.0,984000000,0.09942406789936345,319000000,507000000,0.05122764474083055,1.22,1.18,416407000,429369000,https://www.sec.gov/Archives/edgar/data/860730/000119312515278729/0001193125-15-278729-index.html,https://www.sec.gov/Archives/edgar/data/860730/000119312515278729/d42883d10q.htm,1620592976,16:42:56,20210509
23,2015-03-31,HCA,USD,2015-05-05 00:00:00,2015-05-05 16:57:07,Q1,9676000000,6036000000.0,3640000000.0,0.37618850764778833,0.0,0.0,0.0,0.0,8188000000.0,8207000000,419000000.0,473000000,1942000000,0.2007027697395618,1469000000,0.15181893344357172,28000000.0,1078000000,0.11140967341876809,358000000,591000000,0.06107895824720959,1.41,1.36,420148000,435309000,https://www.sec.gov/Archives/edgar/data/860730/000119312515172306/0001193125-15-172306-index.html,https://www.sec.gov/Archives/edgar/data/860730/000119312515172306/d911458d10q.htm,1620592976,16:42:56,20210509
24,2014-12-31,HCA,USD,2015-02-26,2015-02-26 17:06:22,Q4,9636000000,5941000000.0,3695000000.0,0.3834578663345787,0.0,0.0,0.0,0.0,8139000000.0,8150000000,429000000.0,459000000,1945000000,0.2018472395184724,1486000000,0.15421336654213366,-89000000.0,968000000,0.1004566210045662,292000000,527000000,0.05469074304690743,1.2543199063187258,1.2543199063187258,420148000,420148000,https://www.sec.gov/Archives/edgar/data/860730/000119312515065975/d852730d10k.htm,https://www.sec.gov/Archives/edgar/data/860730/000119312515065975/d852730d10k.htm,1620592976,16:42:56,20210509
25,2014-09-30,HCA,USD,2014-11-04 00:00:00,2014-11-04 16:33:08,Q3,9220000000,5750000000.0,3470000000.0,0.37635574837310193,0.0,0.0,0.0,0.0,7852000000.0,7866000000,427000000.0,460000000,1814000000,0.19674620390455533,1354000000,0.14685466377440348,2000000.0,929000000,0.10075921908893709,318000000,518000000,0.056182212581344905,1.2,1.16,432617000,447260000,https://www.sec.gov/Archives/edgar/data/860730/000119312514396327/0001193125-14-396327-index.html,https://www.sec.gov/Archives/edgar/data/860730/000119312514396327/d807076d10q.htm,1620592976,16:42:56,20210509
26,2014-06-30,HCA,USD,2014-08-05 00:00:00,2014-08-05 16:46:07,Q2,9230000000,5630000000.0,3600000000.0,0.39003250270855905,0.0,0.0,0.0,0.0,7684000000.0,7693000000,427000000.0,454000000,1991000000,0.21570964247020585,1537000000,0.166522210184182,-206000000.0,904000000,0.09794149512459371,272000000,483000000,0.052329360780065004,1.1,1.07,438833000,453009000,https://www.sec.gov/Archives/edgar/data/860730/000119312514295912/0001193125-14-295912-index.html,https://www.sec.gov/Archives/edgar/data/860730/000119312514295912/d759936d10q.htm,1620592976,16:42:56,20210509
27,2014-03-31,HCA,USD,2014-05-06 00:00:00,2014-05-06 17:24:04,Q1,8832000000,5582000000.0,3250000000.0,0.3679800724637681,0.0,0.0,0.0,0.0,7635000000.0,7644000000,460000000.0,447000000,1635000000,0.18512228260869565,1188000000,0.13451086956521738,-48000000.0,680000000,0.0769927536231884,226000000,347000000,0.03928894927536232,0.78,0.76,442150000,457449000,https://www.sec.gov/Archives/edgar/data/860730/000119312514185180/0001193125-14-185180-index.html,https://www.sec.gov/Archives/edgar/data/860730/000119312514185180/d715468d10q.htm,1620592976,16:42:56,20210509
28,2013-12-31,HCA,USD,2014-02-26,2014-02-26 17:09:19,Q4,8836000000,5529000000.0,3307000000.0,0.3742643730194658,0.0,0.0,0.0,0.0,7583000000.0,7583000000,456000000.0,461000000,1714000000,0.1939791760977818,1253000000,0.14180624717066545,3000000.0,800000000,0.09053870529651425,246000000,424000000,0.04798551380715256,0.9589505823815447,0.9589505823815447,442150000,442150000,https://www.sec.gov/Archives/edgar/data/860730/000119312514070000/d660799d10k.htm,https://www.sec.gov/Archives/edgar/data/860730/000119312514070000/d660799d10k.htm,1620592976,16:42:56,20210509
29,2013-09-30,HCA,USD,2013-11-06 00:00:00,2013-11-06 17:20:38,Q3,8456000000,5373000000.0,3083000000.0,0.364593188268685,0.0,0.0,0.0,0.0,7296000000.0,7305000000,458000000.0,443000000,1594000000,0.18850520340586566,1151000000,0.13611636707663197,8000000.0,701000000,0.08289971617786188,234000000,365000000,0.04316461684011353,0.82,0.79,447329000,463569000,https://www.sec.gov/Archives/edgar/data/860730/000119312513430423/0001193125-13-430423-index.html,https://www.sec.gov/Archives/edgar/data/860730/000119312513430423/d614637d10q.htm,1620592976,16:42:56,20210509
30,2013-06-30,HCA,USD,2013-08-07 00:00:00,2013-08-06 19:59:06,Q2,8450000000,5318000000.0,3132000000.0,0.37065088757396447,0.0,0.0,0.0,0.0,7186000000.0,7198000000,462000000.0,425000000,1677000000,0.19846153846153847,1252000000,0.14816568047337278,16000000.0,806000000,0.09538461538461539,269000000,423000000,0.05005917159763314,0.95,0.91,446612000,463184000,https://www.sec.gov/Archives/edgar/data/860730/000119312513322235/0001193125-13-322235-index.html,https://www.sec.gov/Archives/edgar/data/860730/000119312513322235/d549487d10q.htm,1620592976,16:42:56,20210509
31,2013-03-31,HCA,USD,2013-05-07 00:00:00,2013-05-07 17:21:17,Q1,8440000000,5396000000.0,3044000000.0,0.36066350710900474,0.0,0.0,0.0,0.0,7296000000.0,7304000000,472000000.0,424000000,1560000000,0.1848341232227488,1136000000,0.13459715639810427,-25000000.0,639000000,0.07571090047393365,201000000,344000000,0.04075829383886256,0.77,0.74,444401000,462368000,https://www.sec.gov/Archives/edgar/data/860730/000119312513204804/0001193125-13-204804-index.html,https://www.sec.gov/Archives/edgar/data/860730/000119312513204804/d512267d10q.htm,1620592976,16:42:56,20210509
32,2012-12-31,HCA,USD,2013-02-27 00:00:00,2013-02-26 19:07:05,Q4,8434000000,16590000000.0,-8156000000.0,-0.9670381788000949,0.0,0.0,0.0,0.0,7253000000.0,7289000000,462000000.0,425000000,1570000000,0.18615129238795353,1145000000,0.13576001897083234,-128000000.0,555000000,0.06580507469765236,128000000,314000000,0.037230258477590705,0.7065690671263116,0.7065690671263116,444401000,444401000,https://www.sec.gov/Archives/edgar/data/860730/000119312513077574/0001193125-13-077574-index.html,https://www.sec.gov/Archives/edgar/data/860730/000119312513077574/d453828d10k.htm,1620592976,16:42:56,20210509
33,2012-09-30,HCA,USD,2012-11-06 00:00:00,2012-11-06 17:05:09,Q3,8062000000,1375000000.0,6687000000.0,0.8294467873976681,0.0,3781000000.0,0.0,0.0,6946000000.0,6946000000,446000000.0,417000000,1533000000,0.1901513272140908,1116000000,0.1384271892830563,7000000.0,677000000,0.08397419995038452,222000000,360000000,0.04465393202679236,0.82,0.78,440899000,459515000,https://www.sec.gov/Archives/edgar/data/860730/000119312512454785/0001193125-12-454785-index.html,https://www.sec.gov/Archives/edgar/data/860730/000119312512454785/d414854d10q.htm,1620592976,16:42:56,20210509
34,2012-06-30,HCA,USD,2012-08-06 00:00:00,2012-08-06 07:31:37,Q2,8112000000,1422000000.0,6690000000.0,0.8247041420118343,0.0,3707000000.0,0.0,0.0,6963000000.0,6963000000,448000000.0,420000000,1569000000,0.1934171597633136,1149000000,0.14164201183431951,-2000000.0,699000000,0.08616863905325443,214000000,391000000,0.04820019723865878,0.89,0.85,439473000,458621000,https://www.sec.gov/Archives/edgar/data/860730/000119312512336196/0001193125-12-336196-index.html,https://www.sec.gov/Archives/edgar/data/860730/000119312512336196/d366482d10q.htm,1620592976,16:42:56,20210509
35,2012-05-30,HCA,USD,2012-08-06 00:00:00,2012-08-06 07:31:37,Q2,9153000000,0.0,9153000000.0,1.0,0.0,-53000000.0,0.0,1493000000.0,1493000000.0,1493000000,-442000000.0,-431000000,268000000,0.02928001748060745,699000000,0.07636840380203212,0.0,699000000,0.07636840380203212,214000000,485000000,0.05298809133617393,1.1074677578458954,1.0582310740281728,437936000,458312000,https://www.sec.gov/Archives/edgar/data/860730/000119312512336196/0001193125-12-336196-index.html,https://www.sec.gov/Archives/edgar/data/860730/000119312512336196/d366482d10q.htm,1620592976,16:42:56,20210509
36,2012-03-31,HCA,USD,2012-05-09,2012-05-08 18:41:04,Q1,9199000000,1419000000.0,7780000000.0,0.84574410261985,0.0,3736000000.0,0.0,0.0,6999000000.0,7804000000,442000000.0,417000000,1812000000,0.19697793238395478,1395000000,0.15164691814327644,10000000.0,963000000,0.10468529187955213,324000000,540000000,0.058702032829655394,1.23,1.18,437936000,458312000,https://www.sec.gov/Archives/edgar/data/860730/000119312512075882/d264514d10k.htm,https://www.sec.gov/Archives/edgar/data/860730/000119312512075882/d264514d10k.htm,1620592976,16:42:56,20210509
37,2011-12-31,HCA,USD,2012-02-24 00:00:00,2012-02-23 19:32:31,Q4,8338000000,1346000000.0,6992000000.0,0.8385704005756777,0.0,3492000000.0,0.0,0.0,6517000000.0,7127000000,465000000.0,387000000,1598000000,0.1916526745022787,1211000000,0.14523866634684576,1043000000.0,2454000000,0.29431518349724156,412000000,1935000000,0.23207004077716478,4.418453838003726,4.418453838003726,437936000,437936000,https://www.sec.gov/Archives/edgar/data/860730/000119312512075882/0001193125-12-075882-index.html,https://www.sec.gov/Archives/edgar/data/860730/000119312512075882/d264514d10k.htm,1620592976,16:42:56,20210509
38,2011-09-30,HCA,USD,2011-11-09 00:00:00,2011-11-09 17:11:42,Q3,8050000000,1263000000.0,6787000000.0,0.8431055900621118,0.0,3333000000.0,0.0,0.0,6208000000.0,7068000000,519000000.0,362000000,1344000000,0.16695652173913045,982000000,0.12198757763975156,68000000.0,123000000,0.015279503105590063,-23000000,61000000,0.007577639751552795,0.12,0.11,508417000,527515000,https://www.sec.gov/Archives/edgar/data/860730/000119312511304797/0001193125-11-304797-index.html,https://www.sec.gov/Archives/edgar/data/860730/000119312511304797/d245223d10q.htm,1620592976,16:42:56,20210509
39,2011-06-30,HCA,USD,2011-08-05 00:00:00,2011-08-05 16:37:17,Q2,8063000000,1295000000.0,6768000000.0,0.8393898052833932,0.0,3320000000.0,0.0,0.0,6187000000.0,7074000000,520000000.0,358000000,1347000000,0.1670594071685477,989000000,0.12265905990326181,-2000000.0,467000000,0.0579188887510852,147000000,229000000,0.028401339451816943,0.44,0.43,516448000,538557000,https://www.sec.gov/Archives/edgar/data/860730/000095012311073723/0000950123-11-073723-index.html,https://www.sec.gov/Archives/edgar/data/860730/000095012311073723/g27343e10vq.htm,1620592976,16:42:56,20210509
40,2011-03-31,HCA,USD,2011-05-11 00:00:00,2011-05-11 17:19:29,Q1,8055000000,1275000000.0,6780000000.0,0.8417132216014898,0.0,3295000000.0,0.0,0.0,6174000000.0,6899000000,533000000.0,358000000,1514000000,0.18795779019242706,1156000000,0.1435133457479826,76000000.0,517000000,0.06418373680943514,183000000,240000000,0.0297951582867784,0.54,0.52,444202000,461969000,https://www.sec.gov/Archives/edgar/data/860730/000095012311048955/0000950123-11-048955-index.html,https://www.sec.gov/Archives/edgar/data/860730/000095012311048955/g25291e10vq.htm,1620592976,16:42:56,20210509
41,2010-12-31,HCA,USD,2011-02-17 00:00:00,2011-02-17 17:18:52,Q4,7736000000,1276000000.0,6460000000.0,0.8350568769389866,0.0,3202000000.0,0.0,0.0,4721000000.0,6720000000,526000000.0,359000000,1375000000,0.1777404343329886,1016000000,0.1313340227507756,72000000.0,564000000,0.07290589451913133,170000000,283000000,0.03658221302998966,0.6370975367062732,0.6370975367062732,444202000,444202000,https://www.sec.gov/Archives/edgar/data/860730/000095012311015233/0000950123-11-015233-index.html,https://www.sec.gov/Archives/edgar/data/860730/000095012311015233/g25905e10vk.htm,1620592976,16:42:56,20210509
42,2010-09-30,HCA,USD,2010-11-09 00:00:00,2010-11-09 08:12:30,Q3,7647000000,1234000000.0,6413000000.0,0.8386295279194456,0.0,3134000000.0,0.0,0.0,5921000000.0,6709000000,525000000.0,352000000,1290000000,0.16869360533542566,938000000,0.12266248201909245,57000000.0,468000000,0.0612004707728521,143000000,243000000,0.031777167516673206,0.569547,0.555337,426655000,437572000,https://www.sec.gov/Archives/edgar/data/860730/000095012310102905/0000950123-10-102905-index.html,https://www.sec.gov/Archives/edgar/data/860730/000095012310102905/g24969e10vq.htm,1620592976,16:42:56,20210509
43,2010-06-30,HCA,USD,2010-08-11 00:00:00,2010-08-11 16:56:56,Q2,7756000000,1251000000.0,6505000000.0,0.8387055183084065,0.0,3076000000.0,0.0,0.0,6621000000.0,6696000000,530000000.0,355000000,1415000000,0.18243940175348117,1060000000,0.13666838576585869,-16000000.0,514000000,0.06627127385250128,136000000,293000000,0.03777720474471377,0.686738,0.669604,426655000,437572000,https://www.sec.gov/Archives/edgar/data/860730/000095012310076187/0000950123-10-076187-index.html,https://www.sec.gov/Archives/edgar/data/860730/000095012310076187/g24145e10vq.htm,1620592976,16:42:56,20210509
44,2010-03-31,HCA,USD,2010-05-07 00:00:00,2010-05-07 08:36:13,Q1,7544000000,1200000000.0,6344000000.0,0.8409331919406151,0.0,3072000000.0,0.0,0.0,6325000000.0,6393000000,516000000.0,355000000,1506000000,0.1996288441145281,1151000000,0.15257158006362673,50000000.0,685000000,0.09080063626723224,209000000,388000000,0.05143160127253447,0.9094,0.886711,426655000,437572000,https://www.sec.gov/Archives/edgar/data/860730/000095012310046003/0000950123-10-046003-index.html,https://www.sec.gov/Archives/edgar/data/860730/000095012310046003/g23020e10vq.htm,1620592976,16:42:56,20210509
45,2009-12-31,HCA,USD,2010-03-01 00:00:00,2010-03-01 14:55:35,Q4,7605000000,1241000000.0,6364000000.0,0.8368178829717291,0.0,3078000000.0,0.0,0.0,3344000000.0,6684000000,500000000.0,358000000,1279000000,0.16817882971729126,921000000,0.12110453648915187,37000000.0,451000000,0.05930309007232084,147000000,216000000,0.028402366863905324,0.5062638431519612,0.5062638431519612,426655000,426655000,https://www.sec.gov/Archives/edgar/data/860730/000095012310019197/0000950123-10-019197-index.html,https://www.sec.gov/Archives/edgar/data/860730/000095012310019197/g22062e10vk.htm,1620592976,16:42:56,20210509
46,2009-09-30,HCA,USD,2009-11-12 00:00:00,2009-11-12 17:28:25,Q3,7533000000,1206000000.0,6327000000.0,0.8399044205495818,0.0,3013000000.0,0.0,0.0,6614000000.0,6667000000,510000000.0,354000000,1220000000,0.16195406876410462,866000000,0.1149608389751759,50000000.0,406000000,0.053896190096906944,132000000,196000000,0.026018850391610247,0.459388,0.447926,426655000,437572000,https://www.sec.gov/Archives/edgar/data/860730/000095012309061876/0000950123-09-061876-index.html,https://www.sec.gov/Archives/edgar/data/860730/000095012309061876/g20934e10vq.htm,1620592976,16:42:56,20210509
47,2009-06-30,HCA,USD,2009-08-14 00:00:00,2009-08-14 17:12:52,Q2,7483000000,4155000000.0,3328000000.0,0.44474141387144195,0.0,0.0,0.0,0.0,6444000000.0,6505000000,506000000.0,360000000,1338000000,0.1788052919951891,978000000,0.13069624482159561,54000000.0,526000000,0.07029266337030603,161000000,282000000,0.037685420285981555,0.660956,0.644465,426655000,437572000,https://www.sec.gov/Archives/edgar/data/860730/000095012309035541/0000950123-09-035541-index.html,https://www.sec.gov/Archives/edgar/data/860730/000095012309035541/g19888e10vq.htm,1620592976,16:42:56,20210509
48,2009-03-31,HCA,USD,2009-05-14 00:00:00,2009-05-14 17:10:30,Q1,7431000000,4133000000.0,3298000000.0,0.443816444623873,0.0,0.0,0.0,0.0,6327000000.0,6395000000,471000000.0,353000000,1389000000,0.1869196608800969,1036000000,0.13941596016686852,54000000.0,619000000,0.08329969048580271,187000000,360000000,0.04844570044408559,0.843773,0.822722,426655000,437572000,https://www.sec.gov/Archives/edgar/data/860730/000095014409004304/0000950144-09-004304-index.html,https://www.sec.gov/Archives/edgar/data/860730/000095014409004304/g18802e10vq.htm,1620592976,16:42:56,20210509
49,2008-12-31,HCA,USD,2009-03-04 00:00:00,2009-03-04 17:10:32,Q4,7265000000,1157000000.0,6108000000.0,0.8407432897453544,0.0,2877000000.0,0.0,0.0,6382000000.0,6435000000,500000000.0,354000000,1184000000,0.16297315898141776,830000000,0.11424638678596008,117000000.0,311000000,0.0428079834824501,35000000,276000000,0.03799036476256022,0.6468926884719504,0.6468926884719504,426655000,426655000,https://www.sec.gov/Archives/edgar/data/860730/000095014409001868/0000950144-09-001868-index.html,https://www.sec.gov/Archives/edgar/data/860730/000095014409001868/g17725e10vk.htm,1620592976,16:42:56,20210509
50,2008-09-30,HCA,USD,2008-11-13 00:00:00,2008-11-13 12:11:26,Q3,7002000000,1141000000.0,5861000000.0,0.8370465581262496,0.0,2883000000.0,0.0,0.0,6299000000.0,6339000000,497000000.0,350000000,1013000000,0.144672950585547,663000000,0.0946872322193659,95000000.0,163000000,0.02327906312482148,77000000,86000000,0.01228220508426164,0.201568,0.196539,426655000,437572000,https://www.sec.gov/Archives/edgar/data/860730/000095014408008563/0000950144-08-008563-index.html,https://www.sec.gov/Archives/edgar/data/860730/000095014408008563/g16237e10vq.htm,1620592976,16:42:56,20210509
51,2008-06-30,HCA,USD,2008-08-13 00:00:00,2008-08-13 12:52:00,Q2,6980000000,3990000000.0,2990000000.0,0.4283667621776504,0.0,0.0,0.0,0.0,6231000000.0,6294000000,494000000.0,355000000,1041000000,0.1491404011461318,686000000,0.09828080229226362,43000000.0,179000000,0.025644699140401146,38000000,141000000,0.020200573065902578,0.330478,0.322233,426655000,437572000,https://www.sec.gov/Archives/edgar/data/860730/000095014408006423/0000950144-08-006423-index.html,https://www.sec.gov/Archives/edgar/data/860730/000095014408006423/g14359e10vq.htm,1620592976,16:42:56,20210509
52,2008-03-31,HCA,USD,2008-05-12 00:00:00,2008-05-12 15:32:29,Q1,7127000000,1173000000.0,5954000000.0,0.8354146204574154,0.0,2839000000.0,0.0,0.0,6304000000.0,6304000000,530000000.0,357000000,1180000000,0.1655675599831626,823000000,0.11547635751368036,-5000000.0,288000000,0.04040970955521257,118000000,170000000,0.02385295355689631,0.398448,0.388507,426655000,437572000,https://www.sec.gov/Archives/edgar/data/860730/000095014408003991/0000950144-08-003991-index.html,https://www.sec.gov/Archives/edgar/data/860730/000095014408003991/g13045e10vq.htm,1620592976,16:42:56,20210509
53,2007-12-31,HCA,USD,2008-03-28,2008-03-27 21:54:34,Q4,6883000000,1111000000.0,5772000000.0,0.8385878250762748,0.0,2712000000.0,0.0,0.0,6084000000.0,6092000000,541000000.0,354000000,1145000000,0.16635188144704344,791000000,0.11492081941014093,99000000.0,349000000,0.05070463460700276,71000000,278000000,0.040389365102426265,0.6515803166492834,0.6515803166492834,426655000,426655000,https://www.sec.gov/Archives/edgar/data/860730/000095014408002348/g12029e10vk.htm,https://www.sec.gov/Archives/edgar/data/860730/000095014408002348/g12029e10vk.htm,1620592976,16:42:56,20210509
54,2007-09-30,HCA,USD,2007-11-08 00:00:00,2007-11-08 16:22:41,Q3,6569000000,1085000000.0,5484000000.0,0.8348302633581975,0.0,2701000000.0,0.0,0.0,5942000000.0,5942000000,560000000.0,356000000,983000000,0.14964225909575277,627000000,0.09544831785659917,272000000.0,339000000,0.051606028314811994,39000000,300000000,0.04566905160602831,0.703144,0.685601,426655000,437572000,https://www.sec.gov/Archives/edgar/data/860730/000095014407010129/0000950144-07-010129-index.html,https://www.sec.gov/Archives/edgar/data/860730/000095014407010129/g10130e10vq.htm,1620592976,16:42:56,20210509
55,2007-06-30,HCA,USD,2007-08-14 00:00:00,2007-08-14 16:36:47,Q2,6729000000,1096000000.0,5633000000.0,0.8371229008768019,0.0,2654000000.0,0.0,0.0,5910000000.0,5910000000,557000000.0,361000000,1180000000,0.17536038044285926,819000000,0.12171199286669639,-68000000.0,194000000,0.02883043542874127,78000000,116000000,0.01723881706048447,0.271882,0.265099,426655000,437572000,https://www.sec.gov/Archives/edgar/data/860730/000095014407007864/0000950144-07-007864-index.html,https://www.sec.gov/Archives/edgar/data/860730/000095014407007864/g08614e10vq.htm,1620592976,16:42:56,20210509
56,2007-03-31,HCA,USD,2007-05-15 00:00:00,2007-05-15 15:33:13,Q1,6677000000,1103000000.0,5574000000.0,0.8348060506215366,0.0,2647000000.0,0.0,0.0,5756000000.0,5756000000,557000000.0,355000000,1276000000,0.19110378912685339,921000000,0.13793619889171785,-56000000.0,308000000,0.04612850082372323,128000000,180000000,0.026958214767110977,0.421887,0.411361,426655000,437572000,https://www.sec.gov/Archives/edgar/data/860730/000095014407004876/0000950144-07-004876-index.html,https://www.sec.gov/Archives/edgar/data/860730/000095014407004876/g06992e10vq.htm,1620592976,16:42:56,20210509
57,2006-12-31,HCA,USD,2007-03-27,2007-03-27 15:48:12,Q4,6489000000,1071000000.0,5418000000.0,0.8349514563106796,0.0,2593000000.0,0.0,0.0,5564000000.0,5559000000,373000000.0,346000000,1276000000,0.19664046848512867,930000000,0.14331946370781323,-354000000.0,203000000,0.03128371089536138,81000000,122000000,0.01880104792726152,0.2859453188173114,0.2859453188173114,426655000,426655000,https://www.sec.gov/Archives/edgar/data/860730/000095014407002713/g05969e10vk.htm,https://www.sec.gov/Archives/edgar/data/860730/000095014407002713/g05969e10vk.htm,1620592976,16:42:56,20210509
58,2006-09-30,HCA,USD,2006-10-31,2006-10-30 21:45:05,Q3,6213000000,1046000000.0,5167000000.0,0.8316433285047481,0.0,2600000000.0,0.0,0.0,5642000000.0,5625000000,200000000.0,348000000,936000000,0.15065185900531144,588000000,0.09464027040077258,-12000000.0,376000000,0.0605182681474328,136000000,240000000,0.0386286817962337,0.59,0.58,403461000,411151000,https://www.sec.gov/Archives/edgar/data/860730/000095014406009947/g03789e10vq.htm,https://www.sec.gov/Archives/edgar/data/860730/000095014406009947/g03789e10vq.htm,1620592976,16:42:56,20210509
59,2006-06-30,HCA,USD,2006-08-04,2006-08-04 16:31:16,Q2,6360000000,1091000000.0,5269000000.0,0.8284591194968554,0.0,0.0,0.0,0.0,5636000000.0,5648000000,196000000.0,352000000,1064000000,0.16729559748427672,712000000,0.1119496855345912,51000000.0,475000000,0.07468553459119497,180000000,295000000,0.046383647798742135,0.73,0.72,402081000,408202000,https://www.sec.gov/Archives/edgar/data/860730/000095014406007372/g02531e10vq.htm,https://www.sec.gov/Archives/edgar/data/860730/000095014406007372/g02531e10vq.htm,1620592976,16:42:56,20210509
60,2006-03-31,HCA,USD,2006-05-10,2006-05-10 14:46:58,Q1,6415000000,1114000000.0,5301000000.0,0.826344505066251,0.0,0.0,0.0,0.0,5556000000.0,5567000000,186000000.0,345000000,1193000000,0.18597038191738113,848000000,0.13219017926734217,55000000.0,607000000,0.0946219797349961,228000000,379000000,0.05908028059236165,0.94,0.92,404666000,411274000,https://www.sec.gov/Archives/edgar/data/860730/000095014406002233/g99681e10vk.htm,https://www.sec.gov/Archives/edgar/data/860730/000095014406002233/g99681e10vk.htm,1620592976,16:42:56,20210509
61,2005-12-31,HCA,USD,2006-03-14,2006-03-14 17:23:13,Q4,6178000000,1024000000.0,5154000000.0,0.834250566526384,0.0,0.0,0.0,0.0,5502000000.0,5507000000,166000000.0,336000000,1007000000,0.16299773389446423,671000000,0.10861120103593395,95000000.0,508000000,0.08222725801230171,183000000,325000000,0.05260602136613791,0.803131471386279,0.803131471386279,404666000,404666000,https://www.sec.gov/Archives/edgar/data/860730/000095014406002233/g99681e10vk.htm,https://www.sec.gov/Archives/edgar/data/860730/000095014406002233/g99681e10vk.htm,1620592976,16:42:56,20210509
62,2005-09-30,HCA,USD,2005-11-08,2005-11-08 16:33:43,Q3,6025000000,1009000000.0,5016000000.0,0.8325311203319502,0.0,0.0,0.0,0.0,5413000000.0,5413000000,160000000.0,337000000,949000000,0.15751037344398341,612000000,0.10157676348547717,43000000.0,409000000,0.06788381742738589,129000000,280000000,0.046473029045643155,0.63,0.62,448654000,454878000,https://www.sec.gov/Archives/edgar/data/860730/000095014405011360/g97864e10vq.htm,https://www.sec.gov/Archives/edgar/data/860730/000095014405011360/g97864e10vq.htm,1620592976,16:42:56,20210509
63,2005-06-30,HCA,USD,2005-08-04 00:00:00,2005-08-04 16:49:54,Q2,6070000000,1042000000.0,5028000000.0,0.82833607907743,0.0,0.0,0.0,0.0,5316000000.0,5316000000,165000000.0,364000000,1118000000,0.18418451400329489,754000000,0.1242174629324547,78000000.0,569000000,0.09373970345963756,164000000,405000000,0.06672158154859967,0.91,0.9,443489000,451731000,https://www.sec.gov/Archives/edgar/data/860730/000095014405008223/0000950144-05-008223-index.html,https://www.sec.gov/Archives/edgar/data/860730/000095014405008223/g96438e10vq.htm,1620592976,16:42:56,20210509
64,2005-03-31,HCA,USD,2005-05-06,2005-05-06 16:21:00,Q1,6182000000,1051000000.0,5131000000.0,0.8299902944031058,0.0,0.0,0.0,0.0,5315000000.0,5315000000,164000000.0,337000000,1204000000,0.19475897767712713,867000000,0.14024587512131997,40000000.0,663000000,0.10724684568100938,249000000,414000000,0.06696861857004206,0.97,0.95,427675000,435660000,https://www.sec.gov/Archives/edgar/data/860730/000095014405002397/g93199e10vk.htm,https://www.sec.gov/Archives/edgar/data/860730/000095014405002397/g93199e10vk.htm,1620592976,16:42:56,20210509
65,2004-12-31,HCA,USD,2005-03-11,2005-03-11 15:06:27,Q4,5940000000,0.0,0.0,0.0,0.0,0.0,0.0,0.0,0.0,5255000000,0.0,318000000,1003000000,0.16885521885521884,685000000,0.11531986531986532,0.0,482000000,0.08114478114478114,160000000,322000000,0.054208754208754206,0.7529081662477348,0.7529081662477348,427675000,427675000,https://www.sec.gov/Archives/edgar/data/860730/000095014405002397/g93199e10vk.htm,https://www.sec.gov/Archives/edgar/data/860730/000095014405002397/g93199e10vk.htm,1620592976,16:42:56,20210509
66,2004-09-30,HCA,USD,2004-11-09,2004-11-09 12:14:42,Q3,5792000000,0.0,0.0,0.0,0.0,0.0,0.0,0.0,0.0,5241000000,0.0,314000000,865000000,0.1493439226519337,551000000,0.09513121546961326,0.0,367000000,0.06336325966850828,140000000,227000000,0.039191988950276244,0.4718334157829317,0.46470304042711735,481102000,488484000,https://www.sec.gov/Archives/edgar/data/860730/000095014404010708/g91454e10vq.htm,https://www.sec.gov/Archives/edgar/data/860730/000095014404010708/g91454e10vq.htm,1620592976,16:42:56,20210509
67,2004-06-30,HCA,USD,2004-08-06,2004-08-06 12:43:08,Q2,5833000000,0.0,0.0,0.0,0.0,0.0,0.0,0.0,0.0,5097000000,0.0,315000000,1051000000,0.18018172466998114,736000000,0.1261786387793588,0.0,565000000,0.0968626778673067,213000000,352000000,0.06034630550317161,0.73,0.72,482159000,490261000,https://www.sec.gov/Archives/edgar/data/860730/000095014404007848/g90080e10vq.htm,https://www.sec.gov/Archives/edgar/data/860730/000095014404007848/g90080e10vq.htm,1620592976,16:42:56,20210509
68,2004-03-31,HCA,USD,2004-05-06,2004-05-06 17:04:48,Q1,5937000000,0.0,0.0,0.0,0.0,0.0,0.0,0.0,0.0,5205000000,0.0,303000000,1035000000,0.17433046993431026,732000000,0.12329459322890349,0.0,559000000,0.09415529728819269,214000000,345000000,0.05811015664477009,0.71,0.69,487727000,497621000,https://www.sec.gov/Archives/edgar/data/860730/000095014404002392/g87412e10vk.htm,https://www.sec.gov/Archives/edgar/data/860730/000095014404002392/g87412e10vk.htm,1620592976,16:42:56,20210509
69,2003-12-31,HCA,USD,2004-03-12,2004-03-12 14:16:46,Q4,5597000000,0.0,0.0,0.0,0.0,0.0,0.0,0.0,0.0,4937000000,0.0,290000000,950000000,0.16973378595676256,660000000,0.11792031445417188,0.0,503000000,0.08986957298552796,186000000,317000000,0.056637484366624975,0.6499537651186011,0.6499537651186011,487727000,487727000,https://www.sec.gov/Archives/edgar/data/860730/000095014404002392/g87412e10vk.htm,https://www.sec.gov/Archives/edgar/data/860730/000095014404002392/g87412e10vk.htm,1620592976,16:42:56,20210509
70,2003-09-30,HCA,USD,2003-11-13,2003-11-13 12:20:32,Q3,5471000000,0.0,0.0,0.0,0.0,0.0,0.0,0.0,0.0,4812000000,0.0,283000000,942000000,0.17218058855785048,659000000,0.12045329921403765,0.0,498000000,0.09102540668981905,192000000,306000000,0.05593127399012977,0.62,0.61,497424000,505612000,https://www.sec.gov/Archives/edgar/data/860730/000095014403012752/g85400e10vq.htm,https://www.sec.gov/Archives/edgar/data/860730/000095014403012752/g85400e10vq.htm,1620592976,16:42:56,20210509
71,2003-06-30,HCA,USD,2003-08-11,2003-08-11 16:14:55,Q2,5467000000,0.0,0.0,0.0,0.0,0.0,0.0,0.0,0.0,4907000000,0.0,278000000,838000000,0.15328333638192793,560000000,0.10243277848911651,0.0,390000000,0.07133711359063472,150000000,240000000,0.043899762209621364,0.47362781142508686,0.46655210220601384,506727000,514412000,https://www.sec.gov/Archives/edgar/data/860730/000095014403009663/g83967e10vq.htm,https://www.sec.gov/Archives/edgar/data/860730/000095014403009663/g83967e10vq.htm,1620592976,16:42:56,20210509
72,2003-03-31,HCA,USD,2003-05-13,2003-05-13 17:33:38,Q1,5273000000,0.0,0.0,0.0,0.0,0.0,0.0,0.0,0.0,4355000000,0.0,261000000,1179000000,0.2235918831784563,918000000,0.17409444339085908,0.0,765000000,0.14507870282571592,296000000,469000000,0.08894367532713825,0.92,0.9,511287000,522361000,https://www.sec.gov/Archives/edgar/data/860730/000095014403004080/g80778e10vk.htm,https://www.sec.gov/Archives/edgar/data/860730/000095014403004080/g80778e10vk.htm,1620592976,16:42:56,20210509
73,2002-12-31,HCA,USD,2003-03-28,2003-03-28 17:16:34,Q4,5024000000,0.0,0.0,0.0,0.0,0.0,0.0,0.0,0.0,4968000000,0.0,258000000,314000000,0.0625,56000000,0.011146496815286623,0.0,-87000000,-0.01731687898089172,15000000,-102000000,-0.020302547770700636,-0.1994965645518075,-0.1994965645518075,511287000,511287000,https://www.sec.gov/Archives/edgar/data/860730/000095014403004080/g80778e10vk.htm,https://www.sec.gov/Archives/edgar/data/860730/000095014403004080/g80778e10vk.htm,1620592976,16:42:56,20210509
74,2002-09-30,HCA,USD,2002-11-14,2002-11-13 17:59:42,Q3,4929000000,0.0,0.0,0.0,0.0,1999000000.0,0.0,0.0,0.0,4449000000,0.0,253000000,733000000,0.1487117062284439,480000000,0.09738283627510651,0.0,335000000,0.06796510448366809,135000000,200000000,0.04057618178129438,0.39,0.38,513986000,527260000,https://www.sec.gov/Archives/edgar/data/860730/000095014402011678/g78993e10vq.htm,https://www.sec.gov/Archives/edgar/data/860730/000095014402011678/g78993e10vq.htm,1620592976,16:42:56,20210509
75,2002-06-30,HCA,USD,2002-08-14,2002-08-13 17:43:27,Q2,4903000000,0.0,0.0,0.0,0.0,1960000000.0,0.0,0.0,0.0,4172000000,0.0,255000000,986000000,0.2011013665102998,731000000,0.14909239241280847,0.0,581000000,0.11849887823781359,231000000,350000000,0.07138486640832144,0.68,0.66,513185000,528068000,https://www.sec.gov/Archives/edgar/data/860730/000095014402008475/g77539e10vq.htm,https://www.sec.gov/Archives/edgar/data/860730/000095014402008475/g77539e10vq.htm,1620592976,16:42:56,20210509
76,2002-03-31,HCA,USD,2002-03-31,2002-03-31,Q1,4873000000,0.0,0.0,0.0,0.0,1930000000.0,0.0,0.0,0.0,4091000000,0.0,244000000,1026000000,0.2105479170941925,782000000,0.16047609275600247,0.0,626000000,0.12846295916273343,241000000,385000000,0.07900677200902935,0.76,0.74,508411000,521588000,,,1620592976,16:42:56,20210509
77,2001-12-31,HCA,USD,2002-04-01,2002-04-01,Q4,4538000000,0.0,0.0,0.0,0.0,1867000000.0,0.0,0.0,0.0,4263000000,0.0,274000000,549000000,0.12097840458351697,275000000,0.060599382988100484,-21000000.0,109000000,0.024019391802556193,51000000,41000000,0.009034817100044073,0.08064341644850327,0.08064341644850327,508411000,508411000,https://www.sec.gov/Archives/edgar/data/860730/000095014402003256/0000950144-02-003256-index.htm,https://www.sec.gov/Archives/edgar/data/860730/000095014402003256/g74708e10-k405.txt,1620592976,16:42:56,20210509
78,2001-09-30,HCA,USD,2001-11-14 00:00:00,2001-11-14 00:00:00,Q3,4438000000,0.0,0.0,0.0,0.0,1808000000.0,0.0,0.0,0.0,3828000000,0.0,255000000,865000000,0.19490761604326273,610000000,0.13744930148715637,-17000000.0,423000000,0.09531320414601172,167000000,256000000,0.05768364127985579,0.5,0.48,513873000,529491000,https://www.sec.gov/Archives/edgar/data/860730/000095014401509091/0000950144-01-509091-index.html,https://www.sec.gov/Archives/edgar/data/860730/000095014401509091/g72542e10-q.htm,1620592976,16:42:56,20210509
79,2001-06-30,HCA,USD,2001-08-14 00:00:00,2001-08-14 00:00:00,Q2,4476000000,0.0,0.0,0.0,0.0,1822000000.0,0.0,0.0,0.0,3864000000,0.0,262000000,874000000,0.19526362823949955,612000000,0.13672922252010725,-13000000.0,891000000,0.19906166219839141,168000000,263000000,0.058757819481680074,0.49,0.48,531617000,545815000,https://www.sec.gov/Archives/edgar/data/860730/000095014401505928/0000950144-01-505928-index.html,https://www.sec.gov/Archives/edgar/data/860730/000095014401505928/g70963e10-q.txt,1620592976,16:42:56,20210509
80,2001-03-31,HCA,USD,2001-05-11 00:00:00,2001-05-11 00:00:00,Q1,4501000000,0.0,0.0,0.0,0.0,1782000000.0,0.0,0.0,0.0,3773000000,0.0,257000000,985000000,0.21884025772050655,728000000,0.16174183514774496,-14000000.0,542000000,0.12041768495889803,216000000,326000000,0.07242834925572095,0.6,0.59,541381000,554818000,https://www.sec.gov/Archives/edgar/data/860730/000095014401502000/0000950144-01-502000-index.html,https://www.sec.gov/Archives/edgar/data/860730/000095014401502000/g69068e10-q.txt,1620592976,16:42:56,20210509
81,2000-12-31,HCA,USD,2001-03-30,2001-03-30,Q4,4173000000,0.0,0.0,0.0,0.0,1683000000.0,0.0,0.0,0.0,3891000000,0.0,255000000,537000000,0.1286843997124371,282000000,0.06757728253055356,-21000000.0,101000000,0.02420321111909897,80000000,21000000,0.0050323508267433505,0.03878968785384045,0.03878968785384045,541381000,541381000,https://www.sec.gov/Archives/edgar/data/860730/000095014401004301/0000950144-01-004301-index.htm,https://www.sec.gov/Archives/edgar/data/860730/000095014401004301/g67490e10-k.txt,1620592976,16:42:56,20210509
82,2000-09-30,HCA,USD,2000-11-08 00:00:00,2000-11-08 00:00:00,Q3,4093000000,0.0,0.0,0.0,0.0,1650000000.0,0.0,0.0,0.0,3611000000,0.0,257000000,739000000,0.18055216222819448,482000000,0.11776203273882238,-16000000.0,293000000,0.07158563400928414,119000000,174000000,0.042511605179574884,0.3142825146936107,0.3071654280014829,553642000,566470000,https://www.sec.gov/Archives/edgar/data/860730/000095014400013130/0000950144-00-013130-index.html,https://www.sec.gov/Archives/edgar/data/860730/000095014400013130/g64930e10-q.txt,1620592976,16:42:56,20210509
83,2000-06-30,HCA,USD,2000-08-07 00:00:00,2000-08-07 00:00:00,Q2,4133000000,0.0,0.0,0.0,0.0,1645000000.0,0.0,0.0,0.0,4326000000,0.0,265000000,72000000,0.017420759738688604,-193000000,-0.046697314299540285,-12000000.0,-711000000,-0.17203000241954997,-98000000,-272000000,-0.06581175901282361,-0.49,-0.49,554759000,554759000,https://www.sec.gov/Archives/edgar/data/860730/000095014400009475/0000950144-00-009475-index.html,https://www.sec.gov/Archives/edgar/data/860730/000095014400009475/e10-q.txt,1620592976,16:42:56,20210509
84,2000-03-31,HCA,USD,2000-05-11 00:00:00,2000-05-11 00:00:00,Q1,4271000000,0.0,0.0,0.0,0.0,1661000000.0,0.0,0.0,0.0,3621000000,0.0,256000000,906000000,0.21212830718801218,650000000,0.15218918286115662,-13000000.0,492000000,0.11519550456567548,196000000,296000000,0.06930461250292672,0.53,0.52,563239000,573054000,https://www.sec.gov/Archives/edgar/data/860730/000095014400006323/0000950144-00-006323-index.html,https://www.sec.gov/Archives/edgar/data/860730/0000950144-00-006323.txt,1620592976,16:42:56,20210509
85,1999-12-31,HCA,USD,1999-12-31,1999-12-31,Q4,3942000000,0.0,0.0,0.0,0.0,645000000.0,0.0,0.0,0.0,3401000000,0.0,1930000000,2471000000,0.6268391679350583,541000000,0.13723997970573312,-176000000.0,203000000,0.051496702181633686,112000000,91000000,0.023084728564180618,0.16156551659242346,0.16156551659242346,563239000,563239000,,,1620592976,16:42:56,20210509
86,1999-09-30,HCA,USD,1999-09-30,1999-09-30,Q3,3899000000,1351000000.0,2548000000.0,0.6535008976660682,0.0,1901000000.0,0.0,0.0,0.0,3514000000,0.0,262000000,647000000,0.16593998461143883,385000000,0.09874326750448834,-16000000.0,234000000,0.06001538856116953,96000000,138000000,0.035393690689920494,0.25,0.24,552000000,575000000,,,1620592976,16:42:56,20210509
87,1999-06-30,HCA,USD,1999-06-30,1999-06-30,Q2,4161000000,1480000000.0,2681000000.0,0.6443162701273732,0.0,2005000000.0,0.0,0.0,0.0,3763000000,0.0,278000000,676000000,0.16246094688776735,398000000,0.09565008411439557,-46000000.0,220000000,0.05287190579187695,114000000,106000000,0.02547464551790435,0.18,0.18,588888889,588888889,,,1620592976,16:42:56,20210509
88,1999-03-31,HCA,USD,1999-03-31,1999-03-31,Q1,4655000000,1614000000.0,3041000000.0,0.6532760472610096,0.0,2198000000.0,0.0,0.0,0.0,4108000000,0.0,296000000,843000000,0.18109559613319012,547000000,0.11750805585392052,-78000000.0,570000000,0.12244897959183673,248000000,322000000,0.06917293233082707,0.5,0.5,644000000,644000000,,,1620592976,16:42:56,20210509
89,1998-12-31,HCA,USD,1998-12-31,1998-12-31,Q4,4420000000,0.0,0.0,0.0,0.0,848000000.0,0.0,0.0,0.0,3953000000,0.0,2179000000,2646000000,0.5986425339366516,467000000,0.10565610859728507,-89000000.0,15000000,0.003393665158371041,38000000,-42000000,-0.009502262443438913,-0.06521739130434782,-0.06521739130434782,644000000,644000000,,,1620592976,16:42:56,20210509
90,1998-09-30,HCA,USD,1998-09-30,1998-09-30,Q3,4579000000,1644000000.0,2935000000.0,0.6409696440270801,0.0,2269000000.0,0.0,0.0,0.0,4225000000,0.0,312000000,666000000,0.14544660406202228,354000000,0.07730945621314697,-166000000.0,394000000,0.08604498798864381,231000000,146000000,0.03188469098056344,0.22,0.22,663636364,663636364,,,1620592976,16:42:56,20210509
91,1998-06-30,HCA,USD,1998-06-30,1998-06-30,Q2,4781000000,1680000000.0,3101000000.0,0.6486090775988287,0.0,2338000000.0,0.0,0.0,0.0,4329000000,0.0,311000000,763000000,0.1595900439238653,452000000,0.09454089102698181,2000000.0,291000000,0.06086592763020288,118000000,78000000,0.016314578540054383,0.12,0.12,650000000,650000000,,,1620592976,16:42:56,20210509
92,1998-03-31,HCA,USD,1998-03-31,1998-03-31,Q1,4901000000,1686000000.0,3215000000.0,0.655988573760457,0.0,2356000000.0,0.0,0.0,0.0,4351000000,0.0,309000000,859000000,0.1752703529891859,550000000,0.11222199551112018,4000000.0,381000000,0.07773923689043052,162000000,197000000,0.04019587839216487,0.31,0.31,635483871,635483871,,,1620592976,16:42:56,20210509
93,1997-12-31,HCA,USD,1997-12-31,1997-12-31,Q4,4374000000,0.0,0.0,0.0,0.0,1034000000.0,0.0,0.0,0.0,5190000000,0.0,2161000000,1345000000,0.3074988568815729,-816000000,-0.18655692729766804,-192000000.0,-1165000000,-0.26634659350708734,-416000000,-1293000000,-0.2956104252400549,-2.0346700506581388,-2.0346700506581388,635483871,635483871,,,1620592976,16:42:56,20210509
94,1997-09-30,HCA,USD,1997-09-30,1997-09-30,Q3,4612000000,1676000000.0,2936000000.0,0.6366001734605378,0.0,2264000000.0,0.0,0.0,0.0,4259000000,0.0,319000000,672000000,0.14570685169124023,353000000,0.07653946227233305,-45000000.0,150000000,0.03252385082393756,59000000,97000000,0.021032090199479617,0.16,0.16,606250000,606250000,,,1620592976,16:42:56,20210509
95,1997-06-30,HCA,USD,1997-06-30,1997-06-30,Q2,5187000000,1706000000.0,3481000000.0,0.6711008289955659,0.0,2345000000.0,0.0,0.0,0.0,4364000000,0.0,313000000,1136000000,0.21900906111432428,823000000,0.15866589550800078,35000000.0,688000000,0.13263929053402737,276000000,412000000,0.07942934258723733,0.62,0.62,664516129,664516129,,,1620592976,16:42:56,20210509
96,1997-03-31,HCA,USD,1997-03-31,1997-03-31,Q1,5328000000,1763000000.0,3565000000.0,0.6691066066066066,0.0,2364000000.0,0.0,0.0,0.0,4427000000,0.0,300000000,1201000000,0.2254129129129129,901000000,0.16910660660660662,62000000.0,800000000,0.15015015015015015,321000000,479000000,0.08990240240240241,0.63,0.62,760317460,772580645,,,1620592976,16:42:56,20210509
97,1996-12-31,HCA,USD,1996-12-31,1996-12-31,Q4,5138000000,0.0,0.0,0.0,0.0,1094000000.0,0.0,0.0,0.0,4160000000,0.0,2004000000,2982000000,0.5803814713896458,978000000,0.19034643830284156,0.0,693000000,0.13487738419618528,279000000,414000000,0.08057609964966914,0.5445093947993777,0.5445093947993777,760317460,760317460,,,1620592976,16:42:56,20210509
98,1996-09-30,HCA,USD,1996-11-12 00:00:00,1996-11-12 00:00:00,Q3,4887000000,1681000000.0,3206000000.0,0.6560261919377941,0.0,2266000000.0,0.0,0.0,0.0,4249000000,0.0,302000000,940000000,0.19234704317577245,638000000,0.13055043994270513,39000000.0,519000000,0.10620012277470842,208000000,311000000,0.06363822385921833,0.47,0.47,661702128,661702128,https://www.sec.gov/Archives/edgar/data/860730/000093066196001526/0000930661-96-001526-index.html,https://www.sec.gov/Archives/edgar/data/860730/0000930661-96-001526.txt,1620592976,16:42:56,20210509
99,1996-06-30,HCA,USD,1996-08-09 00:00:00,1996-08-09 00:00:00,Q2,4933000000,1675000000.0,3258000000.0,0.66045003040746,0.0,2253000000.0,0.0,0.0,0.0,4207000000,0.0,279000000,1005000000,0.203729981755524,726000000,0.14717210622339347,47000000.0,608000000,0.12325157105209811,244000000,364000000,0.07378876951145348,0.54,0.54,674074074,674074074,https://www.sec.gov/Archives/edgar/data/860730/000093066196000959/0000930661-96-000959-index.html,https://www.sec.gov/Archives/edgar/data/860730/0000930661-96-000959.txt,1620592976,16:42:56,20210509
100,1996-03-31,HCA,USD,1996-04-01 00:00:00,1996-04-01 00:00:00,Q1,4951000000,1642000000.0,3309000000.0,0.6683498283175117,0.0,2229000000.0,0.0,0.0,0.0,4139000000,0.0,268000000,1080000000,0.21813774994950516,812000000,0.16400727125833164,41000000.0,695000000,0.1403756816804686,279000000,416000000,0.08402342961017976,0.62,0.61,670967742,681967213,https://www.sec.gov/Archives/edgar/data/860730/000093066196000230/0000930661-96-000230-index.html,https://www.sec.gov/Archives/edgar/data/860730/0000930661-96-000230.txt,1620592976,16:42:56,20210509
101,1995-12-31,HCA,USD,1996-04-01 00:00:00,1996-04-01 00:00:00,Q4,4583000000,0.0,0.0,0.0,0.0,1064000000.0,0.0,0.0,0.0,4166000000,0.0,1711000000,2128000000,0.4643246781584115,417000000,0.09098843552258346,0.0,590000000,0.12873663539166486,236000000,354000000,0.07724198123499891,0.5275961537954235,0.5275961537954235,670967742,670967742,https://www.sec.gov/Archives/edgar/data/860730/000093066196000230/0000930661-96-000230-index.html,https://www.sec.gov/Archives/edgar/data/860730/0000930661-96-000230.txt,1620592976,16:42:56,20210509
102,1995-09-30,HCA,USD,1995-11-13 00:00:00,1995-11-13 00:00:00,Q3,4371000000,1505000000.0,2866000000.0,0.6556851978952185,0.0,2046000000.0,0.0,0.0,0.0,3802000000,0.0,251000000,820000000,0.18760009151223977,569000000,0.13017616106154198,29000000.0,457000000,0.10455273392816289,183000000,267000000,0.06108442004118051,0.4,0.4,667500000,667500000,https://www.sec.gov/Archives/edgar/data/860730/000093066195000430/0000930661-95-000430-index.html,https://www.sec.gov/Archives/edgar/data/860730/0000930661-95-000430.txt,1620592976,16:42:56,20210509
103,1995-06-30,HCA,USD,1995-08-14 00:00:00,1995-08-14 00:00:00,Q2,4361000000,1458000000.0,2903000000.0,0.6656730107773446,0.0,2012000000.0,0.0,0.0,0.0,3716000000,0.0,246000000,891000000,0.20431093785828938,645000000,0.14790185737216235,-369000000.0,130000000,0.029809676679660627,52000000,-18000000,-0.0041274936941068565,-0.03,-0.03,600000000,600000000,https://www.sec.gov/Archives/edgar/data/860730/000095013095001573/0000950130-95-001573-index.html,https://www.sec.gov/Archives/edgar/data/860730/0000950130-95-001573.txt,1620592976,16:42:56,20210509
104,1995-03-31,HCA,USD,1995-05-15 00:00:00,1995-05-15 00:00:00,Q1,3337000000,1106000000.0,2231000000.0,0.6685645789631406,0.0,1489000000.0,0.0,0.0,0.0,2772000000,0.0,177000000,742000000,0.22235540905004494,565000000,0.1693137548696434,19000000.0,486000000,0.14563979622415343,194000000,292000000,0.08750374587953251,0.53,0.53,550943396,550943396,https://www.sec.gov/Archives/edgar/data/860730/000086073095000004/0000860730-95-000004-index.html,https://www.sec.gov/Archives/edgar/data/860730/0000860730-95-000004.txt,1620592976,16:42:56,20210509
105,1994-12-31,HCA,USD,1995-03-31 00:00:00,1995-03-31 00:00:00,Q4,2937000000,0.0,0.0,0.0,0.0,0.0,0.0,0.0,0.0,2592000000,0.0,1049000000,1394000000,0.4746339802519578,345000000,0.11746680286006128,0.0,372000000,0.12665985699693566,145000000,227000000,0.07728975144705481,0.412020548114529,0.412020548114529,550943396,550943396,https://www.sec.gov/Archives/edgar/data/860730/000095010995001034/0000950109-95-001034-index.html,https://www.sec.gov/Archives/edgar/data/860730/0000950109-95-001034.txt,1620592976,16:42:56,20210509
106,1994-09-30,HCA,USD,1994-11-14 00:00:00,1994-11-14 00:00:00,Q3,2728000000,935000000.0,1793000000.0,0.657258064516129,0.0,1301000000.0,0.0,0.0,0.0,2388000000,0.0,152000000,492000000,0.18035190615835778,340000000,0.12463343108504399,15000000.0,289000000,0.1059384164222874,113000000,153000000,0.056085043988269793,0.29,0.29,527586207,527586207,https://www.sec.gov/Archives/edgar/data/860730/000086073094000028/0000860730-94-000028-index.html,https://www.sec.gov/Archives/edgar/data/860730/0000860730-94-000028.txt,1620592976,16:42:56,20210509
107,1994-06-30,HCA,USD,1994-08-12 00:00:00,1994-08-12 00:00:00,Q2,2689000000,926000000.0,1763000000.0,0.65563406470807,0.0,1241000000.0,0.0,0.0,0.0,2311000000,0.0,144000000,522000000,0.19412420974339903,378000000,0.14057270360728896,21000000.0,337000000,0.1253253997768687,132000000,205000000,0.07623651915210115,0.4,0.4,512500000,512500000,https://www.sec.gov/Archives/edgar/data/860730/000086073094000019/0000860730-94-000019-index.html,https://www.sec.gov/Archives/edgar/data/860730/0000860730-94-000019.txt,1620592976,16:42:56,20210509
108,1994-03-31,HCA,USD,1994-05-16 00:00:00,1994-05-16 00:00:00,Q1,2778000000,926000000.0,1852000000.0,0.6666666666666666,0.0,1263000000.0,0.0,0.0,0.0,2333000000,0.0,144000000,589000000,0.21202303815694745,445000000,0.160187185025198,-145000000.0,233000000,0.08387329013678906,96000000,45000000,0.016198704103671708,0.09,0.09,500000000,500000000,https://www.sec.gov/Archives/edgar/data/860730/000086073094000012/0000860730-94-000012-index.html,https://www.sec.gov/Archives/edgar/data/860730/0000860730-94-000012.txt,1620592976,16:42:56,20210509
