,date,symbol,reportedCurrency,fillingDate,acceptedDate,period,revenue,costOfRevenue,grossProfit,grossProfitRatio,researchAndDevelopmentExpenses,generalAndAdministrativeExpenses,sellingAndMarketingExpenses,otherExpenses,operatingExpenses,costAndExpenses,interestExpense,depreciationAndAmortization,ebitda,ebitdaratio,operatingIncome,operatingIncomeRatio,totalOtherIncomeExpensesNet,incomeBeforeTax,incomeBeforeTaxRatio,incomeTaxExpense,netIncome,netIncomeRatio,eps,epsdiluted,weightedAverageShsOut,weightedAverageShsOutDil,link,finalLink,timestamp,est_time,est_date
0,2020-03-31,PXLWD,USD,2020-05-08,2020-05-08 16:03:06,Q1,13774000.0,6999000.0,6775000.0,0.49186873820241034,6267000.0,5193000.0,0.0,592000.0,12052000.0,19051000.0,40000.0,1406000.0,-3871000.0,-0.2810367358791927,-5277000.0,-0.3831131116596486,54000.0,-5223000.0,-0.37919268186438215,176000.0,-5399000.0,-0.3919703789748802,-0.13891,-0.13891,38868000,38868000,https://www.sec.gov/Archives/edgar/data/1040161/000104016120000023/0001040161-20-000023-index.htm,https://www.sec.gov/Archives/edgar/data/1040161/000104016120000023/pxlw-2020331x10q.htm,1620596950,17:49:10,20210509
1,2019-12-31,PXLWD,USD,2020-03-11,2020-03-11 16:04:55,Q4,16023000.0,8723000.0,7300000.0,0.45559508206952504,6724000.0,5474000.0,0.0,0.0,12198000.0,20921000.0,35000.0,1404000.0,-3494000.0,-0.21806153654122198,-4898000.0,-0.3056855769830868,324000.0,-4574000.0,-0.2854646445734257,-118000.0,-4456000.0,-0.2781002309180553,-0.11464443758361634,-0.11772476288605321,38868000,37851000,https://www.sec.gov/Archives/edgar/data/1040161/000104016120000010/0001040161-20-000010-index.htm,https://www.sec.gov/Archives/edgar/data/1040161/000104016120000010/pxlw1231201910k.htm,1620596950,17:49:10,20210509
2,2019-09-30,PXLWD,USD,2019-11-08,2019-11-08 16:21:57,Q3,18057000.0,8710000.0,9347000.0,0.5176385889128869,6458000.0,5333000.0,0.0,0.0,11791000.0,20501000.0,41000.0,1423000.0,-1021000.0,-0.05654316885418397,-2444000.0,-0.1353491720662347,70000.0,-2374000.0,-0.13147255911834746,-68000.0,-2306000.0,-0.12770670654039984,-0.0612,-0.0612,37677000,37677000,https://www.sec.gov/Archives/edgar/data/1040161/000104016119000043/0001040161-19-000043-index.htm,https://www.sec.gov/Archives/edgar/data/1040161/000104016119000043/pxlw-2019930x10q.htm,1620596950,17:49:10,20210509
3,2019-06-30,PXLWD,USD,2019-08-12,2019-08-09 17:32:52,Q2,18027000.0,8651000.0,9376000.0,0.5201087258001886,6364000.0,4935000.0,0.0,398000.0,11697000.0,20348000.0,-84000.0,1289000.0,-1032000.0,-0.05724746214012315,-2321000.0,-0.1287513174682421,266000.0,-2055000.0,-0.11399567315693127,231000.0,-2286000.0,-0.12680978532201698,-0.061010435293175694,-0.060673620511187194,37469000,37677000,https://www.sec.gov/Archives/edgar/data/1040161/000104016119000035/0001040161-19-000035-index.htm,https://www.sec.gov/Archives/edgar/data/1040161/000104016119000035/pxlw-2019630x10q.htm,1620596950,17:49:10,20210509
4,2019-03-31,PXLWD,USD,2019-05-10,2019-05-10 16:00:40,Q1,16648000.0,8176000.0,8472000.0,0.5088899567515618,6472000.0,5460000.0,0.0,-66000.0,11932000.0,20108000.0,166000.0,1331000.0,-2129000.0,-0.12788322921672274,-3460000.0,-0.20783277270543007,3839000.0,379000.0,0.022765497357039886,408000.0,-29000.0,-0.0017419509851033157,-0.0007785861948613311,-0.000769700347692226,37247000,37677000,https://www.sec.gov/Archives/edgar/data/1040161/000104016119000018/0001040161-19-000018-index.htm,https://www.sec.gov/Archives/edgar/data/1040161/000104016119000018/pxlw-2019331x10q.htm,1620596950,17:49:10,20210509
5,2018-12-31,PXLWD,USD,2019-03-13,2019-03-13 16:02:28,Q4,20539000.0,9634000.0,10905000.0,0.5309411363747017,6673000.0,5310000.0,0.0,429000.0,12412000.0,22046000.0,176000.0,1312000.0,-195000.0,-0.009494133112615025,-1507000.0,-0.07337260820877355,-82000.0,-1589000.0,-0.07736501290228347,52000.0,-1641000.0,-0.07989678173231414,-0.04405723950922222,-0.0456353068772769,37247000,35959000,https://www.sec.gov/Archives/edgar/data/1040161/000104016119000008/0001040161-19-000008-index.htm,https://www.sec.gov/Archives/edgar/data/1040161/000104016119000008/pxlw12312018_10k.htm,1620596950,17:49:10,20210509
6,2018-09-30,PXLWD,USD,2018-11-09,2018-11-09 16:01:34,Q3,21472000.0,10235000.0,11237000.0,0.5233327123695977,5322000.0,5070000.0,0.0,414000.0,10806000.0,21041000.0,190000.0,1448000.0,1879000.0,0.08750931445603577,431000.0,0.020072652757078986,-112000.0,319000.0,0.01485655737704918,88000.0,231000.0,0.010758196721311475,0.00647,0.00647,35697000,35697000,https://www.sec.gov/Archives/edgar/data/1040161/000104016118000030/0001040161-18-000030-index.htm,https://www.sec.gov/Archives/edgar/data/1040161/000104016118000030/pxlw-2018930x10q.htm,1620596950,17:49:10,20210509
7,2018-06-30,PXLWD,USD,2018-08-10,2018-08-10 16:14:27,Q2,19251000.0,9717000.0,9534000.0,0.49524700015583606,6423000.0,4959000.0,0.0,602000.0,11984000.0,21701000.0,198000.0,1563000.0,-887000.0,-0.04607552854397174,-2450000.0,-0.1272661160459197,-131000.0,-2581000.0,-0.13407095735286478,32000.0,-2613000.0,-0.13573320866448496,-0.07372,-0.07372,35445000,35445000,https://www.sec.gov/Archives/edgar/data/1040161/000104016118000023/0001040161-18-000023-index.htm,https://www.sec.gov/Archives/edgar/data/1040161/000104016118000023/pxlw-2018630x10q.htm,1620596950,17:49:10,20210509
8,2018-03-31,PXLWD,USD,2018-05-10,2018-05-10 16:02:09,Q1,15292000.0,7490000.0,7802000.0,0.5102014125032697,4463000.0,4614000.0,0.0,19000.0,9096000.0,16586000.0,288000.0,1416000.0,122000.0,0.007978027726916035,-1294000.0,-0.08461940884122417,972000.0,-322000.0,-0.02105676170546691,276000.0,-598000.0,-0.03910541459586712,-0.017,-0.017,35183000,35183000,https://www.sec.gov/Archives/edgar/data/1040161/000104016118000014/0001040161-18-000014-index.htm,https://www.sec.gov/Archives/edgar/data/1040161/000104016118000014/pxlw-2018331x10q.htm,1620596950,17:49:10,20210509
9,2017-12-31,PXLWD,USD,2018-03-14,2018-03-14 16:04:40,Q4,18448000.0,9288000.0,9160000.0,0.49653078924544664,6695000.0,5068000.0,0.0,439000.0,12202000.0,21490000.0,247000.0,2335000.0,-707000.0,-0.03832393755420642,-3042000.0,-0.1648959236773634,0.0,-3961000.0,-0.21471162185602774,-409000.0,-3552000.0,-0.19254119687771032,-0.10095784896114601,-0.11273685212809852,35183000,31507000,https://www.sec.gov/Archives/edgar/data/1040161/000104016118000006/0001040161-18-000006-index.htm,https://www.sec.gov/Archives/edgar/data/1040161/000104016118000006/pxlw12312017_10k.htm,1620596950,17:49:10,20210509
10,2017-09-30,PXLWD,USD,2017-11-14,2017-11-14 16:02:12,Q3,18758000.0,9747000.0,9011000.0,0.48038170380637596,5325000.0,6583000.0,0.0,1481000.0,13389000.0,23136000.0,631000.0,2254000.0,-2124000.0,-0.1132316878131997,-4378000.0,-0.23339375199914703,0.0,-4906000.0,-0.2615417421899989,-200000.0,-4706000.0,-0.25087962469346414,-0.15407,-0.15407,30545000,30545000,https://www.sec.gov/Archives/edgar/data/1040161/000104016117000053/0001040161-17-000053-index.htm,https://www.sec.gov/Archives/edgar/data/1040161/000104016117000053/pxlw-2017930x10q.htm,1620596950,17:49:10,20210509
11,2017-06-30,PXLWD,USD,2017-08-14,2017-08-14 16:04:31,Q2,20721000.0,9520000.0,11201000.0,0.5405627141547222,4501000.0,4660000.0,0.0,-107000.0,9161000.0,18681000.0,0.0,975000.0,3015000.0,0.14550456059070507,2040000.0,0.09845084696684522,0.0,1933000.0,0.093287003522996,669000.0,1264000.0,0.061000916944162924,0.04280972702025334,0.039998734217271605,29526000,31601000,https://www.sec.gov/Archives/edgar/data/1040161/000104016117000042/0001040161-17-000042-index.htm,https://www.sec.gov/Archives/edgar/data/1040161/000104016117000042/pxlw-2017630x10q.htm,1620596950,17:49:10,20210509
12,2017-03-31,PXLWD,USD,2017-05-05,2017-05-05 16:01:27,Q1,22710000.0,10318000.0,12392000.0,0.5456627036547776,4906000.0,4139000.0,0.0,-93000.0,9045000.0,19363000.0,0.0,839000.0,4186000.0,0.18432408630559224,3347000.0,0.14738000880669308,0.0,3254000.0,0.14328489652135623,433000.0,2821000.0,0.1242184059885513,0.09633575794829764,0.09057342836961407,29283000,31146000,https://www.sec.gov/Archives/edgar/data/1040161/000104016117000017/0001040161-17-000017-index.htm,https://www.sec.gov/Archives/edgar/data/1040161/000104016117000017/pxlw-2017331x10q.htm,1620596950,17:49:10,20210509
13,2016-12-31,PXLWD,USD,2017-03-08,2017-03-08 16:01:29,Q4,15987000.0,7483000.0,8504000.0,0.5319321949083631,4415000.0,3653000.0,0.0,0.0,8068000.0,15551000.0,0.0,828000.0,1264000.0,0.07906423969475199,436000.0,0.02727215862888597,0.0,335000.0,0.020954525552011008,-2000.0,337000.0,0.02107962719709764,0.01150838370385548,0.01191823454519734,29283000,28276000,https://www.sec.gov/Archives/edgar/data/1040161/000104016117000010/0001040161-17-000010-index.htm,https://www.sec.gov/Archives/edgar/data/1040161/000104016117000010/pxlw12312016_10k.htm,1620596950,17:49:10,20210509
14,2016-09-30,PXLWD,USD,2016-11-04,2016-11-04 16:02:31,Q3,13656000.0,7099000.0,6557000.0,0.4801552431165788,4442000.0,3072000.0,0.0,3000.0,7517000.0,14616000.0,0.0,816000.0,-144000.0,-0.01054481546572935,-960000.0,-0.070298769771529,0.0,-1059000.0,-0.07754833040421792,183000.0,-1242000.0,-0.09094903339191564,-0.042413687122221086,-0.04413802906997406,29283000,28139000,https://www.sec.gov/Archives/edgar/data/1040161/000104016116000080/0001040161-16-000080-index.htm,https://www.sec.gov/Archives/edgar/data/1040161/000104016116000080/pxlw-2016930x10q.htm,1620596950,17:49:10,20210509
15,2016-06-30,PXLWD,USD,2016-08-05,2016-08-05 16:02:39,Q2,12580000.0,6165000.0,6415000.0,0.5099364069952306,4504000.0,3180000.0,0.0,67000.0,7751000.0,13916000.0,0.0,832000.0,-504000.0,-0.04006359300476948,-1336000.0,-0.10620031796502384,0.0,-1443000.0,-0.11470588235294117,117000.0,-1560000.0,-0.12400635930047695,-0.05327323020182358,-0.05561299062422017,29283000,28051000,https://www.sec.gov/Archives/edgar/data/1040161/000104016116000074/0001040161-16-000074-index.htm,https://www.sec.gov/Archives/edgar/data/1040161/000104016116000074/pxlw-2016630x10q.htm,1620596950,17:49:10,20210509
16,2016-03-31,PXLWD,USD,2016-05-06,2016-05-06 16:01:38,Q1,11167000.0,7575000.0,3592000.0,0.3216620399391063,5675000.0,3865000.0,0.0,2538000.0,12078000.0,19653000.0,0.0,990000.0,-7496000.0,-0.6712635443718098,-8486000.0,-0.7599176143995702,0.0,-8585000.0,-0.7687830214023462,57000.0,-8642000.0,-0.7738873466463687,-0.2951200355154868,-0.3093499427262314,29283000,27936000,https://www.sec.gov/Archives/edgar/data/1040161/000104016116000061/0001040161-16-000061-index.htm,https://www.sec.gov/Archives/edgar/data/1040161/000104016116000061/pxlw-2016331x10q.htm,1620596950,17:49:10,20210509
17,2015-12-31,PXLWD,USD,2016-03-09,2016-03-09 16:01:37,Q4,13477000.0,6663000.0,6814000.0,0.505602136974104,6076000.0,3648000.0,0.0,-129000.0,9724000.0,16387000.0,0.0,1038000.0,-1872000.0,-0.13890331676189063,-2910000.0,-0.21592342509460563,0.0,-3039000.0,-0.22549528826890258,128000.0,-3167000.0,-0.2349929509534763,-0.1081514872110098,-0.12623565051020408,29283000,25088000,https://www.sec.gov/Archives/edgar/data/1040161/000104016116000051/0001040161-16-000051-index.htm,https://www.sec.gov/Archives/edgar/data/1040161/000104016116000051/pxlw12312015_10k.htm,1620596950,17:49:10,20210509
18,2015-09-30,PXLWD,USD,2015-11-06,2015-11-06 16:05:07,Q3,16570000.0,8292000.0,8278000.0,0.4995775497887749,6145000.0,3334000.0,0.0,-105000.0,9479000.0,17771000.0,0.0,1086000.0,-115000.0,-0.006940253470126735,-1201000.0,-0.07248038624019312,0.0,-1306000.0,-0.0788171394085697,-63000.0,-1243000.0,-0.07501508750754375,-0.04244783662876071,-0.0513424204874019,29283000,24210000,https://www.sec.gov/Archives/edgar/data/1040161/000104016115000038/0001040161-15-000038-index.htm,https://www.sec.gov/Archives/edgar/data/1040161/000104016115000038/pxlw-2015930x10q.htm,1620596950,17:49:10,20210509
19,2015-06-30,PXLWD,USD,2015-07-31,2015-07-31 16:00:52,Q2,15078000.0,7844000.0,7234000.0,0.47977185303090597,6105000.0,3584000.0,0.0,-105000.0,9689000.0,17533000.0,0.0,1041000.0,-1414000.0,-0.09377901578458682,-2455000.0,-0.16282000265287172,0.0,-2560000.0,-0.16978379095370738,236000.0,-2796000.0,-0.1854357341822523,-0.09548202028480689,-0.11931381753008449,29283000,23434000,https://www.sec.gov/Archives/edgar/data/1040161/000104016115000031/0001040161-15-000031-index.htm,https://www.sec.gov/Archives/edgar/data/1040161/000104016115000031/pxlw-2015630x10q.htm,1620596950,17:49:10,20210509
20,2015-03-31,PXLWD,USD,2015-05-08,2015-05-08 16:01:08,Q1,14392000.0,7425000.0,6967000.0,0.48408838243468594,6318000.0,3887000.0,0.0,-107000.0,10205000.0,17630000.0,0.0,1098000.0,-2140000.0,-0.14869371873262924,-3238000.0,-0.22498610339077266,0.0,-3345000.0,-0.23242078932740412,19000.0,-3364000.0,-0.23374096720400223,-0.114878939999317,-0.14420438957475995,29283000,23328000,https://www.sec.gov/Archives/edgar/data/1040161/000104016115000020/0001040161-15-000020-index.htm,https://www.sec.gov/Archives/edgar/data/1040161/000104016115000020/pxlw-2015331x10q.htm,1620596950,17:49:10,20210509
21,2014-12-31,PXLWD,USD,2015-03-04,2015-03-04 16:06:21,Q4,15105000.0,7546000.0,7559000.0,0.5004303210857332,6390000.0,3776000.0,0.0,-118000.0,10166000.0,17712000.0,0.0,1099000.0,-1508000.0,-0.09983449189010261,-2607000.0,-0.17259185700099305,-493000.0,-2725000.0,-0.1804038397881496,46000.0,-2771000.0,-0.1834491890102615,-0.09462828262131612,-0.12171659492225248,29283000,22766000,https://www.sec.gov/Archives/edgar/data/1040161/000104016115000012/0001040161-15-000012-index.htm,https://www.sec.gov/Archives/edgar/data/1040161/000104016115000012/pxlw12312014_10k.htm,1620596950,17:49:10,20210509
22,2014-09-30,PXLWD,USD,2014-11-07,2014-11-07 16:00:53,Q3,17111000.0,8545000.0,8566000.0,0.5006136403483139,6634000.0,3900000.0,0.0,-123000.0,10534000.0,19079000.0,0.0,1130000.0,-838000.0,-0.04897434398924668,-1968000.0,-0.11501373385541465,0.0,-2091000.0,-0.12220209222137807,209000.0,-2300000.0,-0.1344164572497224,-0.07854386504115016,-0.10163948915108931,29283000,22629000,https://www.sec.gov/Archives/edgar/data/1040161/000104016114000047/0001040161-14-000047-index.htm,https://www.sec.gov/Archives/edgar/data/1040161/000104016114000047/pxlw-2014930x10q.htm,1620596950,17:49:10,20210509
23,2014-06-30,PXLWD,USD,2014-08-08,2014-08-08 16:26:42,Q2,15166000.0,7505000.0,7661000.0,0.5051430832124489,5887000.0,3709000.0,0.0,-130000.0,9596000.0,17101000.0,0.0,1141000.0,-794000.0,-0.052353949624159304,-1935000.0,-0.12758802584728998,0.0,-2065000.0,-0.13615983120137148,317000.0,-2382000.0,-0.1570618488724779,-0.08134412457739985,-0.1061639256585105,29283000,22437000,https://www.sec.gov/Archives/edgar/data/1040161/000104016114000041/0001040161-14-000041-index.htm,https://www.sec.gov/Archives/edgar/data/1040161/000104016114000041/pxlw-2014630x10q.htm,1620596950,17:49:10,20210509
24,2014-03-31,PXLWD,USD,2014-05-09,2014-05-09 16:01:02,Q1,13541000.0,5546000.0,7995000.0,0.5904290672771583,6385000.0,4049000.0,0.0,-122000.0,10434000.0,15980000.0,0.0,1144000.0,-1295000.0,-0.0956354774388893,-2439000.0,-0.18011963665903552,0.0,-2561000.0,-0.1891293109814637,-54000.0,-2507000.0,-0.1851414223469463,-0.08561281289485367,-0.11290758421905962,29283000,22204000,https://www.sec.gov/Archives/edgar/data/1040161/000104016114000023/0001040161-14-000023-index.htm,https://www.sec.gov/Archives/edgar/data/1040161/000104016114000023/pxlw-2014331x10q.htm,1620596950,17:49:10,20210509
25,2013-12-31,PXLWD,USD,2014-03-05,2014-03-05 16:15:10,Q4,14984000.0,6495000.0,8489000.0,0.5665376401494928,4536000.0,3715000.0,0.0,-109000.0,8251000.0,14746000.0,110000.0,1167000.0,1405000.0,0.09376668446342766,238000.0,0.015883609183128672,-405000.0,129000.0,0.008609183128670582,179000.0,-50000.0,-0.0033368926855312335,-0.00252,-0.00252,19816000,19816000,https://www.sec.gov/Archives/edgar/data/1040161/000104016114000009/0001040161-14-000009-index.htm,https://www.sec.gov/Archives/edgar/data/1040161/000104016114000009/pxlw12312013_10k.htm,1620596950,17:49:10,20210509
26,2013-09-30,PXLWD,USD,2013-11-08,2013-11-08 16:02:19,Q3,15309000.0,5987000.0,9322000.0,0.6089228558364361,4234000.0,3296000.0,0.0,-101000.0,7530000.0,13517000.0,102000.0,1103000.0,2895000.0,0.18910444836370763,1792000.0,0.11705532693187014,0.0,1691000.0,0.11045790058135738,182000.0,1509000.0,0.09856946893983931,0.07907,0.07907,19085000,19085000,https://www.sec.gov/Archives/edgar/data/1040161/000104016113000037/0001040161-13-000037-index.htm,https://www.sec.gov/Archives/edgar/data/1040161/000104016113000037/pxlw-2013930x10q.htm,1620596950,17:49:10,20210509
27,2013-06-30,PXLWD,USD,2013-08-08,2013-08-08 16:04:19,Q2,9554000.0,4932000.0,4622000.0,0.48377642872095455,6010000.0,3274000.0,0.0,-97000.0,9284000.0,14216000.0,98000.0,1081000.0,-3581000.0,-0.3748168306468495,-4662000.0,-0.4879631567929663,0.0,-4759000.0,-0.49811597236759475,165000.0,-4924000.0,-0.5153862256646431,-0.2580036678019387,-0.2653875175164385,19085000,18554000,https://www.sec.gov/Archives/edgar/data/1040161/000104016113000030/0001040161-13-000030-index.htm,https://www.sec.gov/Archives/edgar/data/1040161/000104016113000030/pxlw-2013630x10q.htm,1620596950,17:49:10,20210509
28,2013-03-31,PXLWD,USD,2013-05-03,2013-05-03 16:11:21,Q1,8271000.0,4294000.0,3977000.0,0.48083665820336113,5884000.0,3598000.0,0.0,-98000.0,9482000.0,13776000.0,99000.0,1058000.0,-4447000.0,-0.5376617095877161,-5505000.0,-0.6655785273848386,0.0,-5603000.0,-0.6774271551202998,-198000.0,-5405000.0,-0.6534880909200822,-0.2832067068378308,-0.2928586909406155,19085000,18456000,https://www.sec.gov/Archives/edgar/data/1040161/000104016113000018/0001040161-13-000018-index.htm,https://www.sec.gov/Archives/edgar/data/1040161/000104016113000018/pxlw-2013331x10q.htm,1620596950,17:49:10,20210509
29,2012-12-31,PXLWD,USD,2013-03-06,2013-03-06 16:04:52,Q4,13571000.0,6979000.0,6592000.0,0.48574165499963157,6247000.0,3576000.0,0.0,-108000.0,9823000.0,16802000.0,109000.0,1194000.0,-2037000.0,-0.15009947682558397,-3231000.0,-0.2380812025642915,-108000.0,-3339000.0,-0.24603934861100876,218000.0,-3557000.0,-0.2621030137793825,-0.19488,-0.19488,18252000,18252000,https://www.sec.gov/Archives/edgar/data/1040161/000104016113000006/0001040161-13-000006-index.htm,https://www.sec.gov/Archives/edgar/data/1040161/000104016113000006/pxlw12312012_10k.htm,1620596950,17:49:10,20210509
30,2012-09-30,PXLWD,USD,2012-11-02,2012-11-02 16:03:09,Q3,16285000.0,8497000.0,7788000.0,0.47823150138163956,4702000.0,3557000.0,0.0,-105000.0,8259000.0,16756000.0,106000.0,1193000.0,722000.0,0.04433527786306417,-471000.0,-0.0289223211544366,-105000.0,-576000.0,-0.03536997236720909,613000.0,-400000.0,-0.024562480810561865,-0.021915406530791146,-0.02197560707614548,18252000,18202000,https://www.sec.gov/Archives/edgar/data/1040161/000104016112000053/0001040161-12-000053-index.htm,https://www.sec.gov/Archives/edgar/data/1040161/000104016112000053/pxlw-2012930x10q.htm,1620596950,17:49:10,20210509
31,2012-06-30,PXLWD,USD,2012-08-03,2012-08-03 16:02:39,Q2,15524000.0,7865000.0,7659000.0,0.4933651120845143,4715000.0,3792000.0,0.0,-101000.0,8507000.0,16372000.0,202000.0,1176000.0,328000.0,0.021128575109507858,-848000.0,-0.054625096624581294,-101000.0,-949000.0,-0.061131151765009016,150000.0,-1099000.0,-0.07079360989435712,-0.06021257944334867,-0.060607731759775,18252000,18133000,https://www.sec.gov/Archives/edgar/data/1040161/000104016112000045/0001040161-12-000045-index.htm,https://www.sec.gov/Archives/edgar/data/1040161/000104016112000045/pxlw-2012630x10q.htm,1620596950,17:49:10,20210509
32,2012-03-31,PXLWD,USD,2012-05-04,2012-05-04 16:13:45,Q1,14330000.0,6521000.0,7809000.0,0.5449406838799721,5093000.0,4019000.0,0.0,-98000.0,9112000.0,15633000.0,0.0,1172000.0,-131000.0,-0.009141660851360782,-1303000.0,-0.0909281228192603,-98000.0,-1401000.0,-0.09776692254012562,-763000.0,-638000.0,-0.04452198185624564,-0.03495507341661188,-0.03518447030276292,18252000,18133000,https://www.sec.gov/Archives/edgar/data/1040161/000104016112000030/0001040161-12-000030-index.htm,https://www.sec.gov/Archives/edgar/data/1040161/000104016112000030/pxlw-2012331x10q.htm,1620596950,17:49:10,20210509
33,2011-12-31,PXLWD,USD,2012-03-08,2012-03-07 17:50:29,Q4,16828000.0,8908000.0,7920000.0,0.4706441644877585,5375000.0,4134000.0,0.0,-89000.0,9509000.0,18417000.0,0.0,1362000.0,-227000.0,-0.013489422391252674,-1589000.0,-0.09442595673876872,-89000.0,-1678000.0,-0.09971476111243166,279000.0,-1957000.0,-0.11629427145234134,-0.11984,-0.11984,16330000,16330000,https://www.sec.gov/Archives/edgar/data/1040161/000104016112000017/0001040161-12-000017-index.htm,https://www.sec.gov/Archives/edgar/data/1040161/000104016112000017/pxlw123111_10k.htm,1620596950,17:49:10,20210509
34,2011-09-30,PXLWD,USD,2011-11-04,2011-11-04 16:07:08,Q3,17391000.0,8935000.0,8456000.0,0.48622850899890746,5982000.0,3641000.0,0.0,-89000.0,9623000.0,18558000.0,0.0,1290000.0,123000.0,0.007072623770915991,-1167000.0,-0.0671036743143005,-89000.0,-1256000.0,-0.07222126387211776,-35000.0,-1083000.0,-0.062273589787821285,-0.0686,-0.0686,15787000,15787000,https://www.sec.gov/Archives/edgar/data/1040161/000104016111000016/0001040161-11-000016-index.htm,https://www.sec.gov/Archives/edgar/data/1040161/000104016111000016/pxlw-2011930x10q.htm,1620596950,17:49:10,20210509
35,2011-06-30,PXLWD,USD,2011-08-05,2011-08-05 16:01:48,Q2,15690000.0,8271000.0,7419000.0,0.472848948374761,11549000.0,3657000.0,0.0,-140000.0,9211000.0,17482000.0,-121000000.0,-1817490000.0,-1819282000.0,-115.95168897386871,-1792000.0,-0.11421287444231995,1558000.0,-1932000.0,-0.1231357552581262,35000.0,-2058000.0,-0.13116634799235183,-0.1399,-0.1399,14710000,14710000,https://www.sec.gov/Archives/edgar/data/1040161/000104016111000009/0001040161-11-000009-index.htm,https://www.sec.gov/Archives/edgar/data/1040161/000104016111000009/pxlw-2011630x10q.htm,1620596950,17:49:10,20210509
36,2011-03-31,PXLWD,USD,2011-05-12,2011-05-12 16:00:57,Q1,14700000.0,8128000.0,6572000.0,0.4470748299319728,5995000.0,3834000.0,0.0,-166000.0,9829000.0,17957000.0,166000.0,1254000.0,-2003000.0,-0.13625850340136053,-3257000.0,-0.22156462585034015,1698000.0,-1559000.0,-0.10605442176870748,0.0,-1468000.0,-0.09986394557823129,-0.10819,-0.10819,13569000,13569000,https://www.sec.gov/Archives/edgar/data/1040161/000119312511137557/0001193125-11-137557-index.htm,https://www.sec.gov/Archives/edgar/data/1040161/000119312511137557/d10q.htm,1620596950,17:49:10,20210509
37,2010-12-31,PXLWD,USD,2011-03-09,2011-03-09 16:21:30,Q4,14145000.0,7579000.0,6566000.0,0.46419229409685403,6305000.0,3732000.0,0.0,0.0,10037000.0,17616000.0,-372000.0,1209000.0,-2262000.0,-0.159915164369035,-3471000.0,-0.24538706256627785,604000.0,-2867000.0,-0.20268646164722517,354000.0,-3221000.0,-0.22771297278190172,-0.23962208004761196,-0.2239293659621802,13442000,14384000,https://www.sec.gov/Archives/edgar/data/1040161/000119312511060882/0001193125-11-060882-index.htm,https://www.sec.gov/Archives/edgar/data/1040161/000119312511060882/d10k.htm,1620596950,17:49:10,20210509
38,2010-09-30,PXLWD,USD,2010-11-04,2010-11-04 16:12:39,Q3,18027000.0,9733000.0,8294000.0,0.4600876463083153,5612000.0,3685000.0,0.0,0.0,9297000.0,19030000.0,125000.0,1134000.0,131000.0,0.0072668774615854,-1003000.0,-0.05563876407610806,189000.0,-814000.0,-0.045154490486492484,-821000.0,7000.0,0.00038830642924502136,0.0005217261682939554,0.0004871259568545581,13417000,14370000,https://www.sec.gov/Archives/edgar/data/1040161/000119312510248081/0001193125-10-248081-index.htm,https://www.sec.gov/Archives/edgar/data/1040161/000119312510248081/d10q.htm,1620596950,17:49:10,20210509
39,2010-06-30,PXLWD,USD,2010-08-05,2010-08-05 16:13:05,Q2,18665000.0,10018000.0,8647000.0,0.46327350656308597,5553000.0,3957000.0,0.0,0.0,9510000.0,19528000.0,124000.0,1080000.0,217000.0,0.011626038039110635,-863000.0,-0.04623627109563354,221000.0,-642000.0,-0.0343959282078757,-4928000.0,-1015000.0,-0.054379855344227165,-0.07579151732377538,-0.07111329082883766,13392000,14273000,https://www.sec.gov/Archives/edgar/data/1040161/000119312510179341/0001193125-10-179341-index.htm,https://www.sec.gov/Archives/edgar/data/1040161/000119312510179341/d10q.htm,1620596950,17:49:10,20210509
40,2010-03-31,PXLWD,USD,2010-05-06,2010-05-06 16:04:13,Q1,18692000.0,10036000.0,8656000.0,0.4630858121121335,5340000.0,3793000.0,0.0,94000.0,9227000.0,19263000.0,123000.0,1114000.0,543000.0,0.029049860903060134,-571000.0,-0.03054782794778515,-128000.0,-699000.0,-0.03739567729509951,0.0,4602000.0,0.24620158356516156,0.34438374616478334,0.3236286919831224,13363000,14220000,https://www.sec.gov/Archives/edgar/data/1040161/000119312510110839/0001193125-10-110839-index.htm,https://www.sec.gov/Archives/edgar/data/1040161/000119312510110839/d10q.htm,1620596950,17:49:10,20210509
41,2009-12-31,PXLWD,USD,2010-03-10,2010-03-10 16:22:24,Q4,19368000.0,10343000.0,9025000.0,0.4659748038000826,-14178000.0,3521000.0,0.0,20105000.0,9448000.0,19791000.0,120000.0,1166000.0,743000.0,0.03836224700536968,-423000.0,-0.02184014869888476,-122000.0,-545000.0,-0.028139198678232134,226000.0,-771000.0,-0.03980793060718711,-0.05789157531160835,-0.0563308248703149,13318000,13687000,https://www.sec.gov/Archives/edgar/data/1040161/000095012310023060/0000950123-10-023060-index.htm,https://www.sec.gov/Archives/edgar/data/1040161/000095012310023060/v55187e10vk.htm,1620596950,17:49:10,20210509
42,2009-09-30,PXLWD,USD,2009-11-04,2009-11-04 17:22:35,Q3,16732000.0,9391000.0,7341000.0,0.43874013865646666,4870000.0,3011000.0,0.0,104000.0,7985000.0,17376000.0,124000.0,1142000.0,498000.0,0.029763327755199617,-644000.0,-0.03848912263925412,-90000.0,-734000.0,-0.043868037293808275,156000.0,-890000.0,-0.05319148936170213,-0.06683688795434065,-0.06568750461288655,13316000,13549000,https://www.sec.gov/Archives/edgar/data/1040161/000095012309057704/0000950123-09-057704-index.htm,https://www.sec.gov/Archives/edgar/data/1040161/000095012309057704/v53925e10vq.htm,1620596950,17:49:10,20210509
43,2009-06-30,PXLWD,USD,2009-08-06,2009-08-06 16:03:45,Q2,14213000.0,7440000.0,6773000.0,0.4765355660310983,4532000.0,3340000.0,0.0,64000.0,7936000.0,15376000.0,145000.0,1005000.0,-158000.0,-0.011116583409554633,-1163000.0,-0.08182649686906353,3740000.0,2577000.0,0.18131288257229297,-1259000.0,2219000.0,0.15612467459368184,0.16657908565423016,0.1662919664268585,13321000,13344000,https://www.sec.gov/Archives/edgar/data/1040161/000095012309031149/0000950123-09-031149-index.htm,https://www.sec.gov/Archives/edgar/data/1040161/000095012309031149/v53230e10vq.htm,1620596950,17:49:10,20210509
44,2009-03-31,PXLWD,USD,2009-05-07,2009-05-07 16:05:33,Q1,10780000.0,6624000.0,4156000.0,0.3855287569573284,4776000.0,3873000.0,0.0,37000.0,8686000.0,15310000.0,251000.0,1294000.0,-3236000.0,-0.3001855287569573,-4530000.0,-0.4202226345083488,8810000.0,4280000.0,0.3970315398886827,0.0,5897000.0,0.5470315398886827,0.44165668064709407,0.42052342580047064,13352000,14023000,https://www.sec.gov/Archives/edgar/data/1040161/000095013409009901/0000950134-09-009901-index.htm,https://www.sec.gov/Archives/edgar/data/1040161/000095013409009901/v52342e10vq.htm,1620596950,17:49:10,20210509
45,2008-12-31,PXLWD,USD,2009-03-16,2009-03-16 09:33:09,Q4,18916000.0,10335000.0,8581000.0,0.45363713258617044,6121000.0,4355000.0,0.0,618000.0,11094000.0,21429000.0,360000.0,1693000.0,-820000.0,-0.04334954535842673,-2513000.0,-0.13285049693381265,0.0,-4184000.0,-0.2211884119264115,940000.0,-5124000.0,-0.27088179319094946,-0.35585804569761786,-0.35558639833448996,14399000,14410000,https://www.sec.gov/Archives/edgar/data/1040161/000095013409005407/0000950134-09-005407-index.htm,https://www.sec.gov/Archives/edgar/data/1040161/000095013409005407/v51149e10vk.htm,1620596950,17:49:10,20210509
46,2008-09-30,PXLWD,USD,2008-11-07,2008-11-07 16:04:31,Q3,21479000.0,10028000.0,11451000.0,0.5331253782764561,6476000.0,4413000.0,0.0,121000.0,11010000.0,21038000.0,343000.0,1632000.0,2073000.0,0.09651287303878206,441000.0,0.020531682108105593,0.0,8533000.0,0.3972717538060431,314000.0,8219000.0,0.38265282368825365,0.5618292432838882,0.5614071038251366,14629000,14640000,https://www.sec.gov/Archives/edgar/data/1040161/000095013408019855/0000950134-08-019855-index.htm,https://www.sec.gov/Archives/edgar/data/1040161/000095013408019855/v50401e10vq.htm,1620596950,17:49:10,20210509
47,2008-06-30,PXLWD,USD,2008-08-11,2008-08-11 12:00:25,Q2,20793000.0,10295000.0,10498000.0,0.504881450488145,7193000.0,4491000.0,0.0,-84000.0,11600000.0,21895000.0,419000.0,1669000.0,567000.0,0.02726879238205165,-1102000.0,-0.05299860529986053,-5113000.0,-875000.0,-0.04208146972538835,375000.0,-1250000.0,-0.06011638532198336,-0.08472852979055108,-0.08465393471488555,14753000,14766000,https://www.sec.gov/Archives/edgar/data/1040161/000095013408014881/0000950134-08-014881-index.htm,https://www.sec.gov/Archives/edgar/data/1040161/000095013408014881/v42840e10vq.htm,1620596950,17:49:10,20210509
48,2008-03-31,PXLWD,USD,2008-05-08,2008-05-08 16:19:23,Q1,23976000.0,12305000.0,11671000.0,0.4867784451117784,6722000.0,4686000.0,0.0,1098000.0,12506000.0,24811000.0,573000.0,1706000.0,871000.0,0.036327994661327995,-835000.0,-0.03482649315982649,5331000.0,4496000.0,0.18752085418752085,-1637000.0,6133000.0,0.25579746413079746,0.13692482864861244,0.12279999199086959,44791000,49943000,https://www.sec.gov/Archives/edgar/data/1040161/000095013408008932/0000950134-08-008932-index.htm,https://www.sec.gov/Archives/edgar/data/1040161/000095013408008932/v40448e10vq.htm,1620596950,17:49:10,20210509
49,2007-12-31,PXLWD,USD,2008-03-12,2008-03-12 16:18:36,Q4,26970000.0,13826000.0,13144000.0,0.48735632183908045,8180000.0,5202000.0,0.0,6327000.0,19709000.0,33535000.0,639000.0,3017000.0,-3548000.0,-0.13155357804968484,-6565000.0,-0.24341861327400816,557000.0,-6008000.0,-0.2227660363366704,441000.0,-6449000.0,-0.23911753800519095,-0.13377,-0.13377,48208000,48208000,https://www.sec.gov/Archives/edgar/data/1040161/000089102008000052/0000891020-08-000052-index.htm,https://www.sec.gov/Archives/edgar/data/1040161/000089102008000052/v37327e10vk.htm,1620596950,17:49:10,20210509
50,2007-09-30,PXLWD,USD,2007-11-09,2007-11-09 16:22:29,Q3,28133000.0,16025000.0,12108000.0,0.4303842462588419,8962000.0,5697000.0,0.0,1734000.0,16393000.0,32418000.0,658000.0,3240000.0,-1045000.0,-0.037144989869548214,-4285000.0,-0.1523122311875733,631000.0,-3654000.0,-0.1298830554864394,775000.0,-4429000.0,-0.1574307752461522,-0.09066,-0.09066,48853000,48853000,https://www.sec.gov/Archives/edgar/data/1040161/000089102007000337/0000891020-07-000337-index.htm,https://www.sec.gov/Archives/edgar/data/1040161/000089102007000337/v35231e10vq.htm,1620596950,17:49:10,20210509
51,2007-06-30,PXLWD,USD,2007-08-09,2007-08-09 16:16:14,Q2,26896000.0,15294000.0,11602000.0,0.43136525877453896,9675000.0,7013000.0,0.0,2725000.0,19413000.0,34707000.0,688000.0,3856000.0,-3955000.0,-0.14704788816180844,-7811000.0,-0.29041493158834025,590000.0,-7221000.0,-0.26847858417608567,399000.0,-7620000.0,-0.283313503866746,-0.15609,-0.15609,48819000,48819000,https://www.sec.gov/Archives/edgar/data/1040161/000089102007000228/0000891020-07-000228-index.htm,https://www.sec.gov/Archives/edgar/data/1040161/000089102007000228/v32563e10vq.htm,1620596950,17:49:10,20210509
52,2007-03-31,PXLWD,USD,2007-05-10,2007-05-10 16:13:06,Q1,23981000.0,14128000.0,9853000.0,0.4108669363245903,11975000.0,7525000.0,0.0,2858000.0,22358000.0,36486000.0,657000.0,3886000.0,-8619000.0,-0.3594095325465994,-12505000.0,-0.5214544848004671,705000.0,-11800000.0,-0.492056211167174,622000.0,-12422000.0,-0.5179934114507319,-0.25465,-0.25465,48780000,48780000,https://www.sec.gov/Archives/edgar/data/1040161/000095013407011098/0000950134-07-011098-index.htm,https://www.sec.gov/Archives/edgar/data/1040161/000095013407011098/v30079e10vq.htm,1620596950,17:49:10,20210509
53,2006-12-31,PXLWD,USD,2007-03-12,2007-03-12 16:31:10,Q4,29829000.0,18328000.0,11501000.0,0.38556438365349155,13045000.0,8169000.0,0.0,10654000.0,31868000.0,50196000.0,680000.0,4237000.0,-18249000.0,-0.6117871869657046,-22486000.0,-0.7538301652754031,5547000.0,-16939000.0,-0.567870193435918,-1489000.0,-15450000.0,-0.5179523282711456,-0.31995,-0.31995,48289000,48289000,https://www.sec.gov/Archives/edgar/data/1040161/000095013407005374/0000950134-07-005374-index.htm,https://www.sec.gov/Archives/edgar/data/1040161/000095013407005374/v26454e10vk.htm,1620596950,17:49:10,20210509
54,2006-09-30,PXLWD,USD,2006-11-09,2006-11-09 16:11:49,Q3,36309000.0,22694000.0,13615000.0,0.3749759012916908,13981000.0,8391000.0,0.0,1948000.0,24320000.0,47014000.0,667000.0,4671000.0,-6034000.0,-0.16618469250048198,-10705000.0,-0.29483048280040763,688000.0,-10017000.0,-0.275882012724118,87000.0,-10104000.0,-0.27827811286457904,-0.20974,-0.20974,48175000,48175000,https://www.sec.gov/Archives/edgar/data/1040161/000095012406006666/0000950124-06-006666-index.htm,https://www.sec.gov/Archives/edgar/data/1040161/000095012406006666/v24928e10vq.htm,1620596950,17:49:10,20210509
55,2006-06-30,PXLWD,USD,2006-08-09,2006-08-09 16:02:11,Q2,30910000.0,19322000.0,11588000.0,0.3748948560336461,14300000.0,8489000.0,0.0,134722000.0,157511000.0,176833000.0,676000.0,4307000.0,-141616000.0,-4.581559365901003,-145923000.0,-4.7208993853121966,555000.0,-145368000.0,-4.7029440310579105,201000.0,-145569000.0,-4.70944678097703,-3.02928,-3.02928,48054000,48054000,https://www.sec.gov/Archives/edgar/data/1040161/000089102006000228/0000891020-06-000228-index.htm,https://www.sec.gov/Archives/edgar/data/1040161/000089102006000228/v22780e10vq.htm,1620596950,17:49:10,20210509
56,2006-03-31,PXLWD,USD,2006-05-10,2006-05-10 15:31:16,Q1,36559000.0,23713000.0,12846000.0,0.35137722585409886,15693000.0,10004000.0,0.0,2086000.0,27783000.0,51496000.0,698000.0,4452000.0,-31815000.0,-0.8702371509067535,-36267000.0,-0.9920129106375994,3464000.0,-32803000.0,-0.8972619601192593,252000.0,-33055000.0,-0.904154927651194,-0.68941,-0.68941,47947000,47947000,https://www.sec.gov/Archives/edgar/data/1040161/000089102006000123/0000891020-06-000123-index.htm,https://www.sec.gov/Archives/edgar/data/1040161/000089102006000123/v20379e10vq.htm,1620596950,17:49:10,20210509
57,2005-12-31,PXLWD,USD,2006-03-13,2006-03-13 16:35:08,Q4,43334000.0,28145000.0,15189000.0,0.3505099921539669,15228000.0,8446000.0,0.0,682000.0,24356000.0,52501000.0,663000.0,3617000.0,-5550000.0,-0.12807495269303548,-9167000.0,-0.21154289934001017,378000.0,-8789000.0,-0.20281995661605207,27125000.0,-35914000.0,-0.82877186504823,-0.75869,-0.75869,47337000,47337000,https://www.sec.gov/Archives/edgar/data/1040161/000095012406001147/0000950124-06-001147-index.htm,https://www.sec.gov/Archives/edgar/data/1040161/000095012406001147/v17654e10vk.htm,1620596950,17:49:10,20210509
58,2005-09-30,PXLWD,USD,2005-11-07,2005-11-07 16:35:45,Q3,46794000.0,32147000.0,14647000.0,0.3130102149848271,15573000.0,8202000.0,0.0,1042000.0,24817000.0,56964000.0,657000.0,3445000.0,-6725000.0,-0.14371500619737573,-10170000.0,-0.21733555584049238,197000.0,-9973000.0,-0.2131256143950079,-4716000.0,-5257000.0,-0.11234346283711587,-0.11133,-0.11133,47218000,47218000,https://www.sec.gov/Archives/edgar/data/1040161/000089102005000295/0000891020-05-000295-index.htm,https://www.sec.gov/Archives/edgar/data/1040161/000089102005000295/v13802e10vq.htm,1620596950,17:49:10,20210509
59,2005-06-30,PXLWD,USD,2005-08-09,2005-08-09 16:29:06,Q2,41315000.0,25113000.0,16202000.0,0.3921578119327121,11571000.0,6900000.0,0.0,385000.0,18856000.0,43969000.0,660000.0,3546000.0,892000.0,0.02159022146920005,-2654000.0,-0.06423817015611763,957000.0,-2578000.0,-0.06239864456008713,-303000.0,-2275000.0,-0.055064746460123444,-0.04834,-0.04834,47064000,47064000,https://www.sec.gov/Archives/edgar/data/1040161/000110465905037922/0001104659-05-037922-index.htm,https://www.sec.gov/Archives/edgar/data/1040161/000110465905037922/a05-12614_110q.htm,1620596950,17:49:10,20210509
60,2005-03-31,PXLWD,USD,2005-05-09,2005-05-09 16:18:56,Q1,40261000.0,23343000.0,16918000.0,0.4202081418742704,9442000.0,7068000.0,0.0,137000.0,16647000.0,39990000.0,657000.0,2861000.0,3132000.0,0.0777924045602444,271000.0,0.006731079704925362,0.0,1152000.0,0.028613298229055412,316000.0,836000.0,0.020764511562057573,0.017798973791224,0.017457765155470168,46969000,47887000,https://www.sec.gov/Archives/edgar/data/1040161/000110465905021687/0001104659-05-021687-index.htm,https://www.sec.gov/Archives/edgar/data/1040161/000110465905021687/a05-7923_110q.htm,1620596950,17:49:10,20210509
61,2004-12-31,PXLWD,USD,2005-03-15,2005-03-15 16:13:43,Q4,38462000.0,21057000.0,17405000.0,0.4525245697051635,7900000.0,27281000.0,0.0,-19887000.0,15294000.0,36351000.0,657000.0,2645000.0,4756000.0,0.12365451614580625,2111000.0,0.054885341375903486,0.0,2861000.0,0.07438510737871146,-1159000.0,4020000.0,0.1045187457750507,0.0861311679129261,0.07721562752103261,46673000,52062000,https://www.sec.gov/Archives/edgar/data/1040161/000114544305000551/0001145443-05-000551-index.htm,https://www.sec.gov/Archives/edgar/data/1040161/000114544305000551/d16511_10k.htm,1620596950,17:49:10,20210509
62,2004-09-30,PXLWD,USD,2004-11-09,2004-11-09 12:15:46,Q3,43970000.0,21896000.0,22074000.0,0.5020241073459176,7782000.0,-13120000.0,0.0,20228000.0,14890000.0,36786000.0,657000.0,2319000.0,9503000.0,0.21612463042983854,7184000.0,0.163384125540141,0.0,7822000.0,0.17789401864907892,2373000.0,5449000.0,0.12392540368433022,0.11694136835779895,0.11301696602646534,46596000,48214000,https://www.sec.gov/Archives/edgar/data/1040161/000110465904034560/0001104659-04-034560-index.htm,https://www.sec.gov/Archives/edgar/data/1040161/000110465904034560/a04-12428_110q.htm,1620596950,17:49:10,20210509
63,2004-06-30,PXLWD,USD,2004-08-09,2004-08-09 11:41:57,Q2,48509000.0,25127000.0,23382000.0,0.48201364695211196,7471000.0,6888000.0,0.0,213000.0,14572000.0,39699000.0,294000.0,1768000.0,10578000.0,0.21806262755364983,8810000.0,0.1816157826382733,0.0,8929000.0,0.18406893566142365,3170000.0,5759000.0,0.11872023748170443,0.1239054196518858,0.11923642311435019,46479000,48299000,https://www.sec.gov/Archives/edgar/data/1040161/000110465904023240/0001104659-04-023240-index.htm,https://www.sec.gov/Archives/edgar/data/1040161/000110465904023240/a04-8008_110q.htm,1620596950,17:49:10,20210509
64,2004-03-31,PXLWD,USD,2004-05-07,2004-05-07 12:05:34,Q1,45270000.0,21575000.0,23695000.0,0.5234150651645681,7254000.0,6232000.0,0.0,285000.0,13771000.0,35346000.0,1000.0,1428000.0,11352000.0,0.25076209410205436,9924000.0,0.2192180251822399,0.0,10159000.0,0.22440910094985642,3606000.0,6553000.0,0.14475370002208968,0.14147236614853195,0.13612097796057415,46320000,48141000,https://www.sec.gov/Archives/edgar/data/1040161/000110465904013134/0001104659-04-013134-index.htm,https://www.sec.gov/Archives/edgar/data/1040161/000110465904013134/a04-4982_110q.htm,1620596950,17:49:10,20210509
65,2003-12-31,PXLWD,USD,2004-03-15,2004-03-15 13:55:36,Q4,40841000.0,21903000.0,18938000.0,0.46370069293112315,5626000.0,6536000.0,0.0,3512000.0,15674000.0,37577000.0,1000.0,133000.0,3397000.0,0.0831762199750251,3264000.0,0.07991968854827257,0.0,3514000.0,0.08604098822261942,571000.0,2943000.0,0.0720599397664112,0.06491,0.06491,45337000,45337000,https://www.sec.gov/Archives/edgar/data/1040161/000110465904007407/0001104659-04-007407-index.htm,https://www.sec.gov/Archives/edgar/data/1040161/000110465904007407/a04-3270_110k.htm,1620596950,17:49:10,20210509
66,2003-09-30,PXLWD,USD,2003-11-12,2003-11-12 11:33:12,Q3,35516000.0,20453000.0,15063000.0,0.42411870706160604,5704000.0,6135000.0,0.0,10166000.0,22005000.0,42458000.0,0.0,-2741000.0,-9683000.0,-0.2726376844239216,-6942000.0,-0.19546120058565153,0.0,-6695000.0,-0.18850658857979502,-2554000.0,-4141000.0,-0.11659533731276045,-0.09162,-0.09162,45196000,45196000,https://www.sec.gov/Archives/edgar/data/1040161/000110465903025642/0001104659-03-025642-index.htm,https://www.sec.gov/Archives/edgar/data/1040161/000110465903025642/a03-4905_110q.htm,1620596950,17:49:10,20210509
67,2003-06-30,PXLWD,USD,2003-08-14,2003-08-14 16:41:26,Q2,47274000.0,17882000.0,29392000.0,0.6217371070778863,6250000.0,6093000.0,0.0,1864000.0,14207000.0,32089000.0,4000.0,1522000.0,1992000.0,0.042137327071963444,470000.0,0.009942040021999408,0.0,771000.0,0.01630917629140754,351000.0,420000.0,0.00888437618987181,0.009311399813772004,0.009058752480372703,45106000,46364000,https://www.sec.gov/Archives/edgar/data/1040161/000110465903018735/0001104659-03-018735-index.htm,https://www.sec.gov/Archives/edgar/data/1040161/000110465903018735/a03-2437_110q.htm,1620596950,17:49:10,20210509
68,2003-03-31,PXLWD,USD,2003-05-15,2003-05-15 13:00:45,Q1,17290000.0,17290000.0,14715000.0,0.85106998264893,6094000.0,6041000.0,0.0,1986000.0,14121000.0,31411000.0,6000.0,1615000.0,2209000.0,0.1277617119722383,594000.0,0.03435511856564488,0.0,973000.0,0.0562753036437247,725000.0,248000.0,0.014343551185656448,0.005507439484787919,0.005350939650894341,45030000,46347000,https://www.sec.gov/Archives/edgar/data/1040161/000110465903010211/0001104659-03-010211-index.htm,https://www.sec.gov/Archives/edgar/data/1040161/000110465903010211/j0954_10q.htm,1620596950,17:49:10,20210509
69,2002-12-31,PXLWD,USD,2003-03-31,2003-03-31 13:35:37,Q4,29129000.0,15252000.0,13877000.0,0.47639809124927046,6540000.0,5606000.0,0.0,15199000.0,27345000.0,42597000.0,4000.0,1701000.0,-11783000.0,-0.4045109684506849,-13484000.0,-0.4629063819561262,2275000.0,-12989000.0,-0.44591300765560093,173000.0,-13162000.0,-0.4518521061485118,-0.30329,-0.30329,43397296,43397296,https://www.sec.gov/Archives/edgar/data/1040161/000110465903005469/0001104659-03-005469-index.htm,https://www.sec.gov/Archives/edgar/data/1040161/000110465903005469/j8905_10k.htm,1620596950,17:49:10,20210509
70,2002-09-30,PXLWD,USD,2002-11-14,2002-11-14 16:57:30,Q3,26863000.0,13664000.0,13199000.0,0.4913449726389458,6463000.0,5232000.0,0.0,6976000.0,18671000.0,32335000.0,16000.0,1563000.0,-3893000.0,-0.14492052265197483,-5456000.0,-0.20310464207273946,0.0,-4914000.0,-0.18292819119234635,229000.0,-5143000.0,-0.1914529278189331,-0.11986,-0.11986,42909408,42909408,https://www.sec.gov/Archives/edgar/data/1040161/000110465902006207/0001104659-02-006207-index.htm,https://www.sec.gov/Archives/edgar/data/1040161/000110465902006207/j5530_10q.htm,1620596950,17:49:10,20210509
71,2002-06-30,PXLWD,USD,2002-08-14,2002-08-14 14:56:43,Q2,36111000.0,12261000.0,23850000.0,0.6604635706571405,5275000.0,5839000.0,0.0,175000.0,11289000.0,23550000.0,24000.0,1468000.0,2562000.0,0.07094791060895572,1094000.0,0.030295477832239483,0.0,1687000.0,0.04671706682174407,327000.0,1360000.0,0.03766165434355183,0.03191,0.03191,42613282,42613282,https://www.sec.gov/Archives/edgar/data/1040161/000110465902004070/0001104659-02-004070-index.htm,https://www.sec.gov/Archives/edgar/data/1040161/000110465902004070/j4377_10q.htm,1620596950,17:49:10,20210509
72,2002-03-31,PXLWD,USD,2002-05-15,2002-05-15 12:55:52,Q1,10538000.0,10538000.0,11467000.0,1.0881571455684191,5452000.0,5188000.0,0.0,5227000.0,15867000.0,26405000.0,30000.0,1313000.0,-3087000.0,-0.2929398367811729,-4400000.0,-0.4175365344467641,0.0,-3755000.0,-0.3563294742835453,151000.0,-3906000.0,-0.37065856898842287,-0.09208,-0.09208,42419941,42419941,https://www.sec.gov/Archives/edgar/data/1040161/000110465902002483/0001104659-02-002483-index.htm,https://www.sec.gov/Archives/edgar/data/1040161/000110465902002483/j3657_10q.htm,1620596950,17:49:10,20210509
73,2001-12-31,PXLWD,USD,2002-03-25,2002-03-25 00:00:00,Q4,22659000.0,9802000.0,12857000.0,0.5674125071715433,5183000.0,4540000.0,0.0,5947000.0,15670000.0,25472000.0,3587000.0,1210000.0,-1633000.0,-0.07206849375524074,-2843000.0,-0.12546890860143872,857000.0,-1986000.0,-0.08764729246656958,0.0,-1986000.0,-0.08764729246656958,-0.04884,-0.04884,40661642,40661642,https://www.sec.gov/Archives/edgar/data/1040161/000110465902000883/0001104659-02-000883-index.htm,https://www.sec.gov/Archives/edgar/data/1040161/000110465902000883/j3248_10k.htm,1620596950,17:49:10,20210509
74,2001-09-30,PXLWD,USD,2001-11-14,2001-11-14 00:00:00,Q3,24074000.0,12617000.0,11457000.0,0.4759076181772867,4379000.0,4226000.0,0.0,6898000.0,15503000.0,28120000.0,-3587000.0,1160000.0,-2876000.0,-0.11946498296917836,-4036000.0,-0.16764974661460497,997000.0,-3039000.0,-0.12623577303314779,0.0,-3039000.0,-0.12623577303314779,-0.07512,-0.07512,40453591,40453591,https://www.sec.gov/Archives/edgar/data/1040161/000110465901503261/0001104659-01-503261-index.htm,https://www.sec.gov/Archives/edgar/data/1040161/000110465901503261/j2220_10q.htm,1620596950,17:49:10,20210509
75,2001-06-30,PXLWD,USD,2001-08-14,2001-08-14 00:00:00,Q2,22731000.0,11997000.0,10734000.0,0.47221855615679026,4310000.0,4112000.0,0.0,6898000.0,15320000.0,27317000.0,0.0,1129000.0,-3447000.0,-0.15164313052659364,-4576000.0,-0.20131098499846026,1128000.0,-3448000.0,-0.15168712331177686,0.0,-3448000.0,-0.15168712331177686,-0.08597,-0.08597,40108316,40108316,https://www.sec.gov/Archives/edgar/data/1040161/000110465901501824/0001104659-01-501824-index.htm,https://www.sec.gov/Archives/edgar/data/1040161/000110465901501824/j1290_10q.htm,1620596950,17:49:10,20210509
76,2001-03-31,PXLWD,USD,2001-05-14,2001-05-14 00:00:00,Q1,21344000.0,12083000.0,9261000.0,0.4338924287856072,4224000.0,3495000.0,0.0,37100000.0,44819000.0,56902000.0,0.0,936000.0,-34612000.0,-1.6216266866566718,-35548000.0,-1.66547976011994,1462000.0,-34086000.0,-1.5969827586206897,0.0,-34086000.0,-1.5969827586206897,-0.86679,-0.86679,39324324,39324324,https://www.sec.gov/Archives/edgar/data/1040161/000110465901500638/0001104659-01-500638-index.htm,https://www.sec.gov/Archives/edgar/data/1040161/000110465901500638/j0393_10q.htm,1620596950,17:49:10,20210509
77,2000-12-31,PXLWD,USD,2001-04-02,2001-04-02 00:00:00,Q4,37308000.0,22449000.0,14859000.0,0.3982791894499839,7113000.0,7211000.0,0.0,5705000.0,20029000.0,42478000.0,38000.0,755000.0,-4367000.0,-0.11705264286480112,-5122000.0,-0.13728958936421143,2777000.0,-2345000.0,-0.06285515171008899,0.0,-2345000.0,-0.06285515171008899,-0.0917,-0.0917,25573392,25573392,https://www.sec.gov/Archives/edgar/data/1040161/000091205701506344/0000912057-01-506344-index.htm,https://www.sec.gov/Archives/edgar/data/1040161/000091205701506344/a2043930z10-k405.htm,1620596950,17:49:10,20210509
78,2000-09-30,PXLWD,USD,2000-11-14,2000-11-14 00:00:00,,3162000.0,1532000.0,1630000.0,0.5154965211891208,768000.0,375000.0,0.0,18000.0,1161000.0,2693000.0,0.0,592000.0,1063000.0,0.33617963314358,471000.0,0.14895635673624288,717000.0,1188000.0,0.3757115749525617,0.0,1188000.0,0.3757115749525617,0.03341,0.03341,35560000,35560000,https://www.sec.gov/Archives/edgar/data/1040161/000091205700049725/0000912057-00-049725-index.htm,https://www.sec.gov/Archives/edgar/data/1040161/000091205700049725/a2030534z10-q.htm,1620596950,17:49:10,20210509
