,date,symbol,reportedCurrency,fillingDate,acceptedDate,period,revenue,costOfRevenue,grossProfit,grossProfitRatio,researchAndDevelopmentExpenses,generalAndAdministrativeExpenses,sellingAndMarketingExpenses,otherExpenses,operatingExpenses,costAndExpenses,interestExpense,depreciationAndAmortization,ebitda,ebitdaratio,operatingIncome,operatingIncomeRatio,totalOtherIncomeExpensesNet,incomeBeforeTax,incomeBeforeTaxRatio,incomeTaxExpense,netIncome,netIncomeRatio,eps,epsdiluted,weightedAverageShsOut,weightedAverageShsOutDil,link,finalLink,timestamp,est_time,est_date
0,2020-12-31,SPYR,USD,2021-03-31,2021-03-31 16:17:03,Q4,185.0,0.0,0.185,0.001,14.0,1631000.0,0.0,2.282,-262494.0,-262494.0,-54753.0,10000.0,10262.053,55.47055675675676,262.053,1.4165027027027026,-3.0,313.943,1.696989189189189,0.0,313.943,1.696989189189189,0.0015501492487052298,0.0015501492487052298,202524370.0,202524370.0,https://www.sec.gov/Archives/edgar/data/829325/000126246321000108/0001262463-21-000108-index.htm,https://www.sec.gov/Archives/edgar/data/829325/000126246321000108/spyr12312010k.htm,1620598243,18:10:43,20210509
1,2020-09-30,SPYR,USD,2020-11-16,2020-11-16 16:03:56,Q3,1000.0,0.0,1000.0,1.0,0.0,215000.0,0.0,195.0,224000.0,224000.0,70000.0,9000.0,-214000.0,-214.0,-223000.0,-223.0,-25000.0,-318000.0,-318.0,0.0,-318000.0,-318.0,-0.00157,-0.00157,202524370.0,202524370.0,https://www.sec.gov/Archives/edgar/data/829325/000126246320000463/0001262463-20-000463-index.htm,https://www.sec.gov/Archives/edgar/data/829325/000126246320000463/spyr93020.htm,1620598243,18:10:43,20210509
2,2020-06-30,SPYR,USD,2020-08-14 00:00:00,2020-08-14 16:07:00,Q2,0.0,0.0,0.0,0.0,0.0,259000.0,0.0,0.0,265000.0,265000.0,55000.0,9000.0,-256000.0,0.0,-265000.0,0.0,3000.0,-317000.0,0.0,0.0,-317000.0,0.0,-0.001568,-0.001568,202130131.0,202130131.0,https://www.sec.gov/Archives/edgar/data/829325/000126246320000325/0001262463-20-000325-index.htm,https://www.sec.gov/Archives/edgar/data/829325/000126246320000325/spyr6302020.htm,1620598243,18:10:43,20210509
3,2020-03-31,SPYR,USD,2020-05-15 00:00:00,2020-05-15 16:04:45,Q1,188000.0,0.0,0.0,0.0,0.0,349000.0,0.0,0.0,359000.0,359000.0,55000.0,10000.0,-161000.0,-0.8563829787234043,-171000.0,-0.9095744680851063,-1000.0,-227000.0,-1.2074468085106382,0.0,-227000.0,-1.2074468085106382,-0.001125,-0.001125,201690571.0,201690571.0,https://www.sec.gov/Archives/edgar/data/829325/000126246320000216/0001262463-20-000216-index.htm,https://www.sec.gov/Archives/edgar/data/829325/000126246320000216/spyr3312020.htm,1620598243,18:10:43,20210509
4,2019-12-31,SPYR,USD,2020-03-30,2020-03-30 16:38:37,Q4,249000.0,0.0,0.0,0.0,10000.0,346000.0,0.0,0.0,384000.0,384000.0,0.0,28000.0,-107000.0,-0.42971887550200805,-135000.0,-0.5421686746987951,-500000.0,-739000.0,-2.967871485943775,0.0,-739000.0,-2.967871485943775,-0.0036640284983872648,-0.0036640284983872648,201690571.0,201690571.0,https://www.sec.gov/Archives/edgar/data/829325/000126246320000133/0001262463-20-000133-index.htm,https://www.sec.gov/Archives/edgar/data/829325/000126246320000133/spyr123119k.htm,1620598243,18:10:43,20210509
5,2019-09-30,SPYR,USD,2019-11-14 00:00:00,2019-11-14 16:04:46,Q3,18000.0,0.0,0.0,0.0,-70000.0,330000.0,0.0,0.0,271000.0,271000.0,0.0,11000.0,-242000.0,-13.444444444444445,-253000.0,-14.055555555555555,-1000.0,-247000.0,-13.722222222222221,0.0,-247000.0,-13.722222222222221,-0.001235,-0.001235,200055131.0,200055131.0,https://www.sec.gov/Archives/edgar/data/829325/000126246319000386/0001262463-19-000386-index.html,https://www.sec.gov/Archives/edgar/data/829325/000126246319000386/spyrq32019.htm,1620598243,18:10:43,20210509
6,2019-06-30,SPYR,USD,2019-08-14,2019-08-14,Q2,9000.0,0.0,0.0,0.0,9000.0,331000.0,0.0,0.0,351000.0,351000.0,187000.0,11000.0,-331000.0,-36.77777777777778,-342000.0,-38.0,0.0,-529000.0,-58.77777777777778,0.0,-529000.0,-58.77777777777778,-0.002649,-0.002649,199697988.0,199697988.0,https://www.sec.gov/Archives/edgar/data/829325/000126246319000285/0001262463-19-000285-index.htm,https://www.sec.gov/Archives/edgar/data/829325/000126246319000285/spyrq22019.htm,1620598243,18:10:43,20210509
7,2019-03-31,SPYR,USD,2019-04-01 00:00:00,2019-04-01 16:12:54,Q1,77000.0,0.0,0.0,0.0,17000.0,494000.0,0.0,0.0,522000.0,522000.0,3000.0,11000.0,-434000.0,-5.636363636363637,-445000.0,-5.779220779220779,-2000.0,-450000.0,-5.8441558441558445,0.0,-450000.0,-5.8441558441558445,-0.00226,-0.00226,199110687.0,199110687.0,https://www.sec.gov/Archives/edgar/data/829325/000126246319000088/0001262463-19-000088-index.html,https://www.sec.gov/Archives/edgar/data/829325/000126246319000088/spyr201810k.htm,1620598243,18:10:43,20210509
8,2018-12-31,SPYR,USD,2019-04-01 00:00:00,2019-04-01 16:12:54,Q4,165000.0,0.0,0.0,0.0,156000.0,313000.0,0.0,0.0,499000.0,499000.0,247000.0,30000.0,-304000.0,-1.8424242424242425,-334000.0,-2.0242424242424244,-583000.0,-1164000.0,-7.054545454545455,0.0,-1161000.0,-7.036363636363636,-0.005830927598577368,-0.005830927598577368,199110687.0,199110687.0,https://www.sec.gov/Archives/edgar/data/829325/000126246319000088/0001262463-19-000088-index.html,https://www.sec.gov/Archives/edgar/data/829325/000126246319000088/spyr201810k.htm,1620598243,18:10:43,20210509
9,2018-09-30,SPYR,USD,2018-11-14 00:00:00,2018-11-14 16:13:12,Q3,196000.0,0.0,0.0,0.0,137000.0,827000.0,0.0,0.0,992000.0,992000.0,135000.0,28000.0,-768000.0,-3.9183673469387754,-796000.0,-4.061224489795919,-2000.0,-933000.0,-4.760204081632653,0.0,-933000.0,-4.760204081632653,-0.004693,-0.004693,198811004.0,198811004.0,https://www.sec.gov/Archives/edgar/data/829325/000126246318000347/0001262463-18-000347-index.html,https://www.sec.gov/Archives/edgar/data/829325/000126246318000347/spyrq3.htm,1620598243,18:10:43,20210509
10,2018-06-30,SPYR,USD,2018-08-14 00:00:00,2018-08-14 16:30:32,Q2,21000.0,0.0,0.0,0.0,154000.0,914000.0,0.0,0.0,1096000.0,1096000.0,84000.0,28000.0,-1047000.0,-49.857142857142854,-1075000.0,-51.19047619047619,95000.0,-1064000.0,-50.666666666666664,0.0,-1064000.0,-50.666666666666664,-0.01,-0.01,192569065.0,192569065.0,https://www.sec.gov/Archives/edgar/data/829325/000126246318000254/0001262463-18-000254-index.html,https://www.sec.gov/Archives/edgar/data/829325/000126246318000254/spyrq22018.htm,1620598243,18:10:43,20210509
11,2018-03-31,SPYR,USD,2018-04-02 00:00:00,2018-04-02 16:08:59,Q1,6000.0,0.0,0.0,0.0,299000.0,3596000.0,0.0,0.0,3924000.0,3924000.0,20000.0,29000.0,-3889000.0,-648.1666666666666,-3918000.0,-653.0,-11000.0,-3949000.0,-658.1666666666666,0.0,-3951000.0,-658.5,-0.02,-0.02,186355488.0,186355488.0,https://www.sec.gov/Archives/edgar/data/829325/000126246318000087/0001262463-18-000087-index.html,https://www.sec.gov/Archives/edgar/data/829325/000126246318000087/spyr12311710k.htm,1620598243,18:10:43,20210509
12,2017-12-31,SPYR,USD,2018-04-02 00:00:00,2018-04-02 16:08:59,Q4,18000.0,0.0,0.0,0.0,464000.0,1430000.0,0.0,0.0,1910000.0,1910000.0,0.0,15000.0,-1877000.0,-104.27777777777777,-1892000.0,-105.11111111111111,-5355000.0,-7258000.0,-403.22222222222223,0.0,-7258000.0,-403.22222222222223,-0.03894706873349499,-0.03894706873349499,186355488.0,186355488.0,https://www.sec.gov/Archives/edgar/data/829325/000126246318000087/0001262463-18-000087-index.html,https://www.sec.gov/Archives/edgar/data/829325/000126246318000087/spyr12311710k.htm,1620598243,18:10:43,20210509
13,2017-09-30,SPYR,USD,2017-11-20 00:00:00,2017-11-20 16:03:30,Q3,26000.0,0.0,0.0,0.0,542000.0,2556000.0,0.0,0.0,3142000.0,3142000.0,0.0,45000.0,-3071000.0,-118.11538461538461,-3116000.0,-119.84615384615384,-10000.0,-3126000.0,-120.23076923076923,0.0,-3154000.0,-121.3076923076923,-0.02,-0.02,166052129.0,166052129.0,https://www.sec.gov/Archives/edgar/data/829325/000126246317000320/0001262463-17-000320-index.html,https://www.sec.gov/Archives/edgar/data/829325/000126246317000320/spyr10q.htm,1620598243,18:10:43,20210509
14,2017-06-30,SPYR,USD,2017-08-14 00:00:00,2017-08-14 16:43:18,Q2,32000.0,0.0,0.0,0.0,152000.0,2027000.0,0.0,0.0,2209000.0,2209000.0,0.0,15000.0,-2162000.0,-67.5625,-2177000.0,-68.03125,-12000.0,-2188000.0,-68.375,0.0,-2256000.0,-70.5,-0.01,-0.01,160846474.0,160846474.0,https://www.sec.gov/Archives/edgar/data/829325/000126246317000180/0001262463-17-000180-index.html,https://www.sec.gov/Archives/edgar/data/829325/000126246317000180/spyr10q63017.htm,1620598243,18:10:43,20210509
15,2017-03-31,SPYR,USD,2017-05-15 00:00:00,2017-05-15 16:28:19,Q1,364000.0,99000.0,265000.0,0.728021978021978,113000.0,3567000.0,0.0,0.0,3710000.0,3809000.0,0.0,30000.0,-3415000.0,-9.381868131868131,-3445000.0,-9.464285714285714,-15000.0,-3457000.0,-9.497252747252746,0.0,-3457000.0,-9.497252747252746,-0.02,-0.02,159333637.0,159333637.0,https://www.sec.gov/Archives/edgar/data/829325/000126246317000056/0001262463-17-000056-index.html,https://www.sec.gov/Archives/edgar/data/829325/000126246317000056/spyr10q.htm,1620598243,18:10:43,20210509
16,2016-12-31,SPYR,USD,2017-03-31 00:00:00,2017-03-31 16:19:35,Q4,414026.0,97170.0,316856.0,0.7653045943974534,0.0,2860905.0,0.0,0.0,3804288.0,3901458.0,0.0,55382.0,-3432050.0,-8.289455251602556,-3487432.0,-8.423219797790477,68558.0,-3415131.0,-8.248590668218904,0.0,-3414637.0,-8.247397506436794,-0.021430735306694846,-0.021430735306694846,159333637.0,159333637.0,https://www.sec.gov/Archives/edgar/data/829325/000126246317000032/0001262463-17-000032-index.html,https://www.sec.gov/Archives/edgar/data/829325/000126246317000032/spyrform10k2016.htm,1620598243,18:10:43,20210509
17,2016-09-30,SPYR,USD,2016-11-14 00:00:00,2016-11-14 16:21:37,Q3,431242.0,131210.0,300032.0,0.6957392832794579,0.0,2082577.0,0.0,0.0,2117449.0,2248659.0,0.0,34873.0,-1782544.0,-4.1335120419625175,-1817417.0,-4.214378469629581,-210575.0,-2023550.0,-4.69237690206427,0.0,-2023550.0,-4.69237690206427,-0.01,-0.01,154466661.0,154466661.0,https://www.sec.gov/Archives/edgar/data/829325/000126246316001078/0001262463-16-001078-index.html,https://www.sec.gov/Archives/edgar/data/829325/000126246316001078/spyrq32016.htm,1620598243,18:10:43,20210509
18,2016-06-30,SPYR,USD,2016-08-12 00:00:00,2016-08-12 15:59:59,Q2,374343.0,95136.0,279207.0,0.7458587445203997,0.0,1224484.0,0.0,0.0,1262572.0,1357708.0,0.0,38088.0,-945277.0,-2.525162751807834,-983365.0,-2.6269090112543845,-159447.0,-1138430.0,-3.0411414130890653,0.0,-1138430.0,-3.0411414130890653,-0.01,-0.01,152564198.0,152564198.0,https://www.sec.gov/Archives/edgar/data/829325/000126246316001009/0001262463-16-001009-index.html,https://www.sec.gov/Archives/edgar/data/829325/000126246316001009/spyrq22016.htm,1620598243,18:10:43,20210509
19,2016-03-31,SPYR,USD,2016-05-16 00:00:00,2016-05-16 16:13:04,Q1,332389.0,97484.0,234905.0,0.7067171296282367,0.0,1161034.0,0.0,0.0,1198691.0,1296175.0,0.0,37657.0,-926129.0,-2.7862805327492786,-963786.0,-2.899572488860943,149464.0,-808889.0,-2.4335612791037007,0.0,-813383.0,-2.447081582122152,-0.01,-0.01,152289857.0,152289857.0,https://www.sec.gov/Archives/edgar/data/829325/000126246316000966/0001262463-16-000966-index.html,https://www.sec.gov/Archives/edgar/data/829325/000126246316000966/spyr10q.htm,1620598243,18:10:43,20210509
20,2015-12-31,SPYR,USD,2016-03-24 00:00:00,2016-03-24 16:58:55,Q4,-13376.0,114738.0,-128114.0,9.577900717703349,0.0,-384851.0,0.0,0.0,-395119.0,-280381.0,0.0,-10268.0,256737.0,-19.193854665071772,267005.0,-19.961498205741627,-355473.0,-82735.0,6.1853319377990434,0.0,-2427259.0,181.46374102870814,-0.01593841538639044,-0.01593841538639044,152289857.0,152289857.0,https://www.sec.gov/Archives/edgar/data/829325/000126246316000892/0001262463-16-000892-index.html,https://www.sec.gov/Archives/edgar/data/829325/000126246316000892/spyr201510k.htm,1620598243,18:10:43,20210509
21,2015-09-30,SPYR,USD,2015-11-16 00:00:00,2015-11-16 09:23:10,Q3,465676.0,155083.0,310593.0,0.6669723155155086,0.0,1148671.0,0.0,0.0,1194344.0,1349427.0,0.0,45673.0,-838078.0,-1.7997019386869841,-883751.0,-1.8977808605124593,-713482.0,-1591521.0,-3.4176573411556532,0.0,-1591521.0,-3.4176573411556532,-0.01,-0.01,153241052.0,153241052.0,https://www.sec.gov/Archives/edgar/data/829325/000126246315000717/0001262463-15-000717-index.html,https://www.sec.gov/Archives/edgar/data/829325/000126246315000717/spyrq32015.htm,1620598243,18:10:43,20210509
22,2015-06-30,SPYR,USD,2015-08-14 00:00:00,2015-08-14 13:31:08,Q2,712296.0,102577.0,609719.0,0.8559910486651616,0.0,1576104.0,434943.0,0.0,2054907.0,2157484.0,0.0,43860.0,-1401328.0,-1.9673394206902748,-1445188.0,-2.028914945472107,-152038.0,-1591592.0,-2.2344530925345643,0.0,-1591592.0,-2.2344530925345643,-0.01,-0.01,152958754.0,152958754.0,https://www.sec.gov/Archives/edgar/data/829325/000126246315000507/0001262463-15-000507-index.html,https://www.sec.gov/Archives/edgar/data/829325/000126246315000507/spyrq.htm,1620598243,18:10:43,20210509
23,2015-03-31,SPYR,USD,2015-05-15 00:00:00,2015-05-15 16:10:37,Q1,432216.0,100588.0,331628.0,0.7672737705221463,0.0,2193843.0,37817.0,0.0,2250362.0,2350950.0,0.0,18702.0,-1900032.0,-4.396024210117163,-1918734.0,-4.439294241768005,-1420668.0,-3334049.0,-7.7138490939715325,0.0,-3334049.0,-7.7138490939715325,-0.02,-0.02,142754422.0,142754422.0,https://www.sec.gov/Archives/edgar/data/829325/000126246315000368/0001262463-15-000368-index.html,https://www.sec.gov/Archives/edgar/data/829325/000126246315000368/spyrq1.htm,1620598243,18:10:43,20210509
24,2014-12-31,SPYR,USD,2015-03-30,2015-03-30,Q4,359536.0,137815.0,221721.0,0.6166865070535357,0.0,1651142.0,0.0,0.0,3929911.0,4067726.0,147376.0,17919.0,-3690271.0,-10.263981910017355,-3708190.0,-10.313821147256464,1693234.0,-2156875.0,-5.999051555337991,-626000.0,-1530875.0,-4.257918539450848,-0.01072383593133108,-0.01072383593133108,142754422.0,142754422.0,https://www.sec.gov/Archives/edgar/data/829325/000126246315000225/0001262463-15-000225-index.htm,https://www.sec.gov/Archives/edgar/data/829325/000126246315000225/spyr201410k.htm,1620598243,18:10:43,20210509
25,2014-09-30,SPYR,USD,2014-11-14 00:00:00,2014-11-14 16:59:53,Q3,361575.0,140725.0,220850.0,0.6107999723432206,0.0,522423.0,0.0,0.0,540420.0,681145.0,147072.0,17997.0,-301573.0,-0.8340537924358709,-319570.0,-0.8838276982645371,234444.0,-229942.0,-0.635945516144645,-159000.0,-70942.0,-0.19620272419276774,-0.0005192358124131627,-0.0005192358124131627,136627710.0,136627710.0,https://www.sec.gov/Archives/edgar/data/829325/000126246314001092/0001262463-14-001092-index.html,https://www.sec.gov/Archives/edgar/data/829325/000126246314001092/eaj93014q.htm,1620598243,18:10:43,20210509
26,2014-06-30,SPYR,USD,2014-08-14 00:00:00,2014-08-14 16:23:02,Q2,392605.0,125839.0,266766.0,0.6794768278549688,0.0,286871.0,0.0,0.0,304937.0,430776.0,146637.0,18066.0,-20105.0,-0.0512092306516728,-38171.0,-0.09722494619273825,-1435383.0,-1617934.0,-4.121022401650514,0.0,-1617934.0,-4.121022401650514,-0.011841916987410533,-0.011801553667165104,136627710.0,137095000.0,https://www.sec.gov/Archives/edgar/data/829325/000126246314000762/0001262463-14-000762-index.html,https://www.sec.gov/Archives/edgar/data/829325/000126246314000762/eaj63014.htm,1620598243,18:10:43,20210509
27,2014-03-31,SPYR,USD,2014-04-15 00:00:00,2014-04-15 16:18:03,Q1,337171.0,105710.0,231461.0,0.6864795608163217,0.0,337312.0,0.0,0.0,355378.0,461088.0,146209.0,18066.0,-105851.0,-0.3139386246148097,-123917.0,-0.36751974517381386,7504297.0,7235409.0,21.45916760338226,0.0,7235409.0,21.45916760338226,0.05295711243348805,0.05167840211956466,136627710.0,140008373.0,https://www.sec.gov/Archives/edgar/data/829325/000126246314000312/0001262463-14-000312-index.html,https://www.sec.gov/Archives/edgar/data/829325/000126246314000312/joes201310k.htm,1620598243,18:10:43,20210509
28,2013-12-31,SPYR,USD,2013-12-31,2013-12-31,Q4,337872.0,129862.0,208010.0,0.6156473457403987,0.0,193432.0,0.0,0.0,211627.0,341489.0,439247.0,18195.0,14578.0,0.043146517024198514,-3617.0,-0.010705237486385378,-5312143.0,-5754898.0,-17.032775725718615,179000.0,-5933898.0,-17.562562153715017,-0.04343114584881793,-0.04343114584881793,136627710.0,136627710.0,,,1620598243,18:10:43,20210509
29,2013-09-30,SPYR,USD,2013-11-14 00:00:00,2013-11-14 09:45:08,Q3,364924.0,130690.0,234234.0,0.641870636077649,0.0,201813.0,0.0,0.0,230766.0,361456.0,30832.0,28953.0,32421.0,0.08884315638324693,3468.0,0.00950334864245706,959246.0,931989.0,2.5539262969823855,0.0,931989.0,2.5539262969823855,0.006821376132264824,0.00664760858481449,136627710.0,140199139.0,https://www.sec.gov/Archives/edgar/data/829325/000126246313000753/0001262463-13-000753-index.html,https://www.sec.gov/Archives/edgar/data/829325/000126246313000753/joesq3.htm,1620598243,18:10:43,20210509
30,2013-06-30,SPYR,USD,2013-08-13 00:00:00,2013-08-13 12:07:26,Q2,326740.0,97068.0,229672.0,0.7029197527085757,0.0,223182.0,0.0,0.0,235653.0,332721.0,32242.0,12471.0,6490.0,0.0198628879231193,-5981.0,-0.01830507437105956,3309975.0,3271977.0,10.014008079818817,0.0,3271977.0,10.014008079818817,0.023948121504781133,0.02349557450347172,136627710.0,139259289.0,https://www.sec.gov/Archives/edgar/data/829325/000126246313000527/0001262463-13-000527-index.html,https://www.sec.gov/Archives/edgar/data/829325/000126246313000527/eaj6302013.htm,1620598243,18:10:43,20210509
31,2013-03-31,SPYR,USD,2013-04-01 00:00:00,2013-04-01 11:40:33,Q1,277328.0,84554.0,192774.0,0.6951119252293313,0.0,231816.0,0.0,0.0,244591.0,329145.0,33353.0,12775.0,-39042.0,-0.14077914959903076,-51817.0,-0.186843737379565,434856.0,349829.0,1.2614269024404317,0.0,349829.0,1.2614269024404317,0.0025604542446038218,0.0023950773341825087,136627710.0,146061672.0,https://www.sec.gov/Archives/edgar/data/829325/000126246313000160/0001262463-13-000160-index.html,https://www.sec.gov/Archives/edgar/data/829325/000126246313000160/joes10k.htm,1620598243,18:10:43,20210509
32,2012-12-31,SPYR,USD,2013-04-01 00:00:00,2013-04-01 11:40:33,Q4,246288.0,103772.0,142516.0,0.5786558825440136,0.0,360779.0,0.0,0.0,373507.0,477279.0,30521.0,12728.0,-218263.0,-0.8862104528032222,-230991.0,-0.9378897875657767,-3435.0,-264738.0,-1.0749122977977001,0.0,2090250.0,8.487015201715066,0.015298873120247716,0.015298873120247716,136627710.0,136627710.0,https://www.sec.gov/Archives/edgar/data/829325/000126246313000160/0001262463-13-000160-index.html,https://www.sec.gov/Archives/edgar/data/829325/000126246313000160/joes10k.htm,1620598243,18:10:43,20210509
33,2012-09-30,SPYR,USD,2012-11-14 00:00:00,2012-11-13 18:28:43,Q3,269570.0,87862.0,181708.0,0.6740661052787773,0.0,197190.0,0.0,0.0,210004.0,297866.0,35580.0,12814.0,-15482.0,-0.05743220684794302,-28296.0,-0.10496716993730756,-81056.0,-144654.0,-0.5366101569165709,0.0,-144654.0,-0.5366101569165709,-0.0013572631650651905,-0.0013572631650651905,106577710.0,106577710.0,https://www.sec.gov/Archives/edgar/data/829325/000126246312000440/0001262463-12-000440-index.html,https://www.sec.gov/Archives/edgar/data/829325/000126246312000440/joes930201210q.htm,1620598243,18:10:43,20210509
34,2012-06-30,SPYR,USD,2012-08-14 00:00:00,2012-08-13 19:07:55,Q2,289503.0,94373.0,195130.0,0.6740171949858896,0.0,233997.0,0.0,0.0,246548.0,340921.0,34097.0,12551.0,-38867.0,-0.13425422189061945,-51418.0,-0.17760783135235214,40903.0,-44143.0,-0.15247855808057256,0.0,-44143.0,-0.15247855808057256,-0.0004141860432167289,-0.0004141860432167289,106577710.0,106577710.0,https://www.sec.gov/Archives/edgar/data/829325/000126246312000321/0001262463-12-000321-index.html,https://www.sec.gov/Archives/edgar/data/829325/000126246312000321/joes630201210q.htm,1620598243,18:10:43,20210509
35,2012-03-31,SPYR,USD,2012-03-31,2012-03-31,Q1,312969.0,89768.0,223201.0,0.7131728701564691,0.0,214993.0,0.0,0.0,227323.0,317091.0,35080.0,12330.0,8208.0,0.026226239659518993,-4122.0,-0.013170633513223354,61109.0,22361.0,0.07144797088529535,0.0,22361.0,0.07144797088529535,0.00020980934944089154,0.00020980934944089154,106577710.0,106577710.0,,,1620598243,18:10:43,20210509
36,2011-12-31,SPYR,USD,2012-03-30 00:00:00,2012-03-30 11:05:19,Q4,341892.0,117734.0,224158.0,0.6556397926830695,0.0,186893.0,0.0,0.0,198971.0,316705.0,33909.0,12078.0,37265.0,0.10899640822247961,25187.0,0.0736694628713161,46085.0,37816.0,0.11060802826623613,2975.0,34841.0,0.10190644999005534,0.000326907005226515,0.000326907005226515,106577710.0,106577710.0,https://www.sec.gov/Archives/edgar/data/829325/000126246312000103/0001262463-12-000103-index.html,https://www.sec.gov/Archives/edgar/data/829325/000126246312000103/f10k2011final.htm,1620598243,18:10:43,20210509
37,2011-09-30,SPYR,USD,2011-11-14 00:00:00,2011-11-14 16:56:59,Q3,400967.0,124227.0,276740.0,0.6901814862569737,0.0,245616.0,0.0,0.0,257842.0,382069.0,35955.0,12226.0,31124.0,0.0776223479737734,18898.0,0.04713106066085239,-183218.0,-199679.0,-0.4979936004708617,0.0,-199679.0,-0.4979936004708617,-0.0018735531097449926,-0.0018735531097449926,106577710.0,106577710.0,https://www.sec.gov/Archives/edgar/data/829325/000126246311000287/0001262463-11-000287-index.html,https://www.sec.gov/Archives/edgar/data/829325/000126246311000287/f10qfinal.htm,1620598243,18:10:43,20210509
38,2011-06-30,SPYR,USD,2011-08-15 00:00:00,2011-08-15 13:54:17,Q2,163881.0,22861.0,141020.0,0.8605024377444609,0.0,115595.0,0.0,0.0,118094.0,140955.0,38060.0,2499.0,25425.0,0.1551430611236202,22926.0,0.1398941915170154,166976.0,152647.0,0.9314502596396166,0.0,152647.0,0.9314502596396166,0.0014322600851528898,0.0013187415421563866,106577710.0,115752022.0,https://www.sec.gov/Archives/edgar/data/829325/000126246311000125/0001262463-11-000125-index.html,https://www.sec.gov/Archives/edgar/data/829325/000126246311000125/f10q063011final.htm,1620598243,18:10:43,20210509
39,2011-03-31,SPYR,USD,2011-05-13 00:00:00,2011-05-13 16:04:32,Q1,171092.0,62074.0,109018.0,0.6371893484207327,0.0,133146.0,0.0,0.0,134232.0,196306.0,36075.0,1086.0,-24128.0,-0.1410235428892058,-25214.0,-0.1473710050732939,-80552.0,-140718.0,-0.8224697823393262,0.0,-140718.0,-0.8224697823393262,-0.0013203323659328014,-0.0013203323659328014,106577710.0,106577710.0,https://www.sec.gov/Archives/edgar/data/829325/000093980211000113/0000939802-11-000113-index.html,https://www.sec.gov/Archives/edgar/data/829325/000093980211000113/form10q033111.htm,1620598243,18:10:43,20210509
40,2010-12-31,SPYR,USD,2011-03-31,2011-03-31,Q4,313709.0,94278.0,219431.0,0.6994730785536915,0.0,178634.0,0.0,0.0,179812.0,274090.0,35389.0,1178.0,40797.0,0.13004727310979283,39619.0,0.12629220073380107,-250788.0,0.0,0.0,0.0,-252781.0,-0.8057817914054107,-0.0023717998819828274,-0.0023717998819828274,106577710.0,106577710.0,https://www.sec.gov/Archives/edgar/data/829325/000093980211000071/0000939802-11-000071-index.htm,https://www.sec.gov/Archives/edgar/data/829325/000093980211000071/form10k123110.htm,1620598243,18:10:43,20210509
41,2010-09-30,SPYR,USD,2010-11-12 00:00:00,2010-11-12 08:21:42,Q3,354472.0,124898.0,229574.0,0.6476505901735539,0.0,204724.0,0.0,0.0,205904.0,330802.0,34302.0,1180.0,24850.0,0.07010426775598637,23670.0,0.06677537294906227,3409.0,0.0,0.0,0.0,-4521.0,-0.012754180866189712,-3.884633616411222e-05,-3.884633616411222e-05,116381632.0,116381632.0,https://www.sec.gov/Archives/edgar/data/829325/000093980210000344/0000939802-10-000344-index.html,https://www.sec.gov/Archives/edgar/data/829325/000093980210000344/form10q093010.htm,1620598243,18:10:43,20210509
42,2010-06-30,SPYR,USD,2010-08-16 00:00:00,2010-08-16 11:55:49,Q2,290525.0,89233.0,201292.0,0.6928560364856725,0.0,213920.0,0.0,0.0,215100.0,304333.0,36226.0,1180.0,-12628.0,-0.04346613888649858,-13808.0,-0.04752775148438172,-131536.0,-178881.0,-0.615716375527063,0.0,-178881.0,-0.615716375527063,-0.0016784091157522525,-0.0016784091157522525,106577710.0,106577710.0,https://www.sec.gov/Archives/edgar/data/829325/000093980210000264/0000939802-10-000264-index.html,https://www.sec.gov/Archives/edgar/data/829325/000093980210000264/form10q063010.htm,1620598243,18:10:43,20210509
43,2010-03-31,SPYR,USD,2010-05-17 00:00:00,2010-05-17 12:52:41,Q1,282126.0,118141.0,163985.0,0.5812473859197663,0.0,165722.0,0.0,0.0,166982.0,285123.0,36782.0,1260.0,-1737.0,-0.006156823546925842,-2997.0,-0.01062291316645754,-149570.0,-185598.0,-0.6578550009570192,0.0,-185598.0,-0.6578550009570192,-0.0017414335511618706,-0.0017414335511618706,106577710.0,106577710.0,https://www.sec.gov/Archives/edgar/data/829325/000093980210000154/0000939802-10-000154-index.html,https://www.sec.gov/Archives/edgar/data/829325/000093980210000154/form10q033110.htm,1620598243,18:10:43,20210509
44,2009-12-31,SPYR,USD,2010-03-31 00:00:00,2010-03-31 15:36:02,Q4,294937.0,98679.0,196258.0,0.6654234633158945,0.0,204774.0,0.0,0.0,205970.0,304649.0,35437.0,1196.0,-8516.0,-0.02887396291411386,-9712.0,-0.03292906620735954,198582.0,156534.0,0.5307370726629754,3328.0,153206.0,0.5194533069774223,0.0014375050843182875,0.0014375050843182875,106577710.0,106577710.0,https://www.sec.gov/Archives/edgar/data/829325/000093980210000085/0000939802-10-000085-index.html,https://www.sec.gov/Archives/edgar/data/829325/000093980210000085/form10k123109.htm,1620598243,18:10:43,20210509
45,2009-09-30,SPYR,USD,2009-11-16 00:00:00,2009-11-16 13:08:55,Q3,319112.0,136284.0,182828.0,0.5729273734613552,0.0,166561.0,0.0,0.0,167778.0,304062.0,34379.0,1217.0,16267.0,0.050975832936398506,15050.0,0.04716212489658803,190005.0,172167.0,0.539519040336935,0.0,172167.0,0.539519040336935,0.0014458373443694877,0.0014458373443694877,119077710.0,119077710.0,https://www.sec.gov/Archives/edgar/data/829325/000093980209000210/0000939802-09-000210-index.html,https://www.sec.gov/Archives/edgar/data/829325/000093980209000210/form10q093009.htm,1620598243,18:10:43,20210509
46,2009-06-30,SPYR,USD,2009-08-14 00:00:00,2009-08-14 12:52:57,Q2,348827.0,130211.0,218616.0,0.6267175419333939,0.0,222549.0,0.0,0.0,223809.0,354020.0,33869.0,1260.0,-3933.0,-0.011274929979617404,-5193.0,-0.014887035693911308,-47193.0,-84994.0,-0.2436565976830922,0.0,-84994.0,-0.2436565976830922,-0.0007974838265900065,-0.0007974838265900065,106577710.0,106577710.0,https://www.sec.gov/Archives/edgar/data/829325/000093980209000145/0000939802-09-000145-index.html,https://www.sec.gov/Archives/edgar/data/829325/000093980209000145/form10q063009.htm,1620598243,18:10:43,20210509
47,2009-03-31,SPYR,USD,2009-05-15 00:00:00,2009-05-15 11:48:25,Q1,311278.0,127133.0,184145.0,0.591577303889128,0.0,186862.0,0.0,0.0,188122.0,315255.0,33365.0,1260.0,-2717.0,-0.008728532051735105,-3977.0,-0.012776360680806224,86925.0,51136.0,0.16427759109220696,0.0,51136.0,0.16427759109220696,0.0004798001383216059,0.0004798001383216059,106577710.0,106577710.0,https://www.sec.gov/Archives/edgar/data/829325/000093980209000074/0000939802-09-000074-index.html,https://www.sec.gov/Archives/edgar/data/829325/000093980209000074/form10q033109.htm,1620598243,18:10:43,20210509
48,2008-12-31,SPYR,USD,2009-03-31 00:00:00,2009-03-31 09:51:15,Q4,347690.0,150124.0,197566.0,0.5682245678621761,0.0,0.0,0.0,0.0,258285.0,408409.0,0.0,130.0,-60589.0,-0.17426155483332853,-60719.0,-0.1746354511202508,-42135.0,-131977.0,-0.3795823866087607,0.0,-135203.0,-0.3888607667750007,-0.001268586086152536,-0.001268586086152536,106577710.0,106577710.0,https://www.sec.gov/Archives/edgar/data/829325/000093980209000041/0000939802-09-000041-index.html,https://www.sec.gov/Archives/edgar/data/829325/000093980209000041/form10k123108.htm,1620598243,18:10:43,20210509
49,2008-09-30,SPYR,USD,2008-11-14 00:00:00,2008-11-14 10:04:28,Q3,428248.0,191145.0,237103.0,0.5536581606919355,0.0,0.0,0.0,0.0,307904.0,499049.0,0.0,831.0,-69970.0,-0.16338663578113616,-70801.0,-0.16532710018493957,-53980.0,-150927.0,-0.3524289663933048,0.0,-150927.0,-0.3524289663933048,-0.0014161216261824353,-0.0014161216261824353,106577710.0,106577710.0,https://www.sec.gov/Archives/edgar/data/829325/000093980208000438/0000939802-08-000438-index.html,https://www.sec.gov/Archives/edgar/data/829325/000093980208000438/form10q093008.htm,1620598243,18:10:43,20210509
50,2008-06-30,SPYR,USD,2008-08-14 00:00:00,2008-08-14 11:09:01,Q2,426125.0,166876.0,259249.0,0.6083872103256087,0.0,0.0,0.0,0.0,278468.0,445344.0,0.0,544.0,-18675.0,-0.043825168671164566,-19219.0,-0.04510178938105016,-206665.0,-250878.0,-0.5887427398063948,0.0,-250878.0,-0.5887427398063948,-0.002353944366040516,-0.002353944366040516,106577710.0,106577710.0,https://www.sec.gov/Archives/edgar/data/829325/000093980208000335/0000939802-08-000335-index.html,https://www.sec.gov/Archives/edgar/data/829325/000093980208000335/form10q063008.htm,1620598243,18:10:43,20210509
51,2008-03-31,SPYR,USD,2008-05-15 00:00:00,2008-05-15 15:17:03,Q1,353627.0,137807.0,215820.0,0.6103040774601487,0.0,0.0,0.0,0.0,430794.0,568601.0,0.0,2627.0,-212347.0,-0.6004829947939495,-214974.0,-0.6079117261973774,-262128.0,-495022.0,-1.3998422066188385,0.0,-495022.0,-1.3998422066188385,-0.01,-0.01,96379908.0,96379908.0,https://www.sec.gov/Archives/edgar/data/829325/000093980208000221/0000939802-08-000221-index.html,https://www.sec.gov/Archives/edgar/data/829325/000093980208000221/form10q033108.htm,1620598243,18:10:43,20210509
52,2007-12-31,SPYR,USD,2007-12-31,2007-12-31,Q4,333218.0,154985.0,178233.0,0.5348840698881813,0.0,0.0,0.0,0.0,245737.0,400722.0,0.0,6636.0,-60868.0,-0.18266720285218685,-67504.0,-0.2025820934043179,-635440.0,-719051.0,-2.1578996332731126,0.0,-720769.0,-2.163055417174342,-0.007478415522040133,-0.007478415522040133,96379908.0,96379908.0,,,1620598243,18:10:43,20210509
53,2007-09-30,SPYR,USD,2007-09-30,2007-09-30,Q3,373059.0,166418.0,206641.0,0.5539097032909004,0.0,0.0,0.0,0.0,241723.0,408141.0,0.0,11117.0,-23965.0,-0.06423916860335764,-35082.0,-0.09403874454174808,236600.0,186479.0,0.49986463267204384,0.0,186479.0,0.49986463267204384,0.002059,0.001898,90577710.0,98270018.0,,,1620598243,18:10:43,20210509
54,2007-06-30,SPYR,USD,2007-06-30,2007-06-30,Q2,379804.0,165217.0,214587.0,0.5649940495624058,0.0,0.0,0.0,0.0,297727.0,462944.0,0.0,14049.0,-69091.0,-0.18191224947604553,-83140.0,-0.21890238122821246,62545.0,-26430.0,-0.06958852460742909,0.0,-26430.0,-0.06958852460742909,-0.00039,-0.00039,67813005.0,67813005.0,,,1620598243,18:10:43,20210509
55,2007-03-31,SPYR,USD,2007-03-31,2007-03-31,Q1,343608.0,148200.0,195408.0,0.568694558915974,0.0,0.0,0.0,0.0,226878.0,375078.0,0.0,13708.0,-17762.0,-0.0516926264813392,-31470.0,-0.09158692463504924,32172.0,-3909.0,-0.011376335824544248,0.0,-3909.0,-0.011376335824544248,-8.7e-05,-8.7e-05,45048299.0,45048299.0,,,1620598243,18:10:43,20210509
56,2006-12-31,SPYR,USD,2007-04-02,2007-04-02,Q4,362057.0,148482.0,213575.0,0.5898933040930019,0.0,0.0,0.0,0.0,249433.0,397915.0,0.0,15835.0,-20023.0,-0.05530344669485744,-35858.0,-0.0990396539771362,-268046.0,-308271.0,-0.851443281030335,0.0,-310701.0,-0.8581549314058283,-0.006897063971272256,-0.006897063971272256,45048299.0,45048299.0,https://www.sec.gov/Archives/edgar/data/829325/000093980207000066/0000939802-07-000066-index.htm,https://www.sec.gov/Archives/edgar/data/829325/000093980207000066/form10ksb123106.txt,1620598243,18:10:43,20210509
57,2006-09-30,SPYR,USD,2006-09-30,2006-09-30,Q3,385966.0,157767.0,228199.0,0.591241197411171,0.0,0.0,0.0,0.0,296297.0,454064.0,0.0,14709.0,-53389.0,-0.13832565562769777,-68098.0,-0.17643523004616987,23178.0,-48642.0,-0.12602664483400092,0.0,-48642.0,-0.12602664483400092,-0.00108,-0.00108,45048299.0,45048299.0,,,1620598243,18:10:43,20210509
58,2006-06-30,SPYR,USD,2006-06-30,2006-06-30,Q2,378194.0,152532.0,225662.0,0.5966831837628307,0.0,0.0,0.0,0.0,285237.0,437769.0,0.0,14104.0,-45471.0,-0.1202319444517893,-59575.0,-0.15752497395516588,2619.0,-69361.0,-0.18340058276968962,0.0,-69361.0,-0.18340058276968962,-0.00154,-0.00154,45048299.0,45048299.0,,,1620598243,18:10:43,20210509
59,2006-03-31,SPYR,USD,2006-03-31,2006-03-31,Q1,300989.0,125088.0,175901.0,0.584410061497264,0.0,0.0,0.0,0.0,214773.0,339861.0,0.0,14104.0,-24768.0,-0.08228872151473975,-38872.0,-0.12914757682174433,16891.0,-36898.0,-0.12258919761187285,0.0,-36898.0,-0.12258919761187285,-0.000819,-0.000819,45048299.0,45048299.0,,,1620598243,18:10:43,20210509
60,2005-12-31,SPYR,USD,2005-12-31,2005-12-31,Q4,287158.0,124053.0,163105.0,0.5679974090918588,0.0,0.0,0.0,0.0,240176.0,364229.0,0.0,14826.0,-62245.0,-0.21676220060036636,-77071.0,-0.2683923136391812,14577.0,-117632.0,-0.4096420785769507,0.0,-119263.0,-0.4153218785476985,-0.0026474473542275148,-0.0026474473542275148,45048299.0,45048299.0,,,1620598243,18:10:43,20210509
61,2005-09-30,SPYR,USD,2005-11-14,2005-11-14,Q3,307303.0,110983.0,196320.0,0.6388483028151368,0.0,0.0,0.0,0.0,259724.0,370707.0,0.0,15725.0,-47679.0,-0.15515305740588278,-63404.0,-0.20632405150616817,-5052.0,-128768.0,-0.4190261728652177,0.0,-128768.0,-0.4190261728652177,-0.002858,-0.002858,45048299.0,45048299.0,https://www.sec.gov/Archives/edgar/data/829325/000093980205000780/0000939802-05-000780-index.htm,https://www.sec.gov/Archives/edgar/data/829325/000093980205000780/form10qsb093005.txt,1620598243,18:10:43,20210509
62,2005-06-30,SPYR,USD,2005-06-30,2005-06-30,Q2,330094.0,115755.0,214339.0,0.6493271613540386,0.0,0.0,0.0,0.0,293393.0,409148.0,0.0,15777.0,-63277.0,-0.1916938811368883,-79054.0,-0.23948935757693263,-86997.0,-227780.0,-0.690045865723097,0.0,-227780.0,-0.690045865723097,-0.01,-0.01,45048299.0,45048299.0,,,1620598243,18:10:43,20210509
63,2005-03-31,SPYR,USD,2005-03-31,2005-03-31,Q1,369249.0,129194.0,240055.0,0.6501168588134294,0.0,0.0,0.0,0.0,220894.0,350088.0,0.0,15777.0,34938.0,0.09461907818301471,19161.0,0.051891812841740936,-8498.0,-26121.0,-0.0707408821689429,0.0,-26121.0,-0.0707408821689429,-0.00058,-0.00058,45048299.0,45048299.0,,,1620598243,18:10:43,20210509
64,2004-12-31,SPYR,USD,2004-12-31,2004-12-31,Q4,358286.0,130272.0,228014.0,0.6364022038259938,0.0,0.0,0.0,0.0,245493.0,375765.0,0.0,4137.0,-13342.0,-0.03723840730589529,-17479.0,-0.04878504881575055,-68450.0,-114638.0,-0.3199622647828829,0.0,-117853.0,-0.32893554311360196,-0.002616147615251799,-0.002616147615251799,45048299.0,45048299.0,,,1620598243,18:10:43,20210509
65,2004-09-30,SPYR,USD,2004-09-30,2004-09-30,Q3,318164.0,122986.0,195178.0,0.6134509246803536,0.0,0.0,0.0,0.0,231919.0,354905.0,0.0,15338.0,-21403.0,-0.06727033856753122,-36741.0,-0.11547818106385387,-44399.0,-120173.0,-0.37770772306106287,0.0,-120173.0,-0.37770772306106287,-0.002668,-0.002668,45048299.0,45048299.0,,,1620598243,18:10:43,20210509
66,2004-06-30,SPYR,USD,2004-06-30,2004-06-30,Q2,304425.0,130441.0,173984.0,0.5715167939558183,0.0,0.0,0.0,0.0,279586.0,410027.0,0.0,15270.0,-90332.0,-0.29672990063233967,-105602.0,-0.3468900385973557,17190.0,-127510.0,-0.41885521885521887,0.0,-127510.0,-0.41885521885521887,-0.002831,-0.002831,45048299.0,45048299.0,,,1620598243,18:10:43,20210509
67,2004-03-31,SPYR,USD,2004-03-31,2004-03-31,Q1,274442.0,94152.0,180290.0,0.6569329767309668,0.0,0.0,0.0,0.0,191676.0,285828.0,0.0,15270.0,3884.0,0.014152352773992318,-11386.0,-0.04148781891984463,-37364.0,-102341.0,-0.3729057505775355,0.0,-102341.0,-0.3729057505775355,-0.002272,-0.002272,45048299.0,45048299.0,,,1620598243,18:10:43,20210509
68,2003-12-31,SPYR,USD,2003-12-31,2003-12-31,Q4,312464.0,102983.0,209481.0,0.6704164319729633,0.0,0.0,0.0,0.0,263867.0,366850.0,0.0,17273.0,-37113.0,-0.11877528291259153,-54386.0,-0.1740552511649342,184480.0,-17631.0,-0.056425700240667724,0.0,-18161.0,-0.058121895642378005,-0.0004031450776865071,-0.0004031450776865071,45048299.0,45048299.0,,,1620598243,18:10:43,20210509
69,2003-09-30,SPYR,USD,2003-09-30,2003-09-30,Q3,312248.0,120950.0,191298.0,0.6126476390561348,0.0,0.0,0.0,0.0,256382.0,377332.0,0.0,15274.0,-49810.0,-0.15952063744203326,-65084.0,-0.2084368835028567,-25097.0,-90181.0,-0.2888120980758884,0.0,-90181.0,-0.2888120980758884,-0.002002,-0.002002,45048299.0,45048299.0,,,1620598243,18:10:43,20210509
70,2003-06-30,SPYR,USD,2003-06-30,2003-06-30,Q2,308935.0,102122.0,206813.0,0.6694385550358489,0.0,0.0,0.0,0.0,237563.0,339685.0,0.0,18735.0,-12015.0,-0.0388916762425753,-30750.0,-0.099535500995355,-38421.0,-69171.0,-0.22390146794633176,0.0,-69171.0,-0.22390146794633176,-0.001535,-0.001535,45048299.0,45048299.0,,,1620598243,18:10:43,20210509
71,2003-03-31,SPYR,USD,2003-05-13,2003-05-13,Q1,299900.0,105172.0,194728.0,0.6493097699233078,0.0,0.0,0.0,0.0,235726.0,340898.0,0.0,18736.0,-22262.0,-0.07423141047015672,-40998.0,-0.13670556852284094,-38096.0,-79094.0,-0.2637345781927309,0.0,-79094.0,-0.2637345781927309,-0.001756,-0.001756,45048299.0,45048299.0,https://www.sec.gov/Archives/edgar/data/829325/000093980203000135/0000939802-03-000135-index.htm,https://www.sec.gov/Archives/edgar/data/829325/000093980203000135/form10qsb033103.txt,1620598243,18:10:43,20210509
72,2002-12-31,SPYR,USD,2002-12-31,2002-12-31,Q4,316658.0,115752.0,200906.0,0.6344573640962805,0.0,0.0,0.0,0.0,199061.0,314813.0,0.0,19421.0,21266.0,0.06715762747190976,1845.0,0.0058264752509016035,155292.0,4208.0,0.013288784745687777,380.0,3828.0,0.012088751902683652,8.497546155960295e-05,8.497546155960295e-05,45048299.0,45048299.0,,,1620598243,18:10:43,20210509
73,2002-09-30,SPYR,USD,2002-09-30,2002-09-30,Q3,284916.0,100340.0,184576.0,0.6478260259164105,0.0,224718.0,0.0,0.0,244138.0,344478.0,0.0,19420.0,-40142.0,-0.1408906484718303,-59562.0,-0.209051088741945,-33935.0,-93497.0,-0.32815636889469174,50.0,-93547.0,-0.3283318592146457,-0.002077,-0.002077,45048299.0,45048299.0,,,1620598243,18:10:43,20210509
74,2002-06-30,SPYR,USD,2002-08-14,2002-08-14,Q2,293159.0,96772.0,196387.0,0.6698992696795937,0.0,196274.0,0.0,0.0,196274.0,293046.0,0.0,19874.0,19987.0,0.0681780194365515,113.0,0.00038545635644820727,-187987.0,-207294.0,-0.7071043358723423,50.0,-207344.0,-0.7072748917822751,-0.004603,-0.004603,45048299.0,45048299.0,https://www.sec.gov/Archives/edgar/data/829325/000093980202000291/0000939802-02-000291-index.htm,https://www.sec.gov/Archives/edgar/data/829325/000093980202000291/form10qsb063002.txt,1620598243,18:10:43,20210509
75,2002-03-31,SPYR,USD,2002-05-14,2002-05-14,Q1,401285.0,163143.0,238142.0,0.5934485465442266,0.0,231583.0,0.0,0.0,262266.0,425409.0,0.0,30229.0,6105.0,0.01521362622574978,-24124.0,-0.06011687454053852,-11624.0,-85982.0,-0.21426666832799632,50.0,-86032.0,-0.21439126805138492,-0.00191,-0.00191,45048299.0,45048299.0,https://www.sec.gov/Archives/edgar/data/829325/000093980202000177/0000939802-02-000177-index.htm,https://www.sec.gov/Archives/edgar/data/829325/000093980202000177/form10qsb033102.txt,1620598243,18:10:43,20210509
76,2001-12-31,SPYR,USD,2002-04-01,2002-04-01,Q4,391242.0,89169.0,302073.0,0.7720873525848452,0.0,82643.0,0.0,0.0,112907.0,202076.0,0.0,14973.0,204139.0,0.52177169117835,189166.0,0.48350126008966315,103165.0,144448.0,0.36920371534753427,50.0,144398.0,0.3690759172072528,0.0032054040486634134,0.0032054040486634134,45048299.0,45048299.0,https://www.sec.gov/Archives/edgar/data/829325/000093980202000096/0000939802-02-000096-index.htm,https://www.sec.gov/Archives/edgar/data/829325/000093980202000096/form10ksb123101.txt,1620598243,18:10:43,20210509
77,2001-09-30,SPYR,USD,2001-09-30,2001-09-30,Q3,372099.0,180714.0,191385.0,0.5143389259310023,0.0,242250.0,0.0,0.0,272097.0,452811.0,0.0,45139.0,-35573.0,-0.09560090191051306,-80712.0,-0.21691001588286987,-38648.0,-119359.0,-0.32077216009717846,50.0,-119409.0,-0.32090653293881466,-0.002651,-0.002651,45048299.0,45048299.0,,,1620598243,18:10:43,20210509
78,2001-06-30,SPYR,USD,2001-06-30,2001-06-30,Q2,483040.0,176011.0,307029.0,0.6356181682676383,0.0,288354.0,0.0,0.0,319692.0,495703.0,0.0,16046.0,3383.0,0.0070035607817157996,-12663.0,-0.02621522027161312,-5160.0,-17823.0,-0.036897565419012915,50.0,-17873.0,-0.03700107651540245,-0.000397,-0.000397,45016285.0,45016285.0,,,1620598243,18:10:43,20210509
79,2001-03-31,SPYR,USD,2001-03-31,2001-03-31,Q1,360101.0,147091.0,213010.0,0.5915284878409113,0.0,319087.0,0.0,0.0,349370.0,496461.0,0.0,30283.0,-106077.0,-0.29457568848739657,-136360.0,-0.3786715393736757,0.0,-174278.0,-0.48396977514641726,50.0,-174328.0,-0.4841086250801858,-0.003883,-0.003883,44894967.0,44894967.0,,,1620598243,18:10:43,20210509
80,2000-12-31,SPYR,USD,2001-03-30,2001-03-30,Q4,372949.0,229732.0,143217.0,0.3840122912248055,0.0,398120.0,0.0,0.0,431958.0,661690.0,0.0,33838.0,-254903.0,-0.6834795106033265,-288741.0,-0.7742104148288372,-267261.0,-596395.0,-1.5991328573075676,1295.0,-597690.0,-1.6026051819417668,-0.01331307360132373,-0.01331307360132373,44894967.0,44894967.0,https://www.sec.gov/Archives/edgar/data/829325/000093980201000144/0000939802-01-000144-index.htm,https://www.sec.gov/Archives/edgar/data/829325/000093980201000144/0000939802-01-000144-0001.txt,1620598243,18:10:43,20210509
81,2000-09-30,SPYR,USD,2000-09-30,2000-09-30,Q3,543864.0,242232.0,301632.0,0.5546092405454305,0.0,439727.0,0.0,0.0,467211.0,709443.0,0.0,27484.0,-138095.0,-0.2539145815865731,-165579.0,-0.3044492740832267,-1704809.0,-1910406.0,-3.51265389876881,475.0,-1910881.0,-3.513527278878543,-0.04,-0.04,44026562.0,44026562.0,,,1620598243,18:10:43,20210509
82,2000-06-30,SPYR,USD,2000-06-30,2000-06-30,Q2,464063.0,168368.0,295695.0,0.6371871922562238,0.0,342419.0,0.0,0.0,443308.0,611676.0,0.0,100889.0,-46724.0,-0.10068460532298416,-147613.0,-0.31808827680724383,0.0,-180276.0,-0.3884731167966418,475.0,-180751.0,-0.38949668471737675,-0.004148,-0.004148,43578303.0,43578303.0,,,1620598243,18:10:43,20210509
83,2000-03-31,SPYR,USD,2000-03-31,2000-03-31,Q1,532114.0,195853.0,336261.0,0.6319341344148058,0.0,529584.0,0.0,0.0,630497.0,826350.0,0.0,100913.0,-193323.0,-0.3633112453346463,-294236.0,-0.5529566972490857,0.0,-326789.0,-0.6141334375716482,475.0,-327264.0,-0.6150261034289645,-0.01,-0.01,42943178.0,42943178.0,,,1620598243,18:10:43,20210509
84,1999-12-31,SPYR,USD,1999-12-31,1999-12-31,Q4,670000.0,300000.0,370000.0,0.5522388059701493,0.0,820000.0,0.0,0.0,929999.9999999999,1230000.0,-200000.0,-159999.99999999997,-720000.0,-1.0746268656716418,-560000.0,-0.835820895522388,1530000.0,-3580000.0,-5.343283582089552,0.0,-3580000.0,-5.343283582089552,-0.09816,-0.09816,36470000.0,36470000.0,,,1620598243,18:10:43,20210509
85,1999-09-30,SPYR,USD,1999-09-30,1999-09-30,Q3,850000.0,480000.0,380000.0,0.4470588235294118,0.0,820000.0,0.0,0.0,990000.0,1470000.0,0.0,169999.99999999997,-450000.0,-0.5294117647058824,-620000.0,-0.7294117647058823,-30000.0,-2050000.0,-2.411764705882353,0.0,-2050000.0,-2.411764705882353,-0.07495,-0.07495,27350000.0,27350000.0,,,1620598243,18:10:43,20210509
86,1999-06-30,SPYR,USD,1999-06-30,1999-06-30,Q2,1090000.0,430000.0,660000.0,0.6055045871559633,0.0,1090000.0,0.0,0.0,1260000.0,1690000.0,0.0,180000.00000000003,-420000.0,-0.3853211009174312,-600000.0,-0.5504587155963303,-50000.0,-650000.0,-0.5963302752293578,0.0,-650000.0,-0.5963302752293578,-0.02895,-0.02895,22450000.0,22450000.0,,,1620598243,18:10:43,20210509
87,1999-03-31,SPYR,USD,1999-03-31,1999-03-31,Q1,850000.0,260000.0,590000.0,0.6941176470588235,0.0,550000.0,0.0,0.0,700000.0,960000.0,0.0,150000.0,40000.0,0.047058823529411764,-110000.0,-0.12941176470588237,-50000.0,-170000.0,-0.2,0.0,-170000.0,-0.2,-0.00921,-0.00921,18450000.0,18450000.0,,,1620598243,18:10:43,20210509
88,1998-12-31,SPYR,USD,1999-04-01,1999-04-01,Q4,1240000.0,-160000.0,1400000.0,1.1290322580645162,0.0,1470000.0,0.0,0.0,1460000.0,1300000.0,-160000.0,169999.99999999997,109999.99999999997,0.08870967741935482,-60000.0,-0.04838709677419355,90000.0,-130000.0,-0.10483870967741936,0.0,-130000.0,-0.10483870967741936,-0.00931,-0.00931,13960000.0,13960000.0,https://www.sec.gov/Archives/edgar/data/829325/0000939802-99-000019-index.html,https://www.sec.gov/Archives/edgar/data/829325/,1620598243,18:10:43,20210509
89,1998-09-30,SPYR,USD,1998-09-30,1998-09-30,Q3,820000.0,540000.0,280000.0,0.34146341463414637,0.0,330000.0,0.0,0.0,329999.99999999994,870000.0,0.0,80000.00000000001,30000.000000000015,0.036585365853658555,-50000.0,-0.06097560975609756,-80000.0,-130000.0,-0.15853658536585366,0.0,-130000.0,-0.15853658536585366,-0.01014,-0.01014,12820000.0,12820000.0,,,1620598243,18:10:43,20210509
90,1998-06-30,SPYR,USD,1998-06-30,1998-06-30,Q2,320000.0,270000.0,50000.0,0.15625,0.0,380000.0,0.0,0.0,370000.0,640000.0,0.0,39999.99999999999,-290000.0,-0.90625,-330000.0,-1.03125,-10000.0,-330000.0,-1.03125,0.0,-330000.0,-1.03125,-0.02592,-0.02592,12730000.0,12730000.0,,,1620598243,18:10:43,20210509
91,1998-03-31,SPYR,USD,1998-08-27,1998-08-27,Q1,150000.0,60000.0,90000.0,0.6,0.0,460000.0,0.0,0.0,480000.00000000006,540000.0,0.0,20000.0,-380000.0,-2.533333333333333,-400000.0,-2.6666666666666665,-10000.0,-400000.0,-2.6666666666666665,0.0,-490000.0,-3.2666666666666666,-0.03849,-0.03849,12730000.0,12730000.0,https://www.sec.gov/Archives/edgar/data/829325/0000939802-98-000044-index.html,https://www.sec.gov/Archives/edgar/data/829325/,1620598243,18:10:43,20210509
92,1997-12-31,SPYR,USD,1997-12-31,1997-12-31,Q4,90000.0,60000.0,30000.0,0.3333333333333333,0.0,-150000.0,0.0,0.0,-150000.0,-90000.0,-10000.0,10000.0,190000.0,2.111111111111111,180000.0,2.0,0.0,170000.0,1.8888888888888888,0.0,170000.0,1.8888888888888888,0.01683,0.01683,10100000.0,10100000.0,,,1620598243,18:10:43,20210509
93,1997-09-30,SPYR,USD,1997-09-30,1997-09-30,Q3,0.0,0.0,0.0,0.0,0.0,220000.0,0.0,0.0,220000.0,220000.0,0.0,0.0,-220000.0,0.0,-220000.0,0.0,0.0,-220000.0,0.0,0.0,-220000.0,0.0,-0.01763,-0.01763,12480000.0,12480000.0,,,1620598243,18:10:43,20210509
94,1997-06-30,SPYR,USD,1997-06-30,1997-06-30,Q2,0.0,0.0,0.0,0.0,0.0,130000.0,0.0,0.0,130000.0,130000.0,0.0,0.0,-130000.0,0.0,-130000.0,0.0,0.0,-130000.0,0.0,0.0,-130000.0,0.0,-0.01042,-0.01042,12480000.0,12480000.0,,,1620598243,18:10:43,20210509
95,1997-03-31,SPYR,USD,1997-03-31,1997-03-31,Q1,0.0,0.0,0.0,0.0,0.0,40000.0,0.0,0.0,40000.0,40000.0,0.0,0.0,-40000.0,0.0,-40000.0,0.0,0.0,-40000.0,0.0,0.0,-40000.0,0.0,-0.00337,-0.00337,11860000.0,11860000.0,,,1620598243,18:10:43,20210509
96,1996-12-31,SPYR,USD,1996-12-31,1996-12-31,Q4,0.0,0.0,0.0,0.0,0.0,0.0,0.0,0.0,0.0,0.0,0.0,0.0,0.0,0.0,0.0,0.0,0.0,0.0,0.0,0.0,0.0,0.0,0.0,0.0,3490000.0,3490000.0,,,1620598243,18:10:43,20210509
97,1996-09-30,SPYR,USD,1996-09-30,1996-09-30,Q3,0.0,0.0,0.0,0.0,0.0,0.0,0.0,0.0,0.0,0.0,0.0,0.0,0.0,0.0,0.0,0.0,0.0,0.0,0.0,0.0,0.0,0.0,0.0,0.0,330000.0,330000.0,,,1620598243,18:10:43,20210509
98,1996-06-30,SPYR,USD,1996-06-30,1996-06-30,Q2,0.0,0.0,0.0,0.0,0.0,0.0,0.0,0.0,0.0,0.0,0.0,0.0,0.0,0.0,0.0,0.0,0.0,0.0,0.0,0.0,0.0,0.0,0.0,0.0,220000.0,220000.0,,,1620598243,18:10:43,20210509
99,1996-03-31,SPYR,USD,1996-03-31,1996-03-31,Q1,0.0,0.0,0.0,0.0,0.0,10000.0,0.0,0.0,10000.0,10000.0,0.0,0.0,-10000.0,0.0,-10000.0,0.0,0.0,-10000.0,0.0,0.0,-10000.0,0.0,-0.125,-0.125,80000.0,80000.0,,,1620598243,18:10:43,20210509
