,date,symbol,reportedCurrency,fillingDate,acceptedDate,period,revenue,costOfRevenue,grossProfit,grossProfitRatio,researchAndDevelopmentExpenses,generalAndAdministrativeExpenses,sellingAndMarketingExpenses,otherExpenses,operatingExpenses,costAndExpenses,interestExpense,depreciationAndAmortization,ebitda,ebitdaratio,operatingIncome,operatingIncomeRatio,totalOtherIncomeExpensesNet,incomeBeforeTax,incomeBeforeTaxRatio,incomeTaxExpense,netIncome,netIncomeRatio,eps,epsdiluted,weightedAverageShsOut,weightedAverageShsOutDil,link,finalLink,timestamp,est_time,est_date
0,2020-12-31,CLMT,USD,2021-03-03,2021-03-03 17:23:04,Q4,553900000,532000000,21900000,0.03953782271168081,0.0,41700000,10700000.0,-3800000.0,62800000.0,594800000.0,32700000.0,26300000.0,-14600000.0,-0.02635854847445387,-40900000.0,-0.07384004332912078,-8300000.0,-81800000.0,-0.14768008665824156,300000.0,-82100000.0,-0.14822170066799062,-1.03,-1.03,78429721,78429721,https://www.sec.gov/Archives/edgar/data/1340122/000134012221000035/0001340122-21-000035-index.htm,https://www.sec.gov/Archives/edgar/data/1340122/000134012221000035/clmt-20201231.htm,1620590371,15:59:31,20210509
1,2020-09-30,CLMT,USD,2020-11-06,2020-11-06 13:11:21,Q3,567000000,523000000,44000000,0.07760141093474426,0.0,18000000,11000000.0,2000000.0,75400000.0,525000000.0,33000000.0,26000000.0,-4000000.0,-0.007054673721340388,-30000000.0,-0.05291005291005291,3000000.0,-56000000.0,-0.09876543209876543,0.0,-56000000.0,-0.09876543209876543,-0.7117530898027771,-0.7117530898027771,78678970,78678970,https://www.sec.gov/Archives/edgar/data/1340122/000134012220000121/0001340122-20-000121-index.htm,https://www.sec.gov/Archives/edgar/data/1340122/000134012220000121/clmt-20200930.htm,1620590371,15:59:31,20210509
2,2020-06-30,CLMT,USD,2020-08-06,2020-08-06 16:32:48,Q2,453700000,364400000,89300000,0.1968260965395636,0.0,52200000,12000000.0,1500000.0,65700000.0,430800000.00000006,30600000.0,26200000.000000004,49100000.0,0.10822129160238043,22900000.0,0.05047388141944016,200000.0,3800000.0,0.008375578576151642,200000.0,3600000.0,0.00793475865109103,0.04576,0.04576,78678970,78678970,https://www.sec.gov/Archives/edgar/data/1340122/000134012220000092/0001340122-20-000092-index.htm,https://www.sec.gov/Archives/edgar/data/1340122/000134012220000092/clmt-20200630x10q.htm,1620590371,15:59:31,20210509
3,2020-03-31,CLMT,USD,2020-05-07,2020-05-07 15:37:35,Q1,692600000,638300000,54300000,0.07840023101357205,0.0,56300000,13000000.0,3000000.0,72300000.0,716600000.0000001,29300000.0,26400000.0,2400000.0,0.0034652035807103665,-24000000.0,-0.034652035807103666,900000.0,-13900000.0,-0.020069304071614207,500000.0,-14400000.0,-0.020791221484262202,-0.18368,-0.18368,78399310,78399310,https://www.sec.gov/Archives/edgar/data/1340122/000134012220000066/0001340122-20-000066-index.htm,https://www.sec.gov/Archives/edgar/data/1340122/000134012220000034/clmt-20191231x10k.htm,1620590371,15:59:31,20210509
4,2019-12-31,CLMT,USD,2020-03-05,2020-03-05 17:25:49,Q4,774800000,684000000,90800000,0.11719153329891585,0.0,23100000,53000000.0,-4300000.0,71800000.0,768300000.0,35400000.0,27500000.0,34000000.0,0.04388229220443986,6500000.0,0.008389261744966443,-4500000.0,-38800000.0,-0.05007743933918431,-200000.0,-38600000.0,-0.04981930820856995,-0.49353,-0.49353,78212140,78212140,https://www.sec.gov/Archives/edgar/data/1340122/000134012220000034/0001340122-20-000034-index.htm,https://www.sec.gov/Archives/edgar/data/1340122/000134012220000034/clmt-20191231x10k.htm,1620590371,15:59:31,20210509
5,2019-09-30,CLMT,USD,2019-11-12,2019-11-12 16:02:50,Q3,929600000,811800000,117800000,0.1267211703958692,0.0,39500000,40000000.0,1700000.0,81200000.0,896200000.0000001,33800000.0,27399999.99999999,60799999.999999985,0.06540447504302925,33400000.0,0.035929432013769365,1300000.0,-4100000.0,-0.004410499139414802,500000.0,-4600000.0,-0.0049483648881239245,-0.05875,-0.05875,78299470,78299470,https://www.sec.gov/Archives/edgar/data/1340122/000134012219000127/0001340122-19-000127-index.htm,https://www.sec.gov/Archives/edgar/data/1340122/000134012219000127/clmt-20190930x10q.htm,1620590371,15:59:31,20210509
6,2019-06-30,CLMT,USD,2019-08-08,2019-08-08 15:09:10,Q2,896900000,789800000,107100000,0.11941130560820604,0.0,88400000,0.0,-2200000.0,86200000.0,891900000.0,33100000.0,27000000.000000004,32000000.000000004,0.035678447987512546,5000000.0,0.0055747574980488344,1300000.0,-16500000.0,-0.018396699743561156,300000.0,-16800000.0,-0.018731185193444085,-0.2148,-0.2148,78212840,78212840,https://www.sec.gov/Archives/edgar/data/1340122/000134012219000084/0001340122-19-000084-index.htm,https://www.sec.gov/Archives/edgar/data/1340122/000134012219000084/clmt-20190630x10q.htm,1620590371,15:59:31,20210509
7,2019-03-31,CLMT,USD,2019-05-10,2019-05-10 14:55:42,Q1,851300000,715300000,136000000,0.1597556678021849,0.0,76200000,13000000.0,1300000.0,90500000.0,817100000.0000001,32300000.0,28200000.0,62400000.0,0.07329965934453189,34200000.0,0.04017385175613767,5300000.0,16300000.0,0.019147186655703044,-100000.0,16400000.0,0.019264654058498767,0.20979,0.20979,78175010,78175010,https://www.sec.gov/Archives/edgar/data/1340122/000134012219000076/0001340122-19-000076-index.htm,https://www.sec.gov/Archives/edgar/data/1340122/000134012219000040/clmt-20181231x10k.htm,1620590371,15:59:31,20210509
8,2018-12-31,CLMT,USD,2019-03-07,2019-03-07 15:28:09,Q4,848000000,752200000,95800000,0.11297169811320755,0.0,61900000,21000000.0,1300000.0,84200000.0,835100000.0,35100000.0,29299999.999999996,42200000.0,0.04976415094339623,12900000.0,0.015212264150943396,5200000.0,18800000.0,0.022169811320754716,-300000.0,18100000.0,0.021344339622641508,0.22956,0.22956,78846950,78846950,https://www.sec.gov/Archives/edgar/data/1340122/000134012219000040/0001340122-19-000040-index.htm,https://www.sec.gov/Archives/edgar/data/1340122/000134012219000040/clmt-20181231x10k.htm,1620590371,15:59:31,20210509
9,2018-09-30,CLMT,USD,2018-11-09,2018-11-09 15:14:37,Q3,953500000,849200000,104300000,0.10938647089669638,0.0,72700000,12000000.0,-2000000.0,82700000.0,931899999.9999999,37700000.0,29599999.999999993,51199999.99999999,0.053696906135291024,21600000.0,0.022653382275825903,3200000.0,-15600000.0,-0.016360776088096485,400000.0,-16500000.0,-0.0173046670162559,-0.21213,-0.21213,77783880,77783880,https://www.sec.gov/Archives/edgar/data/1340122/000134012218000158/0001340122-18-000158-index.htm,https://www.sec.gov/Archives/edgar/data/1340122/000134012218000158/clmt-20180930x10q.htm,1620590371,15:59:31,20210509
10,2018-06-30,CLMT,USD,2018-08-09,2018-08-09 16:20:32,Q2,945500000,822100000,123400000,0.13051295610787944,0.0,69900000,11000000.0,-1100000.0,79800000.0,960100000.0,37500000.0,29500000.000000004,14900000.000000004,0.015758857747223694,-14600000.0,-0.015441565309360127,900000.0,-50400000.0,-0.053305129561078794,800000.0,-51900000.0,-0.054891591750396616,-0.66795,-0.66795,77700000,77700000,https://www.sec.gov/Archives/edgar/data/1340122/000134012218000119/0001340122-18-000119-index.htm,https://www.sec.gov/Archives/edgar/data/1340122/000134012218000119/clmt-20180630x10q.htm,1620590371,15:59:31,20210509
11,2018-03-31,CLMT,USD,2018-05-15,2018-04-02 16:11:37,Q1,750500000,637300000,113200000,0.1508327781479014,0.0,73500000,14000000.0,-15600000.0,71900000.0,709800000.0,45200000.0,29700000.0,70400000.0,0.09380413057961359,40700000.0,0.05423051299133911,1500000.0,-3100000.0,-0.004130579613590939,-200000.0,-4800000.0,-0.006395736175882745,-0.06154,-0.06154,78000000,78000000,https://www.sec.gov/Archives/edgar/data/1340122/000134012218000105/0001340122-18-000105-index.htm,https://www.sec.gov/Archives/edgar/data/1340122/000134012218000067/clmt-20171231x10k.htm,1620590371,15:59:31,20210509
12,2017-12-31,CLMT,USD,2018-04-02,2018-04-02 16:11:37,Q4,883800000,786500000,97300000,0.11009278117221091,0.0,116400000,-18000000.0,-3500000.0,36200000.0,852300000.0,47300000.0,35800000.00000001,67300000.0,0.07614844987553746,31500000.0,0.035641547861507125,1800000.0,-18600000.0,-0.021045485403937542,100000.0,-83600000.0,-0.09459153654673003,-1.05422,-1.05422,79300000,79300000,https://www.sec.gov/Archives/edgar/data/1340122/000134012218000067/0001340122-18-000067-index.htm,https://www.sec.gov/Archives/edgar/data/1340122/000134012218000067/clmt-20171231x10k.htm,1620590371,15:59:31,20210509
13,2017-09-30,CLMT,USD,2017-12-28,2017-12-28 09:14:59,Q3,1026500000,898800000,127700000,0.12440331222601071,0.0,63500000,28000000.0,3800000.0,116500000.0,994100000.0000001,47400000.0,44800000.0,77200000.0,0.07520701412566975,32400000.0,0.031563565513882126,800000.0,-26200000.0,-0.02552362396492937,-100000.0,-23600000.0,-0.02299074525085241,-0.30412,-0.30412,77600000,77600000,https://www.sec.gov/Archives/edgar/data/1340122/000134012217000231/0001340122-17-000231-index.htm,https://www.sec.gov/Archives/edgar/data/1340122/000134012217000231/clmt-20170930x10q.htm,1620590371,15:59:31,20210509
14,2017-06-30,CLMT,USD,2017-08-07,2017-08-07 09:06:30,Q2,967000000,823300000,143700000,0.14860392967942088,0.0,59900000,28000000.0,1100000.0,108900000.0,912300000.0,44500000.0,37100000.0,91800000.0,0.09493278179937953,54700000.0,0.05656670113753878,500000.0,12000000.0,0.012409513960703205,-1000000.0,9600000.0,0.009927611168562564,0.12355,0.12355,77700000,77700000,https://www.sec.gov/Archives/edgar/data/1340122/000134012217000158/0001340122-17-000158-index.htm,https://www.sec.gov/Archives/edgar/data/1340122/000134012217000158/clmt-20170630x10q.htm,1620590371,15:59:31,20210509
15,2017-03-31,CLMT,USD,2017-05-09,2017-05-09 16:23:09,Q1,886500000,757000000,129500000,0.1460800902425268,0.0,60800000,27000000.0,1900000.0,107300000.0,847100000.0,43900000.0,37100000.0,76500000.0,0.08629441624365482,39400000.0,0.044444444444444446,200000.0,1400000.0,0.0015792442188381276,-100000.0,-6200000.0,-0.006993795826283136,-0.0801,-0.0801,77400000,77400000,https://www.sec.gov/Archives/edgar/data/1340122/000134012217000105/0001340122-17-000105-index.htm,https://www.sec.gov/Archives/edgar/data/1340122/000134012217000074/clmt-20161231x10k.htm,1620590371,15:59:31,20210509
16,2016-12-31,CLMT,USD,2017-03-06,2017-03-06 17:23:14,Q4,821800000,763300000,58500000,0.07118520321246045,0.0,126600000,-82000000.0,400000.0,106400000.0,810400000.0,44000000.0,24900000.000000007,36300000.00000001,0.04417133122414214,11400000.0,0.013871988318325626,-400000.0,-40500000.0,-0.04928206376247262,7300000.0,-79600000.0,-0.09686055001216841,-1.00378,-1.00378,79300000,79300000,https://www.sec.gov/Archives/edgar/data/1340122/000134012217000074/0001340122-17-000074-index.htm,https://www.sec.gov/Archives/edgar/data/1340122/000134012217000074/clmt-20161231x10k.htm,1620590371,15:59:31,20210509
17,2016-09-30,CLMT,USD,2016-11-09,2016-11-09 16:33:39,Q3,966600000,856300000,110300000,0.11411131802193254,0.0,75400000,26000000.0,-1000000.0,100400000.0,957000000.0,44600000.0,44500000.0,54100000.0,0.05596937719842748,9600000.0,0.009931719428926133,700000.0,-41000000.0,-0.04241671839437203,-7600000.0,-33400000.0,-0.034554107179805504,-0.43208,-0.43208,77300000,77300000,https://www.sec.gov/Archives/edgar/data/1340122/000134012216000294/0001340122-16-000294-index.htm,https://www.sec.gov/Archives/edgar/data/1340122/000134012216000294/clmt-20160930x10q.htm,1620590371,15:59:31,20210509
18,2016-06-30,CLMT,USD,2016-08-05,2016-08-05 16:53:51,Q2,972900000,841600000,131300000,0.13495734402302395,0.0,74200000,26000000.0,300000.0,100500000.0,1096000000.0,42800000.0,43800000.0,-79300000.0,-0.08150889094459862,-123100000.0,-0.12652893411450303,500000.0,-147600000.0,-0.1517113783533765,300000.0,-147900000.0,-0.15201973481344433,-1.92578,-1.92578,76800000,76800000,https://www.sec.gov/Archives/edgar/data/1340122/000134012216000264/0001340122-16-000264-index.htm,https://www.sec.gov/Archives/edgar/data/1340122/000134012216000264/clmt-20160630x10q.htm,1620590371,15:59:31,20210509
19,2016-03-31,CLMT,USD,2016-05-06,2016-05-06 16:20:30,Q1,713000000,626800000,86200000,0.1208976157082749,0.0,73000000,30000000.0,2000000.0,105000000.0,742900000.0,30300000.0,38800000.0,8900000.0,0.012482468443197756,-29900000.0,-0.041935483870967745,400000.0,-67500000.0,-0.09467040673211781,200000.0,-67700000.0,-0.09495091164095372,-0.88613,-0.88613,76400000,76400000,https://www.sec.gov/Archives/edgar/data/1340122/000134012216000212/0001340122-16-000212-index.htm,https://www.sec.gov/Archives/edgar/data/1340122/000134012216000150/clmt-20151231x10k.htm,1620590371,15:59:31,20210509
20,2015-12-31,CLMT,USD,2016-02-29,2016-02-29 13:05:18,Q4,898000000,866100000,31900000,0.035523385300668155,0.0,80800000,36000000.0,2100000.0,118900000.0,999299999.9999999,25000000.0,38000000.0,-63300000.0,-0.07048997772828508,-101300000.0,-0.11280623608017817,-500000.0,-123400000.0,-0.1374164810690423,-6600000.0,-116800000.0,-0.13006681514476615,-1.53482,-1.53482,76100000,76100000,https://www.sec.gov/Archives/edgar/data/1340122/000134012216000150/0001340122-16-000150-index.htm,https://www.sec.gov/Archives/edgar/data/1340122/000134012216000150/clmt-20151231x10k.htm,1620590371,15:59:31,20210509
21,2015-09-30,CLMT,USD,2015-11-06,2015-11-06 16:39:00,Q3,1140000000,975200000,164800000,0.14456140350877192,0.0,84500000,34000000.0,2900000.0,121400000.0,1164900000.0,25500000.0,36000000.0,11100000.0,0.009736842105263158,-24900000.0,-0.021842105263157895,600000.0,-56800000.0,-0.04982456140350877,-7900000.0,-48900000.0,-0.04289473684210526,-0.64258,-0.64258,76100000,76100000,https://www.sec.gov/Archives/edgar/data/1340122/000134012215000070/0001340122-15-000070-index.htm,https://www.sec.gov/Archives/edgar/data/1340122/000134012215000070/clmt-20150930x10q.htm,1620590371,15:59:31,20210509
22,2015-06-30,CLMT,USD,2015-08-07,2015-08-07 16:03:22,Q2,1156200000,953500000,202700000,0.17531568932710603,0.0,77800000,38000000.0,3200000.0,119000000.0,1127300000.0,27400000.0,36000000.00000001,64900000.00000001,0.05613215706625152,28900000.0,0.02499567548866978,700000.0,-6600000.0,-0.005708354955889984,-9100000.0,2500000.0,0.0021622556651098427,0.03285,0.03285,76100000,76100000,https://www.sec.gov/Archives/edgar/data/1340122/000134012215000037/0001340122-15-000037-index.htm,https://www.sec.gov/Archives/edgar/data/1340122/000134012215000037/clmt-20150630x10q.htm,1620590371,15:59:31,20210509
23,2015-03-31,CLMT,USD,2015-05-08,2015-05-08 16:19:25,Q1,1018600000,823400000,195200000,0.19163557824464952,0.0,85600000,38000000.0,2900000.0,126500000.0,949900000.0,27000000.0,35400000.0,104100000.0,0.10219909679952877,68700000.0,0.0674455134498331,-3700000.0,19000000.0,0.018653053210288633,-4800000.0,23800000.0,0.023365403494993126,0.3338,0.3338,71300000,71300000,https://www.sec.gov/Archives/edgar/data/1340122/000134012215000017/0001340122-15-000017-index.htm,https://www.sec.gov/Archives/edgar/data/1340122/000134012215000007/clmt-20141231x10k.htm,1620590371,15:59:31,20210509
24,2014-12-31,CLMT,USD,2015-03-02,2015-03-02 16:02:19,Q4,1339400000,1216100000,123300000,0.0920561445423324,0.0,76300000,46000000.0,4600000.0,126900000.0,1379000000.0,27500000.0,37599999.99999999,-2000000.0000000075,-0.0014932059130954214,-39600000.0,-0.029565477079289235,-500000.0,-64700000.0,-0.048305211288636705,-1200000.0,-63500000.0,-0.04740928774077945,-0.90974,-0.90974,69800000,69800000,https://www.sec.gov/Archives/edgar/data/1340122/000134012215000007/0001340122-15-000007-index.htm,https://www.sec.gov/Archives/edgar/data/1340122/000134012215000007/clmt-20141231x10k.htm,1620590371,15:59:31,20210509
25,2014-09-30,CLMT,USD,2014-11-07,2014-11-07 17:01:33,Q3,1675800000,1493200000,182600000,0.10896288339897363,0.0,72500000,44000000.0,4700000.0,121200000.0,1614700000.0,28400000.0,35400000.00000001,96500000.0,0.057584437283685404,61100000.0,0.03646019811433345,-700000.0,11500000.0,0.0068623940804391935,2100000.0,9400000.0,0.005609261248358993,0.13448,0.13448,69900000,69900000,https://www.sec.gov/Archives/edgar/data/1340122/000134012214000037/0001340122-14-000037-index.htm,https://www.sec.gov/Archives/edgar/data/1340122/000134012214000037/clmt-20140930x10q.htm,1620590371,15:59:31,20210509
26,2014-06-30,CLMT,USD,2014-08-08,2014-08-08 17:20:43,Q2,1434900000,1335900000,99000000,0.06899435500731758,0.0,66500000,40000000.0,2800000.0,109299999.99999996,1445200000.0,28700000.0,35399999.99999999,25099999.999999993,0.017492508188723947,-10300000.0,-0.007178200571468395,-800000.0,-10200000.0,-0.0071085093037842354,-1900000.0,-8300000.0,-0.005784375217785211,-0.11925,-0.11925,69600000,69600000,https://www.sec.gov/Archives/edgar/data/1340122/000134012214000027/0001340122-14-000027-index.htm,https://www.sec.gov/Archives/edgar/data/1340122/000134012214000027/clmt-20140630x10q.htm,1620590371,15:59:31,20210509
27,2014-03-31,CLMT,USD,2014-05-09,2014-05-09 16:17:30,Q1,1341000000,1216200000,124800000,0.09306487695749441,0.0,68400000,19000000.0,2100000.0,89500000.0,1395300000.0,26200000.0,30200000.0,-24100000.0,-0.01797166293810589,-54300000.0,-0.04049217002237136,-300000.0,-49600000.0,-0.036987322893363164,200000.0,-49800000.0,-0.03713646532438479,-0.71552,-0.71552,69600000,69600000,https://www.sec.gov/Archives/edgar/data/1340122/000134012214000014/0001340122-14-000014-index.htm,https://www.sec.gov/Archives/edgar/data/1340122/000134012214000008/clmt-20131231x10k.htm,1620590371,15:59:31,20210509
28,2013-12-31,CLMT,USD,2014-03-03,2014-03-03 16:03:04,Q4,1243100000,1130600000,112500000,0.0904995575577186,0.0,65200000,16000000.0,2400000.0,83600000.0,1228800000.0,23100000.0,29599999.999999993,43899999.99999999,0.03531493846030086,14300000.0,0.011503499316225565,500000.0,-15600000.0,-0.01254927198133698,-100000.0,-15500000.0,-0.012468827930174564,-0.22238,-0.22238,69700000,69700000,https://www.sec.gov/Archives/edgar/data/1340122/000134012214000008/0001340122-14-000008-index.htm,https://www.sec.gov/Archives/edgar/data/1340122/000134012214000008/clmt-20131231x10k.htm,1620590371,15:59:31,20210509
29,2013-09-30,CLMT,USD,2013-11-08,2013-11-08 16:15:56,Q3,1505500000,1443400000,62100000,0.04124875456658917,0.0,54300000,14000000.0,12800000.0,81100000.0,1524500000.0,24200000.0,29400000.000000007,10400000.000000007,0.00690800398538692,-19000000.0,-0.01262039189637994,1900000.0,-34700000.0,-0.023048820989704417,100000.0,-34800000.0,-0.023115244104948522,-0.5,-0.5,69600000,69600000,https://www.sec.gov/Archives/edgar/data/1340122/000134012213000058/0001340122-13-000058-index.htm,https://www.sec.gov/Archives/edgar/data/1340122/000134012213000058/clmt-20130930x10q.htm,1620590371,15:59:31,20210509
30,2013-06-30,CLMT,USD,2013-08-09,2013-08-09 16:11:57,Q2,1354200000,1253200000,101000000,0.07458277950081228,0.0,55700000,17000000.0,1000000.0,73700000.00000004,1326900000.0,24700000.0,29499999.999999996,56800000.0,0.041943582927189485,27300000.0,0.020159503766061144,-400000.0,8000000.0,0.005907546891153448,200000.0,7800000.0,0.0057598582188746125,0.11064,0.11064,70500000,70500000,https://www.sec.gov/Archives/edgar/data/1340122/000134012213000052/0001340122-13-000052-index.htm,https://www.sec.gov/Archives/edgar/data/1340122/000134012213000052/clmt-20130630x10q.htm,1620590371,15:59:31,20210509
31,2013-03-31,CLMT,USD,2013-05-10,2013-05-10 16:23:29,Q1,1318600000,1184200000,134400000,0.10192628545426968,0.0,64400000,15000000.0,600000.0,80000000.0,1264200000.0,24800000.0,29300000.0,83700000.0,0.0634764143788867,54400000.0,0.04125587744577582,700000.0,46200000.0,0.0350371606249052,200000.0,46000000.0,0.03488548460488397,0.73016,0.73016,63000000,63000000,https://www.sec.gov/Archives/edgar/data/1340122/000134012213000027/0001340122-13-000027-index.htm,https://www.sec.gov/Archives/edgar/data/1340122/000134012213000022/clmt-20121231x10k.htm,1620590371,15:59:31,20210509
32,2012-12-31,CLMT,USD,2013-03-01,2013-03-01 16:07:00,Q4,1220900000,1079200000,141700000,0.11606192153329511,0.0,50312000,14888000.0,3000000.0,68118000.0,1147300000.0,24326000.0,27900000.000000007,101500000.0,0.0831353919239905,73600000.0,0.060283397493652226,100000.0,45900000.0,0.037595216643459745,100000.0,45700000.0,0.037431403063313946,0.78657,0.78657,58100000,58100000,https://www.sec.gov/Archives/edgar/data/1340122/000134012213000022/0001340122-13-000022-index.htm,https://www.sec.gov/Archives/edgar/data/1340122/000134012213000022/clmt-20121231x10k.htm,1620590371,15:59:31,20210509
33,2012-09-30,CLMT,USD,2012-11-07,2012-11-07 12:21:42,Q3,1179800000,1021400000,158400000,0.13426004407526698,0.0,31332000,26668000.0,1600000.0,59552000.0,1081000000.0,61247000.0,24500000.0,123300000.0,0.10450923885404306,98800000.0,0.08374300728937108,200000.0,42600000.0,0.036107814883878625,200000.0,42400000.0,0.03593829462620783,0.73356,0.73356,57800000,57800000,https://www.sec.gov/Archives/edgar/data/1340122/000134012212000006/0001340122-12-000006-index.htm,https://www.sec.gov/Archives/edgar/data/1340122/000134012212000006/clmt-20120930x10q.htm,1620590371,15:59:31,20210509
34,2012-06-30,CLMT,USD,2012-08-09,2012-08-09 14:40:18,Q2,1087000000,958200000,128800000,0.11849126034958601,0.0,48900000,0.0,1400000.0,48921000.0,1008500000.0,-12500000.0,19699999.999999996,98200000.0,0.09034038638454461,78500000.0,0.07221711131554738,1918000.0,66000000.0,0.06071757129714812,300000.0,65700000.0,0.06044158233670653,1.19238,1.19238,55100000,55100000,https://www.sec.gov/Archives/edgar/data/1340122/000119312512347094/0001193125-12-347094-index.htm,https://www.sec.gov/Archives/edgar/data/1340122/000119312512347094/d352646d10q.htm,1620590371,15:59:31,20210509
35,2012-03-31,CLMT,USD,2012-05-04,2012-05-04 15:54:06,Q1,1169600000,1085400000,84200000,0.07199042407660738,0.0,47400000,0.0,1800000.0,49230000.0,1134599999.9999998,16800000.0,19600000.0,54600000.0,0.046682626538987686,35000000.0,0.029924760601915186,200000.0,52000000.0,0.04445964432284542,100000.0,51900000.0,0.04437414500683994,1.00387,1.00387,51700000,51700000,https://www.sec.gov/Archives/edgar/data/1340122/000119312512211843/0001193125-12-211843-index.htm,https://www.sec.gov/Archives/edgar/data/1340122/000119312512089069/d270930d10k.htm,1620590371,15:59:31,20210509
36,2011-12-31,CLMT,USD,2012-02-29,2012-02-29 16:04:05,Q4,1018100000,938000000,80100000,0.07867596503290443,0.0,41800000,0.0,5100000.0,48685000.0,984900000.0,-6800000.0,19400000.0,52600000.0,0.051664865926726256,33200000.0,0.032609763284549655,700000.0,27100000.0,0.026618210391906493,300000.0,26900000.0,0.02642176603477065,0.52132,0.52132,51600000,51600000,https://www.sec.gov/Archives/edgar/data/1340122/000119312512089069/0001193125-12-089069-index.htm,https://www.sec.gov/Archives/edgar/data/1340122/000119312512089069/d270930d10k.htm,1620590371,15:59:31,20210509
37,2011-09-30,CLMT,USD,2011-11-04,2011-11-04 17:01:53,Q3,777800000,681200000,96600000,0.12419645152995629,0.0,39500000,0.0,500000.0,39527000.0,721200000.0,-36700000.0,14600000.000000002,71100000.0,0.0914116739521728,56500000.0,0.07264078169195166,1683000.0,19900000.0,0.025584983286191822,200000.0,19600000.0,0.02519928002057084,0.4689,0.4689,41800000,41800000,https://www.sec.gov/Archives/edgar/data/1340122/000095012311095397/0000950123-11-095397-index.htm,https://www.sec.gov/Archives/edgar/data/1340122/000095012311095397/h85328e10vq.htm,1620590371,15:59:31,20210509
38,2011-06-30,CLMT,USD,2011-08-08,2011-08-08 17:16:37,Q2,733800000,683200000,50600000,0.06895611883346961,0.0,26500000,0.0,700000.0,26451000.0,725500000.0,-16000000.0,14600000.0,22900000.0,0.031207413464159173,8300000.0,0.011310983919324067,300000.0,-7500000.0,-0.010220768601798855,200000.0,-7700000.0,-0.010493322431180159,-0.19298,-0.19298,39900000,39900000,https://www.sec.gov/Archives/edgar/data/1340122/000095012311074498/0000950123-11-074498-index.htm,https://www.sec.gov/Archives/edgar/data/1340122/000095012311074498/h82945e10vq.htm,1620590371,15:59:31,20210509
39,2011-03-31,CLMT,USD,2011-05-06,2011-05-06 15:56:05,Q1,605200000,558400000,46800000,0.07732980832782552,0.0,34200000,0.0,500000.0,34963000.0,593100000.0,7481000.0,14400000.0,26600000.0,0.04395241242564441,12200000.0,0.02015862524785195,-200000.0,4500000.0,0.007435558493060146,300000.0,4200000.0,0.006939854593522803,0.11382,0.11382,36900000,36900000,https://www.sec.gov/Archives/edgar/data/1340122/000095012311046587/0000950123-11-046587-index.htm,https://www.sec.gov/Archives/edgar/data/1340122/000095012311016186/h79852e10vk.htm,1620590371,15:59:31,20210509
40,2010-12-31,CLMT,USD,2011-02-22,2011-02-22 07:03:50,Q4,596200000,540900000,55300000,0.09275410935927542,0.0,35500000,0.0,600000.0,36101000.0,577000000.0,30497000.0,15899999.999999998,35100000.0,0.058872861455887285,19200000.0,0.03220395840322039,4601000.0,9700000.0,0.016269708151626972,300000.0,9500000.0,0.015934250251593424,0.26836,0.26836,35400000,35400000,https://www.sec.gov/Archives/edgar/data/1340122/000095012311016186/0000950123-11-016186-index.htm,https://www.sec.gov/Archives/edgar/data/1340122/000095012311016186/h79852e10vk.htm,1620590371,15:59:31,20210509
41,2010-09-30,CLMT,USD,2010-11-04,2010-11-04 15:06:03,Q3,595300000,533200000,62100000,0.10431715101629431,0.0,32000000,0.0,600000.0,32534000.0,565700000.0,7794000.0,14899999.999999998,44500000.0,0.07475222576852007,29600000.0,0.04972282882580212,-100000.0,21300000.0,0.0357802788509995,100000.0,21200000.0,0.035612296321182596,0.59887,0.59887,35400000,35400000,https://www.sec.gov/Archives/edgar/data/1340122/000095012310100832/0000950123-10-100832-index.htm,https://www.sec.gov/Archives/edgar/data/1340122/000095012310100832/h77340e10vq.htm,1620590371,15:59:31,20210509
42,2010-06-30,CLMT,USD,2010-08-05,2010-08-05 16:35:54,Q2,514700000,465000000,49700000,0.09656110355546921,0.0,29400000,0.0,500000.0,29855000.0,494900000.0,7277000.0,14100000.0,33900000.0,0.06586360986982709,19800000.0,0.03846901107441228,1098000.0,-800000.0,-0.0015543034777540316,100000.0,-900000.0,-0.0017485914124732854,-0.02542,-0.02542,35400000,35400000,https://www.sec.gov/Archives/edgar/data/1340122/000095012310073410/0000950123-10-073410-index.htm,https://www.sec.gov/Archives/edgar/data/1340122/000095012310073410/h75020e10vq.htm,1620590371,15:59:31,20210509
43,2010-03-31,CLMT,USD,2010-05-07,2010-05-07 13:13:18,Q1,484600000,452900000,31700000,0.06541477507222451,0.0,28400000,0.0,300000.0,28768000.0,481700000.0,7434000000.0,15400000.0,18300000.0,0.03776310359059018,2900000.0,0.005984316962443252,-100000.0,-12900000.0,-0.02661989269500619,200000.0,-13100000.0,-0.02703260420965745,-0.37006,-0.37006,35400000,35400000,https://www.sec.gov/Archives/edgar/data/1340122/000095012310046184/0000950123-10-046184-index.htm,https://www.sec.gov/Archives/edgar/data/1340122/000095012310017905/h69803e10vk.htm,1620590371,15:59:31,20210509
44,2009-12-31,CLMT,USD,2010-02-26,2010-02-26 13:52:47,Q4,495900000,461300000,34600000,0.06977213147812059,0.0,27800000,0.0,500000.0,28240000.0,489500000.0,33000.0,12800000.000000004,19200000.000000004,0.03871748336358138,6400000.0,0.012905827787860456,-1100000.0,8200000.0,0.01653559185319621,100000.0,8200000.0,0.01653559185319621,0.25,0.25,32800000,32800000,https://www.sec.gov/Archives/edgar/data/1340122/000095012310017905/0000950123-10-017905-index.htm,https://www.sec.gov/Archives/edgar/data/1340122/000095012310017905/h69803e10vk.htm,1620590371,15:59:31,20210509
45,2009-09-30,CLMT,USD,2009-11-06,2009-11-06 15:24:38,Q3,492400000,451300000,41100000,0.08346872461413485,0.0,27100000,0.0,200000.0,27314000.0,478600000.0,8243000000.0,16500000.0,30300000.0,0.06153533712428919,13800000.0,0.028025995125913892,-1300000.0,3900000.0,0.007920389926888708,-100000.0,4000000.0,0.008123476848090982,0.12422,0.12422,32200000,32200000,https://www.sec.gov/Archives/edgar/data/1340122/000095012309059249/0000950123-09-059249-index.htm,https://www.sec.gov/Archives/edgar/data/1340122/000095012309059249/h68559e10vq.htm,1620590371,15:59:31,20210509
46,2009-06-30,CLMT,USD,2009-08-07,2009-08-07 16:38:31,Q2,444000000,425700000,18300000,0.04121621621621622,0.0,23900000,0.0,300000.0,24169000.0,449800000.0,8446000000.0,16299999.999999996,10499999.999999996,0.02364864864864864,-5800000.0,-0.013063063063063063,-1700000.0,-25900000.0,-0.058333333333333334,100000.0,-26000000.0,-0.05855855855855856,-0.80745,-0.80745,32200000,32200000,https://www.sec.gov/Archives/edgar/data/1340122/000095012309032154/0000950123-09-032154-index.htm,https://www.sec.gov/Archives/edgar/data/1340122/000095012309032154/h67615e10vq.htm,1620590371,15:59:31,20210509
47,2009-03-31,CLMT,USD,2009-05-08,2009-05-08 16:15:56,Q1,414300000,335300000,79000000,0.19068307989379676,0.0,25600000,0.0,400000.0,26020000.0,361300000.0,8644000000.0,16100000.0,69100000.0,0.16678735216027032,53000000.0,0.12792662321988896,100000.0,75700000.0,0.18271783731595462,100000.0,75600000.0,0.18247646632874728,2.34783,2.34783,32200000,32200000,https://www.sec.gov/Archives/edgar/data/1340122/000095012909001558/0000950129-09-001558-index.htm,https://www.sec.gov/Archives/edgar/data/1340122/000095013409004364/h65930e10vk.htm,1620590371,15:59:31,20210509
48,2008-12-31,CLMT,USD,2009-03-04,2009-03-03 18:42:41,Q4,498700000,417500000,81200000,0.16282334068578302,0.0,23800000,0.0,600000.0,24449000.0,441900000.0,33914000.0,16900000.0,73600000.0,0.14758371766593142,56700000.0,0.11369560858231402,-200000.0,18500000.0,0.03709645077200722,-100000.0,18500000.0,0.03709645077200722,0.57453,0.57453,32200000,32200000,https://www.sec.gov/Archives/edgar/data/1340122/000095013409004364/0000950134-09-004364-index.htm,https://www.sec.gov/Archives/edgar/data/1340122/000095013409004364/h65930e10vk.htm,1620590371,15:59:31,20210509
49,2008-09-30,CLMT,USD,2008-11-10,2008-11-07 17:37:19,Q3,724400000,647400000,77000000,0.10629486471562673,0.0,35000000,0.0,400000.0,35368000.0,682800000.0,24000000.0,16200000.0,57800000.0,0.07979017117614577,41600000.0,0.05742683600220872,200000.0,-12400000.0,-0.017117614577581448,100000.0,-12500000.0,-0.01725565985643291,-0.3882,-0.3882,32200000,32200000,https://www.sec.gov/Archives/edgar/data/1340122/000095012908005518/0000950129-08-005518-index.htm,https://www.sec.gov/Archives/edgar/data/1340122/000095012908005518/h64804e10vq.htm,1620590371,15:59:31,20210509
50,2008-06-30,CLMT,USD,2008-08-11,2008-08-11 15:06:34,Q2,671200000,610300000,60900000,0.09073301549463647,0.0,31600000,0.0,300000.0,31936000.0,642600000.0000001,8536000000.0,14799999.999999998,43400000.0,0.06466030989272945,28600000.0,0.04261025029797378,200000.0,42000000.0,0.06257449344457688,200000.0,41800000.0,0.06227651966626937,1.29814,1.29814,32200000,32200000,https://www.sec.gov/Archives/edgar/data/1340122/000095012908004405/0000950129-08-004405-index.htm,https://www.sec.gov/Archives/edgar/data/1340122/000095012908004405/h59356e10vq.htm,1620590371,15:59:31,20210509
51,2008-03-31,CLMT,USD,2008-05-09,2008-05-09 17:26:02,Q1,594700000,569000000,25700000,0.04321506642004372,0.0,33200000,0.0,200000.0,33390000.0,593800000.0,5166000000.0,11400000.0,12300000.0,0.02068269715823104,900000.0,0.0015133680847486128,1054000000.0,-3400000.0,-0.005717168320161426,8000000.0,-3400000.0,-0.005717168320161426,-0.10559,-0.10559,32200000,32200000,https://www.sec.gov/Archives/edgar/data/1340122/000095012908002915/0000950129-08-002915-index.htm,https://www.sec.gov/Archives/edgar/data/1340122/000095012908001492/h54539e10vk.htm,1620590371,15:59:31,20210509
52,2007-12-31,CLMT,USD,2008-03-04,2008-03-04 16:55:11,Q4,436900000,409000000,27900000,0.06385900663767452,0.0,17700000,0.0,300000.0,-143771000.0,426900000.0,1243000.0,3599999.9999999995,13600000.0,0.0311284046692607,10000000.0,0.02288853284504463,-800000.0,7900000.0,0.01808194094758526,100000.0,7800000.0,0.017853055619134812,0.25407,0.25407,30700000,30700000,https://www.sec.gov/Archives/edgar/data/1340122/000095012908001492/0000950129-08-001492-index.htm,https://www.sec.gov/Archives/edgar/data/1340122/000095012908001492/h54539e10vk.htm,1620590371,15:59:31,20210509
53,2007-09-30,CLMT,USD,2007-11-08,2007-11-08 06:01:51,Q3,428100000,390200000,37900000,0.08853071712216772,0.0,18400000,0.0,2200000.0,20596000.0,411200000.0,1346000000.0,3500000.0,20400000.0,0.04765241765942537,16900000.0,0.039476757766876897,923000000.0,9600000.0,0.02242466713384723,100000.0,9500000.0,0.02219107685120299,0.32313,0.32313,29400000,29400000,https://www.sec.gov/Archives/edgar/data/1340122/000095013407023215/0000950134-07-023215-index.htm,https://www.sec.gov/Archives/edgar/data/1340122/000095013407023215/h51324e10vq.htm,1620590371,15:59:31,20210509
54,2007-06-30,CLMT,USD,2007-08-10,2007-08-10 15:40:20,Q2,421700000,361300000,60400000,0.14322978420678206,0.0,21400000,0.0,200000.0,21529000.0,382800000.0,1113000000.0,3900000.0,42800000.0,0.10149395304718994,38900000.0,0.09224567227887123,884000000.0,37700000.0,0.08940004742708087,300000.0,37400000.0,0.08868864121413327,1.27211,1.27211,29400000,29400000,https://www.sec.gov/Archives/edgar/data/1340122/000095012907003956/0000950129-07-003956-index.htm,https://www.sec.gov/Archives/edgar/data/1340122/000095012907003956/h49004e10vq.htm,1620590371,15:59:31,20210509
55,2007-03-31,CLMT,USD,2007-05-10,2007-05-10 14:26:10,Q1,351100000,296100000,55000000,0.1566505269154087,0.0,19900000,0.0,200000.0,20059000.0,316100000.0,1015000000.0,3600000.0,38600000.0,0.10994018798063229,35000000.0,0.09968669894616919,-200000.0,28300000.0,0.08060381657647393,100000.0,28200000.0,0.08031899743662774,0.95918,0.95918,29400000,29400000,https://www.sec.gov/Archives/edgar/data/1340122/000095012907002448/0000950129-07-002448-index.htm,https://www.sec.gov/Archives/edgar/data/1340122/000095013407003992/h43776e10vk.htm,1620590371,15:59:31,20210509
56,2006-12-31,CLMT,USD,2007-02-23,2007-02-23 17:06:14,Q4,368700000,325000000,43700000,0.11852454570111201,0.0,18800000,0.0,300000.0,19041000.0,344100000.0,1192000.0,3300000.000000001,27900000.0,0.07567127746135069,24600000.0,0.06672091131000814,-200000.0,32200000.0,0.08733387577976674,100000.0,32100000.0,0.0870626525630594,1.09184,1.09184,29400000,29400000,https://www.sec.gov/Archives/edgar/data/1340122/000095013407003992/0000950134-07-003992-index.htm,https://www.sec.gov/Archives/edgar/data/1340122/000095013407003992/h43776e10vk.htm,1620590371,15:59:31,20210509
57,2006-09-30,CLMT,USD,2006-11-13,2006-11-13 17:04:27,Q3,444700000,393200000,51500000,0.1158084101641556,0.0,21700000,0.0,300000.0,22024000.0,415200000.0,1705000000.0,2900000.0000000005,32400000.0,0.07285810658871149,29500000.0,0.06633685630762312,957000000.0,36200000.0,0.08140319316393074,100000.0,36100000.0,0.08117832246458287,1.23208,1.23208,29300000,29300000,https://www.sec.gov/Archives/edgar/data/1340122/000095012906009656/0000950129-06-009656-index.htm,https://www.sec.gov/Archives/edgar/data/1340122/000095012906009656/h41206e10vq.htm,1620590371,15:59:31,20210509
58,2006-06-30,CLMT,USD,2006-08-14,2006-08-14 15:54:00,Q2,429900000,371500000,58400000,0.13584554547569203,0.0,20700000,0.0,200000.0,20875000.0,392300000.0,2157000000.0,2899999.9999999995,40500000.0,0.0942079553384508,37600000.0,0.08746220051174691,903000000.0,23600000.0,0.054896487555245406,100000.0,23500000.0,0.05466387531984182,0.90038,0.90038,26100000,26100000,https://www.sec.gov/Archives/edgar/data/1340122/000095012906007877/0000950129-06-007877-index.htm,https://www.sec.gov/Archives/edgar/data/1340122/000095012906007877/h38826e10vq.htm,1620590371,15:59:31,20210509
59,2006-03-31,CLMT,USD,2006-05-15,2006-05-15 13:08:41,Q1,397700000,346400000,51300000,0.1289917022881569,0.0,19800000,0.0,100000.0,19865000.0,369300000.00000006,3976000.0,2700000.0,31100000.0,0.07819964797586121,28400000.0,0.07141061101332663,914.0,3800000.0,0.009554940910233845,14.0,3800000.0,0.009554940910233845,0.14615,0.14615,26000000,26000000,https://www.sec.gov/Archives/edgar/data/1340122/000095012906005490/0000950129-06-005490-index.htm,https://www.sec.gov/Archives/edgar/data/1340122/000095012906005490/h36071e10vq.htm,1620590371,15:59:31,20210509
60,2005-09-30,CLMT,USD,2005-09-30,2005-09-30,Q3,363870000,325116000,38754000,0.10650507049220875,0.0,17150000,0.0,0.0,17993000.0,343109000.0,0.0,0.0,74398000.0,0.20446313243740896,20761000.0,0.05705609146123616,-53637000.0,0.0,0.0,0.0,-39406000.0,-0.10829691922939512,-1.5589,-1.5589,25277015,25277015,,,1620590371,15:59:31,20210509
