,date,symbol,reportedCurrency,fillingDate,acceptedDate,period,revenue,costOfRevenue,grossProfit,grossProfitRatio,researchAndDevelopmentExpenses,generalAndAdministrativeExpenses,sellingAndMarketingExpenses,otherExpenses,operatingExpenses,costAndExpenses,interestExpense,depreciationAndAmortization,ebitda,ebitdaratio,operatingIncome,operatingIncomeRatio,totalOtherIncomeExpensesNet,incomeBeforeTax,incomeBeforeTaxRatio,incomeTaxExpense,netIncome,netIncomeRatio,eps,epsdiluted,weightedAverageShsOut,weightedAverageShsOutDil,link,finalLink,timestamp,est_time,est_date
0,2021-03-31,BEP-UN.TO,USD,2021-03-31,2021-03-31,Q1,1020000000.0,391000000.0,629000000.0,0.6166666666666667,0.0,81000000.0,0.0,-72000000.0,449000000.0,840000000.0,233000000.0,368000000.0,548000000.0,0.5372549019607843,180000000.0,-0.07058823529411765,-19000000.0,-72000000.0,-0.07058823529411765,-17000000.0,-52000000.0,-0.050980392156862744,-0.24,-0.24,275000000.0,275000000.0,https://www.sedar.com/ModifyCompanyDocumentSearchForm.do?lang=EN&company_search=Brookfield Renewable Partners LP&document_selection=0&industry_group=A&FromDate=13&FromMonth=05&FromYear=2000&ToDate=13&ToMonth=11&ToYear=2020&Variable=Issuer,https://www.sedar.com/ModifyCompanyDocumentSearchForm.do?lang=EN&company_search=Brookfield Renewable Partners LP&document_selection=0&industry_group=A&FromDate=13&FromMonth=05&FromYear=2000&ToDate=13&ToMonth=11&ToYear=2020&Variable=Issuer,1620589287,15:41:27,20210509
1,2020-12-31,BEP-UN.TO,USD,2020-12-31,2020-12-31,Q4,952000000.0,357000000.0,595000000.0,0.625,0.0,84000000.0,0.0,19000000.0,652000000.0,1009000000.0,243000000.0,337000000.0,280000000.0,0.29411764705882354,-57000000.0,-0.059873949579831935,100000000.0,-153000000.0,-0.16071428571428573,-148000000.0,-47000000.0,-0.04936974789915966,-0.22,-0.22,274837890.0,274837890.0,https://www.sedar.com/ModifyCompanyDocumentSearchForm.do?lang=EN&company_search=Brookfield Renewable Partners LP&document_selection=0&industry_group=A&FromDate=13&FromMonth=05&FromYear=2000&ToDate=13&ToMonth=11&ToYear=2020&Variable=Issuer,https://www.sedar.com/ModifyCompanyDocumentSearchForm.do?lang=EN&company_search=Brookfield Renewable Partners LP&document_selection=0&industry_group=A&FromDate=13&FromMonth=05&FromYear=2000&ToDate=13&ToMonth=11&ToYear=2020&Variable=Issuer,1620589287,15:41:27,20210509
2,2020-09-30,BEP-UN.TO,USD,2020-09-30,2020-09-30,Q3,867000000.0,281000000.0,586000000.0,0.6758938869665513,0.0,65000000.0,0.0,-98000000.0,0.0,715000000.0,233000000.0,369000000.0,521000000.0,0.6009227220299884,152000000.0,0.17531718569780855,-65000000.0,-146000000.0,-0.16839677047289503,-27000000.0,-78000000.0,-0.08996539792387544,-0.293333,-0.293333,313636364.0,313636364.0,https://www.sedar.com/ModifyCompanyDocumentSearchForm.do?lang=EN&company_search=Brookfield Renewable Partners LP&document_selection=0&industry_group=A&FromDate=13&FromMonth=05&FromYear=2000&ToDate=13&ToMonth=11&ToYear=2020&Variable=Issuer,https://www.sedar.com/ModifyCompanyDocumentSearchForm.do?lang=EN&company_search=Brookfield Renewable Partners LP&document_selection=0&industry_group=A&FromDate=13&FromMonth=05&FromYear=2000&ToDate=13&ToMonth=11&ToYear=2020&Variable=Issuer,1620589287,15:41:27,20210509
3,2020-06-30,BEP-UN.TO,USD,2020-06-30,2020-06-30,Q2,651000000.0,248000000.0,403000000.0,0.6190476190476191,0.0,36000000.0,0.0,6000000.0,0.0,476000000.0,154000000.0,192000000.0,367000000.0,0.5637480798771122,175000000.0,0.26881720430107525,-23000000.0,-2000000.0,-0.0030721966205837174,-13000000.0,-11000000.0,-0.016897081413210446,-0.093333,-0.093333,267857143.0,267857143.0,https://www.sedar.com/ModifyCompanyDocumentSearchForm.do?lang=EN&company_search=Brookfield Renewable Partners LP&document_selection=0&industry_group=A&FromDate=13&FromMonth=05&FromYear=2000&ToDate=13&ToMonth=11&ToYear=2020&Variable=Issuer,https://www.sedar.com/ModifyCompanyDocumentSearchForm.do?lang=EN&company_search=Brookfield Renewable Partners LP&document_selection=0&industry_group=A&FromDate=13&FromMonth=05&FromYear=2000&ToDate=13&ToMonth=11&ToYear=2020&Variable=Issuer,1620589287,15:41:27,20210509
4,2020-03-31,BEP-UN.TO,USD,2020-03-31,2020-03-31,Q1,792000000.0,261000000.0,531000000.0,0.6704545454545454,0.0,31000000.0,0.0,2000000.0,0.0,498000000.0,162000000.0,206000000.0,500000000.0,0.6313131313131313,294000000.0,0.3712121212121212,6000000.0,138000000.0,0.17424242424242425,18000000.0,22000000.0,0.027777777777777776,0.03724,0.03724,268525467.0,268525467.0,https://www.sedar.com/ModifyCompanyDocumentSearchForm.do?lang=EN&company_search=Brookfield Renewable Partners LP&document_selection=0&industry_group=A&FromDate=13&FromMonth=05&FromYear=2000&ToDate=13&ToMonth=11&ToYear=2020&Variable=Issuer,https://www.sedar.com/ModifyCompanyDocumentSearchForm.do?lang=EN&company_search=Brookfield Renewable Partners LP&document_selection=0&industry_group=A&FromDate=13&FromMonth=05&FromYear=2000&ToDate=13&ToMonth=11&ToYear=2020&Variable=Issuer,1620589287,15:41:27,20210509
5,2019-12-31,BEP-UN.TO,USD,2019-12-31,2019-12-31,Q4,726000000.0,267000000.0,459000000.0,0.6322314049586777,0.0,35000000.0,0.0,-64000000.0,0.0,486000000.0,167000000.0,198000000.0,438000000.0,0.6033057851239669,240000000.0,0.3305785123966942,-101000000.0,1000000.0,0.0013774104683195593,-9000000.0,-27000000.0,-0.0371900826446281,-0.141545,-0.141545,268466700.0,268466700.0,https://www.sedar.com/ModifyCompanyDocumentSearchForm.do?lang=EN&company_search=Brookfield Renewable Partners LP&document_selection=0&industry_group=A&FromDate=13&FromMonth=05&FromYear=2000&ToDate=13&ToMonth=11&ToYear=2020&Variable=Issuer,https://www.sedar.com/ModifyCompanyDocumentSearchForm.do?lang=EN&company_search=Brookfield Renewable Partners LP&document_selection=0&industry_group=A&FromDate=13&FromMonth=05&FromYear=2000&ToDate=13&ToMonth=11&ToYear=2020&Variable=Issuer,1620589287,15:41:27,20210509
6,2019-09-30,BEP-UN.TO,USD,2019-09-30,2019-09-30,Q3,642000000.0,239000000.0,403000000.0,0.6277258566978193,0.0,29000000.0,0.0,-13000000.0,0.0,468000000.0,164000000.0,200000000.0,374000000.0,0.5825545171339563,174000000.0,0.27102803738317754,-22000000.0,-12000000.0,-0.018691588785046728,-13000000.0,-18000000.0,-0.028037383177570093,-0.111766,-0.111766,268418173.0,268418173.0,https://www.sedar.com/ModifyCompanyDocumentSearchForm.do?lang=EN&company_search=Brookfield Renewable Partners LP&document_selection=0&industry_group=A&FromDate=13&FromMonth=05&FromYear=2000&ToDate=13&ToMonth=11&ToYear=2020&Variable=Issuer,https://www.sedar.com/ModifyCompanyDocumentSearchForm.do?lang=EN&company_search=Brookfield Renewable Partners LP&document_selection=0&industry_group=A&FromDate=13&FromMonth=05&FromYear=2000&ToDate=13&ToMonth=11&ToYear=2020&Variable=Issuer,1620589287,15:41:27,20210509
7,2019-06-30,BEP-UN.TO,USD,2019-06-30,2019-06-30,Q2,787000000.0,252000000.0,535000000.0,0.6797966963151207,0.0,23000000.0,0.0,16000000.0,0.0,475000000.0,178000000.0,200000000.0,512000000.0,0.650571791613723,312000000.0,0.39644218551461247,4000000.0,138000000.0,0.17534942820838628,29000000.0,20000000.0,0.025412960609911054,0.033537,0.033537,268359678.0,268359678.0,https://www.sedar.com/ModifyCompanyDocumentSearchForm.do?lang=EN&company_search=Brookfield Renewable Partners LP&document_selection=0&industry_group=A&FromDate=13&FromMonth=05&FromYear=2000&ToDate=13&ToMonth=11&ToYear=2020&Variable=Issuer,https://www.sedar.com/ModifyCompanyDocumentSearchForm.do?lang=EN&company_search=Brookfield Renewable Partners LP&document_selection=0&industry_group=A&FromDate=13&FromMonth=05&FromYear=2000&ToDate=13&ToMonth=11&ToYear=2020&Variable=Issuer,1620589287,15:41:27,20210509
8,2019-03-31,BEP-UN.TO,USD,2019-03-31,2019-03-31,Q1,825000000.0,254000000.0,571000000.0,0.6921212121212121,0.0,21000000.0,0.0,6000000.0,0.0,475000000.0,173000000.0,200000000.0,550000000.0,0.6666666666666666,350000000.0,0.42424242424242425,20000000.0,197000000.0,0.2387878787878788,44000000.0,35000000.0,0.04242424242424243,0.093187,0.093187,268277554.0,268277554.0,https://www.sedar.com/ModifyCompanyDocumentSearchForm.do?lang=EN&company_search=Brookfield Renewable Partners LP&document_selection=0&industry_group=A&FromDate=13&FromMonth=05&FromYear=2000&ToDate=13&ToMonth=11&ToYear=2020&Variable=Issuer,https://www.sedar.com/ModifyCompanyDocumentSearchForm.do?lang=EN&company_search=Brookfield Renewable Partners LP&document_selection=0&industry_group=A&FromDate=13&FromMonth=05&FromYear=2000&ToDate=13&ToMonth=11&ToYear=2020&Variable=Issuer,1620589287,15:41:27,20210509
9,2018-12-31,BEP-UN.TO,USD,2018-12-31,2018-12-31,Q4,780000000.0,276000000.0,504000000.0,0.6461538461538462,0.0,16000000.0,0.0,10000000.0,0.0,500000000.0,171000000.0,208000000.0,488000000.0,0.6256410256410256,280000000.0,0.358974358974359,49000000.0,180000000.0,0.23076923076923078,-81000000.0,61000000.0,0.0782051282051282,0.22741523799754007,0.22741523799754007,268231806.0,268231806.0,https://www.sedar.com/ModifyCompanyDocumentSearchForm.do?lang=EN&company_search=Brookfield Renewable Partners LP&document_selection=0&industry_group=A&FromDate=13&FromMonth=05&FromYear=2000&ToDate=13&ToMonth=11&ToYear=2020&Variable=Issuer,https://www.sedar.com/ModifyCompanyDocumentSearchForm.do?lang=EN&company_search=Brookfield Renewable Partners LP&document_selection=0&industry_group=A&FromDate=13&FromMonth=05&FromYear=2000&ToDate=13&ToMonth=11&ToYear=2020&Variable=Issuer,1620589287,15:41:27,20210509
10,2018-09-30,BEP-UN.TO,USD,2018-09-30,2018-09-30,Q3,674000000.0,257000000.0,417000000.0,0.6186943620178041,0.0,22000000.0,0.0,-11000000.0,0.0,471000000.0,176000000.0,192000000.0,395000000.0,0.586053412462908,203000000.0,0.30118694362017806,-15000000.0,12000000.0,0.017804154302670624,-5000000.0,-22000000.0,-0.032640949554896145,-0.118303,-0.118303,270492516.0,270492516.0,https://www.sedar.com/ModifyCompanyDocumentSearchForm.do?lang=EN&company_search=Brookfield Renewable Partners LP&document_selection=0&industry_group=A&FromDate=13&FromMonth=05&FromYear=2000&ToDate=13&ToMonth=11&ToYear=2020&Variable=Issuer,https://www.sedar.com/ModifyCompanyDocumentSearchForm.do?lang=EN&company_search=Brookfield Renewable Partners LP&document_selection=0&industry_group=A&FromDate=13&FromMonth=05&FromYear=2000&ToDate=13&ToMonth=11&ToYear=2020&Variable=Issuer,1620589287,15:41:27,20210509
11,2018-06-30,BEP-UN.TO,USD,2018-06-30,2018-06-30,Q2,735000000.0,247000000.0,488000000.0,0.6639455782312925,0.0,21000000.0,0.0,0.0,0.0,474000000.0,178000000.0,206000000.0,467000000.0,0.6353741496598639,261000000.0,0.3551020408163265,-27000000.0,56000000.0,0.0761904761904762,11000000.0,9000000.0,0.012244897959183673,-0.003698,-0.003698,270397036.0,270397036.0,https://www.sedar.com/ModifyCompanyDocumentSearchForm.do?lang=EN&company_search=Brookfield Renewable Partners LP&document_selection=0&industry_group=A&FromDate=13&FromMonth=05&FromYear=2000&ToDate=13&ToMonth=11&ToYear=2020&Variable=Issuer,https://www.sedar.com/ModifyCompanyDocumentSearchForm.do?lang=EN&company_search=Brookfield Renewable Partners LP&document_selection=0&industry_group=A&FromDate=13&FromMonth=05&FromYear=2000&ToDate=13&ToMonth=11&ToYear=2020&Variable=Issuer,1620589287,15:41:27,20210509
12,2018-03-31,BEP-UN.TO,USD,2018-03-31,2018-03-31,Q1,793000000.0,256000000.0,537000000.0,0.6771752837326608,0.0,21000000.0,0.0,-20000000.0,0.0,490000000.0,180000000.0,213000000.0,516000000.0,0.6506935687263556,303000000.0,0.38209331651954603,-27000000.0,96000000.0,0.1210592686002522,16000000.0,14000000.0,0.017654476670870115,0.018471,0.018471,270696435.0,270696435.0,https://www.sedar.com/ModifyCompanyDocumentSearchForm.do?lang=EN&company_search=Brookfield Renewable Partners LP&document_selection=0&industry_group=A&FromDate=13&FromMonth=05&FromYear=2000&ToDate=13&ToMonth=11&ToYear=2020&Variable=Issuer,https://www.sedar.com/ModifyCompanyDocumentSearchForm.do?lang=EN&company_search=Brookfield Renewable Partners LP&document_selection=0&industry_group=A&FromDate=13&FromMonth=05&FromYear=2000&ToDate=13&ToMonth=11&ToYear=2020&Variable=Issuer,1620589287,15:41:27,20210509
13,2017-12-31,BEP-UN.TO,USD,2017-12-31,2017-12-31,Q4,657000000.0,262000000.0,395000000.0,0.6012176560121766,0.0,24000000.0,0.0,-30000000.0,0.0,468000000.0,155000000.0,182000000.0,371000000.0,0.5646879756468798,189000000.0,0.2876712328767123,-51000000.0,15000000.0,0.0228310502283105,44000000.0,-31000000.0,-0.0471841704718417,-0.11461368265907737,-0.11461368265907737,270473815.0,270473815.0,https://www.sedar.com/ModifyCompanyDocumentSearchForm.do?lang=EN&company_search=Brookfield Renewable Partners LP&document_selection=0&industry_group=A&FromDate=13&FromMonth=05&FromYear=2000&ToDate=13&ToMonth=11&ToYear=2020&Variable=Issuer,https://www.sedar.com/ModifyCompanyDocumentSearchForm.do?lang=EN&company_search=Brookfield Renewable Partners LP&document_selection=0&industry_group=A&FromDate=13&FromMonth=05&FromYear=2000&ToDate=13&ToMonth=11&ToYear=2020&Variable=Issuer,1620589287,15:41:27,20210509
14,2017-09-30,BEP-UN.TO,USD,2017-09-30,2017-09-30,Q3,608000000.0,243000000.0,365000000.0,0.600328947368421,0.0,21000000.0,0.0,5000000.0,0.0,466000000.0,158000000.0,202000000.0,344000000.0,0.5657894736842105,142000000.0,0.23355263157894737,-5000000.0,-21000000.0,-0.03453947368421053,11000000.0,-16000000.0,-0.02631578947368421,-0.088733,-0.088733,270473815.0,270473815.0,https://www.sedar.com/ModifyCompanyDocumentSearchForm.do?lang=EN&company_search=Brookfield Renewable Partners LP&document_selection=0&industry_group=A&FromDate=13&FromMonth=05&FromYear=2000&ToDate=13&ToMonth=11&ToYear=2020&Variable=Issuer,https://www.sedar.com/ModifyCompanyDocumentSearchForm.do?lang=EN&company_search=Brookfield Renewable Partners LP&document_selection=0&industry_group=A&FromDate=13&FromMonth=05&FromYear=2000&ToDate=13&ToMonth=11&ToYear=2020&Variable=Issuer,1620589287,15:41:27,20210509
15,2017-06-30,BEP-UN.TO,USD,2017-06-30,2017-06-30,Q2,683000000.0,240000000.0,443000000.0,0.6486090775988287,0.0,21000000.0,0.0,33000000.0,0.0,459000000.0,156000000.0,198000000.0,422000000.0,0.6178623718887262,224000000.0,0.3279648609077599,29000000.0,97000000.0,0.14202049780380674,12000000.0,28000000.0,0.040995607613469986,0.083834,0.083834,250493893.0,250493893.0,https://www.sedar.com/ModifyCompanyDocumentSearchForm.do?lang=EN&company_search=Brookfield Renewable Partners LP&document_selection=0&industry_group=A&FromDate=13&FromMonth=05&FromYear=2000&ToDate=13&ToMonth=11&ToYear=2020&Variable=Issuer,https://www.sedar.com/ModifyCompanyDocumentSearchForm.do?lang=EN&company_search=Brookfield Renewable Partners LP&document_selection=0&industry_group=A&FromDate=13&FromMonth=05&FromYear=2000&ToDate=13&ToMonth=11&ToYear=2020&Variable=Issuer,1620589287,15:41:27,20210509
16,2017-03-31,BEP-UN.TO,USD,2017-03-31,2017-03-31,Q1,677000000.0,233000000.0,444000000.0,0.6558345642540621,0.0,16000000.0,0.0,6000000.0,0.0,449000000.0,163000000.0,200000000.0,428000000.0,0.6322008862629247,228000000.0,0.33677991137370755,-17000000.0,48000000.0,0.07090103397341212,21000000.0,15000000.0,0.022156573116691284,0.035942,0.035942,250406281.0,250406281.0,https://www.sedar.com/ModifyCompanyDocumentSearchForm.do?lang=EN&company_search=Brookfield Renewable Partners LP&document_selection=0&industry_group=A&FromDate=13&FromMonth=05&FromYear=2000&ToDate=13&ToMonth=11&ToYear=2020&Variable=Issuer,https://www.sedar.com/ModifyCompanyDocumentSearchForm.do?lang=EN&company_search=Brookfield Renewable Partners LP&document_selection=0&industry_group=A&FromDate=13&FromMonth=05&FromYear=2000&ToDate=13&ToMonth=11&ToYear=2020&Variable=Issuer,1620589287,15:41:27,20210509
17,2016-12-31,BEP-UN.TO,USD,2016-12-31,2016-12-31,Q4,571000000.0,258000000.0,313000000.0,0.5481611208406305,0.0,16000000.0,0.0,-55000000.0,0.0,462000000.0,159000000.0,188000000.0,297000000.0,0.5201401050788091,109000000.0,0.19089316987740806,-63000000.0,-72000000.0,-0.12609457092819615,-71000000.0,-22000000.0,-0.03852889667250438,-0.08795472829407139,-0.08795472829407139,250128679.0,250128679.0,https://www.sedar.com/ModifyCompanyDocumentSearchForm.do?lang=EN&company_search=Brookfield Renewable Partners LP&document_selection=0&industry_group=A&FromDate=13&FromMonth=05&FromYear=2000&ToDate=13&ToMonth=11&ToYear=2020&Variable=Issuer,https://www.sedar.com/ModifyCompanyDocumentSearchForm.do?lang=EN&company_search=Brookfield Renewable Partners LP&document_selection=0&industry_group=A&FromDate=13&FromMonth=05&FromYear=2000&ToDate=13&ToMonth=11&ToYear=2020&Variable=Issuer,1620589287,15:41:27,20210509
18,2016-09-30,BEP-UN.TO,USD,2016-09-30,2016-09-30,Q3,580000000.0,275000000.0,305000000.0,0.5258620689655172,0.0,16000000.0,0.0,29000000.0,0.0,501000000.0,159000000.0,210000000.0,289000000.0,0.4982758620689655,79000000.0,0.13620689655172413,26000000.0,-54000000.0,-0.09310344827586207,-35000000.0,-13000000.0,-0.022413793103448276,-0.071963,-0.071963,250128679.0,250128679.0,https://www.sedar.com/ModifyCompanyDocumentSearchForm.do?lang=EN&company_search=Brookfield Renewable Partners LP&document_selection=0&industry_group=A&FromDate=13&FromMonth=05&FromYear=2000&ToDate=13&ToMonth=11&ToYear=2020&Variable=Issuer,https://www.sedar.com/ModifyCompanyDocumentSearchForm.do?lang=EN&company_search=Brookfield Renewable Partners LP&document_selection=0&industry_group=A&FromDate=13&FromMonth=05&FromYear=2000&ToDate=13&ToMonth=11&ToYear=2020&Variable=Issuer,1620589287,15:41:27,20210509
19,2016-06-30,BEP-UN.TO,USD,2016-06-30,2016-06-30,Q2,627000000.0,262000000.0,365000000.0,0.5821371610845295,0.0,15000000.0,0.0,10000000.0,0.0,481000000.0,161000000.0,204000000.0,350000000.0,0.5582137161084529,146000000.0,0.23285486443381181,7000000.0,-8000000.0,-0.012759170653907496,11000000.0,-12000000.0,-0.019138755980861243,-0.059998,-0.059998,250007713.0,250007713.0,https://www.sedar.com/ModifyCompanyDocumentSearchForm.do?lang=EN&company_search=Brookfield Renewable Partners LP&document_selection=0&industry_group=A&FromDate=13&FromMonth=05&FromYear=2000&ToDate=13&ToMonth=11&ToYear=2020&Variable=Issuer,https://www.sedar.com/ModifyCompanyDocumentSearchForm.do?lang=EN&company_search=Brookfield Renewable Partners LP&document_selection=0&industry_group=A&FromDate=13&FromMonth=05&FromYear=2000&ToDate=13&ToMonth=11&ToYear=2020&Variable=Issuer,1620589287,15:41:27,20210509
20,2016-03-31,BEP-UN.TO,USD,2016-03-31,2016-03-31,Q1,674000000.0,243000000.0,431000000.0,0.6394658753709199,0.0,15000000.0,0.0,10000000.0,0.0,437000000.0,127000000.0,179000000.0,416000000.0,0.6172106824925816,237000000.0,0.3516320474777448,11000000.0,121000000.0,0.1795252225519288,42000000.0,26000000.0,0.03857566765578635,0.107043,0.107043,214867075.0,214867075.0,https://www.sedar.com/ModifyCompanyDocumentSearchForm.do?lang=EN&company_search=Brookfield Renewable Partners LP&document_selection=0&industry_group=A&FromDate=13&FromMonth=05&FromYear=2000&ToDate=13&ToMonth=11&ToYear=2020&Variable=Issuer,https://www.sedar.com/ModifyCompanyDocumentSearchForm.do?lang=EN&company_search=Brookfield Renewable Partners LP&document_selection=0&industry_group=A&FromDate=13&FromMonth=05&FromYear=2000&ToDate=13&ToMonth=11&ToYear=2020&Variable=Issuer,1620589287,15:41:27,20210509
21,2015-12-31,BEP-UN.TO,USD,2015-12-31,2015-12-31,Q4,392000000.0,142000000.0,250000000.0,0.6377551020408163,0.0,10000000.0,0.0,-94000000.0,0.0,296000000.0,103000000.0,144000000.0,240000000.0,0.6122448979591837,96000000.0,0.24489795918367346,-63000000.0,-49000000.0,-0.125,-39000000.0,-12000000.0,-0.030612244897959183,-0.055826936496859735,-0.055826936496859735,214950000.0,214950000.0,https://www.sedar.com/ModifyCompanyDocumentSearchForm.do?lang=EN&company_search=Brookfield Renewable Partners LP&document_selection=0&industry_group=A&FromDate=13&FromMonth=05&FromYear=2000&ToDate=13&ToMonth=11&ToYear=2020&Variable=Issuer,https://www.sedar.com/ModifyCompanyDocumentSearchForm.do?lang=EN&company_search=Brookfield Renewable Partners LP&document_selection=0&industry_group=A&FromDate=13&FromMonth=05&FromYear=2000&ToDate=13&ToMonth=11&ToYear=2020&Variable=Issuer,1620589287,15:41:27,20210509
22,2015-09-30,BEP-UN.TO,USD,2015-09-30,2015-09-30,Q3,337000000.0,142000000.0,195000000.0,0.5786350148367952,0.0,11000000.0,0.0,12000000.0,0.0,306000000.0,107000000.0,153000000.0,184000000.0,0.5459940652818991,31000000.0,0.09198813056379822,84000000.0,8000000.0,0.02373887240356083,-19000000.0,-9000000.0,-0.026706231454005934,-0.046667,-0.046667,214950000.0,214950000.0,https://www.sedar.com/ModifyCompanyDocumentSearchForm.do?lang=EN&company_search=Brookfield Renewable Partners LP&document_selection=0&industry_group=A&FromDate=13&FromMonth=05&FromYear=2000&ToDate=13&ToMonth=11&ToYear=2020&Variable=Issuer,https://www.sedar.com/ModifyCompanyDocumentSearchForm.do?lang=EN&company_search=Brookfield Renewable Partners LP&document_selection=0&industry_group=A&FromDate=13&FromMonth=05&FromYear=2000&ToDate=13&ToMonth=11&ToYear=2020&Variable=Issuer,1620589287,15:41:27,20210509
23,2015-06-30,BEP-UN.TO,USD,2015-06-30,2015-06-30,Q2,458000000.0,134000000.0,324000000.0,0.7074235807860262,0.0,13000000.0,0.0,-6000000.0,0.0,308000000.0,114000000.0,161000000.0,311000000.0,0.6790393013100436,150000000.0,0.32751091703056767,-2000000.0,34000000.0,0.07423580786026202,-1000000.0,9000000.0,0.019650655021834062,0.046667,0.046667,215100000.0,215100000.0,https://www.sedar.com/ModifyCompanyDocumentSearchForm.do?lang=EN&company_search=Brookfield Renewable Partners LP&document_selection=0&industry_group=A&FromDate=13&FromMonth=05&FromYear=2000&ToDate=13&ToMonth=11&ToYear=2020&Variable=Issuer,https://www.sedar.com/ModifyCompanyDocumentSearchForm.do?lang=EN&company_search=Brookfield Renewable Partners LP&document_selection=0&industry_group=A&FromDate=13&FromMonth=05&FromYear=2000&ToDate=13&ToMonth=11&ToYear=2020&Variable=Issuer,1620589287,15:41:27,20210509
24,2015-03-31,BEP-UN.TO,USD,2015-03-31,2015-03-31,Q1,441000000.0,134000000.0,307000000.0,0.6961451247165533,0.0,14000000.0,0.0,25000000.0,0.0,306000000.0,105000000.0,158000000.0,293000000.0,0.6643990929705216,135000000.0,0.30612244897959184,20000000.0,50000000.0,0.11337868480725624,-1000000.0,15000000.0,0.034013605442176874,0.066667,0.066667,215100000.0,215100000.0,https://www.sedar.com/ModifyCompanyDocumentSearchForm.do?lang=EN&company_search=Brookfield Renewable Partners LP&document_selection=0&industry_group=A&FromDate=13&FromMonth=05&FromYear=2000&ToDate=13&ToMonth=11&ToYear=2020&Variable=Issuer,https://www.sedar.com/ModifyCompanyDocumentSearchForm.do?lang=EN&company_search=Brookfield Renewable Partners LP&document_selection=0&industry_group=A&FromDate=13&FromMonth=05&FromYear=2000&ToDate=13&ToMonth=11&ToYear=2020&Variable=Issuer,1620589287,15:41:27,20210509
25,2014-12-31,BEP-UN.TO,USD,2014-12-31,2014-12-31,Q4,408000000.0,138000000.0,270000000.0,0.6617647058823529,0.0,13000000.0,0.0,8000000.0,0.0,299000000.0,106000000.0,148000000.0,257000000.0,0.6299019607843137,109000000.0,0.26715686274509803,6000000.0,9000000.0,0.022058823529411766,-22000000.0,16000000.0,0.0392156862745098,0.07443591532914631,0.07443591532914631,214950000.0,214950000.0,https://www.sedar.com/ModifyCompanyDocumentSearchForm.do?lang=EN&company_search=Brookfield Renewable Partners LP&document_selection=0&industry_group=A&FromDate=13&FromMonth=05&FromYear=2000&ToDate=13&ToMonth=11&ToYear=2020&Variable=Issuer,https://www.sedar.com/ModifyCompanyDocumentSearchForm.do?lang=EN&company_search=Brookfield Renewable Partners LP&document_selection=0&industry_group=A&FromDate=13&FromMonth=05&FromYear=2000&ToDate=13&ToMonth=11&ToYear=2020&Variable=Issuer,1620589287,15:41:27,20210509
26,2014-09-30,BEP-UN.TO,USD,2014-09-30,2014-09-30,Q3,342000000.0,132000000.0,210000000.0,0.6140350877192983,0.0,14000000.0,0.0,-8000000.0,0.0,291000000.0,106000000.0,145000000.0,196000000.0,0.5730994152046783,51000000.0,0.14912280701754385,8000000.0,-47000000.0,-0.13742690058479531,-22000000.0,-17000000.0,-0.049707602339181284,-0.086667,-0.086667,214950000.0,214950000.0,https://www.sedar.com/ModifyCompanyDocumentSearchForm.do?lang=EN&company_search=Brookfield Renewable Partners LP&document_selection=0&industry_group=A&FromDate=13&FromMonth=05&FromYear=2000&ToDate=13&ToMonth=11&ToYear=2020&Variable=Issuer,https://www.sedar.com/ModifyCompanyDocumentSearchForm.do?lang=EN&company_search=Brookfield Renewable Partners LP&document_selection=0&industry_group=A&FromDate=13&FromMonth=05&FromYear=2000&ToDate=13&ToMonth=11&ToYear=2020&Variable=Issuer,1620589287,15:41:27,20210509
27,2014-06-30,BEP-UN.TO,USD,2014-06-30,2014-06-30,Q2,474000000.0,124000000.0,350000000.0,0.7383966244725738,0.0,13000000.0,0.0,-9000000.0,0.0,266000000.0,102000000.0,129000000.0,337000000.0,0.7109704641350211,208000000.0,0.4388185654008439,-11000000.0,95000000.0,0.20042194092827004,23000000.0,21000000.0,0.04430379746835443,0.1,0.1,202950000.0,202950000.0,https://www.sedar.com/ModifyCompanyDocumentSearchForm.do?lang=EN&company_search=Brookfield Renewable Partners LP&document_selection=0&industry_group=A&FromDate=13&FromMonth=05&FromYear=2000&ToDate=13&ToMonth=11&ToYear=2020&Variable=Issuer,https://www.sedar.com/ModifyCompanyDocumentSearchForm.do?lang=EN&company_search=Brookfield Renewable Partners LP&document_selection=0&industry_group=A&FromDate=13&FromMonth=05&FromYear=2000&ToDate=13&ToMonth=11&ToYear=2020&Variable=Issuer,1620589287,15:41:27,20210509
28,2014-03-31,BEP-UN.TO,USD,2014-03-31,2014-03-31,Q1,480000000.0,130000000.0,350000000.0,0.7291666666666666,0.0,11000000.0,0.0,22000000.0,0.0,267000000.0,101000000.0,126000000.0,339000000.0,0.70625,213000000.0,0.44375,23000000.0,135000000.0,0.28125,10000000.0,38000000.0,0.07916666666666666,0.193333,0.193333,199500000.0,199500000.0,https://www.sedar.com/ModifyCompanyDocumentSearchForm.do?lang=EN&company_search=Brookfield Renewable Partners LP&document_selection=0&industry_group=A&FromDate=13&FromMonth=05&FromYear=2000&ToDate=13&ToMonth=11&ToYear=2020&Variable=Issuer,https://www.sedar.com/ModifyCompanyDocumentSearchForm.do?lang=EN&company_search=Brookfield Renewable Partners LP&document_selection=0&industry_group=A&FromDate=13&FromMonth=05&FromYear=2000&ToDate=13&ToMonth=11&ToYear=2020&Variable=Issuer,1620589287,15:41:27,20210509
29,2013-12-31,BEP-UN.TO,USD,2013-12-31,2013-12-31,Q4,393000000.0,129000000.0,264000000.0,0.6717557251908397,0.0,9000000.0,0.0,-19000000.0,0.0,275000000.0,97000000.0,143000000.0,261000000.0,0.6641221374045801,118000000.0,0.30025445292620867,-12000000.0,9000000.0,0.022900763358778626,-15000000.0,11000000.0,0.027989821882951654,0.058666666666666666,0.058666666666666666,187500000.0,187500000.0,https://www.sedar.com/ModifyCompanyDocumentSearchForm.do?lang=EN&company_search=Brookfield Renewable Partners LP&document_selection=0&industry_group=A&FromDate=13&FromMonth=05&FromYear=2000&ToDate=13&ToMonth=11&ToYear=2020&Variable=Issuer,https://www.sedar.com/ModifyCompanyDocumentSearchForm.do?lang=EN&company_search=Brookfield Renewable Partners LP&document_selection=0&industry_group=A&FromDate=13&FromMonth=05&FromYear=2000&ToDate=13&ToMonth=11&ToYear=2020&Variable=Issuer,1620589287,15:41:27,20210509
30,2013-09-30,BEP-UN.TO,USD,2013-09-30,2013-09-30,Q3,392000000.0,140000000.0,252000000.0,0.6428571428571429,0.0,9000000.0,0.0,3000000.0,0.0,282000000.0,105000000.0,133000000.0,243000000.0,0.6198979591836735,110000000.0,0.28061224489795916,17000000.0,22000000.0,0.05612244897959184,-6000000.0,5000000.0,0.012755102040816327,0.026667,0.026667,187500000.0,187500000.0,https://www.sedar.com/ModifyCompanyDocumentSearchForm.do?lang=EN&company_search=Brookfield Renewable Partners LP&document_selection=0&industry_group=A&FromDate=13&FromMonth=05&FromYear=2000&ToDate=13&ToMonth=11&ToYear=2020&Variable=Issuer,https://www.sedar.com/ModifyCompanyDocumentSearchForm.do?lang=EN&company_search=Brookfield Renewable Partners LP&document_selection=0&industry_group=A&FromDate=13&FromMonth=05&FromYear=2000&ToDate=13&ToMonth=11&ToYear=2020&Variable=Issuer,1620589287,15:41:27,20210509
31,2013-06-30,BEP-UN.TO,USD,2013-06-30,2013-06-30,Q2,484000000.0,135000000.0,349000000.0,0.7210743801652892,0.0,11000000.0,0.0,-4000000.0,0.0,283000000.0,106000000.0,137000000.0,338000000.0,0.6983471074380165,201000000.0,0.4152892561983471,1000000.0,96000000.0,0.19834710743801653,18000000.0,22000000.0,0.045454545454545456,0.113333,0.110359,199350000.0,199350000.0,https://www.sedar.com/ModifyCompanyDocumentSearchForm.do?lang=EN&company_search=Brookfield Renewable Partners LP&document_selection=0&industry_group=A&FromDate=13&FromMonth=05&FromYear=2000&ToDate=13&ToMonth=11&ToYear=2020&Variable=Issuer,https://www.sedar.com/ModifyCompanyDocumentSearchForm.do?lang=EN&company_search=Brookfield Renewable Partners LP&document_selection=0&industry_group=A&FromDate=13&FromMonth=05&FromYear=2000&ToDate=13&ToMonth=11&ToYear=2020&Variable=Issuer,1620589287,15:41:27,20210509
32,2013-03-31,BEP-UN.TO,USD,2013-03-31,2013-03-31,Q1,437000000.0,126000000.0,311000000.0,0.7116704805491991,0.0,12000000.0,0.0,0.0,0.0,266000000.0,102000000.0,126000000.0,297000000.0,0.6796338672768879,171000000.0,0.391304347826087,20000000.0,89000000.0,0.2036613272311213,4000000.0,31000000.0,0.07093821510297482,0.153333,0.153333,199350000.0,199350000.0,https://www.sedar.com/ModifyCompanyDocumentSearchForm.do?lang=EN&company_search=Brookfield Renewable Partners LP&document_selection=0&industry_group=A&FromDate=13&FromMonth=05&FromYear=2000&ToDate=13&ToMonth=11&ToYear=2020&Variable=Issuer,https://www.sedar.com/ModifyCompanyDocumentSearchForm.do?lang=EN&company_search=Brookfield Renewable Partners LP&document_selection=0&industry_group=A&FromDate=13&FromMonth=05&FromYear=2000&ToDate=13&ToMonth=11&ToYear=2020&Variable=Issuer,1620589287,15:41:27,20210509
33,2012-12-31,BEP-UN.TO,USD,2012-12-31,2012-12-31,Q4,305000000.0,128000000.0,177000000.0,0.580327868852459,0.0,0.0,0.0,0.0,0.0,263000000.0,98000000.0,123000000.0,165000000.0,0.5409836065573771,42000000.0,0.1377049180327869,-20000000.0,-76000000.0,-0.24918032786885247,-12000000.0,12000000.0,0.03934426229508197,0.06020266504756282,0.06020266504756282,199326724.0,199326724.0,https://www.sedar.com/ModifyCompanyDocumentSearchForm.do?lang=EN&company_search=Brookfield Renewable Partners LP&document_selection=0&industry_group=A&FromDate=13&FromMonth=05&FromYear=2000&ToDate=13&ToMonth=11&ToYear=2020&Variable=Issuer,https://www.sedar.com/ModifyCompanyDocumentSearchForm.do?lang=EN&company_search=Brookfield Renewable Partners LP&document_selection=0&industry_group=A&FromDate=13&FromMonth=05&FromYear=2000&ToDate=13&ToMonth=11&ToYear=2020&Variable=Issuer,1620589287,15:41:27,20210509
34,2012-09-30,BEP-UN.TO,USD,2012-09-30,2012-09-30,Q3,231000000.0,116000000.0,115000000.0,0.49783549783549785,0.0,0.0,0.0,0.0,0.0,225000000.0,99000000.0,117000000.0,123000000.0,0.5324675324675324,6000000.0,0.025974025974025976,-4000000.0,-97000000.0,-0.4199134199134199,-38000000.0,-66000000.0,-0.2857142857142857,-0.133333,-0.133333,199326724.0,199326724.0,https://www.sedar.com/ModifyCompanyDocumentSearchForm.do?lang=EN&company_search=Brookfield Renewable Partners LP&document_selection=0&industry_group=A&FromDate=13&FromMonth=05&FromYear=2000&ToDate=13&ToMonth=11&ToYear=2020&Variable=Issuer,https://www.sedar.com/ModifyCompanyDocumentSearchForm.do?lang=EN&company_search=Brookfield Renewable Partners LP&document_selection=0&industry_group=A&FromDate=13&FromMonth=05&FromYear=2000&ToDate=13&ToMonth=11&ToYear=2020&Variable=Issuer,1620589287,15:41:27,20210509
35,2012-06-30,BEP-UN.TO,USD,2012-06-30,2012-06-30,Q2,342000000.0,125000000.0,217000000.0,0.6345029239766082,0.0,0.0,0.0,0.0,0.0,250000000.0,104000000.0,117000000.0,209000000.0,0.6111111111111112,92000000.0,0.26900584795321636,0.0,-12000000.0,-0.03508771929824561,-9000000.0,8000000.0,0.023391812865497075,0.02,0.02,199326724.0,199326724.0,https://www.sedar.com/ModifyCompanyDocumentSearchForm.do?lang=EN&company_search=Brookfield Renewable Partners LP&document_selection=0&industry_group=A&FromDate=13&FromMonth=05&FromYear=2000&ToDate=13&ToMonth=11&ToYear=2020&Variable=Issuer,https://www.sedar.com/ModifyCompanyDocumentSearchForm.do?lang=EN&company_search=Brookfield Renewable Partners LP&document_selection=0&industry_group=A&FromDate=13&FromMonth=05&FromYear=2000&ToDate=13&ToMonth=11&ToYear=2020&Variable=Issuer,1620589287,15:41:27,20210509
36,2012-03-31,BEP-UN.TO,USD,2012-03-31,2012-03-31,Q1,435000000.0,117000000.0,318000000.0,0.7310344827586207,0.0,0.0,0.0,0.0,0.0,256000000.0,110000000.0,126000000.0,305000000.0,0.7011494252873564,179000000.0,0.4114942528735632,-25000000.0,44000000.0,0.10114942528735632,0.0,29000000.0,0.06666666666666667,0.073333,0.073333,199240686.0,199240686.0,https://www.sedar.com/ModifyCompanyDocumentSearchForm.do?lang=EN&company_search=Brookfield Renewable Partners LP&document_selection=0&industry_group=A&FromDate=13&FromMonth=05&FromYear=2000&ToDate=13&ToMonth=11&ToYear=2020&Variable=Issuer,https://www.sedar.com/ModifyCompanyDocumentSearchForm.do?lang=EN&company_search=Brookfield Renewable Partners LP&document_selection=0&industry_group=A&FromDate=13&FromMonth=05&FromYear=2000&ToDate=13&ToMonth=11&ToYear=2020&Variable=Issuer,1620589287,15:41:27,20210509
37,2011-12-31,BEP-UN.TO,USD,2011-12-31,2011-12-31,Q4,292000000.0,119000000.0,173000000.0,0.5924657534246576,0.0,0.0,0.0,0.0,0.0,-133000000.0,107000000.0,127000000.0,552000000.0,1.8904109589041096,425000000.0,1.4554794520547945,0.0,-85000000.0,-0.2910958904109589,1000000.0,-106000000.0,-0.363013698630137,-0.6748219794153322,-0.6748219794153322,157078464.0,157078464.0,https://www.sedar.com/ModifyCompanyDocumentSearchForm.do?lang=EN&company_search=Brookfield Renewable Partners LP&document_selection=0&industry_group=A&FromDate=13&FromMonth=05&FromYear=2000&ToDate=13&ToMonth=11&ToYear=2020&Variable=Issuer,https://www.sedar.com/ModifyCompanyDocumentSearchForm.do?lang=EN&company_search=Brookfield Renewable Partners LP&document_selection=0&industry_group=A&FromDate=13&FromMonth=05&FromYear=2000&ToDate=13&ToMonth=11&ToYear=2020&Variable=Issuer,1620589287,15:41:27,20210509
38,2011-09-30,BEP-UN.TO,USD,2011-09-30,2011-09-30,Q3,287000000.0,97000000.0,190000000.0,0.662020905923345,0.0,0.0,0.0,0.0,0.0,446000000.0,104000000.0,117000000.0,-42000000.0,-0.14634146341463414,-159000000.0,-0.554006968641115,-11000000.0,-274000000.0,-0.9547038327526133,-32000000.0,-232000000.0,-0.8083623693379791,-0.633333,-0.633333,157078464.0,157078464.0,https://www.sedar.com/ModifyCompanyDocumentSearchForm.do?lang=EN&company_search=Brookfield Renewable Partners LP&document_selection=0&industry_group=A&FromDate=13&FromMonth=05&FromYear=2000&ToDate=13&ToMonth=11&ToYear=2020&Variable=Issuer,https://www.sedar.com/ModifyCompanyDocumentSearchForm.do?lang=EN&company_search=Brookfield Renewable Partners LP&document_selection=0&industry_group=A&FromDate=13&FromMonth=05&FromYear=2000&ToDate=13&ToMonth=11&ToYear=2020&Variable=Issuer,1620589287,15:41:27,20210509
39,2011-06-30,BEP-UN.TO,USD,2011-06-30,2011-06-30,Q2,335000000.0,103000000.0,232000000.0,0.6925373134328359,0.0,0.0,0.0,0.0,0.0,217000000.0,103000000.0,114000000.0,232000000.0,0.6925373134328359,118000000.0,0.3522388059701492,-46000000.0,-31000000.0,-0.09253731343283582,-1000000.0,-43000000.0,-0.12835820895522387,-0.113333,-0.113333,157078464.0,157078464.0,https://www.sedar.com/ModifyCompanyDocumentSearchForm.do?lang=EN&company_search=Brookfield Renewable Partners LP&document_selection=0&industry_group=A&FromDate=13&FromMonth=05&FromYear=2000&ToDate=13&ToMonth=11&ToYear=2020&Variable=Issuer,https://www.sedar.com/ModifyCompanyDocumentSearchForm.do?lang=EN&company_search=Brookfield Renewable Partners LP&document_selection=0&industry_group=A&FromDate=13&FromMonth=05&FromYear=2000&ToDate=13&ToMonth=11&ToYear=2020&Variable=Issuer,1620589287,15:41:27,20210509
40,2011-03-31,BEP-UN.TO,USD,2011-03-31,2011-03-31,Q1,303000000.0,88000000.0,215000000.0,0.7095709570957096,0.0,0.0,0.0,0.0,0.0,202000000.0,97000000.0,110000000.0,211000000.0,0.6963696369636964,101000000.0,0.3333333333333333,-97000000.0,-93000000.0,-0.3069306930693069,0.0,-90000000.0,-0.297029702970297,-0.226667,-0.226667,157078464.0,157078464.0,https://www.sedar.com/ModifyCompanyDocumentSearchForm.do?lang=EN&company_search=Brookfield Renewable Partners LP&document_selection=0&industry_group=A&FromDate=13&FromMonth=05&FromYear=2000&ToDate=13&ToMonth=11&ToYear=2020&Variable=Issuer,https://www.sedar.com/ModifyCompanyDocumentSearchForm.do?lang=EN&company_search=Brookfield Renewable Partners LP&document_selection=0&industry_group=A&FromDate=13&FromMonth=05&FromYear=2000&ToDate=13&ToMonth=11&ToYear=2020&Variable=Issuer,1620589287,15:41:27,20210509
41,2010-12-31,BEP-UN.TO,USD,2010-12-31,2010-12-31,Q4,-26491365.180757,0.0,-26491365.180757,1.0,0.0,0.0,0.0,-4952369.086346,0.0,62954730.499565,26491365.180757,30087044.960188,-59359050.720134005,2.2406942909552914,-89446095.680322,3.3764245470178538,-4952369.086346,25635247.071459,-0.9676831260504507,-6709835.517226,33337596.785057,-1.258432570672991,0.0,0.0,0.0,0.0,https://www.sedar.com/ModifyCompanyDocumentSearchForm.do?lang=EN&company_search=Brookfield Renewable Partners LP&document_selection=0&industry_group=A&FromDate=13&FromMonth=05&FromYear=2000&ToDate=13&ToMonth=11&ToYear=2020&Variable=Issuer,https://www.sedar.com/ModifyCompanyDocumentSearchForm.do?lang=EN&company_search=Brookfield Renewable Partners LP&document_selection=0&industry_group=A&FromDate=13&FromMonth=05&FromYear=2000&ToDate=13&ToMonth=11&ToYear=2020&Variable=Issuer,1620589287,15:41:27,20210509
42,2010-09-30,BEP-UN.TO,USD,2010-09-30,2010-09-30,Q3,-22775731.730956,0.0,-22775731.730956,1.0,0.0,0.0,0.0,-7075014.537701,0.0,46229889.513472,22775731.730956,26075127.426354,-42930493.818073,1.8849227030419984,-69005621.244427,3.029787234042492,-7075014.537701,-26264779.996123,1.1531914893616702,-3585966.272533,-21418879.627835,0.9404255319148842,-0.135685,-0.135685,157050000.0,157050000.0,https://www.sedar.com/ModifyCompanyDocumentSearchForm.do?lang=EN&company_search=Brookfield Renewable Partners LP&document_selection=0&industry_group=A&FromDate=13&FromMonth=05&FromYear=2000&ToDate=13&ToMonth=11&ToYear=2020&Variable=Issuer,https://www.sedar.com/ModifyCompanyDocumentSearchForm.do?lang=EN&company_search=Brookfield Renewable Partners LP&document_selection=0&industry_group=A&FromDate=13&FromMonth=05&FromYear=2000&ToDate=13&ToMonth=11&ToYear=2020&Variable=Issuer,1620589287,15:41:27,20210509
43,2010-06-30,BEP-UN.TO,USD,2010-06-30,2010-06-30,Q2,-22009297.030642,0.0,-22009297.030642,1.0,0.0,0.0,0.0,-3415235.746134,0.0,42690446.826677,22009297.030642,21465199.268523,-43234544.588796,1.9643764418556202,-64699743.857319,2.939655172413825,1423014.894223,664073.617304,-0.030172413793110107,-5786927.236505,6830471.492268,-0.3103448275861975,0.044272,0.037947,157050000.0,163200000.0,https://www.sedar.com/ModifyCompanyDocumentSearchForm.do?lang=EN&company_search=Brookfield Renewable Partners LP&document_selection=0&industry_group=A&FromDate=13&FromMonth=05&FromYear=2000&ToDate=13&ToMonth=11&ToYear=2020&Variable=Issuer,https://www.sedar.com/ModifyCompanyDocumentSearchForm.do?lang=EN&company_search=Brookfield Renewable Partners LP&document_selection=0&industry_group=A&FromDate=13&FromMonth=05&FromYear=2000&ToDate=13&ToMonth=11&ToYear=2020&Variable=Issuer,1620589287,15:41:27,20210509
44,2010-03-31,BEP-UN.TO,USD,2010-03-31,2010-03-31,Q1,109083774.769472,0.0,109083774.769472,1.0,0.0,0.0,0.0,0.0,0.0,51893270.551305,24426133.019423,28055719.050422,85246223.26859,0.7814748201438925,57190504.218168,0.5242805755395736,-15205022.562292,17559348.636453,0.16097122302158476,-3531489.111242,15989797.920345,0.1465827338129472,0.104637,0.104637,157050000.0,157050000.0,https://www.sedar.com/ModifyCompanyDocumentSearchForm.do?lang=EN&company_search=Brookfield Renewable Partners LP&document_selection=0&industry_group=A&FromDate=13&FromMonth=05&FromYear=2000&ToDate=13&ToMonth=11&ToYear=2020&Variable=Issuer,https://www.sedar.com/ModifyCompanyDocumentSearchForm.do?lang=EN&company_search=Brookfield Renewable Partners LP&document_selection=0&industry_group=A&FromDate=13&FromMonth=05&FromYear=2000&ToDate=13&ToMonth=11&ToYear=2020&Variable=Issuer,1620589287,15:41:27,20210509
45,2009-12-31,BEP-UN.TO,USD,2009-12-31,2009-12-31,Q4,-24242314.054528,0.0,-24242314.054528,1.0,0.0,0.0,1636119.338605,0.0,0.0,21709119.428961,25389361.914524,24736180.19301,-21215253.290479,0.8751331759319567,-45951433.483489,1.8955052467405087,0.0,0.0,0.0,0.0,22195119.105225,-0.915552824507666,0.0,0.0,0.0,0.0,https://www.sedar.com/ModifyCompanyDocumentSearchForm.do?lang=EN&company_search=Brookfield Renewable Partners LP&document_selection=0&industry_group=A&FromDate=13&FromMonth=05&FromYear=2000&ToDate=13&ToMonth=11&ToYear=2020&Variable=Issuer,https://www.sedar.com/ModifyCompanyDocumentSearchForm.do?lang=EN&company_search=Brookfield Renewable Partners LP&document_selection=0&industry_group=A&FromDate=13&FromMonth=05&FromYear=2000&ToDate=13&ToMonth=11&ToYear=2020&Variable=Issuer,1620589287,15:41:27,20210509
46,2009-09-30,BEP-UN.TO,USD,2009-09-30,2009-09-30,Q3,-16372906.726541,0.0,-16372906.726541,1.0,0.0,0.0,2416502.946955,0.0,0.0,19114042.473571,17082046.964169,19337220.525396,-16149728.674716,0.9863690635051856,-35486949.200112,2.1674190046283313,0.0,0.0,0.0,0.0,-222787912.807559,13.607108165247944,-2.114323,-2.114323,105954000.0,105954000.0,https://www.sedar.com/ModifyCompanyDocumentSearchForm.do?lang=EN&company_search=Brookfield Renewable Partners LP&document_selection=0&industry_group=A&FromDate=13&FromMonth=05&FromYear=2000&ToDate=13&ToMonth=11&ToYear=2020&Variable=Issuer,https://www.sedar.com/ModifyCompanyDocumentSearchForm.do?lang=EN&company_search=Brookfield Renewable Partners LP&document_selection=0&industry_group=A&FromDate=13&FromMonth=05&FromYear=2000&ToDate=13&ToMonth=11&ToYear=2020&Variable=Issuer,1620589287,15:41:27,20210509
47,2009-06-30,BEP-UN.TO,USD,2009-06-30,2009-06-30,Q2,-13430380.292002,0.0,-13430380.292002,1.0,0.0,0.0,950083.982945,0.0,0.0,28511133.123735,13430380.292002,15338593.551603,-26602919.864134002,1.9808016813921832,-41941513.415737,3.1228835300154403,0.0,16333175.416685,-1.2161364802463308,32731.814462,15371893.707739,-1.1445613134940937,0.178015,0.172273,80391000.0,86484000.0,https://www.sedar.com/ModifyCompanyDocumentSearchForm.do?lang=EN&company_search=Brookfield Renewable Partners LP&document_selection=0&industry_group=A&FromDate=13&FromMonth=05&FromYear=2000&ToDate=13&ToMonth=11&ToYear=2020&Variable=Issuer,https://www.sedar.com/ModifyCompanyDocumentSearchForm.do?lang=EN&company_search=Brookfield Renewable Partners LP&document_selection=0&industry_group=A&FromDate=13&FromMonth=05&FromYear=2000&ToDate=13&ToMonth=11&ToYear=2020&Variable=Issuer,1620589287,15:41:27,20210509
48,2009-03-31,BEP-UN.TO,USD,2009-03-31,2009-03-31,Q1,-10734141.126158,0.0,-10734141.126158,1.0,0.0,0.0,893323.829888,0.0,0.0,21972756.791003,10734141.126158,10381721.707452,-22325176.209710002,2.079828832816986,-32706897.917162,3.0469971963996865,0.0,0.0,0.0,0.0,13681001.02954,-1.274531503615208,0.16367,0.153111,80391000.0,86484000.0,https://www.sedar.com/ModifyCompanyDocumentSearchForm.do?lang=EN&company_search=Brookfield Renewable Partners LP&document_selection=0&industry_group=A&FromDate=13&FromMonth=05&FromYear=2000&ToDate=13&ToMonth=11&ToYear=2020&Variable=Issuer,https://www.sedar.com/ModifyCompanyDocumentSearchForm.do?lang=EN&company_search=Brookfield Renewable Partners LP&document_selection=0&industry_group=A&FromDate=13&FromMonth=05&FromYear=2000&ToDate=13&ToMonth=11&ToYear=2020&Variable=Issuer,1620589287,15:41:27,20210509
49,2008-12-31,BEP-UN.TO,USD,2008-12-31,2008-12-31,Q4,0.0,0.0,0.0,0.0,0.0,0.0,279328.009692,0.0,0.0,30617710.931524,0.0,4738181.356409,-60431707.060736,0.0,-65169888.417145,0.0,0.0,0.0,0.0,0.0,-3124168.895804,0.0,-0.04314316148540338,-0.04314316148540338,72414000.0,72414000.0,https://www.sedar.com/ModifyCompanyDocumentSearchForm.do?lang=EN&company_search=Brookfield Renewable Partners LP&document_selection=0&industry_group=A&FromDate=13&FromMonth=05&FromYear=2000&ToDate=13&ToMonth=11&ToYear=2020&Variable=Issuer,https://www.sedar.com/ModifyCompanyDocumentSearchForm.do?lang=EN&company_search=Brookfield Renewable Partners LP&document_selection=0&industry_group=A&FromDate=13&FromMonth=05&FromYear=2000&ToDate=13&ToMonth=11&ToYear=2020&Variable=Issuer,1620589287,15:41:27,20210509
50,2008-09-30,BEP-UN.TO,USD,2008-09-30,2008-09-30,Q3,0.0,0.0,0.0,0.0,0.0,0.0,648970.338183,0.0,0.0,13863593.425279,0.0,6941311.832454,-6922281.592825001,0.0,-13863593.425279,0.0,0.0,13950500.661251,0.0,1417910.447761,12707349.329303,0.0,0.176334,0.176334,72414000.0,72414000.0,https://www.sedar.com/ModifyCompanyDocumentSearchForm.do?lang=EN&company_search=Brookfield Renewable Partners LP&document_selection=0&industry_group=A&FromDate=13&FromMonth=05&FromYear=2000&ToDate=13&ToMonth=11&ToYear=2020&Variable=Issuer,https://www.sedar.com/ModifyCompanyDocumentSearchForm.do?lang=EN&company_search=Brookfield Renewable Partners LP&document_selection=0&industry_group=A&FromDate=13&FromMonth=05&FromYear=2000&ToDate=13&ToMonth=11&ToYear=2020&Variable=Issuer,1620589287,15:41:27,20210509
51,2008-06-30,BEP-UN.TO,USD,2008-06-30,2008-06-30,Q2,0.0,0.0,0.0,0.0,0.0,0.0,787974.061702,0.0,0.0,14499901.74887,0.0,7747101.591668,-6752800.157202,0.0,-14499901.74887,0.0,0.0,23517390.44999,0.0,1143643.151896,22142857.142857,0.0,0.307854,0.307854,72414000.0,72414000.0,https://www.sedar.com/ModifyCompanyDocumentSearchForm.do?lang=EN&company_search=Brookfield Renewable Partners LP&document_selection=0&industry_group=A&FromDate=13&FromMonth=05&FromYear=2000&ToDate=13&ToMonth=11&ToYear=2020&Variable=Issuer,https://www.sedar.com/ModifyCompanyDocumentSearchForm.do?lang=EN&company_search=Brookfield Renewable Partners LP&document_selection=0&industry_group=A&FromDate=13&FromMonth=05&FromYear=2000&ToDate=13&ToMonth=11&ToYear=2020&Variable=Issuer,1620589287,15:41:27,20210509
52,2008-03-31,BEP-UN.TO,USD,2008-03-31,2008-03-31,Q1,0.0,0.0,0.0,0.0,0.0,0.0,774312.639658,0.0,0.0,13212863.110852,0.0,7703293.500437,-5509569.610415,0.0,-13212863.110852,0.0,0.0,0.0,0.0,0.0,18400854.949966,0.0,0.252599,0.252599,72414000.0,72414000.0,https://www.sedar.com/ModifyCompanyDocumentSearchForm.do?lang=EN&company_search=Brookfield Renewable Partners LP&document_selection=0&industry_group=A&FromDate=13&FromMonth=05&FromYear=2000&ToDate=13&ToMonth=11&ToYear=2020&Variable=Issuer,https://www.sedar.com/ModifyCompanyDocumentSearchForm.do?lang=EN&company_search=Brookfield Renewable Partners LP&document_selection=0&industry_group=A&FromDate=13&FromMonth=05&FromYear=2000&ToDate=13&ToMonth=11&ToYear=2020&Variable=Issuer,1620589287,15:41:27,20210509
53,2007-12-31,BEP-UN.TO,USD,2007-12-31,2007-12-31,Q4,-163214714.25527,10964549.217661,-174179263.472932,1.0671786809644705,0.0,0.0,0.0,0.0,0.0,32556868.70948,0.0,8239239.621101,-187532343.343649,1.1489916469807122,-195771582.96475,1.1994726324647458,0.0,-30744747.825055,0.1883699516023402,-35199605.085526,4454857.260471,-0.02729445859583189,0.061519281637128186,0.061519281637128186,72414000.0,72414000.0,https://www.sedar.com/ModifyCompanyDocumentSearchForm.do?lang=EN&company_search=Brookfield Renewable Partners LP&document_selection=0&industry_group=A&FromDate=13&FromMonth=05&FromYear=2000&ToDate=13&ToMonth=11&ToYear=2020&Variable=Issuer,https://www.sedar.com/ModifyCompanyDocumentSearchForm.do?lang=EN&company_search=Brookfield Renewable Partners LP&document_selection=0&industry_group=A&FromDate=13&FromMonth=05&FromYear=2000&ToDate=13&ToMonth=11&ToYear=2020&Variable=Issuer,1620589287,15:41:27,20210509
54,2007-09-30,BEP-UN.TO,USD,2007-09-30,2007-09-30,Q3,33183924.254633,10530821.917808,22653102.336825,0.6826529063590865,0.0,0.0,0.0,0.0,0.0,19409750.20145,0.0,8180902.497985,21955076.551168002,0.6616178479283603,13774174.053183,0.4150857489755724,0.0,3102336.825141,0.09348914858096884,1405116.841257,1697219.983884,0.05114584914251187,0.020145,0.020145,72414000.0,72414000.0,https://www.sedar.com/ModifyCompanyDocumentSearchForm.do?lang=EN&company_search=Brookfield Renewable Partners LP&document_selection=0&industry_group=A&FromDate=13&FromMonth=05&FromYear=2000&ToDate=13&ToMonth=11&ToYear=2020&Variable=Issuer,https://www.sedar.com/ModifyCompanyDocumentSearchForm.do?lang=EN&company_search=Brookfield Renewable Partners LP&document_selection=0&industry_group=A&FromDate=13&FromMonth=05&FromYear=2000&ToDate=13&ToMonth=11&ToYear=2020&Variable=Issuer,1620589287,15:41:27,20210509
55,2007-06-30,BEP-UN.TO,USD,2007-06-30,2007-06-30,Q2,38877407.233443,11314232.033819,27563175.199624,0.7089766823728331,0.0,0.0,0.0,0.0,0.0,19496477.219352,0.0,7583842.179427,26964772.193517998,0.6935846321130811,19380930.014091,0.49851395433127543,0.0,9101925.786754,0.23411864202004626,28186942.226397,-19085016.439643,-0.49090250090612386,-0.263034,-0.263034,72414000.0,72414000.0,https://www.sedar.com/ModifyCompanyDocumentSearchForm.do?lang=EN&company_search=Brookfield Renewable Partners LP&document_selection=0&industry_group=A&FromDate=13&FromMonth=05&FromYear=2000&ToDate=13&ToMonth=11&ToYear=2020&Variable=Issuer,https://www.sedar.com/ModifyCompanyDocumentSearchForm.do?lang=EN&company_search=Brookfield Renewable Partners LP&document_selection=0&industry_group=A&FromDate=13&FromMonth=05&FromYear=2000&ToDate=13&ToMonth=11&ToYear=2020&Variable=Issuer,1620589287,15:41:27,20210509
56,2007-03-31,BEP-UN.TO,USD,2007-03-31,2007-03-31,Q1,41754507.628294,10168169.209431,31586338.418863,0.7564773293472925,0.0,0.0,0.0,0.0,0.0,17997572.815534,0.0,7070041.608877,30826976.421637,0.738290981564534,23756934.81276,0.5689669490117912,0.0,14568307.905687,0.3489038365720092,1639216.366158,12929091.539528,0.30964540773956806,0.179149,0.179149,72414000.0,72414000.0,https://www.sedar.com/ModifyCompanyDocumentSearchForm.do?lang=EN&company_search=Brookfield Renewable Partners LP&document_selection=0&industry_group=A&FromDate=13&FromMonth=05&FromYear=2000&ToDate=13&ToMonth=11&ToYear=2020&Variable=Issuer,https://www.sedar.com/ModifyCompanyDocumentSearchForm.do?lang=EN&company_search=Brookfield Renewable Partners LP&document_selection=0&industry_group=A&FromDate=13&FromMonth=05&FromYear=2000&ToDate=13&ToMonth=11&ToYear=2020&Variable=Issuer,1620589287,15:41:27,20210509
57,2006-12-31,BEP-UN.TO,USD,2006-12-31,2006-12-31,Q4,-154135382.978846,10015254.908426,-164150637.887272,1.064977000834393,0.0,0.0,0.0,0.0,0.0,36765898.407645,0.0,6351848.088699,-184549433.297793,1.1973203668824122,-190901281.386492,1.238529905963849,0.0,6551790.315758,-0.042506724861852044,1242223.641703,5309566.674055,-0.034447422593316554,0.07332237791110835,0.07332237791110835,72414000.0,72414000.0,https://www.sedar.com/ModifyCompanyDocumentSearchForm.do?lang=EN&company_search=Brookfield Renewable Partners LP&document_selection=0&industry_group=A&FromDate=13&FromMonth=05&FromYear=2000&ToDate=13&ToMonth=11&ToYear=2020&Variable=Issuer,https://www.sedar.com/ModifyCompanyDocumentSearchForm.do?lang=EN&company_search=Brookfield Renewable Partners LP&document_selection=0&industry_group=A&FromDate=13&FromMonth=05&FromYear=2000&ToDate=13&ToMonth=11&ToYear=2020&Variable=Issuer,1620589287,15:41:27,20210509
58,2006-09-30,BEP-UN.TO,USD,2006-09-30,2006-09-30,Q3,33733655.740641,11374708.937847,22358946.802794,0.6628082937319126,0.0,0.0,0.0,0.0,0.0,11936234.999104,0.0,7271180.368977,29068601.110514,0.861709188414266,21797420.741537,0.6461624233413966,0.0,5288375.425399,0.15676852417236745,396740.103887,4891635.321512,0.1450075663047319,0.065676,0.065676,72414000.0,72414000.0,https://www.sedar.com/ModifyCompanyDocumentSearchForm.do?lang=EN&company_search=Brookfield Renewable Partners LP&document_selection=0&industry_group=A&FromDate=13&FromMonth=05&FromYear=2000&ToDate=13&ToMonth=11&ToYear=2020&Variable=Issuer,https://www.sedar.com/ModifyCompanyDocumentSearchForm.do?lang=EN&company_search=Brookfield Renewable Partners LP&document_selection=0&industry_group=A&FromDate=13&FromMonth=05&FromYear=2000&ToDate=13&ToMonth=11&ToYear=2020&Variable=Issuer,1620589287,15:41:27,20210509
59,2006-06-30,BEP-UN.TO,USD,2006-06-30,2006-06-30,Q2,43700412.852271,10660563.6331,33039849.219171,0.7560534801092618,0.0,0.0,0.0,0.0,0.0,11289714.59343,0.0,6294202.118112,38704900.376952,0.8856872933396236,32410698.25884,0.741656568975771,0.0,15433494.884222,0.35316588281201927,-1055465.805062,16488960.689284,0.3773181902199606,0.227368,0.227368,72414000.0,72414000.0,https://www.sedar.com/ModifyCompanyDocumentSearchForm.do?lang=EN&company_search=Brookfield Renewable Partners LP&document_selection=0&industry_group=A&FromDate=13&FromMonth=05&FromYear=2000&ToDate=13&ToMonth=11&ToYear=2020&Variable=Issuer,https://www.sedar.com/ModifyCompanyDocumentSearchForm.do?lang=EN&company_search=Brookfield Renewable Partners LP&document_selection=0&industry_group=A&FromDate=13&FromMonth=05&FromYear=2000&ToDate=13&ToMonth=11&ToYear=2020&Variable=Issuer,1620589287,15:41:27,20210509
60,2006-03-31,BEP-UN.TO,USD,2006-03-31,2006-03-31,Q1,41839938.239835,10508663.578658,31331274.661177,0.7488365418127481,0.0,0.0,0.0,0.0,0.0,17104134.499914,0.0,6044776.119403,30780579.859324,0.7356746007339562,24735803.739921,0.5912007708551185,0.0,15490650.197289,0.3702359718719816,1685537.828101,13805112.369189,0.3299505914673033,0.188712,0.188712,72414000.0,72414000.0,https://www.sedar.com/ModifyCompanyDocumentSearchForm.do?lang=EN&company_search=Brookfield Renewable Partners LP&document_selection=0&industry_group=A&FromDate=13&FromMonth=05&FromYear=2000&ToDate=13&ToMonth=11&ToYear=2020&Variable=Issuer,https://www.sedar.com/ModifyCompanyDocumentSearchForm.do?lang=EN&company_search=Brookfield Renewable Partners LP&document_selection=0&industry_group=A&FromDate=13&FromMonth=05&FromYear=2000&ToDate=13&ToMonth=11&ToYear=2020&Variable=Issuer,1620589287,15:41:27,20210509
61,2005-12-31,BEP-UN.TO,USD,2005-12-31,2005-12-31,Q4,-129352505.485607,9541521.761088,-138894027.246696,1.0737637181844204,0.0,0.0,0.0,0.0,0.0,33840602.556891,0.0,6008525.420589,-157184582.621909,1.215164577074225,-163193108.042498,1.2616153620670025,0.0,8735558.366434,-0.06753296608859272,1667041.286647,7068517.079787,-0.05464538203764063,0.09761257601826995,0.09761257601826995,72414000.0,72414000.0,https://www.sedar.com/ModifyCompanyDocumentSearchForm.do?lang=EN&company_search=Brookfield Renewable Partners LP&document_selection=0&industry_group=A&FromDate=13&FromMonth=05&FromYear=2000&ToDate=13&ToMonth=11&ToYear=2020&Variable=Issuer,https://www.sedar.com/ModifyCompanyDocumentSearchForm.do?lang=EN&company_search=Brookfield Renewable Partners LP&document_selection=0&industry_group=A&FromDate=13&FromMonth=05&FromYear=2000&ToDate=13&ToMonth=11&ToYear=2020&Variable=Issuer,1620589287,15:41:27,20210509
62,2005-09-30,BEP-UN.TO,USD,2005-09-30,2005-09-30,Q3,27159506.300262,9555756.246506,17603750.053757,0.6481616366342853,0.0,0.0,0.0,0.0,0.0,9985808.282802,0.0,5831505.612179,23005203.629639,0.847040567501666,17173698.01746,0.6323273268518261,0.0,3101535.28577,0.11419704215094957,3440.41629,3098094.869479,0.11407036767266693,0.040138,0.040138,72414000.0,72414000.0,https://www.sedar.com/ModifyCompanyDocumentSearchForm.do?lang=EN&company_search=Brookfield Renewable Partners LP&document_selection=0&industry_group=A&FromDate=13&FromMonth=05&FromYear=2000&ToDate=13&ToMonth=11&ToYear=2020&Variable=Issuer,https://www.sedar.com/ModifyCompanyDocumentSearchForm.do?lang=EN&company_search=Brookfield Renewable Partners LP&document_selection=0&industry_group=A&FromDate=13&FromMonth=05&FromYear=2000&ToDate=13&ToMonth=11&ToYear=2020&Variable=Issuer,1620589287,15:41:27,20210509
63,2005-06-30,BEP-UN.TO,USD,2005-06-30,2005-06-30,Q2,35346600.927317,8846241.755371,26500359.171945,0.7497286436802657,0.0,0.0,0.0,0.0,0.0,9234800.49631,0.0,5901031.803043,32012832.234049,0.9056834715133371,26111800.431006,0.7387358259624323,0.0,5945928.296219,0.16821782406872943,1478319.075296,4467609.220923,0.12639430960022768,0.059862,0.059862,72414000.0,72414000.0,https://www.sedar.com/ModifyCompanyDocumentSearchForm.do?lang=EN&company_search=Brookfield Renewable Partners LP&document_selection=0&industry_group=A&FromDate=13&FromMonth=05&FromYear=2000&ToDate=13&ToMonth=11&ToYear=2020&Variable=Issuer,https://www.sedar.com/ModifyCompanyDocumentSearchForm.do?lang=EN&company_search=Brookfield Renewable Partners LP&document_selection=0&industry_group=A&FromDate=13&FromMonth=05&FromYear=2000&ToDate=13&ToMonth=11&ToYear=2020&Variable=Issuer,1620589287,15:41:27,20210509
64,2005-03-31,BEP-UN.TO,USD,2005-03-31,2005-03-31,Q1,33443829.048524,9170868.810449,24272960.238076,0.725782930024493,0.0,0.0,0.0,0.0,0.0,15431925.270728,0.0,5566669.422171,23578573.199967,0.7050201448451553,18011903.777796,0.5385718169908816,0.0,9818136.728114,0.2935709518748216,884516.822353,8933619.905762,0.2671231183726037,0.121242,0.121242,72414000.0,72414000.0,https://www.sedar.com/ModifyCompanyDocumentSearchForm.do?lang=EN&company_search=Brookfield Renewable Partners LP&document_selection=0&industry_group=A&FromDate=13&FromMonth=05&FromYear=2000&ToDate=13&ToMonth=11&ToYear=2020&Variable=Issuer,https://www.sedar.com/ModifyCompanyDocumentSearchForm.do?lang=EN&company_search=Brookfield Renewable Partners LP&document_selection=0&industry_group=A&FromDate=13&FromMonth=05&FromYear=2000&ToDate=13&ToMonth=11&ToYear=2020&Variable=Issuer,1620589287,15:41:27,20210509
65,2004-12-31,BEP-UN.TO,USD,2004-12-31,2004-12-31,Q4,-129743617.024371,10079337.250927,-139822954.275299,1.0776865751248073,0.0,0.0,0.0,0.0,0.0,32448494.80469,0.0,6175250.325176,-156016861.503885,1.2025012488635864,-162192111.829061,1.2500970417573212,0.0,3077223.916152,-0.0237177287540394,-1604855.579842,4682079.495994,-0.036087166393045135,0.06465710354343082,0.06465710354343082,72414000.0,72414000.0,https://www.sedar.com/ModifyCompanyDocumentSearchForm.do?lang=EN&company_search=Brookfield Renewable Partners LP&document_selection=0&industry_group=A&FromDate=13&FromMonth=05&FromYear=2000&ToDate=13&ToMonth=11&ToYear=2020&Variable=Issuer,https://www.sedar.com/ModifyCompanyDocumentSearchForm.do?lang=EN&company_search=Brookfield Renewable Partners LP&document_selection=0&industry_group=A&FromDate=13&FromMonth=05&FromYear=2000&ToDate=13&ToMonth=11&ToYear=2020&Variable=Issuer,1620589287,15:41:27,20210509
66,2004-09-30,BEP-UN.TO,USD,2004-09-30,2004-09-30,Q3,28373203.085974,8061434.042452,20311769.043522,0.7158786049631074,0.0,0.0,0.0,0.0,0.0,8534003.599775,0.0,5081708.545104,24920908.031304,0.878325508607218,19839199.4862,0.6992231164766626,0.0,8193848.666735,0.28878828526714856,688238.885497,7505609.781238,0.264531634249935,0.10572,0.10572,72414000.0,72414000.0,https://www.sedar.com/ModifyCompanyDocumentSearchForm.do?lang=EN&company_search=Brookfield Renewable Partners LP&document_selection=0&industry_group=A&FromDate=13&FromMonth=05&FromYear=2000&ToDate=13&ToMonth=11&ToYear=2020&Variable=Issuer,https://www.sedar.com/ModifyCompanyDocumentSearchForm.do?lang=EN&company_search=Brookfield Renewable Partners LP&document_selection=0&industry_group=A&FromDate=13&FromMonth=05&FromYear=2000&ToDate=13&ToMonth=11&ToYear=2020&Variable=Issuer,1620589287,15:41:27,20210509
67,2004-06-30,BEP-UN.TO,USD,2004-06-30,2004-06-30,Q2,33759638.753038,8558612.619641,25201026.133397,0.7464838802852767,0.0,0.0,0.0,0.0,0.0,9109934.291458,0.0,4883884.905038,29533589.366618,0.8748194725265033,24649704.46158,0.7301530872975291,0.0,13501005.130667,0.39991556868931416,486813.285727,13014191.84494,0.3854955895749585,0.180023,0.180023,72414000.0,72414000.0,https://www.sedar.com/ModifyCompanyDocumentSearchForm.do?lang=EN&company_search=Brookfield Renewable Partners LP&document_selection=0&industry_group=A&FromDate=13&FromMonth=05&FromYear=2000&ToDate=13&ToMonth=11&ToYear=2020&Variable=Issuer,https://www.sedar.com/ModifyCompanyDocumentSearchForm.do?lang=EN&company_search=Brookfield Renewable Partners LP&document_selection=0&industry_group=A&FromDate=13&FromMonth=05&FromYear=2000&ToDate=13&ToMonth=11&ToYear=2020&Variable=Issuer,1620589287,15:41:27,20210509
68,2004-03-31,BEP-UN.TO,USD,2004-03-31,2004-03-31,Q1,36654413.447019,8511157.547932,28143255.899086,0.7677999250967364,0.0,0.0,0.0,0.0,0.0,9041198.273364,0.0,4896203.535639,32509418.709294,0.8869168990054564,27613215.173655,0.7533394365611026,0.0,16413721.572276,0.4477965960634102,1640456.978997,14773264.59328,0.40304190420707625,0.203373,0.203373,72414000.0,72414000.0,https://www.sedar.com/ModifyCompanyDocumentSearchForm.do?lang=EN&company_search=Brookfield Renewable Partners LP&document_selection=0&industry_group=A&FromDate=13&FromMonth=05&FromYear=2000&ToDate=13&ToMonth=11&ToYear=2020&Variable=Issuer,https://www.sedar.com/ModifyCompanyDocumentSearchForm.do?lang=EN&company_search=Brookfield Renewable Partners LP&document_selection=0&industry_group=A&FromDate=13&FromMonth=05&FromYear=2000&ToDate=13&ToMonth=11&ToYear=2020&Variable=Issuer,1620589287,15:41:27,20210509
69,2003-12-31,BEP-UN.TO,USD,2003-12-31,2003-12-31,Q4,-86742255.519952,9491539.180465,-96233794.700417,1.1094223239131913,0.0,0.0,0.0,0.0,0.0,15926924.161339,0.0,5779120.337431,-96890059.343861,1.1169880096278435,-102669179.681292,1.183612059265355,0.0,18195592.090455,-0.20976618582704187,1739709.456699,16455882.633756,-0.18971010766455002,0.22724725375971497,0.22724725375971497,72414000.0,72414000.0,https://www.sedar.com/ModifyCompanyDocumentSearchForm.do?lang=EN&company_search=Brookfield Renewable Partners LP&document_selection=0&industry_group=A&FromDate=13&FromMonth=05&FromYear=2000&ToDate=13&ToMonth=11&ToYear=2020&Variable=Issuer,https://www.sedar.com/ModifyCompanyDocumentSearchForm.do?lang=EN&company_search=Brookfield Renewable Partners LP&document_selection=0&industry_group=A&FromDate=13&FromMonth=05&FromYear=2000&ToDate=13&ToMonth=11&ToYear=2020&Variable=Issuer,1620589287,15:41:27,20210509
70,2003-09-30,BEP-UN.TO,USD,2003-09-30,2003-09-30,Q3,23223411.25746,7072335.579106,16151075.678354,0.6954652569900053,0.0,0.0,0.0,0.0,0.0,11893474.932886,0.0,4341909.671121,15671845.995696,0.6748296286860859,11329936.324575,0.4878670148398423,0.0,6267703.025507,0.26988726832685445,-58424.606373,6326127.631881,0.2724030316540544,0.088746,0.088746,72414000.0,72414000.0,https://www.sedar.com/ModifyCompanyDocumentSearchForm.do?lang=EN&company_search=Brookfield Renewable Partners LP&document_selection=0&industry_group=A&FromDate=13&FromMonth=05&FromYear=2000&ToDate=13&ToMonth=11&ToYear=2020&Variable=Issuer,https://www.sedar.com/ModifyCompanyDocumentSearchForm.do?lang=EN&company_search=Brookfield Renewable Partners LP&document_selection=0&industry_group=A&FromDate=13&FromMonth=05&FromYear=2000&ToDate=13&ToMonth=11&ToYear=2020&Variable=Issuer,1620589287,15:41:27,20210509
71,2003-06-30,BEP-UN.TO,USD,2003-06-30,2003-06-30,Q2,25364147.945775,6954075.041946,18410072.903829,0.7258305283184423,0.0,0.0,0.0,0.0,0.0,11725489.613803,0.0,4333397.674798,17972056.00677,0.7085613932386667,13638658.331972,0.5377140348309568,0.0,8478967.764926,0.33428947753549015,-73497.750523,8552465.515449,0.3371871798624175,0.118784,0.118784,72414000.0,72414000.0,https://www.sedar.com/ModifyCompanyDocumentSearchForm.do?lang=EN&company_search=Brookfield Renewable Partners LP&document_selection=0&industry_group=A&FromDate=13&FromMonth=05&FromYear=2000&ToDate=13&ToMonth=11&ToYear=2020&Variable=Issuer,https://www.sedar.com/ModifyCompanyDocumentSearchForm.do?lang=EN&company_search=Brookfield Renewable Partners LP&document_selection=0&industry_group=A&FromDate=13&FromMonth=05&FromYear=2000&ToDate=13&ToMonth=11&ToYear=2020&Variable=Issuer,1620589287,15:41:27,20210509
72,2003-03-31,BEP-UN.TO,USD,2003-03-31,2003-03-31,Q1,16028287.618035,6481216.531088,9547071.086948,0.5956388676358448,0.0,0.0,0.0,0.0,0.0,7001730.504572,0.0,4081674.365368,13108231.478831999,0.8178185836946575,9026557.113464,0.5631641588030486,0.0,488492.8259,0.03047691915325682,-44965.866819,533458.69272,0.03328232593728561,0.009084,0.009084,72414000.0,72414000.0,https://www.sedar.com/ModifyCompanyDocumentSearchForm.do?lang=EN&company_search=Brookfield Renewable Partners LP&document_selection=0&industry_group=A&FromDate=13&FromMonth=05&FromYear=2000&ToDate=13&ToMonth=11&ToYear=2020&Variable=Issuer,https://www.sedar.com/ModifyCompanyDocumentSearchForm.do?lang=EN&company_search=Brookfield Renewable Partners LP&document_selection=0&industry_group=A&FromDate=13&FromMonth=05&FromYear=2000&ToDate=13&ToMonth=11&ToYear=2020&Variable=Issuer,1620589287,15:41:27,20210509
73,2002-12-31,BEP-UN.TO,USD,2002-12-31,2002-12-31,Q4,-72922663.502184,5129373.235473,-78052036.737657,1.070339905169802,0.0,0.0,0.0,0.0,0.0,14732750.393715,0.0,1412524.459283,-86242889.436616,1.1826623616680303,-87655413.895899,1.202032532633339,0.0,1656766.163761,-0.022719496027615343,33146.941006,1623619.222756,-0.02226494679129998,0.022421344253265942,0.022421344253265942,72414000.0,72414000.0,https://www.sedar.com/ModifyCompanyDocumentSearchForm.do?lang=EN&company_search=Brookfield Renewable Partners LP&document_selection=0&industry_group=A&FromDate=13&FromMonth=05&FromYear=2000&ToDate=13&ToMonth=11&ToYear=2020&Variable=Issuer,https://www.sedar.com/ModifyCompanyDocumentSearchForm.do?lang=EN&company_search=Brookfield Renewable Partners LP&document_selection=0&industry_group=A&FromDate=13&FromMonth=05&FromYear=2000&ToDate=13&ToMonth=11&ToYear=2020&Variable=Issuer,1620589287,15:41:27,20210509
74,2002-09-30,BEP-UN.TO,USD,2002-09-30,2002-09-30,Q3,23345830.314105,6119529.945496,17226300.368608,0.7378748211923856,0.0,1090072.776535,0.0,0.0,0.0,11801140.480766,0.0,4591537.758735,16136227.592074,0.6911824242260886,11544689.833339,0.4945075706458798,0.0,7114457.641536,0.304742112223681,3150.499354,7111307.142182,0.30460716309950714,0.096615,0.096615,72414000.0,72414000.0,https://www.sedar.com/ModifyCompanyDocumentSearchForm.do?lang=EN&company_search=Brookfield Renewable Partners LP&document_selection=0&industry_group=A&FromDate=13&FromMonth=05&FromYear=2000&ToDate=13&ToMonth=11&ToYear=2020&Variable=Issuer,https://www.sedar.com/ModifyCompanyDocumentSearchForm.do?lang=EN&company_search=Brookfield Renewable Partners LP&document_selection=0&industry_group=A&FromDate=13&FromMonth=05&FromYear=2000&ToDate=13&ToMonth=11&ToYear=2020&Variable=Issuer,1620589287,15:41:27,20210509
75,2002-06-30,BEP-UN.TO,USD,2002-06-30,2002-06-30,Q2,21353775.140125,5435542.367293,15918232.772832,0.7454528610690812,0.0,824925.816024,0.0,0.0,0.0,9689416.419387,0.0,3428948.23607,15093306.956809,0.7068214804064218,11664358.720739,0.546243399314484,0.0,6780085.723706,0.31751227495909234,225519.287834,6554566.435872,0.3069511780872687,0.114298,0.114298,58360500.0,58360500.0,https://www.sedar.com/ModifyCompanyDocumentSearchForm.do?lang=EN&company_search=Brookfield Renewable Partners LP&document_selection=0&industry_group=A&FromDate=13&FromMonth=05&FromYear=2000&ToDate=13&ToMonth=11&ToYear=2020&Variable=Issuer,https://www.sedar.com/ModifyCompanyDocumentSearchForm.do?lang=EN&company_search=Brookfield Renewable Partners LP&document_selection=0&industry_group=A&FromDate=13&FromMonth=05&FromYear=2000&ToDate=13&ToMonth=11&ToYear=2020&Variable=Issuer,1620589287,15:41:27,20210509
76,2002-03-31,BEP-UN.TO,USD,2002-03-31,2002-03-31,Q1,12553138.127782,2973227.161578,9579910.966205,0.7631486938714713,0.0,548623.738165,0.0,0.0,0.0,5777164.712521,0.0,2255313.812778,9031287.228039,0.7194445831876406,6775973.415261,0.53978322761101,0.0,3988964.825381,0.3177663453374113,-595021.63145,4583986.456831,0.36516657509614603,0.09196,0.09196,50364000.0,50364000.0,https://www.sedar.com/ModifyCompanyDocumentSearchForm.do?lang=EN&company_search=Brookfield Renewable Partners LP&document_selection=0&industry_group=A&FromDate=13&FromMonth=05&FromYear=2000&ToDate=13&ToMonth=11&ToYear=2020&Variable=Issuer,https://www.sedar.com/ModifyCompanyDocumentSearchForm.do?lang=EN&company_search=Brookfield Renewable Partners LP&document_selection=0&industry_group=A&FromDate=13&FromMonth=05&FromYear=2000&ToDate=13&ToMonth=11&ToYear=2020&Variable=Issuer,1620589287,15:41:27,20210509
77,2001-12-31,BEP-UN.TO,USD,2001-12-31,2001-12-31,Q4,-31919759.788648,2143947.097604,-34063706.886252,1.0671667679142898,0.0,436957.776218,0.0,0.0,0.0,12451385.501022,0.0,1459570.942405,-42911574.347265996,1.34435768412415,-44371145.289671,1.3900839349502632,0.0,2956623.340187,-0.09262674154704945,182080.624597,2774542.71559,-0.08692241840042741,0.08298318276028115,0.08298318276028115,33435000.0,33435000.0,https://www.sedar.com/ModifyCompanyDocumentSearchForm.do?lang=EN&company_search=Brookfield Renewable Partners LP&document_selection=0&industry_group=A&FromDate=13&FromMonth=05&FromYear=2000&ToDate=13&ToMonth=11&ToYear=2020&Variable=Issuer,https://www.sedar.com/ModifyCompanyDocumentSearchForm.do?lang=EN&company_search=Brookfield Renewable Partners LP&document_selection=0&industry_group=A&FromDate=13&FromMonth=05&FromYear=2000&ToDate=13&ToMonth=11&ToYear=2020&Variable=Issuer,1620589287,15:41:27,20210509
78,2001-09-30,BEP-UN.TO,USD,2001-09-30,2001-09-30,Q3,8868738.110336,1954977.805961,6913760.304375,0.779565279565242,0.0,558655.675333,0.0,0.0,0.0,4179454.660748,0.0,1665821.179455,6355104.629043,0.7165737165737811,4689283.449588,0.5287430287430533,0.0,2859860.49461,0.3224653224653233,-92580.849715,2952441.344325,0.3329043329043735,0.088776,0.088776,33435000.0,33435000.0,https://www.sedar.com/ModifyCompanyDocumentSearchForm.do?lang=EN&company_search=Brookfield Renewable Partners LP&document_selection=0&industry_group=A&FromDate=13&FromMonth=05&FromYear=2000&ToDate=13&ToMonth=11&ToYear=2020&Variable=Issuer,https://www.sedar.com/ModifyCompanyDocumentSearchForm.do?lang=EN&company_search=Brookfield Renewable Partners LP&document_selection=0&industry_group=A&FromDate=13&FromMonth=05&FromYear=2000&ToDate=13&ToMonth=11&ToYear=2020&Variable=Issuer,1620589287,15:41:27,20210509
79,2001-06-30,BEP-UN.TO,USD,2001-06-30,2001-06-30,Q2,8839775.355137,2463164.849686,6376610.505451,0.7213543613125194,0.0,751238.850347,0.0,0.0,0.0,4975883.713247,0.0,1761480.013214,5625371.655104,0.6363704312728904,3863891.64189,0.4371029224905136,0.0,1965642.55038,0.22236340533673393,97125.867195,1868516.683185,0.21137603707306446,0.057262,0.057262,33435000.0,33435000.0,https://www.sedar.com/ModifyCompanyDocumentSearchForm.do?lang=EN&company_search=Brookfield Renewable Partners LP&document_selection=0&industry_group=A&FromDate=13&FromMonth=05&FromYear=2000&ToDate=13&ToMonth=11&ToYear=2020&Variable=Issuer,https://www.sedar.com/ModifyCompanyDocumentSearchForm.do?lang=EN&company_search=Brookfield Renewable Partners LP&document_selection=0&industry_group=A&FromDate=13&FromMonth=05&FromYear=2000&ToDate=13&ToMonth=11&ToYear=2020&Variable=Issuer,1620589287,15:41:27,20210509
80,2001-03-31,BEP-UN.TO,USD,2001-03-31,2001-03-31,Q1,7526649.746193,1949238.57868,5577411.167513,0.7410217501264849,0.0,388959.390863,0.0,0.0,0.0,3892766.497462,0.0,1554568.527919,5188451.77665,0.6893441240937688,3633883.248731,0.4828022255943327,0.0,2071700.507614,0.2752486933063242,-192258.883249,2263959.390863,0.3007924464677152,0.067682,0.067682,33435000.0,33435000.0,https://www.sedar.com/ModifyCompanyDocumentSearchForm.do?lang=EN&company_search=Brookfield Renewable Partners LP&document_selection=0&industry_group=A&FromDate=13&FromMonth=05&FromYear=2000&ToDate=13&ToMonth=11&ToYear=2020&Variable=Issuer,https://www.sedar.com/ModifyCompanyDocumentSearchForm.do?lang=EN&company_search=Brookfield Renewable Partners LP&document_selection=0&industry_group=A&FromDate=13&FromMonth=05&FromYear=2000&ToDate=13&ToMonth=11&ToYear=2020&Variable=Issuer,1620589287,15:41:27,20210509
81,2000-12-31,BEP-UN.TO,USD,2000-12-31,2000-12-31,Q4,7694103.08406,2296596.5581,5397506.525959,0.7015121147962136,0.0,851679.837546,0.0,0.0,0.0,4575258.091,0.0,1426981.695354,4545826.688413,0.5908195716575027,3118844.993059,0.4053552388088434,0.0,0.0,0.0,0.0,1776487.307981,0.23088946022329465,0.05313143030177253,0.05313143030177253,33435714.0,33435714.0,https://www.sedar.com/ModifyCompanyDocumentSearchForm.do?lang=EN&company_search=Brookfield Renewable Partners LP&document_selection=0&industry_group=A&FromDate=13&FromMonth=05&FromYear=2000&ToDate=13&ToMonth=11&ToYear=2020&Variable=Issuer,https://www.sedar.com/ModifyCompanyDocumentSearchForm.do?lang=EN&company_search=Brookfield Renewable Partners LP&document_selection=0&industry_group=A&FromDate=13&FromMonth=05&FromYear=2000&ToDate=13&ToMonth=11&ToYear=2020&Variable=Issuer,1620589287,15:41:27,20210509
82,2000-09-30,BEP-UN.TO,USD,2000-09-30,2000-09-30,Q3,8542997.870075,2241746.538871,6301251.331203,0.7375925204518025,0.0,521831.735889,0.0,0.0,0.0,4136048.988285,0.0,1372470.713525,5779419.595314,0.6765095442149819,4406948.881789,0.515855083755313,0.0,0.0,0.0,0.0,3148961.661342,0.3686014803272279,0.093184,0.093184,33435714.0,33435714.0,https://www.sedar.com/ModifyCompanyDocumentSearchForm.do?lang=EN&company_search=Brookfield Renewable Partners LP&document_selection=0&industry_group=A&FromDate=13&FromMonth=05&FromYear=2000&ToDate=13&ToMonth=11&ToYear=2020&Variable=Issuer,https://www.sedar.com/ModifyCompanyDocumentSearchForm.do?lang=EN&company_search=Brookfield Renewable Partners LP&document_selection=0&industry_group=A&FromDate=13&FromMonth=05&FromYear=2000&ToDate=13&ToMonth=11&ToYear=2020&Variable=Issuer,1620589287,15:41:27,20210509
83,2000-06-30,BEP-UN.TO,USD,2000-06-30,2000-06-30,Q2,9775512.270871,2084191.337812,7691320.933059,0.7867946681400566,0.0,714309.826824,0.0,0.0,0.0,4167032.373494,0.0,1368531.208858,6977011.106235,0.7137233234339081,5608479.897377,0.5737274673665039,0.0,0.0,0.0,0.0,4329743.780171,0.4429173285447903,0.130529,0.130529,33435714.0,33435714.0,https://www.sedar.com/ModifyCompanyDocumentSearchForm.do?lang=EN&company_search=Brookfield Renewable Partners LP&document_selection=0&industry_group=A&FromDate=13&FromMonth=05&FromYear=2000&ToDate=13&ToMonth=11&ToYear=2020&Variable=Issuer,https://www.sedar.com/ModifyCompanyDocumentSearchForm.do?lang=EN&company_search=Brookfield Renewable Partners LP&document_selection=0&industry_group=A&FromDate=13&FromMonth=05&FromYear=2000&ToDate=13&ToMonth=11&ToYear=2020&Variable=Issuer,1620589287,15:41:27,20210509
84,2000-03-31,BEP-UN.TO,USD,2000-03-31,2000-03-31,Q1,10551860.878186,2242279.042229,8309581.835956,0.7874991844457034,0.0,506010.16151,0.0,0.0,0.0,4127252.950005,0.0,1378963.746265,7803571.674446,0.7395445945063989,6424607.928181,0.6088601813792557,0.0,0.0,0.0,0.0,5111735.305052,0.48443922489724606,0.151459,0.151459,33435714.0,33435714.0,https://www.sedar.com/ModifyCompanyDocumentSearchForm.do?lang=EN&company_search=Brookfield Renewable Partners LP&document_selection=0&industry_group=A&FromDate=13&FromMonth=05&FromYear=2000&ToDate=13&ToMonth=11&ToYear=2020&Variable=Issuer,https://www.sedar.com/ModifyCompanyDocumentSearchForm.do?lang=EN&company_search=Brookfield Renewable Partners LP&document_selection=0&industry_group=A&FromDate=13&FromMonth=05&FromYear=2000&ToDate=13&ToMonth=11&ToYear=2020&Variable=Issuer,1620589287,15:41:27,20210509
