,date,symbol,reportedCurrency,fillingDate,acceptedDate,period,revenue,costOfRevenue,grossProfit,grossProfitRatio,researchAndDevelopmentExpenses,generalAndAdministrativeExpenses,sellingAndMarketingExpenses,otherExpenses,operatingExpenses,costAndExpenses,interestExpense,depreciationAndAmortization,ebitda,ebitdaratio,operatingIncome,operatingIncomeRatio,totalOtherIncomeExpensesNet,incomeBeforeTax,incomeBeforeTaxRatio,incomeTaxExpense,netIncome,netIncomeRatio,eps,epsdiluted,weightedAverageShsOut,weightedAverageShsOutDil,link,finalLink,timestamp,est_time,est_date
0,2019-07-31,SKIS,USD,2019-09-13 00:00:00,2019-09-13 17:07:10,Q1,9662000.0,19870000,-10208000.0,-1.0565100393293314,0.0,3636000.0,0.0,0.0,3636000.0,23506000,4632000.0,6844000.0,-14730000.0,-1.5245290830055889,-21574000.0,-2.2328710411922996,60000.0,-26063000.0,-2.6974746429310703,-6454000.0,-19609000.0,-2.0294969985510245,-124.50474932696703,-1.2909161805075935,157496.0,15189987.0,https://www.sec.gov/Archives/edgar/data/1517401/000155837019008622/0001558370-19-008622-index.html,https://www.sec.gov/Archives/edgar/data/1517401/000155837019008622/skis-20190731x10q.htm,1620597980,18:06:20,20210509
1,2019-04-30,SKIS,USD,2019-06-28 00:00:00,2019-06-28 17:25:27,Q4,85458000.0,42699000,42759000.0,0.5003510496384189,0.0,4740000.0,0.0,0.0,4740000.0,47439000,4505000.0,6474000.0,36876000.0,0.431510215544478,30402000.0,0.3557537035736853,-2021000.0,26070000.0,0.30506213578600017,7987000.0,18083000.0,0.21160102038428233,135.8204583179985,1.2467245299997443,133139.0,14504407.0,https://www.sec.gov/Archives/edgar/data/1517401/000155837019005982/0001558370-19-005982-index.html,https://www.sec.gov/Archives/edgar/data/1517401/000155837019005982/skis-20190430x10k.htm,1620597980,18:06:20,20210509
2,2019-01-31,SKIS,USD,2019-03-13 00:00:00,2019-03-13 16:22:09,Q3,83977000.0,49049000,34928000.0,0.4159234075996999,0.0,3322000.0,0.0,0.0,3322000.0,52371000,4458000.0,7153000.0,30710000.0,0.36569536897007515,23557000.0,0.280517284494564,888000.0,19205000.0,0.2286935708586875,5574000.0,13631000.0,0.16231825380759018,108.15249732217241,0.953809011903265,126035.0,14291121.0,https://www.sec.gov/Archives/edgar/data/1517401/000151740119000007/0001517401-19-000007-index.html,https://www.sec.gov/Archives/edgar/data/1517401/000151740119000007/skis-20190131x10q.htm,1620597980,18:06:20,20210509
3,2018-10-31,SKIS,USD,2018-12-12 00:00:00,2018-12-12 15:59:14,Q2,7984000.0,13718000,-5734000.0,-0.718186372745491,0.0,1903000.0,0.0,0.0,1903000.0,15621000,3346000.0,3715000.0,-8310000.0,-1.0408316633266532,-12025000.0,-1.5061372745490982,605000.0,-15273000.0,-1.9129509018036073,-4270000.0,-11003000.0,-1.3781312625250501,-97.63087843833185,-0.7869178395697448,112700.0,13982400.0,https://www.sec.gov/Archives/edgar/data/1517401/000151740118000061/0001517401-18-000061-index.html,https://www.sec.gov/Archives/edgar/data/1517401/000151740118000061/skis-20181031x10q.htm,1620597980,18:06:20,20210509
4,2018-07-31,SKIS,USD,2018-09-11 00:00:00,2018-09-11 16:20:21,Q1,7007000.0,14271000,-7264000.0,-1.0366776081061795,0.0,1256000.0,0.0,0.0,1256000.0,15527000,3479000.0,3578000.0,-9440000.0,-1.3472242043670615,-13018000.0,-1.8578564292850006,687000.0,-16382000.0,-2.337947766519195,-4587000.0,-11795000.0,-1.6833166833166833,-114.28931329515615,-0.8435604760270053,103203.0,13982400.0,https://www.sec.gov/Archives/edgar/data/1517401/000151740118000037/0001517401-18-000037-index.html,https://www.sec.gov/Archives/edgar/data/1517401/000151740118000037/skis-20180731x10q.htm,1620597980,18:06:20,20210509
5,2018-04-30,SKIS,USD,2018-07-17 00:00:00,2018-07-17 17:09:03,Q4,56032000.0,31951000,24081000.0,0.42977227298686466,0.0,1667000.0,0.0,347000.0,2014000.0,38619000,3586000.0,3892000.0,21305000.0,0.3802291547687036,17413000.0,0.3107688463735009,-1574000.0,13953000.0,0.2490184180468304,4273000.0,9680000.0,0.17275842375785266,0.68844,0.68844,14060739.0,14060739.0,https://www.sec.gov/Archives/edgar/data/1517401/000151740118000027/0001517401-18-000027-index.html,https://www.sec.gov/Archives/edgar/data/1517401/000151740118000027/skis-20180430x10k.htm,1620597980,18:06:20,20210509
6,2018-01-31,SKIS,USD,2018-03-08 00:00:00,2018-03-08 17:22:04,Q3,59272000.0,35982000,23290000.0,0.3929342691321366,0.0,1353000.0,0.0,362000.0,1715000.0,43241000,3529000.0,3621000.0,19652000.0,0.3315562154136861,16031000.0,0.2704649750303685,579000.0,12614000.0,0.21281549466864624,3433000.0,9181000.0,0.15489607234444594,135.3990001032342,0.6566111683258954,67807.0,13982400.0,https://www.sec.gov/Archives/edgar/data/1517401/000151740118000009/0001517401-18-000009-index.html,https://www.sec.gov/Archives/edgar/data/1517401/000151740118000009/skis-20180131x10q.htm,1620597980,18:06:20,20210509
7,2017-10-31,SKIS,USD,2017-12-08 00:00:00,2017-12-07 17:57:30,Q2,8838000.0,15121000,-6283000.0,-0.710907445123331,0.0,1529000.0,0.0,692000.0,2221000.0,24796000,3196000.0,3448000.0,-8328000.0,-0.9422946367956552,-11776000.0,-1.3324281511654221,471000.0,-14855000.0,-1.6808101380402807,-5941000.0,-8914000.0,-1.0085992305951572,-162.01381315885132,-0.6375157340656826,55020.0,13982400.0,https://www.sec.gov/Archives/edgar/data/1517401/000151740117000046/0001517401-17-000046-index.html,https://www.sec.gov/Archives/edgar/data/1517401/000151740117000046/skis-20171031x10q.htm,1620597980,18:06:20,20210509
8,2017-07-31,SKIS,USD,2017-09-07 00:00:00,2017-09-07 16:37:11,Q1,7520000.0,13539000,-6019000.0,-0.8003989361702127,0.0,1248000.0,0.0,0.0,1248000.0,14787000,3011000.0,3390000.0,-8059000.0,-1.0716755319148936,-11449000.0,-1.5224734042553192,684000.0,-14322000.0,-1.9045212765957447,-5727000.0,-8595000.0,-1.1429521276595744,-172.52800192701434,-0.6147013388259527,49818.0,13982400.0,https://www.sec.gov/Archives/edgar/data/1517401/000151740117000034/0001517401-17-000034-index.html,https://www.sec.gov/Archives/edgar/data/1517401/000151740117000034/skis-20170731x10q.htm,1620597980,18:06:20,20210509
9,2017-04-30,SKIS,USD,2017-07-13 00:00:00,2017-07-13 16:14:16,Q4,51263000.0,28871000,22392000.0,0.43680627353061663,0.0,749000.0,0.0,397000.0,1146000.0,33656000,2980000.0,3503000.0,21110000.0,0.41179798295066616,17607000.0,0.3434640969120028,61000.0,14767000.0,0.28806351559604393,5805000.0,8962000.0,0.1748239470963463,254.3277143992281,0.6409486211236983,35238.0,13982400.0,https://www.sec.gov/Archives/edgar/data/1517401/000151740117000021/0001517401-17-000021-index.html,https://www.sec.gov/Archives/edgar/data/1517401/000151740117000021/skis-20170430x10k.htm,1620597980,18:06:20,20210509
10,2017-01-31,SKIS,USD,2017-03-09 00:00:00,2017-03-09 15:04:37,Q3,56385000.0,33669000,22716000.0,0.4028731045490822,0.0,1793000.0,0.0,345000.0,2138000.0,39670000,3289000.0,3555000.0,20270000.0,0.3594927729005941,16715000.0,0.2964440897401791,-3204000.0,13511000.0,0.2396204664361089,5346000.0,8165000.0,0.1448080163163962,263.83817494425955,0.5839483922645612,30947.0,13982400.0,https://www.sec.gov/Archives/edgar/data/1517401/000151740117000011/0001517401-17-000011-index.html,https://www.sec.gov/Archives/edgar/data/1517401/000151740117000011/skis-20170131x10q.htm,1620597980,18:06:20,20210509
11,2016-10-31,SKIS,USD,2016-12-08 00:00:00,2016-12-08 16:58:27,Q2,8475000.0,13015000,-4540000.0,-0.5356932153392331,0.0,1517000.0,0.0,326000.0,1843000.0,18611000,3156000.0,3455000.0,-6681000.0,-0.7883185840707965,-10136000.0,-1.1959882005899705,-3072000.0,-13208000.0,-1.558466076696165,-5226000.0,-7982000.0,-0.9418289085545722,-233.6445862482803,-0.5708605103558759,34163.0,13982400.0,https://www.sec.gov/Archives/edgar/data/1517401/000151740116000107/0001517401-16-000107-index.html,https://www.sec.gov/Archives/edgar/data/1517401/000151740116000107/skis-20161031x10q.htm,1620597980,18:06:20,20210509
12,2016-07-31,SKIS,USD,2016-09-08,2016-09-08 14:44:08,Q1,7126000.0,11764000,-4638000.0,-0.6508560202076902,0.0,1372000.0,0.0,327000.0,1699000.0,17243000,3048000.0,3369000.0,-6748000.0,-0.9469548133595285,-10117000.0,-1.41973056413135,-2963000.0,-13080000.0,-1.8355318551782207,-5176000.0,-7904000.0,-1.109177659275891,-0.5637140999559812,-0.5652820688866003,14021292.0,13982400.0,https://www.sec.gov/Archives/edgar/data/1517401/000151740116000097/0001517401-16-000097-index.htm,https://www.sec.gov/Archives/edgar/data/1517401/000151740116000097/skis-20160731x10q.htm,1620597980,18:06:20,20210509
13,2016-04-30,SKIS,USD,2016-07-15 00:00:00,2016-07-14 19:07:29,Q4,45475000.0,25879000,19596000.0,0.4309180868609126,0.0,1444000.0,0.0,353000.0,1797000.0,31301000,2734000.0,3520000.0,17694000.0,0.3890929081913139,14174000.0,0.31168774051676745,-2647000.0,11527000.0,0.25347993402968666,4486000.0,7041000.0,0.15483232545354592,546.1102924067324,0.5035616203226914,12893.0,13982400.0,https://www.sec.gov/Archives/edgar/data/1517401/000151740116000072/0001517401-16-000072-index.html,https://www.sec.gov/Archives/edgar/data/1517401/000151740116000072/skis-20160430x10k.htm,1620597980,18:06:20,20210509
14,2016-01-31,SKIS,USD,2016-03-15 00:00:00,2016-03-15 09:24:27,Q3,38667000.0,25346000,13321000.0,0.34450565081335505,0.0,1104000.0,0.0,357000.0,1461000.0,30029000,2802000.0,2524000.0,11357000.0,0.2937129852328859,8833000.0,0.22843768588201827,-2718000.0,6115000.0,0.15814518840354824,2415000.0,3700000.0,0.09568883026870457,286.97742961296825,0.26461837738871724,12893.0,13982400.0,https://www.sec.gov/Archives/edgar/data/1517401/000151740116000062/0001517401-16-000062-index.html,https://www.sec.gov/Archives/edgar/data/1517401/000151740116000062/skis-20160131x10q.htm,1620597980,18:06:20,20210509
15,2015-10-31,SKIS,USD,2015-12-15 00:00:00,2015-12-15 08:48:53,Q2,6155000.0,10783000,-4628000.0,-0.7519090170593014,0.0,1029000.0,0.0,338000.0,1367000.0,15030000,2557000.0,2469000.0,-6406000.0,-1.0407798537774167,-8875000.0,-1.4419171405361495,-2472000.0,-22946000.0,-3.728025995125914,-4459000.0,-13967000.0,-2.269212022745735,-1083.3010160552237,-0.9988986154022199,12893.0,13982400.0,https://www.sec.gov/Archives/edgar/data/1517401/000151740115000050/0001517401-15-000050-index.html,https://www.sec.gov/Archives/edgar/data/1517401/000151740115000050/skis-20151031x10q.htm,1620597980,18:06:20,20210509
16,2015-07-31,SKIS,USD,2015-09-14 00:00:00,2015-09-14 11:01:44,Q1,5432000.0,10207000,-4775000.0,-0.8790500736377025,0.0,936000.0,0.0,338000.0,1274000.0,14395000,2721000.0,2451000.0,-6512000.0,-1.198821796759941,-8963000.0,-1.6500368188512518,-2636000.0,-11599000.0,-2.1353092783505154,-4520000.0,-7079000.0,-1.3032032400589102,-549.057628170325,-0.5062793225769538,12893.0,13982400.0,https://www.sec.gov/Archives/edgar/data/1517401/000151740115000038/0001517401-15-000038-index.html,https://www.sec.gov/Archives/edgar/data/1517401/000151740115000038/skis-20150731x10q.htm,1620597980,18:06:20,20210509
17,2015-04-30,SKIS,USD,2015-07-27 00:00:00,2015-07-27 17:17:44,Q4,47047000.0,23875000,23172000.0,0.4925287478478968,0.0,1009000.0,0.0,375000.0,1384000.0,28100000,2594000.0,2440000.0,21387000.0,0.4545879652262631,18947000.0,0.4027249346398283,-2507000.0,16440000.0,0.3494377962463069,6660000.0,9780000.0,0.2078772291538249,758.5511517877918,1.1614159108754605,12893.0,8420756.0,https://www.sec.gov/Archives/edgar/data/1517401/000151740115000023/0001517401-15-000023-index.html,https://www.sec.gov/Archives/edgar/data/1517401/000151740115000023/skis-20150430x10k.htm,1620597980,18:06:20,20210509
18,2015-01-31,SKIS,USD,2015-03-16,2015-03-16 11:04:06,Q3,45985000.0,27198000,18787000.0,0.4085462650864412,0.0,1046000.0,0.0,351000.0,1397000.0,31487000,4224000.0,2519000.0,17017000.0,0.3700554528650647,14498000.0,0.3152767206697836,-9139000.0,5359000.0,0.11653800152223551,2090000.0,3269000.0,0.0710883983907796,253.5484371364306,0.4932606323393078,12893.0,6627328.0,https://www.sec.gov/Archives/edgar/data/1517401/000151740115000018/0001517401-15-000018-index.htm,https://www.sec.gov/Archives/edgar/data/1517401/000151740115000018/skis-20150131x10q.htm,1620597980,18:06:20,20210509
19,2014-10-31,SKIS,USD,2014-10-31,2014-10-31,Q2,-408656000.0,21597000,387059000.0,-0.9471511491327669,0.0,-64268000.0,0.0,714000.0,-63554000.0,-36412000,-23156000.0,-63893000.0,-137335000.0,0.336065052268901,-73442000.0,0.1797159469088916,-8468000.0,-56512000.0,0.13828745937903764,-17982000.0,-38306000.0,0.09373654124740613,-2971.069572636314,-9.618822820409804,12893.0,3982400.0,,,1620597980,18:06:20,20210509
