,date,symbol,reportedCurrency,fillingDate,acceptedDate,period,revenue,costOfRevenue,grossProfit,grossProfitRatio,researchAndDevelopmentExpenses,generalAndAdministrativeExpenses,sellingAndMarketingExpenses,otherExpenses,operatingExpenses,costAndExpenses,interestExpense,depreciationAndAmortization,ebitda,ebitdaratio,operatingIncome,operatingIncomeRatio,totalOtherIncomeExpensesNet,incomeBeforeTax,incomeBeforeTaxRatio,incomeTaxExpense,netIncome,netIncomeRatio,eps,epsdiluted,weightedAverageShsOut,weightedAverageShsOutDil,link,finalLink,timestamp,est_time,est_date
0,2021-03-31,CLR,USD,2021-04-28,2021-04-28 16:51:47,Q1,1215815000,741395000.0,474420000.0,0.39020739174956715,0.0,52848000.0,0.0,252000.0,57493000.0,798888000.0,64951000.0,0.0,925506000.0,0.7612227189169405,416927000.0,0.2803082705839293,-11173000.0,340803000.0,0.2803082705839293,80528000.0,259642000.0,0.2135538712715339,0.72,0.72,360789000.0,362673000.0,https://www.sec.gov/Archives/edgar/data/732834/000073283421000009/0000732834-21-000009-index.htm,https://www.sec.gov/Archives/edgar/data/732834/000073283421000009/clr-20210331.htm,1620590384,15:59:44,20210509
1,2020-12-31,CLR,USD,2021-02-16,2021-02-16 17:17:08,Q4,837640000,792082000.0,45558000.0,0.05438852012797861,0.0,66859000.0,0.0,277000.0,69953000.0,862035000.0,65693000.0,595569.0,-23799431.0,-0.02841248149563058,-24395000.0,-0.029123489804689366,-35815000.0,-125903000.0,-0.15030681438326726,-30840000.0,-92497000.0,-0.1104257198796619,-0.2600000002248722,-0.2567107760965375,355757692.0,360316000.0,https://www.sec.gov/Archives/edgar/data/732834/000073283421000005/0000732834-21-000005-index.htm,https://www.sec.gov/Archives/edgar/data/732834/000073283421000005/clr-20201231.htm,1620590384,15:59:44,20210509
2,2020-09-30,CLR,USD,2020-11-05,2020-11-05 17:14:19,Q3,692370000,608480000.0,83890000.0,0.12116353972586912,0.0,45273000.0,0.0,224000.0,96467000.0,704947000.0,63884000.0,1286889.0,-11290111.0,-0.016306470528763523,-12577000.0,-0.018165142914915434,-19094000.0,-95555000.0,-0.13801146785678178,-13972000.0,-79422000.0,-0.11471034273582044,-0.22,-0.22,360257000.0,360257000.0,https://www.sec.gov/Archives/edgar/data/732834/000073283420000019/0000732834-20-000019-index.htm,https://www.sec.gov/Archives/edgar/data/732834/000073283420000019/clr-20200930.htm,1620590384,15:59:44,20210509
3,2020-06-30,CLR,USD,2020-08-03,2020-08-03 17:17:42,Q2,175659000,393338000.0,-217679000.0,-1.2392134761099631,0.0,41529000.0,0.0,629000.0,54556000.0,447894000.0,65069000.0,0.0,20336000.0,0.11576975845245618,-272235000.0,-1.5497924956876676,23030000.0,-314274000.0,-1.789114135911055,-72143000.0,-239286000.0,-1.3622188444656977,-0.66,-0.66,360204000.0,360204000.0,https://www.sec.gov/Archives/edgar/data/732834/000073283420000011/0000732834-20-000011-index.htm,https://www.sec.gov/Archives/edgar/data/732834/000073283420000011/clr2q2020.htm,1620590384,15:59:44,20210509
4,2020-03-31,CLR,USD,2020-05-11 00:00:00,2020-05-11 06:40:30,Q1,880801000,721586000.0,159215000.0,0.1807616022234307,0.0,42911000.0,0.0,532000.0,125772000.0,847358000.0,63594000.0,0.0,570761000.0,0.6480022161646047,33443000.0,0.037968848809208894,-208868000.0,-239019000.0,-0.27136549572491403,-52235000.0,-185664000.0,-0.21078995141921955,-0.51,-0.51,365403000.0,365403000.0,https://www.sec.gov/Archives/edgar/data/732834/000073283420000007/0000732834-20-000007-index.html,https://www.sec.gov/Archives/edgar/data/732834/000073283420000007/clr1q2020.htm,1620590384,15:59:44,20210509
5,2019-12-31,CLR,USD,2020-02-26 00:00:00,2020-02-26 17:30:14,Q4,1195133000,731608000.0,463525000.0,0.3878438634026506,0.0,53465000.0,0.0,517000.0,151484000.0,883092000.0,64981000.0,0.0,866406000.0,0.7249452571387452,312041000.0,0.26109311683302194,-17649000.0,229411000.0,0.1919543682585955,35303000.0,193946000.0,0.16227984667815215,0.5300000000819816,0.525848302040263,365935849.0,368825000.0,https://www.sec.gov/Archives/edgar/data/732834/000073283420000003/0000732834-20-000003-index.html,https://www.sec.gov/Archives/edgar/data/732834/000073283420000003/a201910-k.htm,1620590384,15:59:44,20210509
6,2019-09-30,CLR,USD,2019-10-30 00:00:00,2019-10-30 16:54:19,Q3,1104197000,668343000.0,435854000.0,0.39472485435117105,0.0,46993000.0,0.0,1119000.0,136396000.0,804739000.0,68090000.0,0.0,783250000.0,0.7093390038190649,299458000.0,0.2711997949641233,-24199000.0,207169000.0,0.1876196004879564,49747000.0,158162000.0,0.14323712163680938,0.42999999959219026,0.42668529929102506,367818605.0,370676000.0,https://www.sec.gov/Archives/edgar/data/732834/000073283419000012/0000732834-19-000012-index.html,https://www.sec.gov/Archives/edgar/data/732834/000073283419000012/clr3q2019.htm,1620590384,15:59:44,20210509
7,2019-06-30,CLR,USD,2019-08-05 00:00:00,2019-08-05 17:17:34,Q2,1208382000,662650000.0,545732000.0,0.4516220863932101,0.0,47226000.0,0.0,723000.0,144182000.0,806832000.0,68471000.0,0.0,888895000.0,0.7356076141485061,401550000.0,0.3323038575549785,-20980000.0,312099000.0,0.2582784251999782,75649000.0,236557000.0,0.19576342580409176,0.6344817412528331,0.6324901272429273,372835000.0,374009000.0,https://www.sec.gov/Archives/edgar/data/732834/000073283419000009/0000732834-19-000009-index.html,https://www.sec.gov/Archives/edgar/data/732834/000073283419000009/clr2q2019.htm,1620590384,15:59:44,20210509
8,2019-03-31,CLR,USD,2019-04-29 00:00:00,2019-04-29 17:13:54,Q1,1124234000,658310000.0,465924000.0,0.41443685211441744,0.0,47617000.0,0.0,1355000.0,135895000.0,794205000.0,67837000.0,0.0,827945000.0,0.736452553471964,330029000.0,0.2935589921671111,-23709000.0,238483000.0,0.21212932538955412,51990000.0,186976000.0,0.16631413033229736,0.5,0.4993030223727148,373952000.0,374474000.0,https://www.sec.gov/Archives/edgar/data/732834/000073283419000005/0000732834-19-000005-index.html,https://www.sec.gov/Archives/edgar/data/732834/000073283419000005/clr1q2019.htm,1620590384,15:59:44,20210509
9,2018-12-31,CLR,USD,2019-02-19 00:00:00,2019-02-19 06:14:55,Q4,1149294000,645906000.0,503388000.0,0.437997588084511,0.0,49201000.0,0.0,1016000.0,142889000.0,788795000.0,69442000.0,0.0,849957000.0,0.7395470610653149,360499000.0,0.3136699573825322,-29069000.0,261988000.0,0.22795559708829943,62868000.0,197737000.0,0.17205084164713294,0.5299973197392507,0.5279674254055137,373090566.0,374525000.0,https://www.sec.gov/Archives/edgar/data/732834/000073283419000002/0000732834-19-000002-index.html,https://www.sec.gov/Archives/edgar/data/732834/000073283419000002/clr201810-k.htm,1620590384,15:59:44,20210509
10,2018-09-30,CLR,USD,2018-10-29 00:00:00,2018-10-29 17:15:12,Q3,1282151000,623536000.0,658615000.0,0.513679745989357,0.0,44151000.0,0.0,869000.0,145047000.0,768583000.0,73409000.0,0.0,982896000.0,0.7665992539100309,513568000.0,0.4005518850743789,-28524000.0,411635000.0,0.3210503287054333,97466000.0,314169000.0,0.24503276135182206,0.8400000006416929,0.8386270997776432,374010714.0,374623000.0,https://www.sec.gov/Archives/edgar/data/732834/000073283418000012/0000732834-18-000012-index.html,https://www.sec.gov/Archives/edgar/data/732834/000073283418000012/clr3q2018.htm,1620590384,15:59:44,20210509
11,2018-06-30,CLR,USD,2018-08-07 00:00:00,2018-08-07 17:10:06,Q2,1137113000,592313000.0,544800000.0,0.4791080569829032,0.0,47174000.0,0.0,708000.0,131072000.0,723385000.0,74288000.0,0.0,861094000.0,0.757263350256307,413728000.0,0.36384070888293424,-21744000.0,317696000.0,0.27938824021887004,75232000.0,242464000.0,0.21322770911949823,0.6500000008042431,0.6474252680204536,373021538.0,374505000.0,https://www.sec.gov/Archives/edgar/data/732834/000073283418000009/0000732834-18-000009-index.html,https://www.sec.gov/Archives/edgar/data/732834/000073283418000009/clr2q2018.htm,1620590384,15:59:44,20210509
12,2018-03-31,CLR,USD,2018-05-02 00:00:00,2018-05-02 16:45:42,Q1,1141028000,601220000.0,539808000.0,0.4730891792313598,0.0,43043000.0,0.0,654000.0,125343000.0,726563000.0,75894000.0,0.0,870678000.0,0.7630645347879281,414465000.0,0.36323823779959824,-33089000.0,305482000.0,0.2677252442534276,71536000.0,233946000.0,0.20503090195858473,0.629660631474688,0.6252214837204455,371543000.0,374181000.0,https://www.sec.gov/Archives/edgar/data/732834/000073283418000006/0000732834-18-000006-index.html,https://www.sec.gov/Archives/edgar/data/732834/000073283418000006/clr1q2018.htm,1620590384,15:59:44,20210509
13,2017-12-31,CLR,USD,2018-02-21 00:00:00,2018-02-21 17:04:16,Q4,1047171000,567320000.0,479851000.0,0.4582355699307945,0.0,61293000.0,0.0,506000.0,137911000.0,705231000.0,75823000.0,0.0,813569000.0,0.7769208658375757,341940000.0,0.32653692663375894,-32520000.0,233597000.0,0.22307435939306952,-608317000.0,841914000.0,0.803989033309746,2.27,2.25,370887225.0,373764000.0,https://www.sec.gov/Archives/edgar/data/732834/000073283418000003/0000732834-18-000003-index.html,https://www.sec.gov/Archives/edgar/data/732834/000073283418000003/clr201710-k.htm,1620590384,15:59:44,20210509
14,2017-09-30,CLR,USD,2017-11-07 00:00:00,2017-11-07 16:26:22,Q3,726743000,508106000.0,218637000.0,0.3008450029790449,0.0,44006000.0,0.0,394000.0,96659000.0,604765000.0,74756000.0,0.0,547277000.0,0.7530543809847497,121978000.0,0.16784200191814713,-29831000.0,17391000.0,0.023930055053849847,6770000.0,10621000.0,0.014614519850896396,0.028617079177242134,0.02847338578877525,371142000.0,373015000.0,https://www.sec.gov/Archives/edgar/data/732834/000073283417000015/0000732834-17-000015-index.html,https://www.sec.gov/Archives/edgar/data/732834/000073283417000015/clr3q2017.htm,1620590384,15:59:44,20210509
15,2017-06-30,CLR,USD,2017-08-09 00:00:00,2017-08-08 17:51:59,Q2,661486000,482722000.0,178764000.0,0.27024608230559677,0.0,39186000.0,0.0,373000.0,84355000.0,567077000.0,72744000.0,0.0,488207000.0,0.7380458543340297,94409000.0,0.14272259730364664,-123077000.0,-101412000.0,-0.15330936709166937,-37855000.0,-63557000.0,-0.09608215442201347,-0.17,-0.17,371111000.0,371111000.0,https://www.sec.gov/Archives/edgar/data/732834/000073283417000011/0000732834-17-000011-index.html,https://www.sec.gov/Archives/edgar/data/732834/000073283417000011/clr2q2017.htm,1620590384,15:59:44,20210509
16,2017-03-31,CLR,USD,2017-05-03 00:00:00,2017-05-03 16:49:10,Q1,685427000,457847000.0,227580000.0,0.33202660531318434,0.0,47220000.0,0.0,442000.0,93452000.0,551299000.0,71172000.0,0.0,515955000.0,0.7527497457789086,134128000.0,0.19568531732773878,-56465000.0,6491000.0,0.009470009205940239,6022000.0,469000.0,0.0006842450034795828,0.001265,0.001256,370831000.0,373353000.0,https://www.sec.gov/Archives/edgar/data/732834/000073283417000007/0000732834-17-000007-index.html,https://www.sec.gov/Archives/edgar/data/732834/000073283417000007/clr1q2017.htm,1620590384,15:59:44,20210509
17,2016-12-31,CLR,USD,2017-02-22 00:00:00,2017-02-22 17:03:19,Q4,549689000,460027000.0,89662000.0,0.16311405176381555,0.0,56537000.0,0.0,519000.0,102955000.0,562982000.0,75613000.0,0.0,374513000.0,0.6813179816223356,-13293000.0,-0.024182765163574312,143054000.0,54148000.0,0.09850661010134822,26479000.0,27669000.0,0.05033573529759555,0.07,0.07,370539000.0,370539000.0,https://www.sec.gov/Archives/edgar/data/732834/000073283417000004/0000732834-17-000004-index.html,https://www.sec.gov/Archives/edgar/data/732834/000073283417000004/a201610-k.htm,1620590384,15:59:44,20210509
18,2016-09-30,CLR,USD,2016-11-02 00:00:00,2016-11-02 17:10:34,Q3,526199000,484298000.0,41901000.0,0.07962956980153896,0.0,44389000.0,0.0,360000.0,82959000.0,567257000.0,82074000.0,0.0,373561000.0,0.7099234320095629,-41058000.0,-0.07802751430542437,-51765000.0,-174897000.0,-0.33237805469033577,-65276000.0,-109621000.0,-0.20832612756770727,-0.3,-0.3,370483000.0,370483000.0,https://www.sec.gov/Archives/edgar/data/732834/000073283416000028/0000732834-16-000028-index.html,https://www.sec.gov/Archives/edgar/data/732834/000073283416000028/clr3q2016.htm,1620590384,15:59:44,20210509
19,2016-06-30,CLR,USD,2016-08-03 00:00:00,2016-08-03 16:50:48,Q2,451211000,519420000.0,-68209000.0,-0.151168743669813,0.0,36246000.0,0.0,435000.0,77061000.0,596481000.0,81922000.0,0.0,297735000.0,0.6598575832592734,-145270000.0,-0.321955803382453,35158000.0,-192034000.0,-0.4255968936927513,-72632000.0,-119402000.0,-0.26462564077560163,-0.32,-0.32,370435000.0,370435000.0,https://www.sec.gov/Archives/edgar/data/732834/000073283416000025/0000732834-16-000025-index.html,https://www.sec.gov/Archives/edgar/data/732834/000073283416000025/clr2q2016.htm,1620590384,15:59:44,20210509
20,2016-03-31,CLR,USD,2016-05-04 00:00:00,2016-05-04 17:03:04,Q1,453174000,545675000.0,-92501000.0,-0.20411806502579583,0.0,32407000.0,0.0,384000.0,67675000.0,613350000.0,80953000.0,0.0,305659000.0,0.6744848557066381,-160176000.0,-0.35345364032358434,-78543000.0,-319672000.0,-0.7054067532559237,-121346000.0,-198326000.0,-0.4376376402882778,-0.54,-0.54,370062000.0,370062000.0,https://www.sec.gov/Archives/edgar/data/732834/000073283416000022/0000732834-16-000022-index.html,https://www.sec.gov/Archives/edgar/data/732834/000073283416000022/clr1q2016.htm,1620590384,15:59:44,20210509
21,2015-12-31,CLR,USD,2016-02-24 00:00:00,2016-02-24 16:48:06,Q4,575480000,543255000.0,32225000.0,0.05599673316188226,0.0,46478000.0,0.0,521000.0,94259000.0,637514000.0,80175000.0,0.0,398783000.0,0.6929571835684993,-62034000.0,-0.10779523180649198,-80261000.0,-222470000.0,-0.38658163619934666,-82794000.0,-139676000.0,-0.24271217070966844,-0.3799972790566835,-0.37784787183968055,367571053.0,369662000.0,https://www.sec.gov/Archives/edgar/data/732834/000073283416000018/0000732834-16-000018-index.html,https://www.sec.gov/Archives/edgar/data/732834/000073283416000018/a201510-k.htm,1620590384,15:59:44,20210509
22,2015-09-30,CLR,USD,2015-11-04 00:00:00,2015-11-04 17:25:47,Q3,682669000,536904000.0,145765000.0,0.21352221940647664,0.0,53798000.0,0.0,588000.0,101712000.0,638616000.0,79399000.0,0.0,492583000.0,0.7215546626549616,44053000.0,0.06453054115537692,-95821000.0,-131167000.0,-0.1921385034328496,-48744000.0,-82423000.0,-0.12073640373299506,-0.22,-0.22,369599000.0,369599000.0,https://www.sec.gov/Archives/edgar/data/732834/000073283415000014/0000732834-15-000014-index.html,https://www.sec.gov/Archives/edgar/data/732834/000073283415000014/clrfy2015q3.htm,1620590384,15:59:44,20210509
23,2015-06-30,CLR,USD,2015-08-05 00:00:00,2015-08-05 16:43:26,Q2,796374000,551784000.0,244590000.0,0.3071295647522395,0.0,44190000.0,0.0,540000.0,105844000.0,657628000.0,78442000.0,0.0,586476000.0,0.7364328820378365,138746000.0,0.174222161949034,-55759000.0,4545000.0,0.005707117510114594,4142000.0,403000.0,0.000506043642811041,0.001091,0.001087,369510000.0,370873000.0,https://www.sec.gov/Archives/edgar/data/732834/000073283415000011/0000732834-15-000011-index.html,https://www.sec.gov/Archives/edgar/data/732834/000073283415000011/clrfy2015q2.htm,1620590384,15:59:44,20210509
24,2015-03-31,CLR,USD,2015-05-06 00:00:00,2015-05-06 16:47:59,Q1,625644000,483347000.0,142297000.0,0.22744084495336006,0.0,45380000.0,0.0,347000.0,108082000.0,591429000.0,75063000.0,0.0,425588000.0,0.6802398808267961,34215000.0,0.054687649845599096,-145144000.0,-185992000.0,-0.2972808817794145,-54021000.0,-131971000.0,-0.2109362512866742,-0.36000000010911487,-0.3572722227486227,366586111.0,369385000.0,https://www.sec.gov/Archives/edgar/data/732834/000073283415000007/0000732834-15-000007-index.html,https://www.sec.gov/Archives/edgar/data/732834/000073283415000007/clrfy2015q1.htm,1620590384,15:59:44,20210509
25,2014-12-31,CLR,USD,2015-02-24,2015-02-24 17:18:30,Q4,1297700000,492432000.0,805268000.0,0.6205347923248825,0.0,50220000.0,0.0,702000.0,147789000.0,640221000.0,74200000.0,0.0,1056219000.0,0.8139161593588656,657479000.0,0.5066494567311397,-391549000.0,191730000.0,0.14774601217538721,77682000.0,114048000.0,0.08788471911844031,0.3111083496559421,0.3111083496559421,366586111.0,366586111.0,https://www.sec.gov/Archives/edgar/data/732834/000073283415000004/a201410-k.htm,https://www.sec.gov/Archives/edgar/data/732834/000073283415000004/a201410-k.htm,1620590384,15:59:44,20210509
26,2014-09-30,CLR,USD,2014-11-05 00:00:00,2014-11-05 17:11:08,Q3,1645328000,465388000.0,1179940000.0,0.7171457606021413,0.0,43980000.0,0.0,393000.0,154893000.0,620281000.0,73912000.0,0.0,1389075000.0,0.844254154794667,1025047000.0,0.623004653175537,-104274000.0,846861000.0,0.5147064901344899,313340000.0,533521000.0,0.32426421965711394,1.45,1.44,368814000.0,370528000.0,https://www.sec.gov/Archives/edgar/data/732834/000073283414000013/0000732834-14-000013-index.html,https://www.sec.gov/Archives/edgar/data/732834/000073283414000013/clrfy2014q3.htm,1620590384,15:59:44,20210509
27,2014-06-30,CLR,USD,2014-08-06 00:00:00,2014-08-05 21:01:45,Q2,886095000,417371000.0,468724000.0,0.5289771412771769,0.0,46919000.0,0.0,793000.0,155149000.0,572520000.0,72841000.0,0.0,639891000.0,0.7221471738357625,313575000.0,0.3538841772044758,-76388000.0,164346000.0,0.18547221234743452,60808000.0,103538000.0,0.11684751634982705,0.2807840627423755,0.2795800547613776,368746000.0,370334000.0,https://www.sec.gov/Archives/edgar/data/732834/000073283414000010/0000732834-14-000010-index.html,https://www.sec.gov/Archives/edgar/data/732834/000073283414000010/clrfy2014q2.htm,1620590384,15:59:44,20210509
28,2014-03-31,CLR,USD,2014-05-08 00:00:00,2014-05-07 20:40:55,Q1,972495000,357821000.0,614674000.0,0.632058776651808,0.0,43536000.0,0.0,759000.0,126651000.0,484472000.0,62975000.0,0.0,769897000.0,0.7916719366166407,488023000.0,0.5018257163275903,-65947000.0,359101000.0,0.3692574254880488,132867000.0,226234000.0,0.23263255852215178,0.615,0.61,367860163.0,370056000.0,https://www.sec.gov/Archives/edgar/data/732834/000073283414000006/0000732834-14-000006-index.html,https://www.sec.gov/Archives/edgar/data/732834/000073283414000006/clrfy2014q1.htm,1620590384,15:59:44,20210509
29,2013-12-31,CLR,USD,2014-02-27,2014-02-26 18:54:58,Q4,820334000,358630000.0,461704000.0,0.5628244105449731,0.0,40618000.0,0.0,792000.0,129426000.0,488056000.0,63666000.0,0.0,603778000.0,0.7360148427347886,332278000.0,0.4050520885395461,-57780000.0,210832000.0,0.25700751157455376,78008000.0,132824000.0,0.1619145372494618,0.35999999956634343,0.3589702011275249,368955556.0,370014000.0,https://www.sec.gov/Archives/edgar/data/732834/000073283414000003/clr201310-k.htm,https://www.sec.gov/Archives/edgar/data/732834/000073283414000003/clr201310-k.htm,1620590384,15:59:44,20210509
30,2013-09-30,CLR,USD,2013-11-07 00:00:00,2013-11-06 18:28:03,Q3,823835000,319587000.0,504248000.0,0.6120740196762702,0.0,34070000.0,0.0,584000.0,134363000.0,453950000.0,62756000.0,0.0,616559000.0,0.7484010754580711,369885000.0,0.44897946797599037,-41258000.0,265871000.0,0.32272360363422287,98373000.0,167498000.0,0.2033149841897953,0.4549869885749366,0.45299112938122027,368138000.0,369760000.0,https://www.sec.gov/Archives/edgar/data/732834/000073283413000007/0000732834-13-000007-index.html,https://www.sec.gov/Archives/edgar/data/732834/000073283413000007/clrfy2013q3.htm,1620590384,15:59:44,20210509
31,2013-06-30,CLR,USD,2013-08-08 00:00:00,2013-08-07 18:54:52,Q2,1100752000,318745000.0,782007000.0,0.7104297789147782,0.0,35873000.0,0.0,634000.0,128074000.0,446819000.0,61378000.0,0.0,887742000.0,0.8064868380888701,653933000.0,0.594078411849354,-79427000.0,513128000.0,0.46616131517362674,189858000.0,323270000.0,0.29368104713868337,0.88,0.875,368078000.0,369478000.0,https://www.sec.gov/Archives/edgar/data/732834/000073283413000004/0000732834-13-000004-index.html,https://www.sec.gov/Archives/edgar/data/732834/000073283413000004/clrfy2013q2.htm,1620590384,15:59:44,20210509
32,2013-03-31,CLR,USD,2013-05-08 00:00:00,2013-05-08 16:28:35,Q1,710229000,285250000.0,424979000.0,0.5983689767666485,0.0,33817000.0,0.0,546000.0,114888000.0,400138000.0,47475000.0,0.0,526101000.0,0.7407484064998754,310091000.0,0.43660706617161504,-39399000.0,223217000.0,0.31428877164970737,82590000.0,140627000.0,0.1980023344583226,0.38214066380795547,0.38078101984230134,367998000.0,369312000.0,https://www.sec.gov/Archives/edgar/data/732834/000119312513207589/0001193125-13-207589-index.html,https://www.sec.gov/Archives/edgar/data/732834/000119312513207589/d505435d10q.htm,1620590384,15:59:44,20210509
33,2012-12-31,CLR,USD,2013-02-28 00:00:00,2013-02-27 18:32:58,Q4,833349000,598863000.0,234486000.0,0.28137791009529023,0.0,35031000.0,0.0,0.0,294000000.0,363539000.0,45534000.0,0.0,522869000.0,0.6274310042971192,469810000.0,0.5637614012856559,-103773000.0,320503000.0,0.3845963695882517,99992000.0,220511000.0,0.26460822536536316,0.5992179305322312,0.5992179305322312,367998000.0,367998000.0,https://www.sec.gov/Archives/edgar/data/732834/000119312513080751/0001193125-13-080751-index.html,https://www.sec.gov/Archives/edgar/data/732834/000119312513080751/d446280d10k.htm,1620590384,15:59:44,20210509
34,2012-09-30,CLR,USD,2012-11-08 00:00:00,2012-11-08 07:02:01,Q3,642023000,124749000.0,517274000.0,0.8056938770106367,0.0,31925000.0,0.0,0.0,226198000.0,350947000.0,39205000.0,0.0,480450000.0,0.74833767637608,291076000.0,0.4533731657588591,-184844000.0,67027000.0,0.10439968661558854,22931000.0,44096000.0,0.06868289765319933,0.1212034588722933,0.12078647068813446,363818000.0,365074000.0,https://www.sec.gov/Archives/edgar/data/732834/000119312512458845/0001193125-12-458845-index.html,https://www.sec.gov/Archives/edgar/data/732834/000119312512458845/d415135d10q.htm,1620590384,15:59:44,20210509
35,2012-06-30,CLR,USD,2012-08-09 00:00:00,2012-08-08 20:59:05,Q2,1004719000,108940000.0,895779000.0,0.8915716732738208,0.0,29813000.0,0.0,0.0,173434000.0,282374000.0,31691000.0,0.0,886439000.0,0.8822755417186298,722345000.0,0.7189522642649337,-35082000.0,655572000.0,0.6524928860706327,249888000.0,405684000.0,0.4037785689332042,1.13,1.125,359562000.0,360670000.0,https://www.sec.gov/Archives/edgar/data/732834/000119312512344815/0001193125-12-344815-index.html,https://www.sec.gov/Archives/edgar/data/732834/000119312512344815/d368742d10q.htm,1620590384,15:59:44,20210509
36,2012-03-31,CLR,USD,2012-05-03 00:00:00,2012-05-03 17:01:33,Q1,395100000,104808000.0,290292000.0,0.7347304479878511,0.0,24966000.0,0.0,0.0,124794000.0,229602000.0,24278000.0,0.0,315771000.0,0.7992179195140471,165498000.0,0.41887623386484435,-29126000.0,112094000.0,0.2837104530498608,43000000.0,69094000.0,0.1748772462667679,0.19224070292197856,0.191626498338723,359414000.0,360566000.0,https://www.sec.gov/Archives/edgar/data/732834/000119312512208800/0001193125-12-208800-index.html,https://www.sec.gov/Archives/edgar/data/732834/000119312512208800/d328579d10q.htm,1620590384,15:59:44,20210509
37,2011-12-31,CLR,USD,2012-02-24 00:00:00,2012-02-24 10:08:10,Q4,114118000,97923000.0,16195000.0,0.141914509542754,0.0,21121000.0,0.0,0.0,126946000.0,224869000.0,19985000.0,0.0,15912000.0,0.13943462030529802,-110751000.0,-0.9704954520759214,-56640000.0,-187376000.0,-1.6419495609807393,-75312000.0,-112064000.0,-0.9820010865945775,-0.31,-0.31,361496774.0,361496774.0,https://www.sec.gov/Archives/edgar/data/732834/000119312512077054/0001193125-12-077054-index.html,https://www.sec.gov/Archives/edgar/data/732834/000119312512077054/d267719d10k.htm,1620590384,15:59:44,20210509
38,2011-09-30,CLR,USD,2011-11-03 00:00:00,2011-11-03 16:34:43,Q3,968989000,91733000.0,877256000.0,0.9053312266702718,0.0,18140000.0,0.0,0.0,123225000.0,214958000.0,18981000.0,0.0,859128000.0,0.8866230679605238,754031000.0,0.7781626004010366,-25419000.0,709631000.0,0.7323416468092001,270488000.0,439143000.0,0.45319709511666284,1.225,1.22,358916000.0,360490000.0,https://www.sec.gov/Archives/edgar/data/732834/000119312511295218/0001193125-11-295218-index.html,https://www.sec.gov/Archives/edgar/data/732834/000119312511295218/d235571d10q.htm,1620590384,15:59:44,20210509
39,2011-06-30,CLR,USD,2011-08-05 00:00:00,2011-08-05 06:02:19,Q2,602892000,78950000.0,523942000.0,0.8690478560007431,0.0,17209000.0,0.0,0.0,100710000.0,179660000.0,18785000.0,0.0,507654000.0,0.8420314086104974,423232000.0,0.7020030121481128,-17902000.0,386545000.0,0.6411513173171978,147351000.0,239194000.0,0.39674435885697606,0.665,0.665,359690226.0,359690226.0,https://www.sec.gov/Archives/edgar/data/732834/000119312511210956/0001193125-11-210956-index.html,https://www.sec.gov/Archives/edgar/data/732834/000119312511210956/d10q.htm,1620590384,15:59:44,20210509
40,2011-03-31,CLR,USD,2011-05-05 00:00:00,2011-05-05 15:46:07,Q1,-36210000,69095000.0,-105305000.0,2.908174537420602,0.0,16347000.0,0.0,0.0,91997000.0,161092000.0,18971000.0,0.0,-120540000.0,3.3289146644573324,-197302000.0,5.448826291079812,-5082000.0,-221355000.0,6.113090306545153,-84154000.0,-137201000.0,3.7890361778514223,-0.4,-0.4,343458000.0,343458000.0,https://www.sec.gov/Archives/edgar/data/732834/000119312511128377/0001193125-11-128377-index.html,https://www.sec.gov/Archives/edgar/data/732834/000119312511128377/d10q.htm,1620590384,15:59:44,20210509
41,2010-12-31,CLR,USD,2011-02-25,2011-02-25 06:09:50,Q4,91379000,56562000.0,34817000.0,0.3810175204368619,0.0,13599000.0,0.0,0.0,86140000.0,142702000.0,20272000.0,0.0,18104000.0,0.19811991814311822,-51323000.0,-0.5616498320182974,-15292000.0,-86887000.0,-0.9508420971995754,-41859000.0,-45028000.0,-0.49276091881066764,-0.13110191056839554,-0.13110191056839554,343458000.0,343458000.0,https://www.sec.gov/Archives/edgar/data/732834/000119312511046209/d10k.htm,https://www.sec.gov/Archives/edgar/data/732834/000119312511046209/d10k.htm,1620590384,15:59:44,20210509
42,2010-09-30,CLR,USD,2010-11-05 00:00:00,2010-11-05 10:16:28,Q3,219450000,52839000.0,166611000.0,0.7592207792207792,0.0,12148000.0,0.0,0.0,75557000.0,128396000.0,12612000.0,0.0,153972000.0,0.7016267942583732,91054000.0,0.4149191159717476,-14461000.0,63981000.0,0.2915516062884484,24904000.0,39077000.0,0.17806789701526543,0.11566375610478023,0.1149668429940747,337850000.0,339898000.0,https://www.sec.gov/Archives/edgar/data/732834/000119312510249335/0001193125-10-249335-index.html,https://www.sec.gov/Archives/edgar/data/732834/000119312510249335/d10q.htm,1620590384,15:59:44,20210509
43,2010-06-30,CLR,USD,2010-08-06 00:00:00,2010-08-06 11:55:05,Q2,279968000,46939000.0,233029000.0,0.8323415533203795,0.0,11494000.0,0.0,0.0,37192000.0,84131000.0,11903000.0,0.0,255075000.0,0.9110862670019431,195837000.0,0.6994977997485426,-19436000.0,164498000.0,0.5875600068579266,62757000.0,101741000.0,0.3634022459709681,0.30121027669388406,0.2993579784855119,337774000.0,339864000.0,https://www.sec.gov/Archives/edgar/data/732834/000119312510180805/0001193125-10-180805-index.html,https://www.sec.gov/Archives/edgar/data/732834/000119312510180805/d10q.htm,1620590384,15:59:44,20210509
44,2010-03-31,CLR,USD,2010-05-06 00:00:00,2010-05-06 13:13:35,Q1,248268000,44350000.0,203918000.0,0.821362398698181,0.0,11849000.0,0.0,0.0,64436000.0,108786000.0,8360000.0,0.0,192069000.0,0.7736357484653681,139482000.0,0.5618202909758809,-14247000.0,116875000.0,0.4707614352232265,44410000.0,72465000.0,0.2918821596017207,0.21457759616238783,0.213358261688847,337710000.0,339640000.0,https://www.sec.gov/Archives/edgar/data/732834/000119312510110462/0001193125-10-110462-index.html,https://www.sec.gov/Archives/edgar/data/732834/000119312510110462/d10q.htm,1620590384,15:59:44,20210509
45,2009-12-31,CLR,USD,2010-02-26 00:00:00,2010-02-26 13:57:40,Q4,207638000,45081000.0,162557000.0,0.7828865621899652,0.0,11410000.0,0.0,0.0,64101000.0,109182000.0,9159000.0,0.0,151183000.0,0.7281085350465715,98456000.0,0.4741713944461033,-12893000.0,76404000.0,0.36796732775310875,26890000.0,49514000.0,0.23846309442394936,0.14661691984246839,0.14661691984246839,337710000.0,337710000.0,https://www.sec.gov/Archives/edgar/data/732834/000119312510042474/0001193125-10-042474-index.html,https://www.sec.gov/Archives/edgar/data/732834/000119312510042474/d10k.htm,1620590384,15:59:44,20210509
46,2009-09-30,CLR,USD,2009-11-05 00:00:00,2009-11-05 16:00:48,Q3,170204000,38500000.0,131704000.0,0.7738008507438133,0.0,10049000.0,0.0,0.0,60627000.0,99127000.0,4763000.0,0.0,122107000.0,0.7174155719019529,71077000.0,0.41759888134238915,-11597000.0,54717000.0,0.321478931164955,19788000.0,34929000.0,0.20521844374985312,0.10363704336680196,0.10291032727187018,337032000.0,339412000.0,https://www.sec.gov/Archives/edgar/data/732834/000119312509225497/0001193125-09-225497-index.html,https://www.sec.gov/Archives/edgar/data/732834/000119312509225497/d10q.htm,1620590384,15:59:44,20210509
47,2009-06-30,CLR,USD,2009-08-07 00:00:00,2009-08-07 12:31:16,Q2,151761000,39891000.0,111870000.0,0.7371459070512187,0.0,9351000.0,0.0,0.0,62414000.0,102305000.0,4723000.0,0.0,103147000.0,0.6796673717226428,49456000.0,0.3258808257721022,-22974000.0,21759000.0,0.14337675687429577,8251000.0,13508000.0,0.08900837501070763,0.04008498919830022,0.03984707784162645,336984000.0,338996000.0,https://www.sec.gov/Archives/edgar/data/732834/000119312509168654/0001193125-09-168654-index.html,https://www.sec.gov/Archives/edgar/data/732834/000119312509168654/d10q.htm,1620590384,15:59:44,20210509
48,2009-03-31,CLR,USD,2009-05-08 00:00:00,2009-05-08 16:05:35,Q1,96608000,38770000.0,57838000.0,0.5986874792977808,0.0,10284000.0,0.0,0.0,60845000.0,99615000.0,4587000.0,0.0,51250000.0,0.5304943689963564,-3007000.0,-0.031125786684332562,-35278000.0,-42872000.0,-0.4437727724412057,-16259000.0,-26613000.0,-0.2754740808214641,-0.08,-0.08,336934000.0,336934000.0,https://www.sec.gov/Archives/edgar/data/732834/000119312509105348/0001193125-09-105348-index.html,https://www.sec.gov/Archives/edgar/data/732834/000119312509105348/d10q.htm,1620590384,15:59:44,20210509
49,2008-12-31,CLR,USD,2009-02-27 00:00:00,2009-02-27 13:20:02,Q4,135796000,52834000.0,82962000.0,0.6109311025361571,0.0,7907000.0,0.0,0.0,71720000.0,124554000.0,0.0,52627000.0,63869000.0,0.4703304957436154,11242000.0,0.08278594362131432,-10076000.0,8499000.0,0.06258652684909717,8083000.0,416000.0,0.0030634186573978615,0.0012346631684543561,0.0012346631684543561,336934000.0,336934000.0,https://www.sec.gov/Archives/edgar/data/732834/000119312509040610/0001193125-09-040610-index.html,https://www.sec.gov/Archives/edgar/data/732834/000119312509040610/d10k.htm,1620590384,15:59:44,20210509
50,2008-09-30,CLR,USD,2008-11-07 00:00:00,2008-11-07 14:27:11,Q3,296609000,63572000.0,233037000.0,0.7856706977873227,0.0,10005000.0,0.0,0.0,61878000.0,125450000.0,0.0,39290000.0,210449000.0,0.7095165689510433,171159000.0,0.5770526180931799,-9568000.0,168838000.0,0.5692275015255774,63582000.0,105256000.0,0.3548644848942547,0.315,0.31,336194000.0,339052000.0,https://www.sec.gov/Archives/edgar/data/732834/000119312508229755/0001193125-08-229755-index.html,https://www.sec.gov/Archives/edgar/data/732834/000119312508229755/d10q.htm,1620590384,15:59:44,20210509
51,2008-06-30,CLR,USD,2008-08-08 00:00:00,2008-08-08 13:16:08,Q2,303434000,56847000.0,246587000.0,0.81265448169948,0.0,10276000.0,0.0,0.0,41358000.0,98205000.0,0.0,28088000.0,233317000.0,0.7689217424547018,205229000.0,0.6763546603215197,-2772000.0,202612000.0,0.6677300500273535,75305000.0,127307000.0,0.4195541699348128,0.38,0.375,336110000.0,339104000.0,https://www.sec.gov/Archives/edgar/data/732834/000119312508171577/0001193125-08-171577-index.html,https://www.sec.gov/Archives/edgar/data/732834/000119312508171577/d10q.htm,1620590384,15:59:44,20210509
52,2008-03-31,CLR,USD,2008-05-09 00:00:00,2008-05-09 11:57:05,Q1,232259000,45340000.0,186919000.0,0.8047868973861078,0.0,7531000.0,0.0,0.0,45226000.0,90566000.0,0.0,28568000.0,170261000.0,0.7330652418205538,141693000.0,0.6100646261285892,-8750000.0,138581000.0,0.5966657912072298,50610000.0,87971000.0,0.37876250220658836,0.261989993448091,0.2600568766332817,335780000.0,338276000.0,https://www.sec.gov/Archives/edgar/data/732834/000119312508109235/0001193125-08-109235-index.html,https://www.sec.gov/Archives/edgar/data/732834/000119312508109235/d10q.htm,1620590384,15:59:44,20210509
53,2007-12-31,CLR,USD,2008-03-17,2008-03-17 10:58:15,Q4,144601000,34980000.0,109621000.0,0.7580929592464782,0.0,5148000.0,0.0,0.0,21318000.0,56298000.0,0.0,27650000.0,115953000.0,0.8018824212833936,88303000.0,0.610666592900464,10698000.0,85760000.0,0.5930802691544319,24868000.0,60892000.0,0.4211035884952386,0.18134492822681517,0.18134492822681517,335780000.0,335780000.0,https://www.sec.gov/Archives/edgar/data/732834/000119312508058340/d10k.htm,https://www.sec.gov/Archives/edgar/data/732834/000119312508058340/d10k.htm,1620590384,15:59:44,20210509
54,2007-09-30,CLR,USD,2007-11-09 00:00:00,2007-11-09 15:35:51,Q3,171165000,34444000.0,136721000.0,0.7987672713463617,0.0,6231000.0,0.0,0.0,48353000.0,82797000.0,0.0,25056000.0,113424000.0,0.6626588379633687,88368000.0,0.5162737709227938,-18236000.0,85912000.0,0.5019250430870797,29540000.0,56372000.0,0.3293430315777174,0.17,0.165,334464000.0,338086000.0,https://www.sec.gov/Archives/edgar/data/732834/000119312507242318/0001193125-07-242318-index.html,https://www.sec.gov/Archives/edgar/data/732834/000119312507242318/d10q.htm,1620590384,15:59:44,20210509
55,2007-06-30,CLR,USD,2007-08-10 00:00:00,2007-08-10 16:46:08,Q2,145326000,33828000.0,111498000.0,0.767226786672722,0.0,8450000.0,0.0,0.0,37364000.0,71192000.0,0.0,23349000.0,97483000.0,0.6707884342787939,74134000.0,0.510122070379698,-5000000.0,71291000.0,0.4905591566546936,213789000.0,-142498000.0,-0.9805403024923276,-0.435,-0.435,325866000.0,325866000.0,https://www.sec.gov/Archives/edgar/data/732834/000119312507179125/0001193125-07-179125-index.html,https://www.sec.gov/Archives/edgar/data/732834/000119312507179125/d10q.htm,1620590384,15:59:44,20210509
56,2007-03-31,CLR,USD,2007-06-19 00:00:00,2007-06-19 15:31:15,Q1,121123000,27671000.0,93452000.0,0.7715462794019303,0.0,12973000.0,0.0,0.0,36290000.0,63961000.0,0.0,20206000.0,77368000.0,0.6387556450880509,57162000.0,0.4719334890978592,-2604000.0,0.0,0.0,0.0,53814000.0,0.44429216581491543,0.17,0.17,316552941.0,316552941.0,https://www.sec.gov/Archives/edgar/data/732834/000119312507138362/0001193125-07-138362-index.html,https://www.sec.gov/Archives/edgar/data/732834/000119312507138362/d10q.htm,1620590384,15:59:44,20210509
57,2006-12-31,CLR,USD,2006-12-31,2006-12-31,Q4,120913000,0.0,0.0,0.0,0.0,0.0,0.0,0.0,63000000.0,0.0,0.0,19100000.0,-81115000.0,-0.6708542505768611,-100215000.0,-0.828819068255688,0.0,0.0,0.0,0.0,63272000.0,0.5232853373913475,0.19987809874746987,0.19987809874746987,316552941.0,316552941.0,,,1620590384,15:59:44,20210509
58,2006-09-30,CLR,USD,2006-09-30,2006-09-30,Q3,120913000,0.0,0.0,0.0,0.0,0.0,0.0,0.0,50000000.0,0.0,0.0,19000000.0,139913000.0,1.1571377767485713,120913000.0,1.0,0.0,0.0,0.0,0.0,63272000.0,0.5232853373913475,2.20125,2.18,28748198.0,29029552.0,,,1620590384,15:59:44,20210509
59,2006-06-30,CLR,USD,2006-06-30,2006-06-30,Q2,120913000,0.0,0.0,0.0,0.0,0.0,0.0,0.0,56000000.0,0.0,0.0,14100000.0,135013000.0,1.116612771166045,120913000.0,1.0,0.0,0.0,0.0,0.0,63272000.0,0.5232853373913475,2.20125,2.18,28748198.0,29029552.0,,,1620590384,15:59:44,20210509
60,2006-03-31,CLR,USD,2006-03-31,2006-03-31,Q1,120913000,0.0,0.0,0.0,0.0,0.0,0.0,0.0,51000000.0,0.0,0.0,13300000.0,134213000.0,1.109996443724,120913000.0,1.0,0.0,0.0,0.0,0.0,63272000.0,0.5232853373913475,2.20125,2.18,28748198.0,29029552.0,,,1620590384,15:59:44,20210509
61,2005-09-30,CLR,USD,2005-09-30,2005-09-30,Q3,93941000,0.0,0.0,0.0,0.0,0.0,0.0,0.0,0.0,0.0,0.0,0.0,93941000.0,1.0,93941000.0,1.0,0.0,0.0,0.0,0.0,48577000.0,0.5171011592382453,1.69,1.6775,28737838.0,28964730.0,,,1620590384,15:59:44,20210509
62,2005-06-30,CLR,USD,2005-06-30,2005-06-30,Q1,93941000,0.0,0.0,0.0,0.0,0.0,0.0,0.0,0.0,0.0,0.0,0.0,93941000.0,1.0,93941000.0,1.0,0.0,0.0,0.0,0.0,48577000.0,0.5171011592382453,1.69,1.6775,28737838.0,28964730.0,,,1620590384,15:59:44,20210509
63,2005-03-31,CLR,USD,2005-03-31,2005-03-31,Q1,93941000,0.0,0.0,0.0,0.0,0.0,0.0,0.0,0.0,0.0,0.0,0.0,93941000.0,1.0,93941000.0,1.0,0.0,0.0,0.0,0.0,48577000.0,0.5171011592382453,1.69,1.6775,28737838.0,28964730.0,,,1620590384,15:59:44,20210509
64,2004-09-30,CLR,USD,2004-09-30,2004-09-30,Q3,97226000,10328000.0,86898000.0,0.8937732705243453,3970000.0,2763000.0,0.0,0.0,70889000.0,81217000.0,0.0,7828000.0,23837000.0,0.2451710447822599,16009000.0,0.1646576018760414,560000.0,0.0,0.0,0.0,10708000.0,0.11013514903420896,0.375,0.37,28554667.0,28940541.0,,,1620590384,15:59:44,20210509
65,2004-06-30,CLR,USD,2004-06-30,2004-06-30,Q1,119559000,90223000.0,29336000.0,0.24536839552020343,3216000.0,2795000.0,0.0,0.0,16884000.0,107107000.0,0.0,10774000.0,23226000.0,0.19426391990565328,12452000.0,0.10414941576962002,-49000.0,0.0,0.0,0.0,6968000.0,0.058280848785955054,0.24,0.24,29033333.0,29033333.0,,,1620590384,15:59:44,20210509
66,2004-03-31,CLR,USD,2004-03-31,2004-03-31,Q1,109411000,86921000.0,22490000.0,0.20555520011699008,2092000.0,2500000.0,0.0,0.0,16224000.0,103145000.0,0.0,11744000.0,18010000.0,0.16460867737247625,6266000.0,0.05727029274935792,-12000.0,0.0,0.0,0.0,992000.0,0.009066730036285199,0.035,0.035,28342857.0,28342857.0,,,1620590384,15:59:44,20210509
67,2003-09-30,CLR,USD,2003-09-30,2003-09-30,Q3,100142000,9266000.0,90876000.0,0.907471390625312,3495000.0,2667000.0,39002000.0,0.0,82897000.0,92163000.0,0.0,9357000.0,17336000.0,0.17311417786742825,7979000.0,0.07967685886041821,103000.0,0.0,0.0,0.0,3032000.0,0.030277006650556212,0.105,0.105,28876190.0,28876190.0,,,1620590384,15:59:44,20210509
68,2003-06-30,CLR,USD,2003-06-30,2003-06-30,Q1,92752000,9598000.0,83154000.0,0.8965197515956529,2551000.0,2850000.0,0.0,0.0,74659000.0,84257000.0,0.0,8146000.0,16641000.0,0.1794139209936174,8495000.0,0.09158832154562704,290000.0,0.0,0.0,0.0,3849000.0,0.04149775746075556,0.135,0.135,28511111.0,28511111.0,,,1620590384,15:59:44,20210509
69,2003-03-31,CLR,USD,2003-05-13,2003-05-13,Q1,88227000,8631000.0,79596000.0,0.9021728042435989,1502000.0,2838000.0,0.0,0.0,69364000.0,77995000.0,0.0,9450000.0,19682000.0,0.22308363652850036,10232000.0,0.11597356818207578,29000.0,0.0,0.0,0.0,9432000.0,0.10690604916862186,0.33,0.33,28581818.0,28581818.0,https://www.sec.gov/Archives/edgar/data/732834/000090933403000207/0000909334-03-000207-index.htm,https://www.sec.gov/Archives/edgar/data/732834/000090933403000207/criform10q-51303.txt,1620590384,15:59:44,20210509
70,2002-09-30,CLR,USD,2002-11-13,2002-11-13,Q3,38996000,7424000.0,31572000.0,0.8096214996409888,2963000.0,3606000.0,0.0,0.0,23889000.0,31313000.0,0.0,0.0,13436000.0,0.3445481587855165,7683000.0,0.19702020720073854,162000.0,0.0,0.0,0.0,3584000.0,0.09190686224228126,0.125,0.125,28672000.0,28672000.0,https://www.sec.gov/Archives/edgar/data/732834/000090933402000281/0000909334-02-000281-index.htm,https://www.sec.gov/Archives/edgar/data/732834/000090933402000281/cri3q10q-112002.txt,1620590384,15:59:44,20210509
71,2002-06-30,CLR,USD,2002-06-30,2002-06-30,Q1,77566000,7412000.0,70154000.0,0.9044426681793569,1066000.0,3323000.0,38185000.0,0.0,61857000.0,69269000.0,0.0,0.0,16426000.0,0.21176804269912075,8297000.0,0.10696697006420339,-3000.0,0.0,0.0,0.0,4092000.0,0.052755073099038235,0.14,0.14,29228571.0,29228571.0,,,1620590384,15:59:44,20210509
72,2002-03-31,CLR,USD,2002-03-31,2002-03-31,Q1,78848000,6489000.0,72359000.0,0.9177024147727273,2223000.0,3851000.0,48163000.0,0.0,71064000.0,77553000.0,0.0,0.0,9731000.0,0.12341467126623376,1295000.0,0.01642400568181818,39000.0,0.0,0.0,0.0,-2526000.0,-0.03203632305194805,-0.09,-0.09,28066667.0,28066667.0,,,1620590384,15:59:44,20210509
73,2001-09-30,CLR,USD,2001-09-30,2001-09-30,Q3,86671000,7269000.0,79402000.0,0.916131116521097,4730000.0,3961000.0,48165000.0,0.0,73040000.0,80309000.0,0.0,0.0,13740000.0,0.15853053501171097,6362000.0,0.07340402210658697,185000.0,0.0,0.0,0.0,2783000.0,0.03210993296489022,0.095,0.095,29294737.0,29294737.0,,,1620590384,15:59:44,20210509
74,2001-06-30,CLR,USD,2001-08-13,2001-08-13,Q1,114410000,7920000.0,106490000.0,0.9307752818809545,1599000.0,2878000.0,72459000.0,0.0,97605000.0,105525000.0,0.0,0.0,13739000.0,0.12008565684817761,8885000.0,0.07765929551612621,2170000.0,0.0,0.0,0.0,7664000.0,0.06698715147277336,0.265,0.265,28920755.0,28920755.0,https://www.sec.gov/Archives/edgar/data/732834/000090933401500069/0000909334-01-500069-index.htm,https://www.sec.gov/Archives/edgar/data/732834/000090933401500069/cri10q630.txt,1620590384,15:59:44,20210509
75,2001-03-31,CLR,USD,2001-03-31,2001-03-31,Q1,109321000,6476000.0,102845000.0,0.9407616103036013,2572000.0,2504000.0,59637000.0,0.0,84573000.0,91049000.0,0.0,0.0,23698000.0,0.21677445321575908,18272000.0,0.16714080551769558,-184000.0,0.0,0.0,0.0,14686000.0,0.13433832475004803,0.51,0.51,28796078.0,28796078.0,,,1620590384,15:59:44,20210509
76,2000-09-30,CLR,USD,2000-09-30,2000-09-30,Q3,103884000,4693000.0,99191000.0,0.9548246120673058,1550000.0,2959000.0,63797000.0,0.0,84663000.0,89356000.0,0.0,0.0,19841000.0,0.19099187555350197,14528000.0,0.13984829232605597,467000.0,0.0,0.0,0.0,11287000.0,0.1086500327288129,115.075,115.075,98084.0,98084.0,,,1620590384,15:59:44,20210509
77,2000-06-30,CLR,USD,2000-06-30,2000-06-30,Q1,105812000,4937000.0,100875000.0,0.9533417759800401,3932000.0,2248000.0,71924000.0,0.0,91973000.0,96910000.0,0.0,0.0,14011000.0,0.13241409291951764,8902000.0,0.08413034438437984,-399000.0,0.0,0.0,0.0,4689000.0,0.04431444448644766,47.81,47.81,98076.0,98076.0,,,1620590384,15:59:44,20210509
78,2000-03-31,CLR,USD,2000-03-31,2000-03-31,Q1,98600000,4779000.0,93821000.0,0.9515314401622718,993000.0,2132000.0,39000.0,0.0,78055000.0,82834000.0,0.0,0.0,17843000.0,0.18096348884381339,15766000.0,0.15989858012170385,3474000.0,0.0,0.0,0.0,15316000.0,0.1553346855983773,156.15,156.15,98085.0,98085.0,,,1620590384,15:59:44,20210509
79,1999-09-30,CLR,USD,1999-09-30,1999-09-30,Q3,74764000,4090000.0,70674000.0,0.9452945267775935,1852000.0,1842000.0,48133000.0,0.0,62525000.0,66615000.0,0.0,0.0,12177000.0,0.16287250548392274,8149000.0,0.10899630838371409,78000.0,0.0,0.0,0.0,4304000.0,0.057567813386121665,43.88,43.88,98086.0,98086.0,,,1620590384,15:59:44,20210509
80,1999-06-30,CLR,USD,1999-06-30,1999-06-30,Q1,55338000,3413000.0,51925000.0,0.9383244786584264,1931000.0,2141000.0,32382000.0,0.0,45921000.0,49334000.0,0.0,0.0,10218000.0,0.18464707795728072,6004000.0,0.10849687375763489,26000.0,0.0,0.0,0.0,2031000.0,0.03670172395099208,20.705,20.705,98092.0,98092.0,,,1620590384,15:59:44,20210509
81,1999-03-31,CLR,USD,1999-03-31,1999-03-31,Q1,105031000,2891000.0,102140000.0,0.9724747931563062,1356000.0,2032000.0,0.0,0.0,99102000.0,101993000.0,0.0,0.0,8473000.0,0.08067142081861546,3038000.0,0.02892479363235616,8000.0,0.0,0.0,0.0,-3020000.0,-0.028753415658234235,-30.795,-30.795,98068.0,98068.0,,,1620590384,15:59:44,20210509
