,date,symbol,reportedCurrency,fillingDate,acceptedDate,period,revenue,costOfRevenue,grossProfit,grossProfitRatio,researchAndDevelopmentExpenses,generalAndAdministrativeExpenses,sellingAndMarketingExpenses,otherExpenses,operatingExpenses,costAndExpenses,interestExpense,depreciationAndAmortization,ebitda,ebitdaratio,operatingIncome,operatingIncomeRatio,totalOtherIncomeExpensesNet,incomeBeforeTax,incomeBeforeTaxRatio,incomeTaxExpense,netIncome,netIncomeRatio,eps,epsdiluted,weightedAverageShsOut,weightedAverageShsOutDil,link,finalLink,timestamp,est_time,est_date
0,2020-09-30,0105.HK,HKD,2020-09-30,2020-09-30,Q3,147140000.0,22696250.0,124443750.0,0.8457506456436047,0.0,9232500.0,0.0,587500.0,0.0,31552750,1450250.0,1066250.0,116653500.0,0.7928061709936115,115587250.0,0.785559671061574,0.0,-208946000,-1.42004893298899,19270000.0,-228216000,-1.5510126410221559,-0.635,-0.635,360000000,360000000,https://www1.hkexnews.hk/search/titlesearch.xhtml,https://www1.hkexnews.hk/search/titlesearch.xhtml,1620584529,14:22:09,20210509
1,2020-06-30,0105.HK,HKD,2020-06-30,2020-06-30,Q2,147140000.0,22696250.0,124443750.0,0.8457506456436047,0.0,9232500.0,0.0,587500.0,0.0,31552750,1450250.0,1066250.0,116653500.0,0.7928061709936115,115587250.0,0.785559671061574,0.0,-208946000,-1.42004893298899,19270000.0,-228216000,-1.5510126410221559,-0.635,-0.635,360000000,360000000,https://www1.hkexnews.hk/search/titlesearch.xhtml,https://www1.hkexnews.hk/search/titlesearch.xhtml,1620584529,14:22:09,20210509
2,2020-03-31,0105.HK,HKD,2020-03-31,2020-03-31,Q1,147140000.0,22696250.0,124443750.0,0.8457506456436047,0.0,9232500.0,0.0,587500.0,0.0,31552750,1450250.0,1066250.0,116653500.0,0.7928061709936115,115587250.0,0.785559671061574,0.0,-208946000,-1.42004893298899,19270000.0,-228216000,-1.5510126410221559,-0.635,-0.635,360000000,360000000,https://www1.hkexnews.hk/search/titlesearch.xhtml,https://www1.hkexnews.hk/search/titlesearch.xhtml,1620584529,14:22:09,20210509
3,2020-01-31,0105.HK,HKD,2020-01-31,2020-01-31,Q1,147140000.0,22696250.0,124443750.0,0.8457506456436047,0.0,9232500.0,0.0,587500.0,0.0,31552750,1450250.0,1066250.0,116653500.0,0.7928061709936115,115587250.0,0.785559671061574,0.0,-208946000,-1.42004893298899,19270000.0,-228216000,-1.5510126410221559,-0.635,-0.635,360000000,360000000,https://www1.hkexnews.hk/search/titlesearch.xhtml,https://www1.hkexnews.hk/search/titlesearch.xhtml,1620584529,14:22:09,20210509
4,2019-09-30,0105.HK,HKD,2019-09-30,2019-09-30,Q3,152646750.0,21505000.0,131141750.0,0.8591191754819543,0.0,9002000.0,0.0,42750.0,0.0,30164250,1151250.0,1122000.0,123604500.0,0.8097421006343076,122482500.0,0.8023917967464096,0.0,57223750,0.3748769626605218,20102500.0,37121250,0.24318401800234857,0.1025,0.1025,360000000,360000000,https://www1.hkexnews.hk/search/titlesearch.xhtml,https://www1.hkexnews.hk/search/titlesearch.xhtml,1620584529,14:22:09,20210509
5,2019-06-30,0105.HK,HKD,2019-06-30,2019-06-30,Q2,152646750.0,21505000.0,131141750.0,0.8591191754819543,0.0,9002000.0,0.0,42750.0,0.0,30164250,1151250.0,1122000.0,123604500.0,0.8097421006343076,122482500.0,0.8023917967464096,0.0,57223750,0.3748769626605218,20102500.0,37121250,0.24318401800234857,0.1025,0.1025,360000000,360000000,https://www1.hkexnews.hk/search/titlesearch.xhtml,https://www1.hkexnews.hk/search/titlesearch.xhtml,1620584529,14:22:09,20210509
6,2019-03-31,0105.HK,HKD,2019-03-31,2019-03-31,Q1,152646750.0,21505000.0,131141750.0,0.8591191754819543,0.0,9002000.0,0.0,42750.0,0.0,30164250,1151250.0,1122000.0,123604500.0,0.8097421006343076,122482500.0,0.8023917967464096,0.0,57223750,0.3748769626605218,20102500.0,37121250,0.24318401800234857,0.1025,0.1025,360000000,360000000,https://www1.hkexnews.hk/search/titlesearch.xhtml,https://www1.hkexnews.hk/search/titlesearch.xhtml,1620584529,14:22:09,20210509
7,2019-01-31,0105.HK,HKD,2019-01-31,2019-01-31,Q1,152646750.0,21505000.0,131141750.0,0.8591191754819543,0.0,9002000.0,0.0,42750.0,0.0,30164250,1151250.0,1122000.0,123604500.0,0.8097421006343076,122482500.0,0.8023917967464096,0.0,57223750,0.3748769626605218,20102500.0,37121250,0.24318401800234857,0.1025,0.1025,360000000,360000000,https://www1.hkexnews.hk/search/titlesearch.xhtml,https://www1.hkexnews.hk/search/titlesearch.xhtml,1620584529,14:22:09,20210509
8,2018-09-30,0105.HK,HKD,2018-09-30,2018-09-30,Q3,158135250.0,21067000.0,137068250.0,0.8667785961700506,0.0,9396500.0,0.0,68250.0,0.0,30099750,722500.0,1159250.0,129194750.0,0.8169889382664522,128035500.0,0.8096581881648779,0.0,60867750,0.3849094367005459,21038250.0,39829500,0.251869839267336,0.11,0.11,360000000,360000000,https://www1.hkexnews.hk/search/titlesearch.xhtml,https://www1.hkexnews.hk/search/titlesearch.xhtml,1620584529,14:22:09,20210509
9,2018-06-30,0105.HK,HKD,2018-06-30,2018-06-30,Q2,158135250.0,21067000.0,137068250.0,0.8667785961700506,0.0,9396500.0,0.0,68250.0,0.0,30099750,722500.0,1159250.0,129194750.0,0.8169889382664522,128035500.0,0.8096581881648779,0.0,60867750,0.3849094367005459,21038250.0,39829500,0.251869839267336,0.11,0.11,360000000,360000000,https://www1.hkexnews.hk/search/titlesearch.xhtml,https://www1.hkexnews.hk/search/titlesearch.xhtml,1620584529,14:22:09,20210509
10,2018-03-31,0105.HK,HKD,2018-03-31,2018-03-31,Q1,158135250.0,21067000.0,137068250.0,0.8667785961700506,0.0,9396500.0,0.0,68250.0,0.0,30099750,722500.0,1159250.0,129194750.0,0.8169889382664522,128035500.0,0.8096581881648779,0.0,60867750,0.3849094367005459,21038250.0,39829500,0.251869839267336,0.11,0.11,360000000,360000000,https://www1.hkexnews.hk/search/titlesearch.xhtml,https://www1.hkexnews.hk/search/titlesearch.xhtml,1620584529,14:22:09,20210509
11,2018-01-31,0105.HK,HKD,2018-01-31,2018-01-31,Q1,158135250.0,21067000.0,137068250.0,0.8667785961700506,0.0,9396500.0,0.0,68250.0,0.0,30099750,722500.0,1159250.0,129194750.0,0.8169889382664522,128035500.0,0.8096581881648779,0.0,60867750,0.3849094367005459,21038250.0,39829500,0.251869839267336,0.11,0.11,360000000,360000000,https://www1.hkexnews.hk/search/titlesearch.xhtml,https://www1.hkexnews.hk/search/titlesearch.xhtml,1620584529,14:22:09,20210509
12,2017-09-30,0105.HK,HKD,2017-09-30,2017-09-30,Q3,165419250.0,20585750.0,144833500.0,0.8755540845457829,0.0,9242000.0,0.0,251250.0,0.0,29379000,601000.0,1748250.0,137788500.0,0.8329653290049375,136040250.0,0.8223967283130591,0.0,-17325500,-0.10473690335314663,22453250.0,-39778750,-0.24047231504193134,-0.11,-0.11,360000000,360000000,https://www1.hkexnews.hk/search/titlesearch.xhtml,https://www1.hkexnews.hk/search/titlesearch.xhtml,1620584529,14:22:09,20210509
13,2017-06-30,0105.HK,HKD,2017-06-30,2017-06-30,Q2,165419250.0,20585750.0,144833500.0,0.8755540845457829,0.0,9242000.0,0.0,251250.0,0.0,29379000,601000.0,1748250.0,137788500.0,0.8329653290049375,136040250.0,0.8223967283130591,0.0,-17325500,-0.10473690335314663,22453250.0,-39778750,-0.24047231504193134,-0.11,-0.11,360000000,360000000,https://www1.hkexnews.hk/search/titlesearch.xhtml,https://www1.hkexnews.hk/search/titlesearch.xhtml,1620584529,14:22:09,20210509
14,2017-03-31,0105.HK,HKD,2017-03-31,2017-03-31,Q1,165419250.0,20585750.0,144833500.0,0.8755540845457829,0.0,9242000.0,0.0,251250.0,0.0,29379000,601000.0,1748250.0,137788500.0,0.8329653290049375,136040250.0,0.8223967283130591,0.0,-17325500,-0.10473690335314663,22453250.0,-39778750,-0.24047231504193134,-0.11,-0.11,360000000,360000000,https://www1.hkexnews.hk/search/titlesearch.xhtml,https://www1.hkexnews.hk/search/titlesearch.xhtml,1620584529,14:22:09,20210509
15,2017-01-31,0105.HK,HKD,2017-01-31,2017-01-31,Q1,165419250.0,20585750.0,144833500.0,0.8755540845457829,0.0,9242000.0,0.0,251250.0,0.0,29379000,601000.0,1748250.0,137788500.0,0.8329653290049375,136040250.0,0.8223967283130591,0.0,-17325500,-0.10473690335314663,22453250.0,-39778750,-0.24047231504193134,-0.11,-0.11,360000000,360000000,https://www1.hkexnews.hk/search/titlesearch.xhtml,https://www1.hkexnews.hk/search/titlesearch.xhtml,1620584529,14:22:09,20210509
16,2016-09-30,0105.HK,HKD,2016-09-30,2016-09-30,Q3,166803500.0,20260750.0,146542750.0,0.8785352225822599,0.0,9535250.0,0.0,18750.0,0.0,29477250,551750.0,1836000.0,139162250.0,0.8342885491011879,137326250.0,0.8232815858180433,0.0,240568250,1.442225432919573,22726000.0,217842250,1.3059812893614342,0.605,0.605,360000000,360000000,https://www1.hkexnews.hk/search/titlesearch.xhtml,https://www1.hkexnews.hk/search/titlesearch.xhtml,1620584529,14:22:09,20210509
17,2016-06-30,0105.HK,HKD,2016-06-30,2016-06-30,Q2,166803500.0,20260750.0,146542750.0,0.8785352225822599,0.0,9535250.0,0.0,18750.0,0.0,29477250,551750.0,1836000.0,139162250.0,0.8342885491011879,137326250.0,0.8232815858180433,0.0,240568250,1.442225432919573,22726000.0,217842250,1.3059812893614342,0.605,0.605,360000000,360000000,https://www1.hkexnews.hk/search/titlesearch.xhtml,https://www1.hkexnews.hk/search/titlesearch.xhtml,1620584529,14:22:09,20210509
18,2016-03-31,0105.HK,HKD,2016-03-31,2016-03-31,Q1,166803500.0,20260750.0,146542750.0,0.8785352225822599,0.0,9535250.0,0.0,18750.0,0.0,29477250,551750.0,1836000.0,139162250.0,0.8342885491011879,137326250.0,0.8232815858180433,0.0,240568250,1.442225432919573,22726000.0,217842250,1.3059812893614342,0.605,0.605,360000000,360000000,https://www1.hkexnews.hk/search/titlesearch.xhtml,https://www1.hkexnews.hk/search/titlesearch.xhtml,1620584529,14:22:09,20210509
19,2016-01-31,0105.HK,HKD,2016-01-31,2016-01-31,Q1,166803500.0,20260750.0,146542750.0,0.8785352225822599,0.0,9535250.0,0.0,18750.0,0.0,29477250,551750.0,1836000.0,139162250.0,0.8342885491011879,137326250.0,0.8232815858180433,0.0,240568250,1.442225432919573,22726000.0,217842250,1.3059812893614342,0.605,0.605,360000000,360000000,https://www1.hkexnews.hk/search/titlesearch.xhtml,https://www1.hkexnews.hk/search/titlesearch.xhtml,1620584529,14:22:09,20210509
20,2015-09-30,0105.HK,HKD,2015-09-30,2015-09-30,Q3,161246000.0,20118500.0,141127500.0,0.875231013482505,0.0,9866500.0,0.0,645250.0,0.0,29592250,537000.0,2402000.0,134055750.0,0.8313741116058693,131653750.0,0.81647761804944,0.0,344471500,2.1363103580864022,21876750.0,322594750,2.00063722510946,0.895,0.895,360000000,360000000,https://www1.hkexnews.hk/search/titlesearch.xhtml,https://www1.hkexnews.hk/search/titlesearch.xhtml,1620584529,14:22:09,20210509
21,2015-06-30,0105.HK,HKD,2015-06-30,2015-06-30,Q2,161246000.0,20118500.0,141127500.0,0.875231013482505,0.0,9866500.0,0.0,645250.0,0.0,29592250,537000.0,2402000.0,134055750.0,0.8313741116058693,131653750.0,0.81647761804944,0.0,344471500,2.1363103580864022,21876750.0,322594750,2.00063722510946,0.895,0.895,360000000,360000000,https://www1.hkexnews.hk/search/titlesearch.xhtml,https://www1.hkexnews.hk/search/titlesearch.xhtml,1620584529,14:22:09,20210509
22,2015-03-31,0105.HK,HKD,2015-03-31,2015-03-31,Q1,161246000.0,20118500.0,141127500.0,0.875231013482505,0.0,9866500.0,0.0,645250.0,0.0,29592250,537000.0,2402000.0,134055750.0,0.8313741116058693,131653750.0,0.81647761804944,0.0,344471500,2.1363103580864022,21876750.0,322594750,2.00063722510946,0.895,0.895,360000000,360000000,https://www1.hkexnews.hk/search/titlesearch.xhtml,https://www1.hkexnews.hk/search/titlesearch.xhtml,1620584529,14:22:09,20210509
23,2015-01-31,0105.HK,HKD,2015-01-31,2015-01-31,Q1,161246000.0,20118500.0,141127500.0,0.875231013482505,0.0,9866500.0,0.0,645250.0,0.0,29592250,537000.0,2402000.0,134055750.0,0.8313741116058693,131653750.0,0.81647761804944,0.0,344471500,2.1363103580864022,21876750.0,322594750,2.00063722510946,0.895,0.895,360000000,360000000,https://www1.hkexnews.hk/search/titlesearch.xhtml,https://www1.hkexnews.hk/search/titlesearch.xhtml,1620584529,14:22:09,20210509
24,2014-09-30,0105.HK,HKD,2014-09-30,2014-09-30,Q3,151565500.0,16842000.0,134723500.0,0.8888797252672936,0.0,10006000.0,0.0,5500.0,0.0,26416750,538250.0,2411500.0,127560250.0,0.8416179803451314,125148750.0,0.8257073674417991,0.0,366303000,2.4167966984571025,20728500.0,345574500,2.2800340446869507,0.96,0.96,360000000,360000000,https://www1.hkexnews.hk/search/titlesearch.xhtml,https://www1.hkexnews.hk/search/titlesearch.xhtml,1620584529,14:22:09,20210509
25,2014-06-30,0105.HK,HKD,2014-06-30,2014-06-30,Q2,151565500.0,16842000.0,134723500.0,0.8888797252672936,0.0,10006000.0,0.0,5500.0,0.0,26416750,538250.0,2411500.0,127560250.0,0.8416179803451314,125148750.0,0.8257073674417991,0.0,366303000,2.4167966984571025,20728500.0,345574500,2.2800340446869507,0.96,0.96,360000000,360000000,https://www1.hkexnews.hk/search/titlesearch.xhtml,https://www1.hkexnews.hk/search/titlesearch.xhtml,1620584529,14:22:09,20210509
26,2014-03-31,0105.HK,HKD,2014-03-31,2014-03-31,Q1,151565500.0,16842000.0,134723500.0,0.8888797252672936,0.0,10006000.0,0.0,5500.0,0.0,26416750,538250.0,2411500.0,127560250.0,0.8416179803451314,125148750.0,0.8257073674417991,0.0,366303000,2.4167966984571025,20728500.0,345574500,2.2800340446869507,0.96,0.96,360000000,360000000,https://www1.hkexnews.hk/search/titlesearch.xhtml,https://www1.hkexnews.hk/search/titlesearch.xhtml,1620584529,14:22:09,20210509
27,2014-01-31,0105.HK,HKD,2014-01-31,2014-01-31,Q1,151565500.0,16842000.0,134723500.0,0.8888797252672936,0.0,10006000.0,0.0,5500.0,0.0,26416750,538250.0,2411500.0,127560250.0,0.8416179803451314,125148750.0,0.8257073674417991,0.0,366303000,2.4167966984571025,20728500.0,345574500,2.2800340446869507,0.96,0.96,360000000,360000000,https://www1.hkexnews.hk/search/titlesearch.xhtml,https://www1.hkexnews.hk/search/titlesearch.xhtml,1620584529,14:22:09,20210509
28,2013-09-30,0105.HK,HKD,2013-09-30,2013-09-30,Q3,129719500.0,16956000.0,112763500.0,0.8692871927505117,0.0,9629250.0,0.0,36750.0,0.0,26100750,514250.0,2357000.0,105975750.0,0.8169608270152136,103618750.0,0.7987908525703538,0.0,700603000,5.4009073423810605,17208000.0,683395000,5.268251881945274,1.8975,1.8975,360000000,360000000,https://www1.hkexnews.hk/search/titlesearch.xhtml,https://www1.hkexnews.hk/search/titlesearch.xhtml,1620584529,14:22:09,20210509
29,2013-06-30,0105.HK,HKD,2013-06-30,2013-06-30,Q2,129719500.0,16956000.0,112763500.0,0.8692871927505117,0.0,9629250.0,0.0,36750.0,0.0,26100750,514250.0,2357000.0,105975750.0,0.8169608270152136,103618750.0,0.7987908525703538,0.0,700603000,5.4009073423810605,17208000.0,683395000,5.268251881945274,1.8975,1.8975,360000000,360000000,https://www1.hkexnews.hk/search/titlesearch.xhtml,https://www1.hkexnews.hk/search/titlesearch.xhtml,1620584529,14:22:09,20210509
30,2013-03-31,0105.HK,HKD,2013-03-31,2013-03-31,Q1,129719500.0,16956000.0,112763500.0,0.8692871927505117,0.0,9629250.0,0.0,36750.0,0.0,26100750,514250.0,2357000.0,105975750.0,0.8169608270152136,103618750.0,0.7987908525703538,0.0,700603000,5.4009073423810605,17208000.0,683395000,5.268251881945274,1.8975,1.8975,360000000,360000000,https://www1.hkexnews.hk/search/titlesearch.xhtml,https://www1.hkexnews.hk/search/titlesearch.xhtml,1620584529,14:22:09,20210509
31,2013-01-31,0105.HK,HKD,2013-01-31,2013-01-31,Q1,129719500.0,16956000.0,112763500.0,0.8692871927505117,0.0,9629250.0,0.0,36750.0,0.0,26100750,514250.0,2357000.0,105975750.0,0.8169608270152136,103618750.0,0.7987908525703538,0.0,700603000,5.4009073423810605,17208000.0,683395000,5.268251881945274,1.8975,1.8975,360000000,360000000,https://www1.hkexnews.hk/search/titlesearch.xhtml,https://www1.hkexnews.hk/search/titlesearch.xhtml,1620584529,14:22:09,20210509
32,2012-09-30,0105.HK,HKD,2012-09-30,2012-09-30,Q3,113817250.0,15822750.0,97994500.0,0.8609810903004598,0.0,9197000.0,0.0,43366000.0,0.0,24592500,616000.0,1762000.0,90986750.0,0.7994108977329887,89224750.0,0.783929940320997,0.0,132751000,1.1663522005671372,25316000.0,107435000,0.9439254594536417,0.2975,0.2975,360000000,360000000,https://www1.hkexnews.hk/search/titlesearch.xhtml,https://www1.hkexnews.hk/search/titlesearch.xhtml,1620584529,14:22:09,20210509
33,2012-06-30,0105.HK,HKD,2012-06-30,2012-06-30,Q2,113817250.0,15822750.0,97994500.0,0.8609810903004598,0.0,9197000.0,0.0,43366000.0,0.0,24592500,616000.0,1762000.0,90986750.0,0.7994108977329887,89224750.0,0.783929940320997,0.0,132751000,1.1663522005671372,25316000.0,107435000,0.9439254594536417,0.2975,0.2975,360000000,360000000,https://www1.hkexnews.hk/search/titlesearch.xhtml,https://www1.hkexnews.hk/search/titlesearch.xhtml,1620584529,14:22:09,20210509
34,2012-03-31,0105.HK,HKD,2012-03-31,2012-03-31,Q1,113817250.0,15822750.0,97994500.0,0.8609810903004598,0.0,9197000.0,0.0,43366000.0,0.0,24592500,616000.0,1762000.0,90986750.0,0.7994108977329887,89224750.0,0.783929940320997,0.0,132751000,1.1663522005671372,25316000.0,107435000,0.9439254594536417,0.2975,0.2975,360000000,360000000,https://www1.hkexnews.hk/search/titlesearch.xhtml,https://www1.hkexnews.hk/search/titlesearch.xhtml,1620584529,14:22:09,20210509
35,2012-01-31,0105.HK,HKD,2012-01-31,2012-01-31,Q1,113817250.0,15822750.0,97994500.0,0.8609810903004598,0.0,9197000.0,0.0,43366000.0,0.0,24592500,616000.0,1762000.0,90986750.0,0.7994108977329887,89224750.0,0.783929940320997,0.0,132751000,1.1663522005671372,25316000.0,107435000,0.9439254594536417,0.2975,0.2975,360000000,360000000,https://www1.hkexnews.hk/search/titlesearch.xhtml,https://www1.hkexnews.hk/search/titlesearch.xhtml,1620584529,14:22:09,20210509
36,2011-09-30,0105.HK,HKD,2011-09-30,2011-09-30,Q3,94093500.0,19790500.0,74303000.0,0.7896719752161414,0.0,8435000.0,0.0,0.0,0.0,27872250,2258750.0,1645750.0,67867000.0,0.7212719263285987,66221250.0,0.7037813451513654,0.0,256876000,2.7300079176563736,1888750.0,305610750,3.247947520285673,0.85,0.85,360000000,360000000,https://www1.hkexnews.hk/search/titlesearch.xhtml,https://www1.hkexnews.hk/search/titlesearch.xhtml,1620584529,14:22:09,20210509
37,2011-06-30,0105.HK,HKD,2011-06-30,2011-06-30,Q2,94093500.0,19790500.0,74303000.0,0.7896719752161414,0.0,8435000.0,0.0,0.0,0.0,27872250,2258750.0,1645750.0,67867000.0,0.7212719263285987,66221250.0,0.7037813451513654,0.0,256876000,2.7300079176563736,1888750.0,305610750,3.247947520285673,0.85,0.85,360000000,360000000,https://www1.hkexnews.hk/search/titlesearch.xhtml,https://www1.hkexnews.hk/search/titlesearch.xhtml,1620584529,14:22:09,20210509
38,2011-03-31,0105.HK,HKD,2011-03-31,2011-03-31,Q1,94093500.0,19790500.0,74303000.0,0.7896719752161414,0.0,8435000.0,0.0,0.0,0.0,27872250,2258750.0,1645750.0,67867000.0,0.7212719263285987,66221250.0,0.7037813451513654,0.0,256876000,2.7300079176563736,1888750.0,305610750,3.247947520285673,0.85,0.85,360000000,360000000,https://www1.hkexnews.hk/search/titlesearch.xhtml,https://www1.hkexnews.hk/search/titlesearch.xhtml,1620584529,14:22:09,20210509
39,2011-01-31,0105.HK,HKD,2011-01-31,2011-01-31,Q1,94093500.0,19790500.0,74303000.0,0.7896719752161414,0.0,8435000.0,0.0,0.0,0.0,27872250,2258750.0,1645750.0,67867000.0,0.7212719263285987,66221250.0,0.7037813451513654,0.0,256876000,2.7300079176563736,1888750.0,305610750,3.247947520285673,0.85,0.85,360000000,360000000,https://www1.hkexnews.hk/search/titlesearch.xhtml,https://www1.hkexnews.hk/search/titlesearch.xhtml,1620584529,14:22:09,20210509
40,2010-09-30,0105.HK,HKD,2010-09-30,2010-09-30,Q3,29989000.0,10055500.0,19933500.0,0.6646937210310447,0.0,8094000.0,0.0,0.0,0.0,-664252000,1081250.0,2208500.0,696449500.0,23.223498616159258,694241000.0,23.149854946813832,0.0,693159750,23.113800060022008,114396750.0,580104500,19.343909433458936,1.6125,1.6125,360000000,360000000,https://www1.hkexnews.hk/search/titlesearch.xhtml,https://www1.hkexnews.hk/search/titlesearch.xhtml,1620584529,14:22:09,20210509
41,2010-06-30,0105.HK,HKD,2010-06-30,2010-06-30,Q2,29989000.0,10055500.0,19933500.0,0.6646937210310447,0.0,8094000.0,0.0,0.0,0.0,-664252000,1081250.0,2208500.0,696449500.0,23.223498616159258,694241000.0,23.149854946813832,0.0,693159750,23.113800060022008,114396750.0,580104500,19.343909433458936,1.6125,1.6125,360000000,360000000,https://www1.hkexnews.hk/search/titlesearch.xhtml,https://www1.hkexnews.hk/search/titlesearch.xhtml,1620584529,14:22:09,20210509
42,2010-03-31,0105.HK,HKD,2010-03-31,2010-03-31,Q1,29989000.0,10055500.0,19933500.0,0.6646937210310447,0.0,8094000.0,0.0,0.0,0.0,-664252000,1081250.0,2208500.0,696449500.0,23.223498616159258,694241000.0,23.149854946813832,0.0,693159750,23.113800060022008,114396750.0,580104500,19.343909433458936,1.6125,1.6125,360000000,360000000,https://www1.hkexnews.hk/search/titlesearch.xhtml,https://www1.hkexnews.hk/search/titlesearch.xhtml,1620584529,14:22:09,20210509
43,2010-01-31,0105.HK,HKD,2010-01-31,2010-01-31,Q1,29989000.0,10055500.0,19933500.0,0.6646937210310447,0.0,8094000.0,0.0,0.0,0.0,-664252000,1081250.0,2208500.0,696449500.0,23.223498616159258,694241000.0,23.149854946813832,0.0,693159750,23.113800060022008,114396750.0,580104500,19.343909433458936,1.6125,1.6125,360000000,360000000,https://www1.hkexnews.hk/search/titlesearch.xhtml,https://www1.hkexnews.hk/search/titlesearch.xhtml,1620584529,14:22:09,20210509
44,2009-09-30,0105.HK,HKD,2009-09-30,2009-09-30,Q3,4209000.0,3837500.0,371500.0,0.08826324542646709,0.0,11206250.0,143000.0,0.0,0.0,15186750,34500.0,1966000.0,-9011750.0,-2.1410667617011168,-10977750.0,-2.60816108339273,0.0,-52540500,-12.482893799002138,-8820000.0,-43720500,-10.387384176764076,-0.1225,-0.1225,360000000,360000000,https://www1.hkexnews.hk/search/titlesearch.xhtml,https://www1.hkexnews.hk/search/titlesearch.xhtml,1620584529,14:22:09,20210509
45,2009-06-30,0105.HK,HKD,2009-06-30,2009-06-30,Q2,4209000.0,3837500.0,371500.0,0.08826324542646709,0.0,11206250.0,143000.0,0.0,0.0,15186750,34500.0,1966000.0,-9011750.0,-2.1410667617011168,-10977750.0,-2.60816108339273,0.0,-52540500,-12.482893799002138,-8820000.0,-43720500,-10.387384176764076,-0.1225,-0.1225,360000000,360000000,https://www1.hkexnews.hk/search/titlesearch.xhtml,https://www1.hkexnews.hk/search/titlesearch.xhtml,1620584529,14:22:09,20210509
46,2009-03-31,0105.HK,HKD,2009-03-31,2009-03-31,Q1,4209000.0,3837500.0,371500.0,0.08826324542646709,0.0,11206250.0,143000.0,0.0,0.0,15186750,34500.0,1966000.0,-9011750.0,-2.1410667617011168,-10977750.0,-2.60816108339273,0.0,-52540500,-12.482893799002138,-8820000.0,-43720500,-10.387384176764076,-0.1225,-0.1225,360000000,360000000,https://www1.hkexnews.hk/search/titlesearch.xhtml,https://www1.hkexnews.hk/search/titlesearch.xhtml,1620584529,14:22:09,20210509
47,2009-01-31,0105.HK,HKD,2009-01-31,2009-01-31,Q1,4209000.0,3837500.0,371500.0,0.08826324542646709,0.0,11206250.0,143000.0,0.0,0.0,15186750,34500.0,1966000.0,-9011750.0,-2.1410667617011168,-10977750.0,-2.60816108339273,0.0,-52540500,-12.482893799002138,-8820000.0,-43720500,-10.387384176764076,-0.1225,-0.1225,360000000,360000000,https://www1.hkexnews.hk/search/titlesearch.xhtml,https://www1.hkexnews.hk/search/titlesearch.xhtml,1620584529,14:22:09,20210509
48,2008-09-30,0105.HK,HKD,2008-09-30,2008-09-30,Q3,10902000.0,3897000.0,7005000.0,0.6425426527242708,0.0,9195250.0,180250.0,0.0,0.0,-101161750,0.0,0.0,112063750.0,0.09728391205898429,112063750.0,10.279191891396074,0.0,112028500,10.275958539717482,12169500.0,99859000,9.159695468721335,0.2775,0.2775,359852252,359852252,https://www1.hkexnews.hk/search/titlesearch.xhtml,https://www1.hkexnews.hk/search/titlesearch.xhtml,1620584529,14:22:09,20210509
49,2008-06-30,0105.HK,HKD,2008-06-30,2008-06-30,Q2,10902000.0,3897000.0,7005000.0,0.6425426527242708,0.0,9195250.0,180250.0,0.0,0.0,-101161750,0.0,0.0,112063750.0,0.09728391205898429,112063750.0,10.279191891396074,0.0,112028500,10.275958539717482,12169500.0,99859000,9.159695468721335,0.2775,0.2775,359852252,359852252,https://www1.hkexnews.hk/search/titlesearch.xhtml,https://www1.hkexnews.hk/search/titlesearch.xhtml,1620584529,14:22:09,20210509
50,2008-03-31,0105.HK,HKD,2008-03-31,2008-03-31,Q1,10902000.0,3897000.0,7005000.0,0.6425426527242708,0.0,9195250.0,180250.0,0.0,0.0,-101161750,0.0,0.0,112063750.0,0.09728391205898429,112063750.0,10.279191891396074,0.0,112028500,10.275958539717482,12169500.0,99859000,9.159695468721335,0.2775,0.2775,359852252,359852252,https://www1.hkexnews.hk/search/titlesearch.xhtml,https://www1.hkexnews.hk/search/titlesearch.xhtml,1620584529,14:22:09,20210509
51,2008-01-31,0105.HK,HKD,2008-01-31,2008-01-31,Q1,10902000.0,3897000.0,7005000.0,0.6425426527242708,0.0,9195250.0,180250.0,0.0,0.0,-101161750,0.0,0.0,112063750.0,0.09728391205898429,112063750.0,10.279191891396074,0.0,112028500,10.275958539717482,12169500.0,99859000,9.159695468721335,0.2775,0.2775,359852252,359852252,https://www1.hkexnews.hk/search/titlesearch.xhtml,https://www1.hkexnews.hk/search/titlesearch.xhtml,1620584529,14:22:09,20210509
52,2007-09-30,0105.HK,HKD,2007-09-30,2007-09-30,Q3,10445500.0,4168500.0,6277000.0,0.6009286295533962,0.0,9776750.0,158500.0,0.0,0.0,14103750,0.0,0.0,-3658250.0,-2.855327000615048,-3658250.0,-0.3502225838877986,0.0,159987250,15.316380259441864,27375000.0,132612250,12.695634483748982,0.3675,0.3675,360849660,360849660,https://www1.hkexnews.hk/search/titlesearch.xhtml,https://www1.hkexnews.hk/search/titlesearch.xhtml,1620584529,14:22:09,20210509
53,2007-06-30,0105.HK,HKD,2007-06-30,2007-06-30,Q2,10445500.0,4168500.0,6277000.0,0.6009286295533962,0.0,9776750.0,158500.0,0.0,0.0,14103750,0.0,0.0,-3658250.0,-2.855327000615048,-3658250.0,-0.3502225838877986,0.0,159987250,15.316380259441864,27375000.0,132612250,12.695634483748982,0.3675,0.3675,360849660,360849660,https://www1.hkexnews.hk/search/titlesearch.xhtml,https://www1.hkexnews.hk/search/titlesearch.xhtml,1620584529,14:22:09,20210509
54,2007-03-31,0105.HK,HKD,2007-03-31,2007-03-31,Q1,10445500.0,4168500.0,6277000.0,0.6009286295533962,0.0,9776750.0,158500.0,0.0,0.0,14103750,0.0,0.0,-3658250.0,-2.855327000615048,-3658250.0,-0.3502225838877986,0.0,159987250,15.316380259441864,27375000.0,132612250,12.695634483748982,0.3675,0.3675,360849660,360849660,https://www1.hkexnews.hk/search/titlesearch.xhtml,https://www1.hkexnews.hk/search/titlesearch.xhtml,1620584529,14:22:09,20210509
55,2007-01-31,0105.HK,HKD,2007-01-31,2007-01-31,Q1,10445500.0,4168500.0,6277000.0,0.6009286295533962,0.0,9776750.0,158500.0,0.0,0.0,14103750,0.0,0.0,-3658250.0,-2.855327000615048,-3658250.0,-0.3502225838877986,0.0,159987250,15.316380259441864,27375000.0,132612250,12.695634483748982,0.3675,0.3675,360849660,360849660,https://www1.hkexnews.hk/search/titlesearch.xhtml,https://www1.hkexnews.hk/search/titlesearch.xhtml,1620584529,14:22:09,20210509
56,2006-09-30,0105.HK,HKD,2006-09-30,2006-09-30,Q3,90738250.0,28946500.0,61791750.0,0.6809889985755732,0.0,25190500.0,4520500.0,0.0,0.0,58657500,0.0,5422250.0,37503000.0,0.4133097122767962,32080750.0,0.35355266384352796,0.0,86377750,0.9519441911211645,14522500.0,71855250,0.7918959204084275,0.2,0.2,359276250,359276250,https://www1.hkexnews.hk/search/titlesearch.xhtml,https://www1.hkexnews.hk/search/titlesearch.xhtml,1620584529,14:22:09,20210509
57,2006-06-30,0105.HK,HKD,2006-06-30,2006-06-30,Q2,90738250.0,28946500.0,61791750.0,0.6809889985755732,0.0,25190500.0,4520500.0,0.0,0.0,58657500,0.0,5422250.0,37503000.0,0.4133097122767962,32080750.0,0.35355266384352796,0.0,86377750,0.9519441911211645,14522500.0,71855250,0.7918959204084275,0.2,0.2,359276250,359276250,https://www1.hkexnews.hk/search/titlesearch.xhtml,https://www1.hkexnews.hk/search/titlesearch.xhtml,1620584529,14:22:09,20210509
58,2006-03-31,0105.HK,HKD,2006-03-31,2006-03-31,Q1,90738250.0,28946500.0,61791750.0,0.6809889985755732,0.0,25190500.0,4520500.0,0.0,0.0,58657500,0.0,5422250.0,37503000.0,0.4133097122767962,32080750.0,0.35355266384352796,0.0,86377750,0.9519441911211645,14522500.0,71855250,0.7918959204084275,0.2,0.2,359276250,359276250,https://www1.hkexnews.hk/search/titlesearch.xhtml,https://www1.hkexnews.hk/search/titlesearch.xhtml,1620584529,14:22:09,20210509
59,2006-01-31,0105.HK,HKD,2006-01-31,2006-01-31,Q1,90738250.0,28946500.0,61791750.0,0.6809889985755732,0.0,25190500.0,4520500.0,0.0,0.0,58657500,0.0,5422250.0,37503000.0,0.4133097122767962,32080750.0,0.35355266384352796,0.0,86377750,0.9519441911211645,14522500.0,71855250,0.7918959204084275,0.2,0.2,359276250,359276250,https://www1.hkexnews.hk/search/titlesearch.xhtml,https://www1.hkexnews.hk/search/titlesearch.xhtml,1620584529,14:22:09,20210509
60,2005-09-30,0105.HK,HKD,2005-09-30,2005-09-30,Q3,111222000.0,36020500.0,75201500.0,0.6761387135638632,0.0,27272250.0,6585500.0,0.0,0.0,69878250,0.0,5979000.0,47322750.0,0.4254801208394023,41343750.0,0.3717227706748665,0.0,45642000,0.41036845228461993,6903500.0,38738500,0.3482988977000953,0.1075,0.1075,360358140,360358140,https://www1.hkexnews.hk/search/titlesearch.xhtml,https://www1.hkexnews.hk/search/titlesearch.xhtml,1620584529,14:22:09,20210509
61,2005-06-30,0105.HK,HKD,2005-06-30,2005-06-30,Q2,111222000.0,36020500.0,75201500.0,0.6761387135638632,0.0,27272250.0,6585500.0,0.0,0.0,69878250,0.0,5979000.0,47322750.0,0.4254801208394023,41343750.0,0.3717227706748665,0.0,45642000,0.41036845228461993,6903500.0,38738500,0.3482988977000953,0.1075,0.1075,360358140,360358140,https://www1.hkexnews.hk/search/titlesearch.xhtml,https://www1.hkexnews.hk/search/titlesearch.xhtml,1620584529,14:22:09,20210509
62,2005-03-31,0105.HK,HKD,2005-03-31,2005-03-31,Q1,111222000.0,36020500.0,75201500.0,0.6761387135638632,0.0,27272250.0,6585500.0,0.0,0.0,69878250,0.0,5979000.0,47322750.0,0.4254801208394023,41343750.0,0.3717227706748665,0.0,45642000,0.41036845228461993,6903500.0,38738500,0.3482988977000953,0.1075,0.1075,360358140,360358140,https://www1.hkexnews.hk/search/titlesearch.xhtml,https://www1.hkexnews.hk/search/titlesearch.xhtml,1620584529,14:22:09,20210509
63,2005-01-31,0105.HK,HKD,2005-01-31,2005-01-31,Q1,111222000.0,36020500.0,75201500.0,0.6761387135638632,0.0,27272250.0,6585500.0,0.0,0.0,69878250,0.0,5979000.0,47322750.0,0.4254801208394023,41343750.0,0.3717227706748665,0.0,45642000,0.41036845228461993,6903500.0,38738500,0.3482988977000953,0.1075,0.1075,360358140,360358140,https://www1.hkexnews.hk/search/titlesearch.xhtml,https://www1.hkexnews.hk/search/titlesearch.xhtml,1620584529,14:22:09,20210509
64,2004-09-30,0105.HK,HKD,2004-09-30,2004-09-30,Q3,85078750.0,28745500.0,56333250.0,0.6621306730529068,0.0,23792250.0,4804250.0,0.0,0.0,57342000,0.0,4942500.0,32679250.0,0.3841059018850183,27736750.0,0.32601266473708185,0.0,29957000,0.35210907541542397,2415000.0,27542000,0.3237236090093002,0.0775,0.0775,355380645,355380645,https://www1.hkexnews.hk/search/titlesearch.xhtml,https://www1.hkexnews.hk/search/titlesearch.xhtml,1620584529,14:22:09,20210509
65,2004-06-30,0105.HK,HKD,2004-06-30,2004-06-30,Q2,85078750.0,28745500.0,56333250.0,0.6621306730529068,0.0,23792250.0,4804250.0,0.0,0.0,57342000,0.0,4942500.0,32679250.0,0.3841059018850183,27736750.0,0.32601266473708185,0.0,29957000,0.35210907541542397,2415000.0,27542000,0.3237236090093002,0.0775,0.0775,355380645,355380645,https://www1.hkexnews.hk/search/titlesearch.xhtml,https://www1.hkexnews.hk/search/titlesearch.xhtml,1620584529,14:22:09,20210509
66,2004-03-31,0105.HK,HKD,2004-03-31,2004-03-31,Q1,85078750.0,28745500.0,56333250.0,0.6621306730529068,0.0,23792250.0,4804250.0,0.0,0.0,57342000,0.0,4942500.0,32679250.0,0.3841059018850183,27736750.0,0.32601266473708185,0.0,29957000,0.35210907541542397,2415000.0,27542000,0.3237236090093002,0.0775,0.0775,355380645,355380645,https://www1.hkexnews.hk/search/titlesearch.xhtml,https://www1.hkexnews.hk/search/titlesearch.xhtml,1620584529,14:22:09,20210509
67,2004-01-31,0105.HK,HKD,2004-01-31,2004-01-31,Q1,85078750.0,28745500.0,56333250.0,0.6621306730529068,0.0,23792250.0,4804250.0,0.0,0.0,57342000,0.0,4942500.0,32679250.0,0.3841059018850183,27736750.0,0.32601266473708185,0.0,29957000,0.35210907541542397,2415000.0,27542000,0.3237236090093002,0.0775,0.0775,355380645,355380645,https://www1.hkexnews.hk/search/titlesearch.xhtml,https://www1.hkexnews.hk/search/titlesearch.xhtml,1620584529,14:22:09,20210509
68,2003-09-30,0105.HK,HKD,2003-09-30,2003-09-30,Q3,104779750.0,33855500.0,70924250.0,0.6768889026744195,0.0,27310000.0,6189750.0,0.0,0.0,67355250,0.0,5695000.0,43119500.0,0.4115251277083597,37424500.0,0.3571730224590152,0.0,30265500,0.28884875178648545,6138250.0,24127750,0.23027111631779995,0.0675,0.0675,357448148,357448148,https://www1.hkexnews.hk/search/titlesearch.xhtml,https://www1.hkexnews.hk/search/titlesearch.xhtml,1620584529,14:22:09,20210509
69,2003-06-30,0105.HK,HKD,2003-06-30,2003-06-30,Q2,104779750.0,33855500.0,70924250.0,0.6768889026744195,0.0,27310000.0,6189750.0,0.0,0.0,67355250,0.0,5695000.0,43119500.0,0.4115251277083597,37424500.0,0.3571730224590152,0.0,30265500,0.28884875178648545,6138250.0,24127750,0.23027111631779995,0.0675,0.0675,357448148,357448148,https://www1.hkexnews.hk/search/titlesearch.xhtml,https://www1.hkexnews.hk/search/titlesearch.xhtml,1620584529,14:22:09,20210509
70,2003-03-31,0105.HK,HKD,2003-03-31,2003-03-31,Q1,104779750.0,33855500.0,70924250.0,0.6768889026744195,0.0,27310000.0,6189750.0,0.0,0.0,67355250,0.0,5695000.0,43119500.0,0.4115251277083597,37424500.0,0.3571730224590152,0.0,30265500,0.28884875178648545,6138250.0,24127750,0.23027111631779995,0.0675,0.0675,357448148,357448148,https://www1.hkexnews.hk/search/titlesearch.xhtml,https://www1.hkexnews.hk/search/titlesearch.xhtml,1620584529,14:22:09,20210509
71,2003-01-31,0105.HK,HKD,2003-01-31,2003-01-31,Q1,104779750.0,33855500.0,70924250.0,0.6768889026744195,0.0,27310000.0,6189750.0,0.0,0.0,67355250,0.0,5695000.0,43119500.0,0.4115251277083597,37424500.0,0.3571730224590152,0.0,30265500,0.28884875178648545,6138250.0,24127750,0.23027111631779995,0.0675,0.0675,357448148,357448148,https://www1.hkexnews.hk/search/titlesearch.xhtml,https://www1.hkexnews.hk/search/titlesearch.xhtml,1620584529,14:22:09,20210509
72,2002-09-30,0105.HK,HKD,2002-09-30,2002-09-30,Q3,100091500.0,34625500.0,65466000.0,0.6540615336966675,0.0,24842750.0,5612750.0,0.0,0.0,65081000,0.0,6166000.0,41176500.0,0.41138857944980345,35010500.0,0.3497849467737021,0.0,32616500,0.3258668318488583,5552000.0,27064750,0.27040008392321024,0.075,0.075,360863333,360863333,https://www1.hkexnews.hk/search/titlesearch.xhtml,https://www1.hkexnews.hk/search/titlesearch.xhtml,1620584529,14:22:09,20210509
73,2002-06-30,0105.HK,HKD,2002-06-30,2002-06-30,Q2,100091500.0,34625500.0,65466000.0,0.6540615336966675,0.0,24842750.0,5612750.0,0.0,0.0,65081000,0.0,6166000.0,41176500.0,0.41138857944980345,35010500.0,0.3497849467737021,0.0,32616500,0.3258668318488583,5552000.0,27064750,0.27040008392321024,0.075,0.075,360863333,360863333,https://www1.hkexnews.hk/search/titlesearch.xhtml,https://www1.hkexnews.hk/search/titlesearch.xhtml,1620584529,14:22:09,20210509
74,2002-03-31,0105.HK,HKD,2002-03-31,2002-03-31,Q1,100091500.0,34625500.0,65466000.0,0.6540615336966675,0.0,24842750.0,5612750.0,0.0,0.0,65081000,0.0,6166000.0,41176500.0,0.41138857944980345,35010500.0,0.3497849467737021,0.0,32616500,0.3258668318488583,5552000.0,27064750,0.27040008392321024,0.075,0.075,360863333,360863333,https://www1.hkexnews.hk/search/titlesearch.xhtml,https://www1.hkexnews.hk/search/titlesearch.xhtml,1620584529,14:22:09,20210509
75,2002-01-31,0105.HK,HKD,2002-01-31,2002-01-31,Q1,100091500.0,34625500.0,65466000.0,0.6540615336966675,0.0,24842750.0,5612750.0,0.0,0.0,65081000,0.0,6166000.0,41176500.0,0.41138857944980345,35010500.0,0.3497849467737021,0.0,32616500,0.3258668318488583,5552000.0,27064750,0.27040008392321024,0.075,0.075,360863333,360863333,https://www1.hkexnews.hk/search/titlesearch.xhtml,https://www1.hkexnews.hk/search/titlesearch.xhtml,1620584529,14:22:09,20210509
