,date,symbol,reportedCurrency,fillingDate,acceptedDate,period,revenue,costOfRevenue,grossProfit,grossProfitRatio,researchAndDevelopmentExpenses,generalAndAdministrativeExpenses,sellingAndMarketingExpenses,otherExpenses,operatingExpenses,costAndExpenses,interestExpense,depreciationAndAmortization,ebitda,ebitdaratio,operatingIncome,operatingIncomeRatio,totalOtherIncomeExpensesNet,incomeBeforeTax,incomeBeforeTaxRatio,incomeTaxExpense,netIncome,netIncomeRatio,eps,epsdiluted,weightedAverageShsOut,weightedAverageShsOutDil,link,finalLink,timestamp,est_time,est_date
0,2021-03-31,IBM.L,USD,2021-03-31,2021-03-31,Q1,17731000000,9526000000.0,8204000000.0,0.4626924595341492,1630000000.0,0.0,0.0,-362000000.0,6657000000.0,16183000000.0,280000000.0,1672000000.0,3219000000,0.1815464440809881,1547000000,0.051040550448367264,-362000000.0,905000000.0,0.051040550448367264,-51000000.0,955000000.0,0.0538604703626417,1.07,1.06,893600000,901700000,https://find-and-update.company-information.service.gov.uk/search/companies?q=International+Business+Machines+Corp,https://find-and-update.company-information.service.gov.uk/search/companies?q=International+Business+Machines+Corp,1620593383,16:49:43,20210509
1,2020-12-31,IBM.L,USD,2020-12-31,2020-12-31,Q4,20368000000,9844000000.0,10523000000.0,0.5166437549096622,1611000000.0,7232000000.0,0.0,-247000000.0,8670000000.0,18514000000.0,317000000.0,1699000000.0,3552000000,0.1743912018853103,1853000000,0.09097604084838963,-247000000.0,1289000000.0,0.06328554595443833,25000000.0,1356000000.0,0.06657501963864886,1.52,1.51,892600000,899000000,,,1620593383,16:49:43,20210509
2,2020-09-30,IBM.L,USD,2020-09-30,2020-09-30,Q3,17561000000,9130000000.0,8430000000.0,0.48004099994305566,1515000000.0,4011000000.0,361000000.0,-266000000.0,6027000000.0,15157000000.0,323000000.0,1683000000.0,4086000000,0.2326746768407266,2403000000,0.13683730994818064,-268000000.0,1827000000.0,0.10403735550367291,128000000.0,1697000000.0,0.09663458800751666,1.9,1.89,891400000,897300000,https://find-and-update.company-information.service.gov.uk/search/companies?q=International+Business+Machines+Corp,https://find-and-update.company-information.service.gov.uk/search/companies?q=International+Business+Machines+Corp,1620593383,16:49:43,20210509
3,2020-06-30,IBM.L,USD,2020-06-30,2020-06-30,Q2,18123000000,9423000000.0,8700000000.0,0.48005297136235725,1582000000.0,4531000000.0,363000000.0,-230000000.0,6627000000.0,16050000000.0,323000000.0,1679000000.0,3752000000,0.20702974121282347,2073000000,0.11438503559013409,-200000000.0,1571000000.0,0.08668542735750152,209000000.0,1361000000.0,0.07509794184185842,1.53,1.52,889400000,894900000,https://find-and-update.company-information.service.gov.uk/search/companies?q=International+Business+Machines+Corp,https://find-and-update.company-information.service.gov.uk/search/companies?q=International+Business+Machines+Corp,1620593383,16:49:43,20210509
4,2020-03-31,IBM.L,USD,2020-03-31,2020-03-31,Q1,17570000000,9649000000.0,7922000000.0,0.45088218554354015,1625000000.0,5186000000.0,428000000.0,-264000000.0,7463000000.0,17112000000.0,326000000.0,1634000000.0,2093000000,0.11912350597609561,459000000,0.026124075128059192,-234000000.0,-49000000.0,-0.0027888446215139444,-1226000000.0,1175000000.0,0.06687535571997723,1.32,1.31,888000000,895000000,https://find-and-update.company-information.service.gov.uk/search/companies?q=International+Business+Machines+Corp,https://find-and-update.company-information.service.gov.uk/search/companies?q=International+Business+Machines+Corp,1620593383,16:49:43,20210509
5,2019-12-31,IBM.L,USD,2019-12-31,2019-12-31,Q4,21777000000,10677000000.0,11100000000.0,0.509712081553933,1596000000.0,4690000000.0,413000000.0,38000000.0,6834000000.0,17511000000.0,354000000.0,1650000000.0,5916000000,0.2716627634660422,4266000000,0.19589475134316023,30000000.0,3993000000.0,0.18335858933737428,324000000.0,3670000000.0,0.16852642696422832,4.14,4.11,887100000,893700000,https://find-and-update.company-information.service.gov.uk/search/companies?q=International+Business+Machines+Corp,https://find-and-update.company-information.service.gov.uk/search/companies?q=International+Business+Machines+Corp,1620593383,16:49:43,20210509
6,2019-09-30,IBM.L,USD,2019-09-30,2019-09-30,Q3,18027000000,9692000000.0,8336000000.0,0.4624174848837854,1553000000.0,4354000000.0,381000000.0,-71000000.0,6398000000.0,16090000000.0,432000000.0,1669000000.0,3607000000,0.200088755755256,1938000000,0.10750540855383592,-46000000.0,1522000000.0,0.08442891218727465,-151000000.0,1672000000.0,0.0927497642425251,1.89,1.87,886000000,892800000,https://find-and-update.company-information.service.gov.uk/search/companies?q=International+Business+Machines+Corp,https://find-and-update.company-information.service.gov.uk/search/companies?q=International+Business+Machines+Corp,1620593383,16:49:43,20210509
7,2019-06-30,IBM.L,USD,2019-06-30,2019-06-30,Q2,19161000000,10151000000.0,9010000000.0,0.4702259798549136,1407000000.0,4923000000.0,421000000.0,461000000.0,6624000000.0,16775000000.0,348000000.0,1294000000.0,3680000000,0.19205678200511456,2386000000,0.12452377224570743,562000000.0,2768000000.0,0.1444601012473253,269000000.0,2498000000.0,0.13036897865455874,2.82,2.81,886300000,890800000,https://find-and-update.company-information.service.gov.uk/search/companies?q=International+Business+Machines+Corp,https://find-and-update.company-information.service.gov.uk/search/companies?q=International+Business+Machines+Corp,1620593383,16:49:43,20210509
8,2019-03-31,IBM.L,USD,2019-03-31,2019-03-31,Q1,18181000000,10139000000.0,8043000000.0,0.4423849073208294,1433000000.0,4141000000.0,432000000.0,-106000000.0,6002000000.0,16141000000.0,210000000.0,1446000000.0,3487000000,0.1917936307133821,2041000000,0.1122600517023266,-19000000.0,1883000000.0,0.10356966063472857,289000000.0,1591000000.0,0.0875089379022056,1.79,1.78,889600000,893900000,https://find-and-update.company-information.service.gov.uk/search/companies?q=International+Business+Machines+Corp,https://find-and-update.company-information.service.gov.uk/search/companies?q=International+Business+Machines+Corp,1620593383,16:49:43,20210509
9,2018-12-31,IBM.L,USD,2018-12-31,2018-12-31,Q4,21760000000,11073000000.0,10687000000.0,0.49113051470588237,1358000000.0,4248000000.0,335000000.0,-366000000.0,5863000000.0,16936000000.0,193000000.0,1112000000.0,5936000000,0.2727941176470588,4824000000,0.22169117647058822,-272000000.0,4434000000.0,0.20376838235294117,2481000000.0,1951000000.0,0.08965992647058824,2.17,2.15,901300000,905200000,https://find-and-update.company-information.service.gov.uk/search/companies?q=International+Business+Machines+Corp,https://find-and-update.company-information.service.gov.uk/search/companies?q=International+Business+Machines+Corp,1620593383,16:49:43,20210509
10,2018-09-30,IBM.L,USD,2018-09-30,2018-09-30,Q3,18755000000,9953000000.0,8803000000.0,0.46936816848840307,1252000000.0,3926000000.0,323000000.0,-366000000.0,5336000000.0,15289000000.0,191000000.0,1138000000.0,4605000000,0.2455345241268995,3467000000,0.1848573713676353,-349000000.0,2996000000.0,0.15974406824846707,304000000.0,2694000000.0,0.14364169554785391,2.95,2.94,911200000,915200000,https://find-and-update.company-information.service.gov.uk/search/companies?q=International+Business+Machines+Corp,https://find-and-update.company-information.service.gov.uk/search/companies?q=International+Business+Machines+Corp,1620593383,16:49:43,20210509
11,2018-06-30,IBM.L,USD,2018-06-30,2018-06-30,Q2,20003000000,10804000000.0,9199000000.0,0.4598810178473229,1364000000.0,4301000000.0,407000000.0,-365000000.0,5931000000.0,16735000000.0,173000000.0,1116000000.0,4384000000,0.2191671249312603,3268000000,0.1633754936759486,-367000000.0,2776000000.0,0.13877918312253162,373000000.0,2403000000.0,0.12013198020296956,2.63,2.61,915100000,919400000,https://find-and-update.company-information.service.gov.uk/search/companies?q=International+Business+Machines+Corp,https://find-and-update.company-information.service.gov.uk/search/companies?q=International+Business+Machines+Corp,1620593383,16:49:43,20210509
12,2018-03-31,IBM.L,USD,2018-03-31,2018-03-31,Q1,19071000000,10825000000.0,8247000000.0,0.4324366839704263,1405000000.0,4921000000.0,401000000.0,-413000000.0,6520000000.0,17345000000.0,165000000.0,1114000000.0,2841000000,0.14896963976718577,1727000000,0.09055634209008442,-496000000.0,1136000000.0,0.05956688165277122,-540000000.0,1679000000.0,0.08803943159771381,1.82,1.81,920700000,925400000,https://find-and-update.company-information.service.gov.uk/search/companies?q=International+Business+Machines+Corp,https://find-and-update.company-information.service.gov.uk/search/companies?q=International+Business+Machines+Corp,1620593383,16:49:43,20210509
13,2017-12-31,IBM.L,USD,2017-12-31,2017-12-31,Q4,22543000000,11681000000.0,10862000000.0,0.48183471587632526,1427000000.0,4662000000.0,355000000.0,-7000000.0,6210000000.0,17891000000.0,164000000.0,1149000000.0,5801000000,0.2573304351683449,4652000000,0.20636117641840038,-59000000.0,4469000000.0,0.1982433571396886,5522000000.0,-1055000000.0,-0.046799449940114445,-1.1411573823688481,-1.1357519646894176,924500000,928900000,https://find-and-update.company-information.service.gov.uk/search/companies?q=International+Business+Machines+Corp,https://find-and-update.company-information.service.gov.uk/search/companies?q=International+Business+Machines+Corp,1620593383,16:49:43,20210509
14,2017-09-30,IBM.L,USD,2017-09-30,2017-09-30,Q3,19153000000,10353000000.0,8800000000.0,0.45945804834751736,1342000000.0,4178000000.0,337000000.0,79000000.0,5674000000.0,16027000000.0,168000000.0,1176000000.0,4302000000,0.2246123322717068,3126000000,0.16321202944708402,70000000.0,3065000000.0,0.16002714979376598,339000000.0,2726000000.0,0.14232757270401503,2.93,2.92,929400000,933200000,https://find-and-update.company-information.service.gov.uk/search/companies?q=International+Business+Machines+Corp,https://find-and-update.company-information.service.gov.uk/search/companies?q=International+Business+Machines+Corp,1620593383,16:49:43,20210509
15,2017-06-30,IBM.L,USD,2017-06-30,2017-06-30,Q2,19289000000,10495000000.0,8794000000.0,0.455907512053502,1484000000.0,4625000000.0,390000000.0,25000000.0,6261000000.0,16756000000.0,147000000.0,1117000000.0,3650000000,0.18922702058167867,2533000000,0.13131836798175126,24000000.0,2443000000.0,0.12665249624138109,111000000.0,2331000000.0,0.12084607807558712,2.49,2.48,934900000,939600000,https://find-and-update.company-information.service.gov.uk/search/companies?q=International+Business+Machines+Corp,https://find-and-update.company-information.service.gov.uk/search/companies?q=International+Business+Machines+Corp,1620593383,16:49:43,20210509
16,2017-03-31,IBM.L,USD,2017-03-31,2017-03-31,Q1,18155000000,10383000000.0,7772000000.0,0.428091434866428,1533000000.0,4643000000.0,363000000.0,19000000.0,6224000000.0,16607000000.0,135000000.0,1099000000.0,2647000000,0.14580005508124483,1548000000,0.08526576700633434,-18000000.0,1424000000.0,0.07843569264665382,-329000000.0,1750000000.0,0.09639217846323327,1.86,1.85,942400000,947800000,https://find-and-update.company-information.service.gov.uk/search/companies?q=International+Business+Machines+Corp,https://find-and-update.company-information.service.gov.uk/search/companies?q=International+Business+Machines+Corp,1620593383,16:49:43,20210509
17,2016-12-31,IBM.L,USD,2016-12-31,2016-12-31,Q4,21771000000,10877000000.0,10893000000.0,0.5003444949703735,1431000000.0,4571000000.0,276000000.0,68000000.0,5889000000.0,16766000000.0,157000000.0,1127000000.0,6131000000,0.281613155114602,5004000000,0.2298470442331542,108000000.0,4985000000.0,0.2289743236415415,480000000.0,4501000000.0,0.20674291488677599,4.74,4.72,948600000,952700000,https://find-and-update.company-information.service.gov.uk/search/companies?q=International+Business+Machines+Corp,https://find-and-update.company-information.service.gov.uk/search/companies?q=International+Business+Machines+Corp,1620593383,16:49:43,20210509
18,2016-09-30,IBM.L,USD,2016-09-30,2016-09-30,Q3,19227000000,10213000000.0,9013000000.0,0.46876787850418683,1397000000.0,4287000000.0,341000000.0,51000000.0,5633000000.0,15846000000.0,158000000.0,1127000000.0,4507000000,0.23440994434909243,3380000000,0.1757944557133198,18000000.0,3263000000.0,0.16970926301555106,409000000.0,2853000000.0,0.14838508347636137,2.99,2.98,954000000,957300000,https://find-and-update.company-information.service.gov.uk/search/companies?q=International+Business+Machines+Corp,https://find-and-update.company-information.service.gov.uk/search/companies?q=International+Business+Machines+Corp,1620593383,16:49:43,20210509
19,2016-06-30,IBM.L,USD,2016-06-30,2016-06-30,Q2,20239000000,10536000000.0,9702000000.0,0.47937151045012105,1465000000.0,4826000000.0,361000000.0,16000000.0,6423000000.0,16959000000.0,167000000.0,1103000000.0,4382000000,0.21651267355106477,3279000000,0.1620139334947379,-92000000.0,3049000000.0,0.15064973565887643,544000000.0,2505000000.0,0.12377093729927367,2.62,2.61,957400000,960500000,https://find-and-update.company-information.service.gov.uk/search/companies?q=International+Business+Machines+Corp,https://find-and-update.company-information.service.gov.uk/search/companies?q=International+Business+Machines+Corp,1620593383,16:49:43,20210509
20,2016-03-31,IBM.L,USD,2016-03-31,2016-03-31,Q1,18684000000,9999000000.0,8686000000.0,0.46488974523656607,1458000000.0,5468000000.0,348000000.0,-219000000.0,7156000000.0,17155000000.0,147000000.0,1024000000.0,2554000000,0.13669449796617428,1530000000,0.08188824662813102,-374000000.0,1034000000.0,0.05534146863626632,-983000000.0,2013000000.0,0.10773924213230572,2.0931683477175835,2.0873081708834507,961700000,964400000,https://find-and-update.company-information.service.gov.uk/search/companies?q=International+Business+Machines+Corp,https://find-and-update.company-information.service.gov.uk/search/companies?q=International+Business+Machines+Corp,1620593383,16:49:43,20210509
21,2015-12-31,IBM.L,USD,2015-12-31,2015-12-31,Q4,22060000000,10652000000.0,11406000000.0,0.5170444242973709,1362000000.0,4708000000.0,322000000.0,67000000.0,6279000000.0,16931000000.0,128000000.0,990000000.0,6117000000,0.27728921124206707,5127000000,0.23241160471441524,79000000.0,5099000000.0,0.2311423390752493,638000000.0,4462000000.0,0.20226654578422484,4.6,4.59,969400000,972800000,https://find-and-update.company-information.service.gov.uk/search/companies?q=International+Business+Machines+Corp,https://find-and-update.company-information.service.gov.uk/search/companies?q=International+Business+Machines+Corp,1620593383,16:49:43,20210509
22,2015-09-30,IBM.L,USD,2015-09-30,2015-09-30,Q3,19280000000,9844000000.0,9436000000.0,0.48941908713692944,1287000000.0,4318000000.0,315000000.0,53000000.0,5805000000.0,15649000000.0,117000000.0,936000000.0,4567000000,0.23687759336099584,3631000000,0.1883298755186722,90000000.0,3621000000.0,0.18781120331950207,659000000.0,2950000000.0,0.15300829875518673,3.03,3.01,975100000,979000000,https://find-and-update.company-information.service.gov.uk/search/companies?q=International+Business+Machines+Corp,https://find-and-update.company-information.service.gov.uk/search/companies?q=International+Business+Machines+Corp,1620593383,16:49:43,20210509
23,2015-06-30,IBM.L,USD,2015-06-30,2015-06-30,Q2,20813000000,10423000000.0,10390000000.0,0.49920722625282277,1300000000.0,4693000000.0,341000000.0,102000000.0,6278000000.0,16701000000.0,115000000.0,961000000.0,5073000000,0.2437418920866766,4112000000,0.19756882717532312,209000000.0,4224000000.0,0.2029500792773747,698000000.0,3449000000.0,0.16571373660692837,3.51,3.5,982300000,986700000,https://find-and-update.company-information.service.gov.uk/search/companies?q=International+Business+Machines+Corp,https://find-and-update.company-information.service.gov.uk/search/companies?q=International+Business+Machines+Corp,1620593383,16:49:43,20210509
24,2015-03-31,IBM.L,USD,2015-03-31,2015-03-31,Q1,19590000000,10138000000.0,9452000000.0,0.48249106687085247,1298000000.0,4887000000.0,313000000.0,37000000.0,6404000000.0,16542000000.0,108000000.0,968000000.0,4016000000,0.20500255232261358,3048000000,0.1555895865237366,42000000.0,3001000000.0,0.15319040326697295,585000000.0,2327000000.0,0.1187850944359367,2.36,2.35,988100000,992300000,https://find-and-update.company-information.service.gov.uk/search/companies?q=International+Business+Machines+Corp,https://find-and-update.company-information.service.gov.uk/search/companies?q=International+Business+Machines+Corp,1620593383,16:49:43,20210509
25,2014-12-31,IBM.L,USD,2014-12-31,2014-12-31,Q4,24113000000,11251000000.0,12862000000.0,0.5334052171028076,1320000000.0,5515000000.0,316000000.0,1428000000.0,7045000000.0,18296000000.0,117000000.0,1046000000.0,6863000000,0.2846182557126861,5817000000,0.24123916559532202,1371000000.0,7095000000.0,0.29423962178078217,1579000000.0,5483000000.0,0.227387716169701,5.54,5.51,990400000,995400000,https://find-and-update.company-information.service.gov.uk/search/companies?q=International+Business+Machines+Corp,https://find-and-update.company-information.service.gov.uk/search/companies?q=International+Business+Machines+Corp,1620593383,16:49:43,20210509
26,2014-09-30,IBM.L,USD,2014-09-30,2014-09-30,Q3,22397000000,11523000000.0,10874000000.0,0.48551145242666427,1354000000.0,4778000000.0,306000000.0,93000000.0,6389000000.0,17912000000.0,126000000.0,1139000000.0,5624000000,0.25110505871322053,4485000000,0.20025003348662768,-20000000.0,4361000000.0,0.19471357771130063,906000000.0,18000000.0,0.0008036790641603786,0.018148820326678767,0.018041495439510873,991800000,997700000,https://find-and-update.company-information.service.gov.uk/search/companies?q=International+Business+Machines+Corp,https://find-and-update.company-information.service.gov.uk/search/companies?q=International+Business+Machines+Corp,1620593383,16:49:43,20210509
27,2014-06-30,IBM.L,USD,2014-06-30,2014-06-30,Q2,24363000000,12389000000.0,11975000000.0,0.4915240323441284,1457000000.0,5095000000.0,347000000.0,196000000.0,6802000000.0,19191000000.0,136000000.0,1166000000.0,6339000000,0.26018963181874155,5173000000,0.21233017280302097,111000000.0,5171000000.0,0.21224808110659607,1034000000.0,4137000000.0,0.16980667405491934,4.14,4.12,999600000,1005100000,https://find-and-update.company-information.service.gov.uk/search/companies?q=International+Business+Machines+Corp,https://find-and-update.company-information.service.gov.uk/search/companies?q=International+Business+Machines+Corp,1620593383,16:49:43,20210509
28,2014-03-31,IBM.L,USD,2014-03-31,2014-03-31,Q1,22483000000,11941000000.0,10543000000.0,0.46893208201752434,1501000000.0,5804000000.0,338000000.0,158000000.0,7528000000.0,19469000000.0,105000000.0,1141000000.0,4156000000,0.18485077614197393,3015000000,0.13410132099808744,49000000.0,2980000000.0,0.13254458924520748,596000000.0,2384000000.0,0.10603567139616599,2.3,2.29,1035200000,1041800000,https://find-and-update.company-information.service.gov.uk/search/companies?q=International+Business+Machines+Corp,https://find-and-update.company-information.service.gov.uk/search/companies?q=International+Business+Machines+Corp,1620593383,16:49:43,20210509
29,2013-12-31,IBM.L,USD,2013-12-31,2013-12-31,Q4,27699000000,13383000000.0,14316000000.0,0.5168417632405502,1565000000.0,5494000000.0,323000000.0,72000000.0,7274000000.0,20657000000.0,113000000.0,1214000000.0,8256000000,0.29806130185205243,7042000000,0.25423300480161737,18000000.0,6962000000.0,0.25134481389219826,778000000.0,6184000000.0,0.2232571572980974,5.77,5.73,1072500000,1080000000,https://find-and-update.company-information.service.gov.uk/search/companies?q=International+Business+Machines+Corp,https://find-and-update.company-information.service.gov.uk/search/companies?q=International+Business+Machines+Corp,1620593383,16:49:43,20210509
30,2013-09-30,IBM.L,USD,2013-09-30,2013-09-30,Q3,23721000000,12341000000.0,11380000000.0,0.4797436870283715,1468000000.0,4825000000.0,300000000.0,15000000.0,6502000000.0,18843000000.0,97000000.0,1175000000.0,6053000000,0.25517473968213816,4878000000,0.20564057164537752,19000000.0,4812000000.0,0.20285822688756797,772000000.0,4041000000.0,0.17035538130770203,3.7,3.68,1090900000,1098800000,https://find-and-update.company-information.service.gov.uk/search/companies?q=International+Business+Machines+Corp,https://find-and-update.company-information.service.gov.uk/search/companies?q=International+Business+Machines+Corp,1620593383,16:49:43,20210509
31,2013-06-30,IBM.L,USD,2013-06-30,2013-06-30,Q2,24924000000,12792000000.0,12132000000.0,0.4867597496389023,1548000000.0,6220000000.0,348000000.0,25000000.0,7957000000.0,20749000000.0,98000000.0,1136000000.0,5311000000,0.21308778687209115,4175000000,0.16750922805328197,48000000.0,4144000000.0,0.16626544695875461,918000000.0,3226000000.0,0.12943347777242817,2.93,2.91,1100900000,1109400000,https://find-and-update.company-information.service.gov.uk/search/companies?q=International+Business+Machines+Corp,https://find-and-update.company-information.service.gov.uk/search/companies?q=International+Business+Machines+Corp,1620593383,16:49:43,20210509
32,2013-03-31,IBM.L,USD,2013-03-31,2013-03-31,Q1,23408000000,12730000000.0,10678000000.0,0.45616883116883117,1644000000.0,5142000000.0,323000000.0,19000000.0,7016000000.0,19746000000.0,94000000.0,1153000000.0,4815000000,0.2056989063568011,3662000000,0.15644224196855777,14000000.0,3606000000.0,0.1540498974709501,574000000.0,3032000000.0,0.12952836637047163,2.72,2.7,1113700000,1124000000,https://find-and-update.company-information.service.gov.uk/search/companies?q=International+Business+Machines+Corp,https://find-and-update.company-information.service.gov.uk/search/companies?q=International+Business+Machines+Corp,1620593383,16:49:43,20210509
33,2012-12-31,IBM.L,USD,2012-12-31,2012-12-31,Q4,29304000000,14137000000.0,15167000000.0,0.5175743925743925,1580000000.0,5463000000.0,350000000.0,47000000.0,6377000000.0,20514000000.0,109000000.0,1152000000.0,9942000000,0.3392710892710893,8790000000,0.29995904995905,-876000000.0,7831000000.0,0.2672331422331422,1998000000.0,5833000000.0,0.19905132405132406,5.19,5.13,1124700000,1136400000,https://find-and-update.company-information.service.gov.uk/search/companies?q=International+Business+Machines+Corp,https://find-and-update.company-information.service.gov.uk/search/companies?q=International+Business+Machines+Corp,1620593383,16:49:43,20210509
34,2012-09-30,IBM.L,USD,2012-09-30,2012-09-30,Q3,24747000000,13016000000.0,11731000000.0,0.47403725704125754,1534000000.0,5480000000.0,330000000.0,606000000.0,7443000000.0,20459000000.0,124000000.0,1191000000.0,5479000000,0.2214005738069261,4288000000,0.1732735281044167,888000000.0,5074000000.0,0.20503495373176547,1251000000.0,3824000000.0,0.15452378066028205,3.36,3.33,1137200000,1149300000,https://find-and-update.company-information.service.gov.uk/search/companies?q=International+Business+Machines+Corp,https://find-and-update.company-information.service.gov.uk/search/companies?q=International+Business+Machines+Corp,1620593383,16:49:43,20210509
35,2012-06-30,IBM.L,USD,2012-06-30,2012-06-30,Q2,25783000000,13502000000.0,12281000000.0,0.4763216072605981,1587000000.0,5409000000.0,344000000.0,132000000.0,7425000000.0,20927000000.0,117000000.0,1176000000.0,6032000000,0.2339526044292751,4856000000,0.18834115502462864,391000000.0,5161000000.0,0.2001706550828065,1280000000.0,3881000000.0,0.15052554008455182,3.38,3.34,1149000000,1161900000,https://find-and-update.company-information.service.gov.uk/search/companies?q=International+Business+Machines+Corp,https://find-and-update.company-information.service.gov.uk/search/companies?q=International+Business+Machines+Corp,1620593383,16:49:43,20210509
36,2012-03-31,IBM.L,USD,2012-03-31,2012-03-31,Q1,24673000000,13555000000.0,11118000000.0,0.4506140315324444,1601000000.0,5484000000.0,316000000.0,58000000.0,7479000000.0,21034000000.0,110000000.0,1157000000.0,4796000000,0.19438252340615247,3639000000,0.1474891581891136,276000000.0,3836000000.0,0.1554735946175982,769000000.0,3066000000.0,0.12426539131844526,2.65,2.61,1159100000,1174200000,https://find-and-update.company-information.service.gov.uk/search/companies?q=International+Business+Machines+Corp,https://find-and-update.company-information.service.gov.uk/search/companies?q=International+Business+Machines+Corp,1620593383,16:49:43,20210509
37,2011-12-31,IBM.L,USD,2011-12-31,2011-12-31,Q4,29486000000,14764000000.0,14722000000.0,0.4992877975988605,1555000000.0,5570000000.0,345000000.0,44000000.0,7631000000.0,22395000000.0,113000000.0,1188000000.0,8279000000,0.2807773180492437,7091000000,0.24048701078477921,265000000.0,7274000000.0,0.24669334599470935,1784000000.0,5490000000.0,0.18619005629790408,4.68,4.62,1172200000,1188700000,https://find-and-update.company-information.service.gov.uk/search/companies?q=International+Business+Machines+Corp,https://find-and-update.company-information.service.gov.uk/search/companies?q=International+Business+Machines+Corp,1620593383,16:49:43,20210509
38,2011-09-30,IBM.L,USD,2011-09-30,2011-09-30,Q3,26157000000,13984000000.0,12173000000.0,0.46538211568604965,1546000000.0,5247000000.0,339000000.0,-128000000.0,7207000000.0,21191000000.0,107000000.0,1192000000.0,6158000000,0.23542455174523072,4966000000,0.18985357648048323,130000000.0,5027000000.0,0.1921856482012463,1188000000.0,3839000000.0,0.1467675956722866,3.23,3.19,1188600000,1204900000,https://find-and-update.company-information.service.gov.uk/search/companies?q=International+Business+Machines+Corp,https://find-and-update.company-information.service.gov.uk/search/companies?q=International+Business+Machines+Corp,1620593383,16:49:43,20210509
39,2011-06-30,IBM.L,USD,2011-06-30,2011-06-30,Q2,26666000000,14282000000.0,12384000000.0,0.46441161029025724,1569000000.0,5585000000.0,366000000.0,-97000000.0,7600000000.0,21882000000.0,97000000.0,1207000000.0,5991000000,0.2246681167029176,4784000000,0.1794044851121278,168000000.0,4885000000.0,0.18319207980199506,1221000000.0,3664000000.0,0.13740343508587716,3.04,3.0,1204800000,1221400000,https://find-and-update.company-information.service.gov.uk/search/companies?q=International+Business+Machines+Corp,https://find-and-update.company-information.service.gov.uk/search/companies?q=International+Business+Machines+Corp,1620593383,16:49:43,20210509
40,2011-03-31,IBM.L,USD,2011-03-31,2011-03-31,Q1,24607000000,13749000000.0,10858000000.0,0.4412565530133702,1587000000.0,5439000000.0,323000000.0,202000000.0,7409000000.0,21158000000.0,129000000.0,1228000000.0,4677000000,0.19006786686715163,3449000000,0.14016336814727517,425000000.0,3817000000.0,0.1551184622261958,954000000.0,2863000000.0,0.11634900638029828,2.34,2.31,1222200000,1240000000,https://find-and-update.company-information.service.gov.uk/search/companies?q=International+Business+Machines+Corp,https://find-and-update.company-information.service.gov.uk/search/companies?q=International+Business+Machines+Corp,1620593383,16:49:43,20210509
41,2010-12-31,IBM.L,USD,2010-12-31,2010-12-31,Q4,29018000000,14792000000.0,14227000000.0,0.49028189399682953,1578000000.0,5474000000.0,371000000.0,42000000.0,7539000000.0,22331000000.0,101000000.0,1235000000.0,7922000000,0.27300296367771726,6687000000,0.2304431732028396,341000000.0,6955000000.0,0.2396788200427321,1698000000.0,5257000000.0,0.181163415810876,4.24,4.18,1240100000,1258400000,https://find-and-update.company-information.service.gov.uk/search/companies?q=International+Business+Machines+Corp,https://find-and-update.company-information.service.gov.uk/search/companies?q=International+Business+Machines+Corp,1620593383,16:49:43,20210509
42,2010-09-30,IBM.L,USD,2010-09-30,2010-09-30,Q3,24271000000,13270000000.0,11001000000.0,0.45325697334267234,1464000000.0,4769000000.0,337000000.0,0.0,6632000000.0,19902000000.0,95000000.0,1203000000.0,5572000000,0.22957438918874376,4369000000,0.18000906431543817,380000000.0,4677000000.0,0.19269910592888634,1088000000.0,3589000000.0,0.14787194594371883,2.86,2.82,1255200000,1272800000,https://find-and-update.company-information.service.gov.uk/search/companies?q=International+Business+Machines+Corp,https://find-and-update.company-information.service.gov.uk/search/companies?q=International+Business+Machines+Corp,1620593383,16:49:43,20210509
43,2010-06-30,IBM.L,USD,2010-06-30,2010-06-30,Q2,23724000000,12915000000.0,10809000000.0,0.4556145675265554,1475000000.0,4655000000.0,329000000.0,0.0,6515000000.0,19430000000.0,90000000.0,1183000000.0,5477000000,0.2308632608329118,4294000000,0.18099814533805428,348000000.0,4575000000.0,0.19284269094587758,1190000000.0,3386000000.0,0.14272466700387793,2.65,2.61,1278600000,1296700000,https://find-and-update.company-information.service.gov.uk/search/companies?q=International+Business+Machines+Corp,https://find-and-update.company-information.service.gov.uk/search/companies?q=International+Business+Machines+Corp,1620593383,16:49:43,20210509
44,2010-03-31,IBM.L,USD,2010-03-31,2010-03-31,Q1,22856000000,12880000000.0,9976000000.0,0.4364718235911796,1509000000.0,5311000000.0,300000000.0,0.0,7186000000.0,20066000000.0,82000000.0,1210000000.0,4000000000,0.17500875043752187,2790000000,0.12206860343017151,788000000.0,3515000000.0,0.15378893944697236,914000000.0,2601000000.0,0.1137994399719986,2.0,1.97,1301200000,1321600000,https://find-and-update.company-information.service.gov.uk/search/companies?q=International+Business+Machines+Corp,https://find-and-update.company-information.service.gov.uk/search/companies?q=International+Business+Machines+Corp,1620593383,16:49:43,20210509
45,2009-12-31,IBM.L,USD,2009-12-31,2009-12-31,Q4,27230000000,14085000000.0,13145000000.0,0.48273962541314724,1460000000.0,5103000000.0,341000000.0,0.0,7118000000.0,21203000000.0,81000000.0,1265000000.0,7292000000,0.2677928755049578,6027000000,0.22133676092544988,394000000.0,6381000000.0,0.23433712816746236,1568000000.0,4813000000.0,0.17675358060962174,3.65,3.59,1318400000,1340700000,https://find-and-update.company-information.service.gov.uk/search/companies?q=International+Business+Machines+Corp,https://find-and-update.company-information.service.gov.uk/search/companies?q=International+Business+Machines+Corp,1620593383,16:49:43,20210509
46,2009-09-30,IBM.L,USD,2009-09-30,2009-09-30,Q3,23566000000,12938000000.0,10627000000.0,0.45094627853687513,1446000000.0,4642000000.0,323000000.0,0.0,6483000000.0,19421000000.0,84000000.0,1258000000.0,5403000000,0.22927098362047016,4145000000,0.17588899261648136,305000000.0,4373000000.0,0.1855639480607655,1159000000.0,3214000000.0,0.13638292455232115,2.44,2.4,1319900000,1338200000,https://find-and-update.company-information.service.gov.uk/search/companies?q=International+Business+Machines+Corp,https://find-and-update.company-information.service.gov.uk/search/companies?q=International+Business+Machines+Corp,1620593383,16:49:43,20210509
47,2009-06-30,IBM.L,USD,2009-06-30,2009-06-30,Q2,23250000000,12669000000.0,10581000000.0,0.4550967741935484,1434000000.0,4717000000.0,300000000.0,0.0,6548000000.0,19217000000.0,101000000.0,1242000000.0,5275000000,0.22688172043010751,4033000000,0.17346236559139785,311000000.0,4262000000.0,0.18331182795698925,1159000000.0,3103000000.0,0.13346236559139785,2.34,2.32,1326100000,1336900000,https://find-and-update.company-information.service.gov.uk/search/companies?q=International+Business+Machines+Corp,https://find-and-update.company-information.service.gov.uk/search/companies?q=International+Business+Machines+Corp,1620593383,16:49:43,20210509
48,2009-03-31,IBM.L,USD,2009-03-31,2009-03-31,Q1,21711000000,12280000000.0,9431000000.0,0.4343880981990696,1480000000.0,4807000000.0,287000000.0,0.0,6744000000.0,19024000000.0,136000000.0,1229000000.0,3916000000,0.18036939800101331,2687000000,0.12376214821979642,546000000.0,3122000000.0,0.14379807470867303,827000000.0,2295000000.0,0.10570678457924554,1.71,1.7,1344300000,1349500000,https://find-and-update.company-information.service.gov.uk/search/companies?q=International+Business+Machines+Corp,https://find-and-update.company-information.service.gov.uk/search/companies?q=International+Business+Machines+Corp,1620593383,16:49:43,20210509
49,2008-12-31,IBM.L,USD,2008-12-31,2008-12-31,Q4,27007000000,14071000000.0,12936000000.0,0.4789869293146221,1528000000.0,5833000000.0,0.0,0.0,7361000000.0,21432000000.0,191000000.0,1321000000.0,6896000000,0.25534120783500575,5575000000,0.2064279631206724,710000000.0,5808000000.0,0.21505535601880993,1382000000.0,4427000000.0,0.16392046506461289,4.966345075162666,4.966345075162666,891400000,891400000,https://find-and-update.company-information.service.gov.uk/search/companies?q=International+Business+Machines+Corp,https://find-and-update.company-information.service.gov.uk/search/companies?q=International+Business+Machines+Corp,1620593383,16:49:43,20210509
50,2008-09-30,IBM.L,USD,2008-09-30,2008-09-30,Q3,25302000000,14342000000.0,10960000000.0,0.43316733855031225,1579000000.0,5644000000.0,0.0,0.0,7223000000.0,21565000000.0,159000000.0,1379000000.0,5116000000,0.20219745474666034,3737000000,0.14769583432139752,244000000.0,3895000000.0,0.15394039996838194,1071000000.0,2824000000.0,0.11161173029800016,2.09,2.05,1350700000,1379100000,https://find-and-update.company-information.service.gov.uk/search/companies?q=International+Business+Machines+Corp,https://find-and-update.company-information.service.gov.uk/search/companies?q=International+Business+Machines+Corp,1620593383,16:49:43,20210509
51,2008-06-30,IBM.L,USD,2008-06-30,2008-06-30,Q2,26178000000,15221000000.0,10957000000.0,0.41855756742302697,1660000000.0,6289000000.0,0.0,0.0,7949000000.0,23170000000.0,145000000.0,1403000000.0,4411000000,0.16850026740010696,3008000000,0.11490564596225838,232000000.0,3814000000.0,0.14569485827794332,1049000000.0,2765000000.0,0.1056230422492169,2.02,1.98,1366300000,1395800000,https://find-and-update.company-information.service.gov.uk/search/companies?q=International+Business+Machines+Corp,https://find-and-update.company-information.service.gov.uk/search/companies?q=International+Business+Machines+Corp,1620593383,16:49:43,20210509
52,2008-03-31,IBM.L,USD,2008-03-31,2008-03-31,Q1,23862000000,14336000000.0,9526000000.0,0.3992121364512614,1569000000.0,5620000000.0,0.0,0.0,7189000000.0,21525000000.0,178000000.0,1347000000.0,3684000000,0.15438772944430476,2337000000,0.0979381443298969,265000000.0,3198000000.0,0.13402061855670103,879000000.0,2319000000.0,0.09718380688961528,1.68,1.65,1383000000,1404300000,https://find-and-update.company-information.service.gov.uk/search/companies?q=International+Business+Machines+Corp,https://find-and-update.company-information.service.gov.uk/search/companies?q=International+Business+Machines+Corp,1620593383,16:49:43,20210509
53,2007-12-31,IBM.L,USD,2007-12-31,2007-12-31,Q4,30718000000,15897000000.0,14821000000.0,0.4824858389218048,1585000000.0,6016000000.0,0.0,0.0,7601000000.0,23498000000.0,215000000.0,1337000000.0,8557000000,0.2785663129109968,7220000000,0.23504134383748942,335000000.0,5488000000.0,0.17865746467869,1537000000.0,3952000000.0,0.12865420925841525,4.433475431904869,4.433475431904869,891400000,891400000,https://find-and-update.company-information.service.gov.uk/search/companies?q=International+Business+Machines+Corp,https://find-and-update.company-information.service.gov.uk/search/companies?q=International+Business+Machines+Corp,1620593383,16:49:43,20210509
54,2007-09-30,IBM.L,USD,2007-09-30,2007-09-30,Q3,23490000000,14163000000.0,9327000000.0,0.3970625798212005,1524000000.0,5324000000.0,0.0,0.0,6848000000.0,21011000000.0,193000000.0,1340000000.0,3819000000,0.16257982120051084,2479000000,0.10553426990208599,365000000.0,3280000000.0,0.13963388676032354,918000000.0,2361000000.0,0.10051085568326948,1.72,1.68,1371400000,1405800000,https://find-and-update.company-information.service.gov.uk/search/companies?q=International+Business+Machines+Corp,https://find-and-update.company-information.service.gov.uk/search/companies?q=International+Business+Machines+Corp,1620593383,16:49:43,20210509
55,2007-06-30,IBM.L,USD,2007-06-30,2007-06-30,Q2,23170000000,13834000000.0,9336000000.0,0.40293482952093224,1534000000.0,5631000000.0,0.0,0.0,7165000000.0,20999000000.0,130000000.0,1284000000.0,3455000000,0.14911523521795425,2171000000,0.09369874838152784,499000000.0,3142000000.0,0.1356063875701338,881000000.0,2260000000.0,0.0975399223133362,1.57,1.55,1437200000,1460800000,https://find-and-update.company-information.service.gov.uk/search/companies?q=International+Business+Machines+Corp,https://find-and-update.company-information.service.gov.uk/search/companies?q=International+Business+Machines+Corp,1620593383,16:49:43,20210509
56,2007-03-31,IBM.L,USD,2007-03-31,2007-03-31,Q1,21408000000,13163000000.0,8245000000.0,0.3851363976083707,1509000000.0,5089000000.0,0.0,0.0,6598000000.0,19761000000.0,73000000.0,1240000000.0,2887000000,0.13485612855007473,1647000000,0.07693385650224215,385000000.0,2579000000.0,0.12046898355754858,735000000.0,1844000000.0,0.08613602391629298,1.23,1.21,1499500000,1522800000,https://find-and-update.company-information.service.gov.uk/search/companies?q=International+Business+Machines+Corp,https://find-and-update.company-information.service.gov.uk/search/companies?q=International+Business+Machines+Corp,1620593383,16:49:43,20210509
57,2006-12-31,IBM.L,USD,2006-12-31,2006-12-31,Q4,26258000000,14556000000.0,11701000000.0,0.4456165739964963,1587000000.0,5620000000.0,0.0,0.0,7207000000.0,21763000000.0,71000000.0,1300000000.0,5795000000,0.22069464544138928,4495000000,0.17118592428974028,391000000.0,4814000000.0,0.18333460278772185,1350000000.0,3540000000.0,0.1348160560591058,3.9712811308054747,3.9712811308054747,891400000,891400000,https://find-and-update.company-information.service.gov.uk/search/companies?q=International+Business+Machines+Corp,https://find-and-update.company-information.service.gov.uk/search/companies?q=International+Business+Machines+Corp,1620593383,16:49:43,20210509
58,2006-09-30,IBM.L,USD,2006-09-30,2006-09-30,Q3,22617000000,13126000000.0,9492000000.0,0.41968430826369546,1543000000.0,5121000000.0,0.0,0.0,6664000000.0,19790000000.0,70000000.0,1228000000.0,4055000000,0.17928991466595923,2827000000,0.12499447318388822,416000000.0,3174000000.0,0.14033691471017376,952000000.0,2222000000.0,0.09824468320290047,1.47,1.45,1513200000,1534300000,https://find-and-update.company-information.service.gov.uk/search/companies?q=International+Business+Machines+Corp,https://find-and-update.company-information.service.gov.uk/search/companies?q=International+Business+Machines+Corp,1620593383,16:49:43,20210509
59,2006-06-30,IBM.L,USD,2006-06-30,2006-06-30,Q2,21890000000,12876000000.0,9014000000.0,0.4117862037460027,1522000000.0,4916000000.0,0.0,0.0,6438000000.0,19314000000.0,72000000.0,1247000000.0,3823000000,0.17464595705801736,2576000000,0.11767930561900411,384000000.0,2889000000.0,0.1319780721790772,867000000.0,2022000000.0,0.0923709456372773,1.31,1.3,1538100000,1560100000,https://find-and-update.company-information.service.gov.uk/search/companies?q=International+Business+Machines+Corp,https://find-and-update.company-information.service.gov.uk/search/companies?q=International+Business+Machines+Corp,1620593383,16:49:43,20210509
60,2006-03-31,IBM.L,USD,2006-03-31,2006-03-31,Q1,20659000000,12571000000.0,8088000000.0,0.39150007260758024,1456000000.0,4602000000.0,0.0,0.0,6058000000.0,18629000000.0,66000000.0,1208000000.0,3238000000,0.15673556319279733,2030000000,0.09826225857979573,475000000.0,2440000000.0,0.11810833050970522,732000000.0,1708000000.0,0.08267583135679366,1.09,1.08,1564500000,1587200000,https://find-and-update.company-information.service.gov.uk/search/companies?q=International+Business+Machines+Corp,https://find-and-update.company-information.service.gov.uk/search/companies?q=International+Business+Machines+Corp,1620593383,16:49:43,20210509
61,2005-12-31,IBM.L,USD,2005-12-31,2005-12-31,Q4,24427000000,13662000000.0,10765000000.0,0.440700863798256,1459000000.0,5252000000.0,0.0,0.0,6711000000.0,20373000000.0,0.0,1329000000.0,5383000000,0.22037090105211446,4054000000,0.1659638924141319,562000000.0,4568000000.0,0.1870061816842019,1348000000.0,3187000000.0,0.13047038113562862,3.575274848552838,3.575274848552838,891400000,891400000,https://find-and-update.company-information.service.gov.uk/search/companies?q=International+Business+Machines+Corp,https://find-and-update.company-information.service.gov.uk/search/companies?q=International+Business+Machines+Corp,1620593383,16:49:43,20210509
62,2005-09-30,IBM.L,USD,2005-09-30,2005-09-30,Q3,21529000000,12791000000.0,8738000000.0,0.40587115054113054,1447000000.0,4632000000.0,0.0,0.0,6079000000.0,18870000000.0,0.0,1239000000.0,3898000000,0.1810581076687259,2659000000,0.12350782665242231,312000000.0,2915000000.0,0.13539876445724372,1399000000.0,1516000000.0,0.07041664731292675,0.95,0.94,1591300000,1617200000,https://find-and-update.company-information.service.gov.uk/search/companies?q=International+Business+Machines+Corp,https://find-and-update.company-information.service.gov.uk/search/companies?q=International+Business+Machines+Corp,1620593383,16:49:43,20210509
63,2005-06-30,IBM.L,USD,2005-06-30,2005-06-30,Q2,22270000000,13495000000.0,8775000000.0,0.3940278401436911,1477000000.0,6497000000.0,0.0,0.0,7974000000.0,21469000000.0,67000000.0,1338000000.0,2139000000,0.09604849573417153,801000000,0.03596766951055231,1999000000.0,2733000000.0,0.12272114952851369,882000000.0,1829000000.0,0.08212842388863943,1.14,1.12,1603900000,1627900000,https://find-and-update.company-information.service.gov.uk/search/companies?q=International+Business+Machines+Corp,https://find-and-update.company-information.service.gov.uk/search/companies?q=International+Business+Machines+Corp,1620593383,16:49:43,20210509
64,2005-03-31,IBM.L,USD,2005-03-31,2005-03-31,Q1,22908000000,14654000000.0,8254000000.0,0.36031080845119606,1459000000.0,4933000000.0,0.0,0.0,6392000000.0,21046000000.0,49000000.0,1282000000.0,3144000000,0.13724463069669984,1862000000,0.08128164833246028,197000000.0,2010000000.0,0.08774227344159245,603000000.0,1402000000.0,0.06120132704731971,0.86,0.84,1628700000,1660600000,https://find-and-update.company-information.service.gov.uk/search/companies?q=International+Business+Machines+Corp,https://find-and-update.company-information.service.gov.uk/search/companies?q=International+Business+Machines+Corp,1620593383,16:49:43,20210509
65,2004-12-31,IBM.L,USD,2004-12-31,2004-12-31,Q4,27461000000,16609000000.0,10852000000.0,0.39517861694767126,1461000000.0,5290000000.0,0.0,0.0,6751000000.0,23360000000.0,0.0,1445000000.0,5546000000,0.2019591420560067,4101000000,0.14933906267069663,430000000.0,4364000000.0,0.15891628127162158,1309000000.0,3040000000.0,0.110702450748334,3.410365716849899,3.410365716849899,891400000,891400000,https://find-and-update.company-information.service.gov.uk/search/companies?q=International+Business+Machines+Corp,https://find-and-update.company-information.service.gov.uk/search/companies?q=International+Business+Machines+Corp,1620593383,16:49:43,20210509
66,2004-09-30,IBM.L,USD,2004-09-30,2004-09-30,Q3,23429000000,14783000000.0,8646000000.0,0.36902983482009477,1419000000.0,4978000000.0,0.0,0.0,6397000000.0,21180000000.0,0.0,1161000000.0,3410000000,0.145546118058816,2249000000,0.09599214648512527,266000000.0,2531000000.0,0.10802851167356695,731000000.0,1800000000.0,0.07682786290494686,1.08,1.06,1669600000,1700400000,https://find-and-update.company-information.service.gov.uk/search/companies?q=International+Business+Machines+Corp,https://find-and-update.company-information.service.gov.uk/search/companies?q=International+Business+Machines+Corp,1620593383,16:49:43,20210509
67,2004-06-30,IBM.L,USD,2004-06-30,2004-06-30,Q2,23153000000,14628000000.0,8525000000.0,0.3682028246879454,1426000000.0,4632000000.0,0.0,0.0,6058000000.0,20686000000.0,0.0,1127000000.0,3594000000,0.15522826415583293,2467000000,0.10655206668682245,368000000.0,2843000000.0,0.12279186282555177,853000000.0,1988000000.0,0.08586360298881354,1.18,1.16,1679600000,1713400000,https://find-and-update.company-information.service.gov.uk/search/companies?q=International+Business+Machines+Corp,https://find-and-update.company-information.service.gov.uk/search/companies?q=International+Business+Machines+Corp,1620593383,16:49:43,20210509
68,2004-03-31,IBM.L,USD,2004-03-31,2004-03-31,Q1,22250000000,14241000000.0,8009000000.0,0.3599550561797753,1367000000.0,4484000000.0,0.0,0.0,5851000000.0,20092000000.0,0.0,1182000000.0,3340000000,0.1501123595505618,2158000000,0.09698876404494382,167000000.0,2290000000.0,0.10292134831460674,687000000.0,1602000000.0,0.072,0.95,0.93,1691700000,1730100000,https://find-and-update.company-information.service.gov.uk/search/companies?q=International+Business+Machines+Corp,https://find-and-update.company-information.service.gov.uk/search/companies?q=International+Business+Machines+Corp,1620593383,16:49:43,20210509
69,2003-12-31,IBM.L,USD,2003-12-31,2003-12-31,Q4,25913000000,15938000000.0,9975000000.0,0.3849419210434917,1349000000.0,4874000000.0,0.0,0.0,6223000000.0,22161000000.0,0.0,1232000000.0,4984000000,0.19233589318102884,3752000000,0.14479218924863968,157000000.0,3878000000.0,0.1496546135144522,1162000000.0,2709000000.0,0.10454212171496932,3.039039712811308,3.039039712811308,891400000,891400000,https://find-and-update.company-information.service.gov.uk/search/companies?q=International+Business+Machines+Corp,https://find-and-update.company-information.service.gov.uk/search/companies?q=International+Business+Machines+Corp,1620593383,16:49:43,20210509
70,2003-09-30,IBM.L,USD,2003-09-30,2003-09-30,Q3,21522000000,13710000000.0,7812000000.0,0.3629774184555339,1307000000.0,4303000000.0,0.0,0.0,5610000000.0,19320000000.0,0.0,1177000000.0,3379000000,0.15700213734783014,2202000000,0.10231391134652913,380000000.0,2549000000.0,0.11843694823901124,764000000.0,1785000000.0,0.08293838862559241,1.04,1.02,1722600000,1756400000,https://find-and-update.company-information.service.gov.uk/search/companies?q=International+Business+Machines+Corp,https://find-and-update.company-information.service.gov.uk/search/companies?q=International+Business+Machines+Corp,1620593383,16:49:43,20210509
71,2003-06-30,IBM.L,USD,2003-06-30,2003-06-30,Q2,21631000000,13633000000.0,7998000000.0,0.36974712218575195,1226000000.0,4460000000.0,0.0,0.0,5686000000.0,19319000000.0,0.0,1176000000.0,3488000000,0.1612500577874347,2312000000,0.10688363922148768,195000000.0,2466000000.0,0.11400305117655217,741000000.0,1705000000.0,0.07882206093107115,0.99,0.97,1729800000,1763700000,https://find-and-update.company-information.service.gov.uk/search/companies?q=International+Business+Machines+Corp,https://find-and-update.company-information.service.gov.uk/search/companies?q=International+Business+Machines+Corp,1620593383,16:49:43,20210509
72,2003-03-31,IBM.L,USD,2003-03-31,2003-03-31,Q1,20065000000,12832000000.0,7233000000.0,0.3604784450535759,1195000000.0,4215000000.0,0.0,0.0,5410000000.0,18242000000.0,0.0,1116000000.0,2939000000,0.1464739596311986,1823000000,0.09085472215300273,198000000.0,1981000000.0,0.09872913032643907,594000000.0,1384000000.0,0.06897582855718913,0.8,0.79,1725300000,1758500000,https://find-and-update.company-information.service.gov.uk/search/companies?q=International+Business+Machines+Corp,https://find-and-update.company-information.service.gov.uk/search/companies?q=International+Business+Machines+Corp,1620593383,16:49:43,20210509
73,2002-12-31,IBM.L,USD,2002-12-31,2002-12-31,Q4,23684000000,14493000000.0,9191000000.0,0.388067893936835,1204000000.0,5440000000.0,0.0,0.0,6644000000.0,21137000000.0,0.0,597000000.0,3144000000,0.13274784664752576,2547000000,0.10754095591960817,213000000.0,2712000000.0,0.11450768451275123,801000000.0,1018000000.0,0.04298260428981591,1.1420237828135518,1.1420237828135518,891400000,891400000,https://find-and-update.company-information.service.gov.uk/search/companies?q=International+Business+Machines+Corp,https://find-and-update.company-information.service.gov.uk/search/companies?q=International+Business+Machines+Corp,1620593383,16:49:43,20210509
74,2002-09-30,IBM.L,USD,2002-09-30,2002-09-30,Q3,19821000000,12498000000.0,7323000000.0,0.3694566369002573,1213000000.0,3987000000.0,0.0,0.0,5200000000.0,17698000000.0,0.0,1081000000.0,3204000000,0.1616467383078553,2123000000,0.10710862216840725,315000000.0,2404000000.0,0.12128550527218607,710000000.0,1313000000.0,0.06624287371979214,0.78,0.76,1690500000,1711700000,https://find-and-update.company-information.service.gov.uk/search/companies?q=International+Business+Machines+Corp,https://find-and-update.company-information.service.gov.uk/search/companies?q=International+Business+Machines+Corp,1620593383,16:49:43,20210509
75,2002-06-30,IBM.L,USD,2002-06-30,2002-06-30,Q2,19651000000,12381000000.0,7270000000.0,0.369955727443896,1198000000.0,5288000000.0,0.0,0.0,6486000000.0,18867000000.0,0.0,1534000000.0,2318000000,0.11795837361966312,784000000,0.03989618848913541,-156000000.0,595000000.0,0.030278357335504553,150000000.0,56000000.0,0.002849727749223958,0.03284457478005865,0.032362459546925564,1705000000,1730400000,https://find-and-update.company-information.service.gov.uk/search/companies?q=International+Business+Machines+Corp,https://find-and-update.company-information.service.gov.uk/search/companies?q=International+Business+Machines+Corp,1620593383,16:49:43,20210509
76,2002-03-31,IBM.L,USD,2002-03-31,2002-03-31,Q1,18551000000,12115000000.0,6436000000.0,0.34693547517654033,1200000000.0,4053000000.0,0.0,0.0,5253000000.0,17368000000.0,0.0,1167000000.0,2350000000,0.12667780712630047,1183000000,0.06377014716187807,538000000.0,1691000000.0,0.09115411568109535,499000000.0,1192000000.0,0.06425529621044687,0.69,0.68,1718400000,1753000000,https://find-and-update.company-information.service.gov.uk/search/companies?q=International+Business+Machines+Corp,https://find-and-update.company-information.service.gov.uk/search/companies?q=International+Business+Machines+Corp,1620593383,16:49:43,20210509
77,2001-12-31,IBM.L,USD,2001-12-31,2001-12-31,Q4,22826000000,14081000000.0,8745000000.0,0.38311574520283886,1547000000.0,5883000000.0,0.0,0.0,7430000000.0,21511000000.0,0.0,1165000000.0,2480000000,0.10864803294488741,1315000000,0.057609743275212476,2039000000.0,3300000000.0,0.144571979321826,967000000.0,2333000000.0,0.10220800841146062,2.6172313215167153,2.6172313215167153,891400000,891400000,https://find-and-update.company-information.service.gov.uk/search/companies?q=International+Business+Machines+Corp,https://find-and-update.company-information.service.gov.uk/search/companies?q=International+Business+Machines+Corp,1620593383,16:49:43,20210509
78,2001-09-30,IBM.L,USD,2001-09-30,2001-09-30,Q3,20428000000,13037000000.0,7391000000.0,0.3618073232817701,1261000000.0,3741000000.0,0.0,0.0,5002000000.0,18039000000.0,0.0,1221000000.0,3610000000,0.1767182298805561,2389000000,0.11694732719796358,-73000000.0,2262000000.0,0.11073037008028197,667000000.0,1595000000.0,0.07807910710789114,0.92,0.9,1731800000,1767900000,https://find-and-update.company-information.service.gov.uk/search/companies?q=International+Business+Machines+Corp,https://find-and-update.company-information.service.gov.uk/search/companies?q=International+Business+Machines+Corp,1620593383,16:49:43,20210509
79,2001-06-30,IBM.L,USD,2001-06-30,2001-06-30,Q2,21568000000,13530000000.0,8038000000.0,0.3726817507418398,1279000000.0,3765000000.0,0.0,0.0,5044000000.0,18574000000.0,0.0,1201000000.0,4195000000,0.1945011127596439,2994000000,0.138816765578635,-34000000.0,2902000000.0,0.13455118694362017,857000000.0,2045000000.0,0.0948163946587537,1.17,1.15,1738200000,1777700000,https://find-and-update.company-information.service.gov.uk/search/companies?q=International+Business+Machines+Corp,https://find-and-update.company-information.service.gov.uk/search/companies?q=International+Business+Machines+Corp,1620593383,16:49:43,20210509
80,2001-03-31,IBM.L,USD,2001-03-31,2001-03-31,Q1,21044000000,13436000000.0,7608000000.0,0.3615282265728949,1203000000.0,3808000000.0,0.0,0.0,5011000000.0,18447000000.0,0.0,1233000000.0,3830000000,0.1819996198441361,2597000000,0.12340809731990116,-36000000.0,2489000000.0,0.11827599315719445,739000000.0,1750000000.0,0.08315909522904391,1.0,0.98,1740900000,1781200000,https://find-and-update.company-information.service.gov.uk/search/companies?q=International+Business+Machines+Corp,https://find-and-update.company-information.service.gov.uk/search/companies?q=International+Business+Machines+Corp,1620593383,16:49:43,20210509
81,2000-12-31,IBM.L,USD,2000-12-31,2000-12-31,Q4,25616000000,15947000000.0,9669000000.0,0.3774594003747658,1449000000.0,4340000000.0,0.0,0.0,5789000000.0,21736000000.0,0.0,1364000000.0,5244000000,0.2047158026233604,3880000000,0.1514678326046221,125000000.0,3787000000.0,0.1478372891942536,1117000000.0,2670000000.0,0.10423173016864459,2.9952883105227732,2.9952883105227732,891400000,891400000,https://find-and-update.company-information.service.gov.uk/search/companies?q=International+Business+Machines+Corp,https://find-and-update.company-information.service.gov.uk/search/companies?q=International+Business+Machines+Corp,1620593383,16:49:43,20210509
82,2000-09-30,IBM.L,USD,2000-09-30,2000-09-30,Q3,21781000000,13980000000.0,7801000000.0,0.3581561911757954,1261000000.0,3726000000.0,0.0,0.0,4987000000.0,18967000000.0,0.0,1165000000.0,3979000000,0.18268215417106654,2814000000,0.12919517010238282,173000000.0,2804000000.0,0.128736054359304,841000000.0,1963000000.0,0.09012442036637436,1.11,1.08,1758100000,1809800000,https://find-and-update.company-information.service.gov.uk/search/companies?q=International+Business+Machines+Corp,https://find-and-update.company-information.service.gov.uk/search/companies?q=International+Business+Machines+Corp,1620593383,16:49:43,20210509
83,2000-06-30,IBM.L,USD,2000-06-30,2000-06-30,Q2,21651000000,13708000000.0,7943000000.0,0.3668652718119255,1269000000.0,3867000000.0,0.0,0.0,5136000000.0,18844000000.0,0.0,1238000000.0,4045000000,0.18682739827259712,2807000000,0.1296475913352732,130000000.0,2773000000.0,0.12807722507043554,832000000.0,1941000000.0,0.08964943882499654,1.1,1.06,1767600000,1818000000,https://find-and-update.company-information.service.gov.uk/search/companies?q=International+Business+Machines+Corp,https://find-and-update.company-information.service.gov.uk/search/companies?q=International+Business+Machines+Corp,1620593383,16:49:43,20210509
84,2000-03-31,IBM.L,USD,2000-03-31,2000-03-31,Q1,19348000000,12337000000.0,7011000000.0,0.3623630349390118,1172000000.0,3706000000.0,0.0,0.0,4878000000.0,17215000000.0,0.0,1228000000.0,3361000000,0.1737130452759975,2133000000,0.11024395286334505,189000000.0,2170000000.0,0.11215629522431259,651000000.0,1519000000.0,0.07850940665701882,0.85,0.83,1777200000,1830000000,https://find-and-update.company-information.service.gov.uk/search/companies?q=International+Business+Machines+Corp,https://find-and-update.company-information.service.gov.uk/search/companies?q=International+Business+Machines+Corp,1620593383,16:49:43,20210509
85,1999-12-31,IBM.L,USD,1999-12-31,1999-12-31,Q4,24182000000,15299000000.0,8883000000.0,0.36733934331320817,1416000000.0,4445000000.0,0.0,0.0,5861000000.0,21160000000.0,0.0,1256000000.0,4278000000,0.1769084442974113,3022000000,0.12496898519560003,0.0,2985000000.0,0.12343892151186833,896000000.0,2089000000.0,0.08638656852204118,2.3435045995063946,2.3435045995063946,891400000,891400000,https://find-and-update.company-information.service.gov.uk/search/companies?q=International+Business+Machines+Corp,https://find-and-update.company-information.service.gov.uk/search/companies?q=International+Business+Machines+Corp,1620593383,16:49:43,20210509
86,1999-09-30,IBM.L,USD,1999-09-30,1999-09-30,Q3,21144000000,13580000000.0,7564000000.0,0.3577374195989406,1383000000.0,3501000000.0,0.0,0.0,4884000000.0,18464000000.0,0.0,1457000000.0,4137000000,0.1956583427922815,2680000000,0.12674990541051834,0.0,2629000000.0,0.12433787362845251,867000000.0,1762000000.0,0.08333333333333333,0.97,0.93,1805200000,1869600000,https://find-and-update.company-information.service.gov.uk/search/companies?q=International+Business+Machines+Corp,https://find-and-update.company-information.service.gov.uk/search/companies?q=International+Business+Machines+Corp,1620593383,16:49:43,20210509
87,1999-06-30,IBM.L,USD,1999-06-30,1999-06-30,Q2,21905000000,13681000000.0,8224000000.0,0.37543939739785437,1293000000.0,2846000000.0,0.0,0.0,4139000000.0,17820000000.0,0.0,2468000000.0,6553000000,0.2991554439625656,4085000000,0.18648710340105,0.0,4043000000.0,0.18456973293768547,1652000000.0,2391000000.0,0.10915316137868067,1.32,1.28,1812100000,1870600000,https://find-and-update.company-information.service.gov.uk/search/companies?q=International+Business+Machines+Corp,https://find-and-update.company-information.service.gov.uk/search/companies?q=International+Business+Machines+Corp,1620593383,16:49:43,20210509
88,1999-03-31,IBM.L,USD,1999-03-31,1999-03-31,Q1,20317000000,13059000000.0,7258000000.0,0.3572377811684796,1181000000.0,3937000000.0,0.0,0.0,5118000000.0,18177000000.0,0.0,1404000000.0,3544000000,0.1744352020475464,2140000000,0.10533051139439878,0.0,2100000000.0,0.103361716788896,630000000.0,1470000000.0,0.0723532017522272,0.8,0.78,1823800000,1882900000,https://find-and-update.company-information.service.gov.uk/search/companies?q=International+Business+Machines+Corp,https://find-and-update.company-information.service.gov.uk/search/companies?q=International+Business+Machines+Corp,1620593383,16:49:43,20210509
89,1998-12-31,IBM.L,USD,1998-12-31,1998-12-31,Q4,22539000000,15322000000.0,7217000000.0,0.3202005412839966,1407000000.0,5074000000.0,0.0,0.0,6481000000.0,21803000000.0,0.0,1345000000.0,2081000000,0.0923288522117219,736000000,0.03265450996051289,0.0,3302000000.0,0.14650161941523582,956000000.0,2346000000.0,0.10408625049913484,2.6318151222795603,2.6318151222795603,891400000,891400000,https://find-and-update.company-information.service.gov.uk/search/companies?q=International+Business+Machines+Corp,https://find-and-update.company-information.service.gov.uk/search/companies?q=International+Business+Machines+Corp,1620593383,16:49:43,20210509
90,1998-09-30,IBM.L,USD,1998-09-30,1998-09-30,Q3,20095000000,12628000000.0,7467000000.0,0.3715849713859169,1240000000.0,4057000000.0,0.0,0.0,5297000000.0,17925000000.0,0.0,1310000000.0,3480000000,0.17317740731525255,2170000000,0.10798706145807414,0.0,2132000000.0,0.10609604379198806,638000000.0,1494000000.0,0.07434685245085842,0.8,0.78,1856800000,1909000000,https://find-and-update.company-information.service.gov.uk/search/companies?q=International+Business+Machines+Corp,https://find-and-update.company-information.service.gov.uk/search/companies?q=International+Business+Machines+Corp,1620593383,16:49:43,20210509
91,1998-06-30,IBM.L,USD,1998-06-30,1998-06-30,Q2,18823000000,11677000000.0,7146000000.0,0.37964192742920894,1220000000.0,3812000000.0,0.0,0.0,5032000000.0,16709000000.0,0.0,1114000000.0,3228000000,0.1714923232215906,2114000000,0.11230940870211975,0.0,2083000000.0,0.11066248738245762,631000000.0,1452000000.0,0.07713966955320618,0.77,0.75,1879200000,1928600000,https://find-and-update.company-information.service.gov.uk/search/companies?q=International+Business+Machines+Corp,https://find-and-update.company-information.service.gov.uk/search/companies?q=International+Business+Machines+Corp,1620593383,16:49:43,20210509
92,1998-03-31,IBM.L,USD,1998-03-31,1998-03-31,Q1,17618000000,11168000000.0,6450000000.0,0.36610284935861054,1179000000.0,3719000000.0,0.0,0.0,4898000000.0,16066000000.0,0.0,1223000000.0,2775000000,0.15750936542172778,1552000000,0.08809172437280055,0.0,1523000000.0,0.08644568055397889,487000000.0,1036000000.0,0.0588034964241117,0.54,0.53,1900400000,1946600000,https://find-and-update.company-information.service.gov.uk/search/companies?q=International+Business+Machines+Corp,https://find-and-update.company-information.service.gov.uk/search/companies?q=International+Business+Machines+Corp,1620593383,16:49:43,20210509
93,1997-12-31,IBM.L,USD,1997-12-31,1997-12-31,Q4,23723000000,14205000000.0,9518000000.0,0.40121401171858534,1425000000.0,5060000000.0,0.0,0.0,6485000000.0,20690000000.0,0.0,1415000000.0,4448000000,0.18749736542595793,3033000000,0.12785060911351853,0.0,3012000000.0,0.1269653922353834,919000000.0,2093000000.0,0.08822661552080259,2.3479919228180393,2.3479919228180393,891400000,891400000,https://find-and-update.company-information.service.gov.uk/search/companies?q=International+Business+Machines+Corp,https://find-and-update.company-information.service.gov.uk/search/companies?q=International+Business+Machines+Corp,1620593383,16:49:43,20210509
94,1997-09-30,IBM.L,USD,1997-09-30,1997-09-30,Q3,18605000000,11507000000.0,7098000000.0,0.38151034668099976,1162000000.0,3932000000.0,0.0,0.0,5094000000.0,16601000000.0,0.0,1177000000.0,3181000000,0.17097554420854608,2004000000,0.10771298038161785,162000000.0,1983000000.0,0.10658425154528353,624000000.0,1359000000.0,0.07304488040849234,0.69,0.68,1956000000,1956000000,https://find-and-update.company-information.service.gov.uk/search/companies?q=International+Business+Machines+Corp,https://find-and-update.company-information.service.gov.uk/search/companies?q=International+Business+Machines+Corp,1620593383,16:49:43,20210509
95,1997-06-30,IBM.L,USD,1997-06-30,1997-06-30,Q2,18872000000,11471000000.0,7401000000.0,0.3921682916490038,1221000000.0,3958000000.0,0.0,0.0,5179000000.0,16650000000.0,0.0,1213000000.0,3435000000,0.18201568461212378,2222000000,0.11774056803730394,137000000.0,2180000000.0,0.11551504874947012,734000000.0,1446000000.0,0.07662144976685036,0.73,0.72,1973800000,1973800000,https://find-and-update.company-information.service.gov.uk/search/companies?q=International+Business+Machines+Corp,https://find-and-update.company-information.service.gov.uk/search/companies?q=International+Business+Machines+Corp,1620593383,16:49:43,20210509
96,1997-03-31,IBM.L,USD,1997-03-31,1997-03-31,Q1,17308000000,10716000000.0,6592000000.0,0.38086434018950777,1069000000.0,3684000000.0,0.0,0.0,4753000000.0,15469000000.0,0.0,1196000000.0,3035000000,0.17535243817887683,1839000000,0.10625144441876588,185000000.0,1852000000.0,0.10700254217702797,657000000.0,1195000000.0,0.06904321700947538,0.59,0.58,2006800000,2006800000,https://find-and-update.company-information.service.gov.uk/search/companies?q=International+Business+Machines+Corp,https://find-and-update.company-information.service.gov.uk/search/companies?q=International+Business+Machines+Corp,1620593383,16:49:43,20210509
97,1996-12-31,IBM.L,USD,1996-12-31,1996-12-31,Q4,21519000000,12198000000.0,9321000000.0,0.4331520981458246,1767000000.0,5093000000.0,0.0,0.0,6860000000.0,19058000000.0,0.0,1304000000.0,3765000000,0.17496166178725778,2461000000,0.11436405037408802,0.0,2887000000.0,0.13416050931734746,864000000.0,2023000000.0,0.09400994470003253,2.2694637648642586,2.2694637648642586,891400000,891400000,https://find-and-update.company-information.service.gov.uk/search/companies?q=International+Business+Machines+Corp,https://find-and-update.company-information.service.gov.uk/search/companies?q=International+Business+Machines+Corp,1620593383,16:49:43,20210509
98,1996-09-30,IBM.L,USD,1996-09-30,1996-09-30,Q3,18062000000,10804000000.0,7258000000.0,0.4018381131657624,1115000000.0,4175000000.0,0.0,0.0,5290000000.0,16094000000.0,0.0,1196000000.0,3164000000,0.17517439929132986,1968000000,0.10895803344037205,183000000.0,1979000000.0,0.10956704683866682,694000000.0,1285000000.0,0.07114383789170635,0.62,0.6,2087200000,2087200000,https://find-and-update.company-information.service.gov.uk/search/companies?q=International+Business+Machines+Corp,https://find-and-update.company-information.service.gov.uk/search/companies?q=International+Business+Machines+Corp,1620593383,16:49:43,20210509
99,1996-06-30,IBM.L,USD,1996-06-30,1996-06-30,Q2,18183000000,10992000000.0,7191000000.0,0.3954792938459,1116000000.0,3889000000.0,0.0,0.0,5005000000.0,15997000000.0,0.0,1298000000.0,3484000000,0.19160754550954187,2186000000,0.12022218555793873,193000000.0,2174000000.0,0.11956222845515041,827000000.0,1347000000.0,0.07408018478798878,0.63,0.62,2135600000,2135600000,https://find-and-update.company-information.service.gov.uk/search/companies?q=International+Business+Machines+Corp,https://find-and-update.company-information.service.gov.uk/search/companies?q=International+Business+Machines+Corp,1620593383,16:49:43,20210509
100,1996-03-31,IBM.L,USD,1996-03-31,1996-03-31,Q1,16559000000,9790000000.0,6769000000.0,0.4087807234736397,1091000000.0,3697000000.0,0.0,0.0,4788000000.0,14578000000.0,0.0,1214000000.0,3195000000,0.19294643396340358,1981000000,0.11963282806932786,-285000000.0,1547000000.0,0.09342351591279667,773000000.0,774000000.0,0.0467419530164865,0.36,0.35,2177200000,2177200000,https://find-and-update.company-information.service.gov.uk/search/companies?q=International+Business+Machines+Corp,https://find-and-update.company-information.service.gov.uk/search/companies?q=International+Business+Machines+Corp,1620593383,16:49:43,20210509
101,1995-12-31,IBM.L,USD,1995-12-31,1995-12-31,Q4,21920000000,12769000000.0,9151000000.0,0.41747262773722627,3088000000.0,5392000000.0,0.0,0.0,8480000000.0,21249000000.0,0.0,1530000000.0,2201000000,0.10041058394160583,671000000,0.030611313868613137,0.0,2568000000.0,0.11715328467153285,857000000.0,1711000000.0,0.0780565693430657,1.9194525465559793,1.9194525465559793,891400000,891400000,https://find-and-update.company-information.service.gov.uk/search/companies?q=International+Business+Machines+Corp,https://find-and-update.company-information.service.gov.uk/search/companies?q=International+Business+Machines+Corp,1620593383,16:49:43,20210509
102,1995-09-30,IBM.L,USD,1995-09-30,1995-09-30,Q3,16754000000,9833000000.0,6921000000.0,0.4130953802077116,1035000000.0,3858000000.0,0.0,0.0,4893000000.0,14726000000.0,0.0,1320000000.0,3348000000,0.19983287573116867,2028000000,0.12104572042497314,-1632000000.0,237000000.0,0.014145875611794199,775000000.0,-538000000.0,-0.03211173451116151,-0.23,-0.23,2258400000,2258400000,https://find-and-update.company-information.service.gov.uk/search/companies?q=International+Business+Machines+Corp,https://find-and-update.company-information.service.gov.uk/search/companies?q=International+Business+Machines+Corp,1620593383,16:49:43,20210509
103,1995-06-30,IBM.L,USD,1995-06-30,1995-06-30,Q2,17531000000,9900000000.0,7631000000.0,0.4352860646854144,974000000.0,3883000000.0,0.0,0.0,4857000000.0,14757000000.0,0.0,1302000000.0,4076000000,0.23250242427699505,2774000000,0.15823398551137985,238000000.0,2824000000.0,0.16108607609377673,1108000000.0,1716000000.0,0.0978837487878615,0.75,0.73,2301600000,2301600000,https://find-and-update.company-information.service.gov.uk/search/companies?q=International+Business+Machines+Corp,https://find-and-update.company-information.service.gov.uk/search/companies?q=International+Business+Machines+Corp,1620593383,16:49:43,20210509
104,1995-03-31,IBM.L,USD,1995-03-31,1995-03-31,Q1,15735000000,9071000000.0,6664000000.0,0.4235144582141722,913000000.0,3633000000.0,0.0,0.0,4546000000.0,13617000000.0,0.0,1450000000.0,3568000000,0.2267556402923419,2118000000,0.134604385128694,246000000.0,2184000000.0,0.13879885605338418,895000000.0,1289000000.0,0.0819192882109946,0.53,0.52,2340800000,2340800000,https://find-and-update.company-information.service.gov.uk/search/companies?q=International+Business+Machines+Corp,https://find-and-update.company-information.service.gov.uk/search/companies?q=International+Business+Machines+Corp,1620593383,16:49:43,20210509
105,1994-12-31,IBM.L,USD,1994-12-31,1994-12-31,Q4,19896000000,11810000000.0,8086000000.0,0.4064133494169682,1118000000.0,4947000000.0,0.0,0.0,6065000000.0,17875000000.0,0.0,1468000000.0,3489000000,0.17536188178528347,2021000000,0.10157820667470849,0.0,2073000000.0,0.10419179734620024,842000000.0,1231000000.0,0.061871733011660636,1.380973749158627,1.380973749158627,891400000,891400000,https://find-and-update.company-information.service.gov.uk/search/companies?q=International+Business+Machines+Corp,https://find-and-update.company-information.service.gov.uk/search/companies?q=International+Business+Machines+Corp,1620593383,16:49:43,20210509
106,1994-09-30,IBM.L,USD,1994-09-30,1994-09-30,Q3,15431000000,9277000000.0,6154000000.0,0.3988075951007712,1053000000.0,3885000000.0,0.0,0.0,4938000000.0,14215000000.0,0.0,1492000000.0,2708000000,0.17549089495172057,1216000000,0.0788024107316441,221000000.0,1204000000.0,0.07802475536258181,494000000.0,710000000.0,0.0460112760028514,0.3,0.3,2345200000,2345200000,https://find-and-update.company-information.service.gov.uk/search/companies?q=International+Business+Machines+Corp,https://find-and-update.company-information.service.gov.uk/search/companies?q=International+Business+Machines+Corp,1620593383,16:49:43,20210509
107,1994-06-30,IBM.L,USD,1994-06-30,1994-06-30,Q2,15351000000,9247000000.0,6104000000.0,0.39762881896944824,1091000000.0,3935000000.0,0.0,0.0,5026000000.0,14273000000.0,0.0,1509000000.0,2587000000,0.16852322324278549,1078000000,0.0702234382124943,479000000.0,1193000000.0,0.07771480685297374,504000000.0,689000000.0,0.044883069506872514,0.29,0.29,2336000000,2336000000,https://find-and-update.company-information.service.gov.uk/search/companies?q=International+Business+Machines+Corp,https://find-and-update.company-information.service.gov.uk/search/companies?q=International+Business+Machines+Corp,1620593383,16:49:43,20210509
108,1994-03-31,IBM.L,USD,1994-03-31,1994-03-31,Q1,13373000000,8433000000.0,4940000000.0,0.36940103193000823,0.0,4249000000.0,0.0,0.0,4249000000.0,12682000000.0,0.0,1826000000.0,2517000000,0.18821506019591713,691000000,0.05167127794810439,408000000.0,685000000.0,0.05122261272713677,293000000.0,392000000.0,0.02931279443655126,0.16,0.16,2328400000,2328400000,https://find-and-update.company-information.service.gov.uk/search/companies?q=International+Business+Machines+Corp,https://find-and-update.company-information.service.gov.uk/search/companies?q=International+Business+Machines+Corp,1620593383,16:49:43,20210509
109,1993-12-31,IBM.L,USD,1993-12-31,1993-12-31,Q4,19396000000,10950000000.0,8446000000.0,0.43545060837286037,0.0,6914000000.0,0.0,0.0,7950000000.0,18900000000.0,0.0,1036000000.0,1532000000,0.07898535780573314,496000000,0.0255722829449371,467000000.0,663000000.0,0.03418230563002681,281000000.0,268000000.0,0.013817281913796659,0.30065066188018846,0.30065066188018846,891400000,891400000,https://find-and-update.company-information.service.gov.uk/search/companies?q=International+Business+Machines+Corp,https://find-and-update.company-information.service.gov.uk/search/companies?q=International+Business+Machines+Corp,1620593383,16:49:43,20210509
110,1993-09-30,IBM.L,USD,1993-09-30,1993-09-30,Q3,14743000000,7928000000.0,6815000000.0,0.46225327273960526,0.0,5631000000.0,0.0,0.0,6844000000.0,14772000000.0,0.0,1213000000.0,1184000000,0.08030929932849488,-29000000,-0.001967035203147256,361000000.0,-14000000.0,-0.0009496032015193651,34000000.0,-48000000.0,-0.003255782405209252,-0.03,-0.03,2333333333,2333333333,https://find-and-update.company-information.service.gov.uk/search/companies?q=International+Business+Machines+Corp,https://find-and-update.company-information.service.gov.uk/search/companies?q=International+Business+Machines+Corp,1620593383,16:49:43,20210509
111,1993-06-30,IBM.L,USD,1993-06-30,1993-06-30,Q2,15519000000,8472000000.0,7047000000.0,0.45408853663251497,0.0,14808000000.0,0.0,0.0,15881000000.0,24353000000.0,0.0,1073000000.0,-7761000000,-0.5000966557123526,-8834000000,-0.5692377086152458,158000000.0,-8998000000.0,-0.5798053998324635,-962000000.0,-8036000000.0,-0.5178168696436626,-3.53,-3.53,2277903683,2277903683,https://find-and-update.company-information.service.gov.uk/search/companies?q=International+Business+Machines+Corp,https://find-and-update.company-information.service.gov.uk/search/companies?q=International+Business+Machines+Corp,1620593383,16:49:43,20210509
112,1993-03-31,IBM.L,USD,1993-03-31,1993-03-31,Q1,13058000000,6508000000.0,6550000000.0,0.5016082095267269,0.0,5432000000.0,0.0,0.0,6820000000.0,13328000000.0,0.0,1388000000.0,1118000000,0.08561801194669934,-270000000,-0.020676979629345994,195000000.0,-380000000.0,-0.02910093429315362,-95000000.0,-285000000.0,-0.021825700719865216,-0.13,-0.13,2192307692,2192307692,https://find-and-update.company-information.service.gov.uk/search/companies?q=International+Business+Machines+Corp,https://find-and-update.company-information.service.gov.uk/search/companies?q=International+Business+Machines+Corp,1620593383,16:49:43,20210509
113,1992-12-31,IBM.L,USD,1992-12-31,1992-12-31,Q4,19560000000,10452000000.0,9108000000.0,0.4656441717791411,0.0,3438000000.0,0.0,0.0,4218000000.0,14670000000.0,0.0,780000000.0,5670000000,0.2898773006134969,4890000000,0.25,-11474000000.0,-6948000000.0,-0.35521472392638037,-1485000000.0,-5463000000.0,-0.27929447852760736,-6.128561812878618,-6.128561812878618,891400000,891400000,https://find-and-update.company-information.service.gov.uk/search/companies?q=International+Business+Machines+Corp,https://find-and-update.company-information.service.gov.uk/search/companies?q=International+Business+Machines+Corp,1620593383,16:49:43,20210509
114,1992-09-30,IBM.L,USD,1992-09-30,1992-09-30,Q3,14702000000,5560000000.0,9142000000.0,0.6218201605223779,0.0,10170000000.0,0.0,0.0,13183000000.0,18743000000.0,0.0,3013000000.0,-1028000000,-0.06992245952931574,-4041000000,-0.2748605631886818,90000000.0,-4286000000.0,-0.2915249625901238,-1508000000.0,-2778000000.0,-0.18895388382532988,-1.22,-1.22,2277049180,2277049180,https://find-and-update.company-information.service.gov.uk/search/companies?q=International+Business+Machines+Corp,https://find-and-update.company-information.service.gov.uk/search/companies?q=International+Business+Machines+Corp,1620593383,16:49:43,20210509
115,1992-06-30,IBM.L,USD,1992-06-30,1992-06-30,Q2,16224000000,7060000000.0,9164000000.0,0.5648422090729783,0.0,6474000000.0,0.0,0.0,7775000000.0,14835000000.0,0.0,1301000000.0,2690000000,0.16580374753451677,1389000000,0.08561390532544379,140000000.0,1217000000.0,0.07501232741617357,503000000.0,714000000.0,0.04400887573964497,0.32,0.32,2231250000,2231250000,https://find-and-update.company-information.service.gov.uk/search/companies?q=International+Business+Machines+Corp,https://find-and-update.company-information.service.gov.uk/search/companies?q=International+Business+Machines+Corp,1620593383,16:49:43,20210509
116,1992-03-31,IBM.L,USD,1992-03-31,1992-03-31,Q1,14037000000,5739000000.0,8298000000.0,0.5911519555460568,0.0,5965000000.0,0.0,0.0,7130000000.0,12869000000.0,0.0,1165000000.0,2333000000,0.1662036047588516,1168000000,0.08320866281969082,172000000.0,991000000.0,0.07059913086841918,396000000.0,595000000.0,0.04238797463845551,0.26,0.26,2288461538,2288461538,https://find-and-update.company-information.service.gov.uk/search/companies?q=International+Business+Machines+Corp,https://find-and-update.company-information.service.gov.uk/search/companies?q=International+Business+Machines+Corp,1620593383,16:49:43,20210509
117,1991-12-31,IBM.L,USD,1991-12-31,1991-12-31,Q4,22082000000,10078000000.0,12004000000.0,0.5436101802372973,0.0,11410000000.0,0.0,0.0,13015000000.0,23093000000.0,0.0,1605000000.0,594000000,0.02689973734263201,-1011000000,-0.045783896386196905,178000000.0,-1281000000.0,-0.058011049723756904,101000000.0,-1382000000.0,-0.06258491078706639,-1.5503702041732106,-1.5503702041732106,891400000,891400000,https://find-and-update.company-information.service.gov.uk/search/companies?q=International+Business+Machines+Corp,https://find-and-update.company-information.service.gov.uk/search/companies?q=International+Business+Machines+Corp,1620593383,16:49:43,20210509
118,1991-09-30,IBM.L,USD,1991-09-30,1991-09-30,Q3,14433000000,6152000000.0,8281000000.0,0.5737545901752927,0.0,6572000000.0,0.0,0.0,7692000000.0,13844000000.0,0.0,1120000000.0,1709000000,0.1184092011362849,589000000,0.04080925656481674,67000000.0,308000000.0,0.021339984757153745,136000000.0,172000000.0,0.011917134344904039,0.08,0.08,2150000000,2150000000,https://find-and-update.company-information.service.gov.uk/search/companies?q=International+Business+Machines+Corp,https://find-and-update.company-information.service.gov.uk/search/companies?q=International+Business+Machines+Corp,1620593383,16:49:43,20210509
119,1991-06-30,IBM.L,USD,1991-06-30,1991-06-30,Q2,14732000000,6014000000.0,8718000000.0,0.5917730111322291,0.0,7196000000.0,0.0,0.0,8363000000.0,14377000000.0,0.0,1167000000.0,1522000000,0.10331251696986153,355000000,0.024097203366820526,157000000.0,207000000.0,0.014051045343469997,93000000.0,114000000.0,0.007738256855824056,0.05,0.05,2280000000,2280000000,https://find-and-update.company-information.service.gov.uk/search/companies?q=International+Business+Machines+Corp,https://find-and-update.company-information.service.gov.uk/search/companies?q=International+Business+Machines+Corp,1620593383,16:49:43,20210509
120,1991-03-31,IBM.L,USD,1991-03-31,1991-03-31,Q1,13545000000,5079000000.0,8466000000.0,0.6250276854928017,0.0,6199000000.0,0.0,0.0,7457000000.0,12536000000.0,0.0,1258000000.0,2267000000,0.16736803248431156,1009000000,0.07449243263196752,200000000.0,887000000.0,0.06548541897379107,355000000.0,532000000.0,0.03927648578811369,0.24,0.24,2216666667,2216666667,https://find-and-update.company-information.service.gov.uk/search/companies?q=International+Business+Machines+Corp,https://find-and-update.company-information.service.gov.uk/search/companies?q=International+Business+Machines+Corp,1620593383,16:49:43,20210509
121,1990-12-31,IBM.L,USD,1990-12-31,1990-12-31,Q4,23061000000,9227000000.0,13834000000.0,0.5998872555396557,0.0,8475000000.0,0.0,0.0,9578000000.0,18805000000.0,0.0,1103000000.0,5359000000,0.23238367807120247,4256000000,0.18455400893283033,95000000.0,3994000000.0,0.17319283639044275,1533000000.0,2461000000.0,0.10671696804128182,2.7608256674893425,2.7608256674893425,891400000,891400000,https://find-and-update.company-information.service.gov.uk/search/companies?q=International+Business+Machines+Corp,https://find-and-update.company-information.service.gov.uk/search/companies?q=International+Business+Machines+Corp,1620593383,16:49:43,20210509
122,1990-09-30,IBM.L,USD,1990-09-30,1990-09-30,Q3,15277000000,5510000000.0,9767000000.0,0.6393270930156444,0.0,6547000000.0,0.0,0.0,7714000000.0,13224000000.0,0.0,1167000000.0,3220000000,0.21077436669503175,2053000000,0.13438502323754664,82000000.0,1909000000.0,0.12495908882634026,797000000.0,1112000000.0,0.07278916017542711,0.49,0.49,2269387755,2269387755,https://find-and-update.company-information.service.gov.uk/search/companies?q=International+Business+Machines+Corp,https://find-and-update.company-information.service.gov.uk/search/companies?q=International+Business+Machines+Corp,1620593383,16:49:43,20210509
123,1990-06-30,IBM.L,USD,1990-06-30,1990-06-30,Q2,16495000000,6580000000.0,9915000000.0,0.6010912397696272,0.0,6520000000.0,0.0,0.0,7328000000.0,13908000000.0,0.0,808000000.0,3395000000,0.20581994543801152,2587000000,0.15683540466808124,123000000.0,2473000000.0,0.14992421946044257,1063000000.0,1410000000.0,0.08548044862079418,0.62,0.62,2274193548,2274193548,https://find-and-update.company-information.service.gov.uk/search/companies?q=International+Business+Machines+Corp,https://find-and-update.company-information.service.gov.uk/search/companies?q=International+Business+Machines+Corp,1620593383,16:49:43,20210509
124,1990-03-31,IBM.L,USD,1990-03-31,1990-03-31,Q1,14185000000,5189000000.0,8996000000.0,0.6341910468805075,0.0,5721000000.0,0.0,0.0,6860000000.0,12049000000.0,0.0,1139000000.0,3275000000,0.23087768769827283,2136000000,0.15058160028198803,195000000.0,1827000000.0,0.12879802608389143,790000000.0,1037000000.0,0.07310539302079662,0.46,0.46,2254347826,2254347826,https://find-and-update.company-information.service.gov.uk/search/companies?q=International+Business+Machines+Corp,https://find-and-update.company-information.service.gov.uk/search/companies?q=International+Business+Machines+Corp,1620593383,16:49:43,20210509
125,1989-12-31,IBM.L,USD,1989-12-31,1989-12-31,Q4,20462000000,0.0,0.0,0.0,0.0,0.0,0.0,0.0,0.0,0.0,0.0,0.0,-35355000000,-1.7278369660834718,-35355000000,-1.7278369660834718,0.0,0.0,0.0,0.0,0.0,0.0,0.0,0.0,891400000,891400000,https://find-and-update.company-information.service.gov.uk/search/companies?q=International+Business+Machines+Corp,https://find-and-update.company-information.service.gov.uk/search/companies?q=International+Business+Machines+Corp,1620593383,16:49:43,20210509
126,1989-09-30,IBM.L,USD,1989-09-30,1989-09-30,Q3,14305000000,0.0,0.0,0.0,0.0,0.0,0.0,0.0,0.0,0.0,0.0,0.0,14305000000,1.0,14305000000,1.0,0.0,0.0,0.0,0.0,0.0,0.0,0.38,0.38,2315104000,2315104000,https://find-and-update.company-information.service.gov.uk/search/companies?q=International+Business+Machines+Corp,https://find-and-update.company-information.service.gov.uk/search/companies?q=International+Business+Machines+Corp,1620593383,16:49:43,20210509
127,1989-06-30,IBM.L,USD,1989-06-30,1989-06-30,Q2,15213000000,0.0,0.0,0.0,0.0,0.0,0.0,0.0,0.0,0.0,0.0,0.0,15213000000,1.0,15213000000,1.0,0.0,0.0,0.0,0.0,0.0,0.0,0.58,0.58,2340768000,2340768000,https://find-and-update.company-information.service.gov.uk/search/companies?q=International+Business+Machines+Corp,https://find-and-update.company-information.service.gov.uk/search/companies?q=International+Business+Machines+Corp,1620593383,16:49:43,20210509
128,1989-03-31,IBM.L,USD,1989-03-31,1989-03-31,Q1,12730000000,0.0,0.0,0.0,0.0,0.0,0.0,0.0,0.0,0.0,0.0,0.0,12730000000,1.0,12730000000,1.0,0.0,0.0,0.0,0.0,0.0,0.0,0.41,0.41,2368508000,2368508000,https://find-and-update.company-information.service.gov.uk/search/companies?q=International+Business+Machines+Corp,https://find-and-update.company-information.service.gov.uk/search/companies?q=International+Business+Machines+Corp,1620593383,16:49:43,20210509
129,1988-12-31,IBM.L,USD,1988-12-31,1988-12-31,Q4,20937000000,0.0,0.0,0.0,0.0,0.0,0.0,0.0,0.0,0.0,0.0,0.0,-29998000000,-1.4327745140182453,-29998000000,-1.4327745140182453,0.0,0.0,0.0,0.0,0.0,0.0,0.0,0.0,891400000,891400000,https://find-and-update.company-information.service.gov.uk/search/companies?q=International+Business+Machines+Corp,https://find-and-update.company-information.service.gov.uk/search/companies?q=International+Business+Machines+Corp,1620593383,16:49:43,20210509
130,1988-09-30,IBM.L,USD,1988-09-30,1988-09-30,Q3,13960000000,0.0,0.0,0.0,0.0,0.0,0.0,0.0,0.0,0.0,0.0,0.0,13960000000,1.0,13960000000,1.0,0.0,0.0,0.0,0.0,0.0,0.0,0.53,0.53,2367760000,2367760000,https://find-and-update.company-information.service.gov.uk/search/companies?q=International+Business+Machines+Corp,https://find-and-update.company-information.service.gov.uk/search/companies?q=International+Business+Machines+Corp,1620593383,16:49:43,20210509
131,1988-06-30,IBM.L,USD,1988-06-30,1988-06-30,Q2,13599000000,0.0,0.0,0.0,0.0,0.0,0.0,0.0,0.0,0.0,0.0,0.0,13599000000,1.0,13599000000,1.0,0.0,0.0,0.0,0.0,0.0,0.0,0.41,0.41,2372552000,2372552000,https://find-and-update.company-information.service.gov.uk/search/companies?q=International+Business+Machines+Corp,https://find-and-update.company-information.service.gov.uk/search/companies?q=International+Business+Machines+Corp,1620593383,16:49:43,20210509
132,1988-03-31,IBM.L,USD,1988-03-31,1988-03-31,Q1,11749000000,0.0,0.0,0.0,0.0,0.0,0.0,0.0,0.0,0.0,0.0,0.0,11749000000,1.0,11749000000,1.0,0.0,0.0,0.0,0.0,0.0,0.0,0.39,0.39,2388208000,2388208000,https://find-and-update.company-information.service.gov.uk/search/companies?q=International+Business+Machines+Corp,https://find-and-update.company-information.service.gov.uk/search/companies?q=International+Business+Machines+Corp,1620593383,16:49:43,20210509
133,1987-12-31,IBM.L,USD,1987-12-31,1987-12-31,Q4,18011000000,0.0,0.0,0.0,0.0,0.0,0.0,0.0,0.0,0.0,0.0,0.0,-28464000000,-1.5803675531619565,-28464000000,-1.5803675531619565,0.0,0.0,0.0,0.0,0.0,0.0,0.0,0.0,891400000,891400000,https://find-and-update.company-information.service.gov.uk/search/companies?q=International+Business+Machines+Corp,https://find-and-update.company-information.service.gov.uk/search/companies?q=International+Business+Machines+Corp,1620593383,16:49:43,20210509
134,1987-09-30,IBM.L,USD,1987-09-30,1987-09-30,Q3,12727000000,0.0,0.0,0.0,0.0,0.0,0.0,0.0,0.0,0.0,0.0,0.0,12727000000,1.0,12727000000,1.0,0.0,0.0,0.0,0.0,0.0,0.0,0.5,0.5,2423692000,2423692000,https://find-and-update.company-information.service.gov.uk/search/companies?q=International+Business+Machines+Corp,https://find-and-update.company-information.service.gov.uk/search/companies?q=International+Business+Machines+Corp,1620593383,16:49:43,20210509
135,1987-06-30,IBM.L,USD,1987-06-30,1987-06-30,Q2,8510000000,0.0,0.0,0.0,0.0,0.0,0.0,0.0,0.0,0.0,0.0,0.0,8510000000,1.0,8510000000,1.0,0.0,0.0,0.0,0.0,0.0,0.0,0.49,0.49,2423692000,2423692000,https://find-and-update.company-information.service.gov.uk/search/companies?q=International+Business+Machines+Corp,https://find-and-update.company-information.service.gov.uk/search/companies?q=International+Business+Machines+Corp,1620593383,16:49:43,20210509
136,1987-03-31,IBM.L,USD,1987-03-31,1987-03-31,Q1,6500000000,0.0,0.0,0.0,0.0,0.0,0.0,0.0,0.0,0.0,0.0,0.0,6500000000,1.0,6500000000,1.0,0.0,0.0,0.0,0.0,0.0,0.0,0.33,0.33,2423692000,2423692000,https://find-and-update.company-information.service.gov.uk/search/companies?q=International+Business+Machines+Corp,https://find-and-update.company-information.service.gov.uk/search/companies?q=International+Business+Machines+Corp,1620593383,16:49:43,20210509
137,1986-12-31,IBM.L,USD,1986-12-31,1986-12-31,Q4,16945000000,0.0,0.0,0.0,0.0,0.0,0.0,0.0,0.0,0.0,0.0,0.0,-26446000000,-1.5606963706107997,-26446000000,-1.5606963706107997,0.0,0.0,0.0,0.0,0.0,0.0,0.0,0.0,891400000,891400000,https://find-and-update.company-information.service.gov.uk/search/companies?q=International+Business+Machines+Corp,https://find-and-update.company-information.service.gov.uk/search/companies?q=International+Business+Machines+Corp,1620593383,16:49:43,20210509
138,1986-09-30,IBM.L,USD,1986-09-30,1986-09-30,Q3,11910000000,0.0,0.0,0.0,0.0,0.0,0.0,0.0,0.0,0.0,0.0,0.0,11910000000,1.0,11910000000,1.0,0.0,0.0,0.0,0.0,0.0,0.0,0.44,0.44,2462400000,2462400000,https://find-and-update.company-information.service.gov.uk/search/companies?q=International+Business+Machines+Corp,https://find-and-update.company-information.service.gov.uk/search/companies?q=International+Business+Machines+Corp,1620593383,16:49:43,20210509
139,1986-06-30,IBM.L,USD,1986-06-30,1986-06-30,Q2,12268000000,0.0,0.0,0.0,0.0,0.0,0.0,0.0,0.0,0.0,0.0,0.0,12268000000,1.0,12268000000,1.0,0.0,0.0,0.0,0.0,0.0,0.0,0.53,0.53,2462400000,2462400000,https://find-and-update.company-information.service.gov.uk/search/companies?q=International+Business+Machines+Corp,https://find-and-update.company-information.service.gov.uk/search/companies?q=International+Business+Machines+Corp,1620593383,16:49:43,20210509
140,1986-03-31,IBM.L,USD,1986-03-31,1986-03-31,Q1,10127000000,0.0,0.0,0.0,0.0,0.0,0.0,0.0,0.0,0.0,0.0,0.0,10127000000,1.0,10127000000,1.0,0.0,0.0,0.0,0.0,0.0,0.0,0.42,0.42,2461672000,2461672000,https://find-and-update.company-information.service.gov.uk/search/companies?q=International+Business+Machines+Corp,https://find-and-update.company-information.service.gov.uk/search/companies?q=International+Business+Machines+Corp,1620593383,16:49:43,20210509
141,1985-12-31,IBM.L,USD,1985-12-31,1985-12-31,Q4,17155000000,0.0,0.0,0.0,0.0,0.0,0.0,0.0,0.0,0.0,0.0,0.0,-21671000000,-1.2632468668026815,-21671000000,-1.2632468668026815,0.0,0.0,0.0,0.0,0.0,0.0,0.0,0.0,891400000,891400000,https://find-and-update.company-information.service.gov.uk/search/companies?q=International+Business+Machines+Corp,https://find-and-update.company-information.service.gov.uk/search/companies?q=International+Business+Machines+Corp,1620593383,16:49:43,20210509
142,1985-09-30,IBM.L,USD,1985-09-30,1985-09-30,Q3,11698000000,0.0,0.0,0.0,0.0,0.0,0.0,0.0,0.0,0.0,0.0,0.0,11698000000,1.0,11698000000,1.0,0.0,0.0,0.0,0.0,0.0,0.0,0.6,0.6,2454832000,2454832000,https://find-and-update.company-information.service.gov.uk/search/companies?q=International+Business+Machines+Corp,https://find-and-update.company-information.service.gov.uk/search/companies?q=International+Business+Machines+Corp,1620593383,16:49:43,20210509
