,date,symbol,reportedCurrency,fillingDate,acceptedDate,period,revenue,costOfRevenue,grossProfit,grossProfitRatio,researchAndDevelopmentExpenses,generalAndAdministrativeExpenses,sellingAndMarketingExpenses,otherExpenses,operatingExpenses,costAndExpenses,interestExpense,depreciationAndAmortization,ebitda,ebitdaratio,operatingIncome,operatingIncomeRatio,totalOtherIncomeExpensesNet,incomeBeforeTax,incomeBeforeTaxRatio,incomeTaxExpense,netIncome,netIncomeRatio,eps,epsdiluted,weightedAverageShsOut,weightedAverageShsOutDil,link,finalLink,timestamp,est_time,est_date
0,2019-06-30,STCM.L,USD,2019-06-30,2019-06-30,Q2,19982488.25,11561031.5,8421456.75,0.42144184671295876,0.0,1480386.25,3342906.0,0.0,0.0,16342795.0,515252.0,2291971.0,5931664.25,0.29684312462938645,3639693.25,0.18214414563711803,0.0,3135525.0,0.15691364162318475,708927.25,2426597.75,0.12143621553236744,0.011,0.011,220599795,220599795,https://find-and-update.company-information.service.gov.uk/search/companies?q=Steppe+Cement+Ltd,https://find-and-update.company-information.service.gov.uk/search/companies?q=Steppe+Cement+Ltd,1620598350,18:12:30,20210509
1,2019-03-31,STCM.L,USD,2019-03-31,2019-03-31,Q1,19982488.25,11561031.5,8421456.75,0.42144184671295876,0.0,1480386.25,3342906.0,0.0,0.0,16342795.0,515252.0,2291971.0,5931664.25,0.29684312462938645,3639693.25,0.18214414563711803,0.0,3135525.0,0.15691364162318475,708927.25,2426597.75,0.12143621553236744,0.011,0.011,220599795,220599795,https://find-and-update.company-information.service.gov.uk/search/companies?q=Steppe+Cement+Ltd,https://find-and-update.company-information.service.gov.uk/search/companies?q=Steppe+Cement+Ltd,1620598350,18:12:30,20210509
2,2019-01-31,STCM.L,USD,2019-01-31,2019-01-31,Q1,19982488.25,11561031.5,8421456.75,0.42144184671295876,0.0,1480386.25,3342906.0,0.0,0.0,16342795.0,515252.0,2291971.0,5931664.25,0.29684312462938645,3639693.25,0.18214414563711803,0.0,3135525.0,0.15691364162318475,708927.25,2426597.75,0.12143621553236744,0.011,0.011,220599795,220599795,https://find-and-update.company-information.service.gov.uk/search/companies?q=Steppe+Cement+Ltd,https://find-and-update.company-information.service.gov.uk/search/companies?q=Steppe+Cement+Ltd,1620598350,18:12:30,20210509
3,2018-06-30,STCM.L,USD,2018-06-30,2018-06-30,Q2,20546167.5,11717798.75,8828368.75,0.4296844533171454,0.0,1556748.5,3903050.75,144142.5,0.0,17177598.0,409458.5,1819664.75,5188234.25,0.25251591324756795,3368569.5,0.16395123324094385,0.0,2667234.75,0.12981665558795819,436121.5,2231113.25,0.10859023951790522,0.01025,0.01025,219000000,219000000,https://find-and-update.company-information.service.gov.uk/search/companies?q=Steppe+Cement+Ltd,https://find-and-update.company-information.service.gov.uk/search/companies?q=Steppe+Cement+Ltd,1620598350,18:12:30,20210509
4,2018-03-31,STCM.L,USD,2018-03-31,2018-03-31,Q1,20546167.5,11717798.75,8828368.75,0.4296844533171454,0.0,1556748.5,3903050.75,144142.5,0.0,17177598.0,409458.5,1819664.75,5188234.25,0.25251591324756795,3368569.5,0.16395123324094385,0.0,2667234.75,0.12981665558795819,436121.5,2231113.25,0.10859023951790522,0.01025,0.01025,219000000,219000000,https://find-and-update.company-information.service.gov.uk/search/companies?q=Steppe+Cement+Ltd,https://find-and-update.company-information.service.gov.uk/search/companies?q=Steppe+Cement+Ltd,1620598350,18:12:30,20210509
5,2018-01-31,STCM.L,USD,2018-01-31,2018-01-31,Q1,20546167.5,11717798.75,8828368.75,0.4296844533171454,0.0,1556748.5,3903050.75,144142.5,0.0,17177598.0,409458.5,1819664.75,5188234.25,0.25251591324756795,3368569.5,0.16395123324094385,0.0,2667234.75,0.12981665558795819,436121.5,2231113.25,0.10859023951790522,0.01025,0.01025,219000000,219000000,https://find-and-update.company-information.service.gov.uk/search/companies?q=Steppe+Cement+Ltd,https://find-and-update.company-information.service.gov.uk/search/companies?q=Steppe+Cement+Ltd,1620598350,18:12:30,20210509
6,2017-06-30,STCM.L,USD,2017-06-30,2017-06-30,Q2,16463784.25,11553949.0,4909835.25,0.2982203347325813,0.0,1060327.25,2954880.25,184181.75,0.0,15569156.5,548324.75,1824497.25,2719125.0,0.16515795874815353,894627.75,0.054339132268451586,0.0,483640.25,0.02937600752390812,175772.75,307867.5,0.018699680178328383,0.0015,0.0015,205245000,205245000,https://find-and-update.company-information.service.gov.uk/search/companies?q=Steppe+Cement+Ltd,https://find-and-update.company-information.service.gov.uk/search/companies?q=Steppe+Cement+Ltd,1620598350,18:12:30,20210509
7,2017-03-31,STCM.L,USD,2017-03-31,2017-03-31,Q1,16463784.25,11553949.0,4909835.25,0.2982203347325813,0.0,1060327.25,2954880.25,184181.75,0.0,15569156.5,548324.75,1824497.25,2719125.0,0.16515795874815353,894627.75,0.054339132268451586,0.0,483640.25,0.02937600752390812,175772.75,307867.5,0.018699680178328383,0.0015,0.0015,205245000,205245000,https://find-and-update.company-information.service.gov.uk/search/companies?q=Steppe+Cement+Ltd,https://find-and-update.company-information.service.gov.uk/search/companies?q=Steppe+Cement+Ltd,1620598350,18:12:30,20210509
8,2017-01-31,STCM.L,USD,2017-01-31,2017-01-31,Q1,16463784.25,11553949.0,4909835.25,0.2982203347325813,0.0,1060327.25,2954880.25,184181.75,0.0,15569156.5,548324.75,1824497.25,2719125.0,0.16515795874815353,894627.75,0.054339132268451586,0.0,483640.25,0.02937600752390812,175772.75,307867.5,0.018699680178328383,0.0015,0.0015,205245000,205245000,https://find-and-update.company-information.service.gov.uk/search/companies?q=Steppe+Cement+Ltd,https://find-and-update.company-information.service.gov.uk/search/companies?q=Steppe+Cement+Ltd,1620598350,18:12:30,20210509
9,2016-06-30,STCM.L,USD,2016-06-30,2016-06-30,Q2,13119842.5,9217716.5,3902126.0,0.29742171066459067,0.0,1189787.0,2092021.0,80112.25,0.0,12499524.5,685295.25,1713389.5,2333707.5,0.1778761825837467,620318.0,0.047280902952912734,0.0,170445.25,0.012991409767304752,126444.75,44000.5,0.003353736906521553,0.00025,0.00025,176002000,176002000,https://find-and-update.company-information.service.gov.uk/search/companies?q=Steppe+Cement+Ltd,https://find-and-update.company-information.service.gov.uk/search/companies?q=Steppe+Cement+Ltd,1620598350,18:12:30,20210509
10,2016-03-31,STCM.L,USD,2016-03-31,2016-03-31,Q1,13119842.5,9217716.5,3902126.0,0.29742171066459067,0.0,1189787.0,2092021.0,80112.25,0.0,12499524.5,685295.25,1713389.5,2333707.5,0.1778761825837467,620318.0,0.047280902952912734,0.0,170445.25,0.012991409767304752,126444.75,44000.5,0.003353736906521553,0.00025,0.00025,176002000,176002000,https://find-and-update.company-information.service.gov.uk/search/companies?q=Steppe+Cement+Ltd,https://find-and-update.company-information.service.gov.uk/search/companies?q=Steppe+Cement+Ltd,1620598350,18:12:30,20210509
11,2016-01-31,STCM.L,USD,2016-01-31,2016-01-31,Q1,13119842.5,9217716.5,3902126.0,0.29742171066459067,0.0,1189787.0,2092021.0,80112.25,0.0,12499524.5,685295.25,1713389.5,2333707.5,0.1778761825837467,620318.0,0.047280902952912734,0.0,170445.25,0.012991409767304752,126444.75,44000.5,0.003353736906521553,0.00025,0.00025,176002000,176002000,https://find-and-update.company-information.service.gov.uk/search/companies?q=Steppe+Cement+Ltd,https://find-and-update.company-information.service.gov.uk/search/companies?q=Steppe+Cement+Ltd,1620598350,18:12:30,20210509
12,2015-09-30,STCM.L,USD,2015-09-30,2015-09-30,Q3,23408180.0,15095830.25,8312349.75,0.35510448697848357,0.0,2009313.5,3270626.5,-23698.75,0.0,20375770.25,1038444.5,2672102.0,5704511.75,0.24369736348575582,3032409.75,0.12954487491124897,0.0,-2203704.75,-0.09414250702104991,-1358290.25,-845414.5,-0.03611619955075533,-0.00375,-0.00375,225443867,225443867,https://find-and-update.company-information.service.gov.uk/search/companies?q=Steppe+Cement+Ltd,https://find-and-update.company-information.service.gov.uk/search/companies?q=Steppe+Cement+Ltd,1620598350,18:12:30,20210509
13,2015-06-30,STCM.L,USD,2015-06-30,2015-06-30,Q2,23408180.0,15095830.25,8312349.75,0.35510448697848357,0.0,2009313.5,3270626.5,-23698.75,0.0,20375770.25,1038444.5,2672102.0,5704511.75,0.24369736348575582,3032409.75,0.12954487491124897,0.0,-2203704.75,-0.09414250702104991,-1358290.25,-845414.5,-0.03611619955075533,-0.00375,-0.00375,225443867,225443867,https://find-and-update.company-information.service.gov.uk/search/companies?q=Steppe+Cement+Ltd,https://find-and-update.company-information.service.gov.uk/search/companies?q=Steppe+Cement+Ltd,1620598350,18:12:30,20210509
14,2015-03-31,STCM.L,USD,2015-03-31,2015-03-31,Q1,23408180.0,15095830.25,8312349.75,0.35510448697848357,0.0,2009313.5,3270626.5,-23698.75,0.0,20375770.25,1038444.5,2672102.0,5704511.75,0.24369736348575582,3032409.75,0.12954487491124897,0.0,-2203704.75,-0.09414250702104991,-1358290.25,-845414.5,-0.03611619955075533,-0.00375,-0.00375,225443867,225443867,https://find-and-update.company-information.service.gov.uk/search/companies?q=Steppe+Cement+Ltd,https://find-and-update.company-information.service.gov.uk/search/companies?q=Steppe+Cement+Ltd,1620598350,18:12:30,20210509
15,2015-01-31,STCM.L,USD,2015-01-31,2015-01-31,Q1,23408180.0,15095830.25,8312349.75,0.35510448697848357,0.0,2009313.5,3270626.5,-23698.75,0.0,20375770.25,1038444.5,2672102.0,5704511.75,0.24369736348575582,3032409.75,0.12954487491124897,0.0,-2203704.75,-0.09414250702104991,-1358290.25,-845414.5,-0.03611619955075533,-0.00375,-0.00375,225443867,225443867,https://find-and-update.company-information.service.gov.uk/search/companies?q=Steppe+Cement+Ltd,https://find-and-update.company-information.service.gov.uk/search/companies?q=Steppe+Cement+Ltd,1620598350,18:12:30,20210509
16,2014-09-30,STCM.L,USD,2014-09-30,2014-09-30,Q3,29158718.75,20231433.25,8927285.5,0.30616178908752634,0.0,3037827.75,4784883.0,-1147424.25,0.0,28054144.0,1180844.0,3063865.75,4168440.5,0.14295691575954447,1104574.75,0.03788145698274208,0.0,-2023711.5,-0.06940330668678643,-38540.25,-1985171.25,-0.06808156651258897,-0.009,-0.009,220574583,220574583,https://find-and-update.company-information.service.gov.uk/search/companies?q=Steppe+Cement+Ltd,https://find-and-update.company-information.service.gov.uk/search/companies?q=Steppe+Cement+Ltd,1620598350,18:12:30,20210509
17,2014-06-30,STCM.L,USD,2014-06-30,2014-06-30,Q2,29158718.75,20231433.25,8927285.5,0.30616178908752634,0.0,3037827.75,4784883.0,-1147424.25,0.0,28054144.0,1180844.0,3063865.75,4168440.5,0.14295691575954447,1104574.75,0.03788145698274208,0.0,-2023711.5,-0.06940330668678643,-38540.25,-1985171.25,-0.06808156651258897,-0.009,-0.009,220574583,220574583,https://find-and-update.company-information.service.gov.uk/search/companies?q=Steppe+Cement+Ltd,https://find-and-update.company-information.service.gov.uk/search/companies?q=Steppe+Cement+Ltd,1620598350,18:12:30,20210509
18,2014-03-31,STCM.L,USD,2014-03-31,2014-03-31,Q1,29158718.75,20231433.25,8927285.5,0.30616178908752634,0.0,3037827.75,4784883.0,-1147424.25,0.0,28054144.0,1180844.0,3063865.75,4168440.5,0.14295691575954447,1104574.75,0.03788145698274208,0.0,-2023711.5,-0.06940330668678643,-38540.25,-1985171.25,-0.06808156651258897,-0.009,-0.009,220574583,220574583,https://find-and-update.company-information.service.gov.uk/search/companies?q=Steppe+Cement+Ltd,https://find-and-update.company-information.service.gov.uk/search/companies?q=Steppe+Cement+Ltd,1620598350,18:12:30,20210509
19,2014-01-31,STCM.L,USD,2014-01-31,2014-01-31,Q1,29158718.75,20231433.25,8927285.5,0.30616178908752634,0.0,3037827.75,4784883.0,-1147424.25,0.0,28054144.0,1180844.0,3063865.75,4168440.5,0.14295691575954447,1104574.75,0.03788145698274208,0.0,-2023711.5,-0.06940330668678643,-38540.25,-1985171.25,-0.06808156651258897,-0.009,-0.009,220574583,220574583,https://find-and-update.company-information.service.gov.uk/search/companies?q=Steppe+Cement+Ltd,https://find-and-update.company-information.service.gov.uk/search/companies?q=Steppe+Cement+Ltd,1620598350,18:12:30,20210509
20,2013-09-30,STCM.L,USD,2013-09-30,2013-09-30,Q3,31995440.75,18548500.75,13446940.0,0.42027675458729225,0.0,3174239.5,4949909.75,-401011.5,0.0,26672650.0,956090.25,2251493.25,7574284.0,0.23673010349138573,5322790.75,0.16636091346858536,0.0,3244100.5,0.10139258669221489,631357.25,2612743.25,0.08165986117881499,0.012,0.012,217728604,217728604,https://find-and-update.company-information.service.gov.uk/search/companies?q=Steppe+Cement+Ltd,https://find-and-update.company-information.service.gov.uk/search/companies?q=Steppe+Cement+Ltd,1620598350,18:12:30,20210509
21,2013-06-30,STCM.L,USD,2013-06-30,2013-06-30,Q2,31995440.75,18548500.75,13446940.0,0.42027675458729225,0.0,3174239.5,4949909.75,-401011.5,0.0,26672650.0,956090.25,2251493.25,7574284.0,0.23673010349138573,5322790.75,0.16636091346858536,0.0,3244100.5,0.10139258669221489,631357.25,2612743.25,0.08165986117881499,0.012,0.012,217728604,217728604,https://find-and-update.company-information.service.gov.uk/search/companies?q=Steppe+Cement+Ltd,https://find-and-update.company-information.service.gov.uk/search/companies?q=Steppe+Cement+Ltd,1620598350,18:12:30,20210509
22,2013-03-31,STCM.L,USD,2013-03-31,2013-03-31,Q1,31995440.75,18548500.75,13446940.0,0.42027675458729225,0.0,3174239.5,4949909.75,-401011.5,0.0,26672650.0,956090.25,2251493.25,7574284.0,0.23673010349138573,5322790.75,0.16636091346858536,0.0,3244100.5,0.10139258669221489,631357.25,2612743.25,0.08165986117881499,0.012,0.012,217728604,217728604,https://find-and-update.company-information.service.gov.uk/search/companies?q=Steppe+Cement+Ltd,https://find-and-update.company-information.service.gov.uk/search/companies?q=Steppe+Cement+Ltd,1620598350,18:12:30,20210509
23,2013-01-31,STCM.L,USD,2013-01-31,2013-01-31,Q1,31995440.75,18548500.75,13446940.0,0.42027675458729225,0.0,3174239.5,4949909.75,-401011.5,0.0,26672650.0,956090.25,2251493.25,7574284.0,0.23673010349138573,5322790.75,0.16636091346858536,0.0,3244100.5,0.10139258669221489,631357.25,2612743.25,0.08165986117881499,0.012,0.012,217728604,217728604,https://find-and-update.company-information.service.gov.uk/search/companies?q=Steppe+Cement+Ltd,https://find-and-update.company-information.service.gov.uk/search/companies?q=Steppe+Cement+Ltd,1620598350,18:12:30,20210509
24,2012-09-30,STCM.L,USD,2012-09-30,2012-09-30,Q3,30041426.5,18050336.5,11991090.0,0.3991518179071823,0.0,2916530.75,4964923.0,4183.75,0.0,25931790.25,869197.0,2363892.0,6473528.25,0.21548671298947805,4109636.25,0.13679897158012785,0.0,3009656.75,0.10018354987237374,919598.25,2090058.5,0.06957254509868231,0.0115,0.0115,181744217,181744217,https://find-and-update.company-information.service.gov.uk/search/companies?q=Steppe+Cement+Ltd,https://find-and-update.company-information.service.gov.uk/search/companies?q=Steppe+Cement+Ltd,1620598350,18:12:30,20210509
25,2012-06-30,STCM.L,USD,2012-06-30,2012-06-30,Q2,30041426.5,18050336.5,11991090.0,0.3991518179071823,0.0,2916530.75,4964923.0,4183.75,0.0,25931790.25,869197.0,2363892.0,6473528.25,0.21548671298947805,4109636.25,0.13679897158012785,0.0,3009656.75,0.10018354987237374,919598.25,2090058.5,0.06957254509868231,0.0115,0.0115,181744217,181744217,https://find-and-update.company-information.service.gov.uk/search/companies?q=Steppe+Cement+Ltd,https://find-and-update.company-information.service.gov.uk/search/companies?q=Steppe+Cement+Ltd,1620598350,18:12:30,20210509
26,2012-03-31,STCM.L,USD,2012-03-31,2012-03-31,Q1,30041426.5,18050336.5,11991090.0,0.3991518179071823,0.0,2916530.75,4964923.0,4183.75,0.0,25931790.25,869197.0,2363892.0,6473528.25,0.21548671298947805,4109636.25,0.13679897158012785,0.0,3009656.75,0.10018354987237374,919598.25,2090058.5,0.06957254509868231,0.0115,0.0115,181744217,181744217,https://find-and-update.company-information.service.gov.uk/search/companies?q=Steppe+Cement+Ltd,https://find-and-update.company-information.service.gov.uk/search/companies?q=Steppe+Cement+Ltd,1620598350,18:12:30,20210509
27,2012-01-31,STCM.L,USD,2012-01-31,2012-01-31,Q1,30041426.5,18050336.5,11991090.0,0.3991518179071823,0.0,2916530.75,4964923.0,4183.75,0.0,25931790.25,869197.0,2363892.0,6473528.25,0.21548671298947805,4109636.25,0.13679897158012785,0.0,3009656.75,0.10018354987237374,919598.25,2090058.5,0.06957254509868231,0.0115,0.0115,181744217,181744217,https://find-and-update.company-information.service.gov.uk/search/companies?q=Steppe+Cement+Ltd,https://find-and-update.company-information.service.gov.uk/search/companies?q=Steppe+Cement+Ltd,1620598350,18:12:30,20210509
28,2011-09-30,STCM.L,USD,2011-09-30,2011-09-30,Q3,24027551.575,14756568.025,9270983.55,0.3858480345390748,0.0,0.0,3697592.425,0.0,327915.1,21115556.7,1231624.25,2333481.15,5245476.025,0.21831088401274196,2911994.875,0.12119399123587149,0.0,1388588.35,0.05779150429312938,555202.225,833386.125,0.03468460456316802,0.0047035,0.0047035,180772100,180772100,https://find-and-update.company-information.service.gov.uk/search/companies?q=Steppe+Cement+Ltd,https://find-and-update.company-information.service.gov.uk/search/companies?q=Steppe+Cement+Ltd,1620598350,18:12:30,20210509
29,2011-06-30,STCM.L,USD,2011-06-30,2011-06-30,Q2,24027551.575,14756568.025,9270983.55,0.3858480345390748,0.0,0.0,3697592.425,0.0,327915.1,21115556.7,1231624.25,2333481.15,5245476.025,0.21831088401274196,2911994.875,0.12119399123587149,0.0,1388588.35,0.05779150429312938,555202.225,833386.125,0.03468460456316802,0.0047035,0.0047035,180772100,180772100,https://find-and-update.company-information.service.gov.uk/search/companies?q=Steppe+Cement+Ltd,https://find-and-update.company-information.service.gov.uk/search/companies?q=Steppe+Cement+Ltd,1620598350,18:12:30,20210509
30,2011-03-31,STCM.L,USD,2011-03-31,2011-03-31,Q1,24027551.575,14756568.025,9270983.55,0.3858480345390748,0.0,0.0,3697592.425,0.0,327915.1,21115556.7,1231624.25,2333481.15,5245476.025,0.21831088401274196,2911994.875,0.12119399123587149,0.0,1388588.35,0.05779150429312938,555202.225,833386.125,0.03468460456316802,0.0047035,0.0047035,180772100,180772100,https://find-and-update.company-information.service.gov.uk/search/companies?q=Steppe+Cement+Ltd,https://find-and-update.company-information.service.gov.uk/search/companies?q=Steppe+Cement+Ltd,1620598350,18:12:30,20210509
31,2011-01-31,STCM.L,USD,2011-01-31,2011-01-31,Q1,24027551.575,14756568.025,9270983.55,0.3858480345390748,0.0,0.0,3697592.425,0.0,327915.1,21115556.7,1231624.25,2333481.15,5245476.025,0.21831088401274196,2911994.875,0.12119399123587149,0.0,1388588.35,0.05779150429312938,555202.225,833386.125,0.03468460456316802,0.0047035,0.0047035,180772100,180772100,https://find-and-update.company-information.service.gov.uk/search/companies?q=Steppe+Cement+Ltd,https://find-and-update.company-information.service.gov.uk/search/companies?q=Steppe+Cement+Ltd,1620598350,18:12:30,20210509
32,2010-09-30,STCM.L,USD,2010-09-30,2010-09-30,Q3,18212222.4,12957341.775,5254880.625,0.28853593535075656,0.0,0.0,3023366.7,0.0,373810.875,18679583.85,1099904.25,2325064.5,1857703.05,0.10200309491059148,-467361.45,-0.025661966987620362,0.0,-1729707.075,-0.09497506877579093,-795375.6,-934331.475,-0.05130244154057772,-0.00594125,-0.00594125,159952001,159952001,https://find-and-update.company-information.service.gov.uk/search/companies?q=Steppe+Cement+Ltd,https://find-and-update.company-information.service.gov.uk/search/companies?q=Steppe+Cement+Ltd,1620598350,18:12:30,20210509
33,2010-06-30,STCM.L,USD,2010-06-30,2010-06-30,Q2,18212222.4,12957341.775,5254880.625,0.28853593535075656,0.0,0.0,3023366.7,0.0,373810.875,18679583.85,1099904.25,2325064.5,1857703.05,0.10200309491059148,-467361.45,-0.025661966987620362,0.0,-1729707.075,-0.09497506877579093,-795375.6,-934331.475,-0.05130244154057772,-0.00594125,-0.00594125,159952001,159952001,https://find-and-update.company-information.service.gov.uk/search/companies?q=Steppe+Cement+Ltd,https://find-and-update.company-information.service.gov.uk/search/companies?q=Steppe+Cement+Ltd,1620598350,18:12:30,20210509
34,2010-03-31,STCM.L,USD,2010-03-31,2010-03-31,Q1,18212222.4,12957341.775,5254880.625,0.28853593535075656,0.0,0.0,3023366.7,0.0,373810.875,18679583.85,1099904.25,2325064.5,1857703.05,0.10200309491059148,-467361.45,-0.025661966987620362,0.0,-1729707.075,-0.09497506877579093,-795375.6,-934331.475,-0.05130244154057772,-0.00594125,-0.00594125,159952001,159952001,https://find-and-update.company-information.service.gov.uk/search/companies?q=Steppe+Cement+Ltd,https://find-and-update.company-information.service.gov.uk/search/companies?q=Steppe+Cement+Ltd,1620598350,18:12:30,20210509
35,2010-01-31,STCM.L,USD,2010-01-31,2010-01-31,Q1,18212222.4,12957341.775,5254880.625,0.28853593535075656,0.0,0.0,3023366.7,0.0,373810.875,18679583.85,1099904.25,2325064.5,1857703.05,0.10200309491059148,-467361.45,-0.025661966987620362,0.0,-1729707.075,-0.09497506877579093,-795375.6,-934331.475,-0.05130244154057772,-0.00594125,-0.00594125,159952001,159952001,https://find-and-update.company-information.service.gov.uk/search/companies?q=Steppe+Cement+Ltd,https://find-and-update.company-information.service.gov.uk/search/companies?q=Steppe+Cement+Ltd,1620598350,18:12:30,20210509
36,2009-09-30,STCM.L,USD,2009-09-30,2009-09-30,Q3,14782104.025,10325523.4,4456580.625,0.30148486422926524,0.0,0.0,1900261.725,0.0,-2606038.575,11497775.9,1240162.3,1878029.35,5162357.475,0.3492302223194509,3284328.125,0.22218272307145395,0.0,-4750047.975,-0.3213377450846345,-620889.6,-4129158.375,-0.27933495583691104,-0.029706,-0.029706,141136554,141136554,https://find-and-update.company-information.service.gov.uk/search/companies?q=Steppe+Cement+Ltd,https://find-and-update.company-information.service.gov.uk/search/companies?q=Steppe+Cement+Ltd,1620598350,18:12:30,20210509
37,2009-06-30,STCM.L,USD,2009-06-30,2009-06-30,Q2,14782104.025,10325523.4,4456580.625,0.30148486422926524,0.0,0.0,1900261.725,0.0,-2606038.575,11497775.9,1240162.3,1878029.35,5162357.475,0.3492302223194509,3284328.125,0.22218272307145395,0.0,-4750047.975,-0.3213377450846345,-620889.6,-4129158.375,-0.27933495583691104,-0.029706,-0.029706,141136554,141136554,https://find-and-update.company-information.service.gov.uk/search/companies?q=Steppe+Cement+Ltd,https://find-and-update.company-information.service.gov.uk/search/companies?q=Steppe+Cement+Ltd,1620598350,18:12:30,20210509
38,2009-03-31,STCM.L,USD,2009-03-31,2009-03-31,Q1,14782104.025,10325523.4,4456580.625,0.30148486422926524,0.0,0.0,1900261.725,0.0,-2606038.575,11497775.9,1240162.3,1878029.35,5162357.475,0.3492302223194509,3284328.125,0.22218272307145395,0.0,-4750047.975,-0.3213377450846345,-620889.6,-4129158.375,-0.27933495583691104,-0.029706,-0.029706,141136554,141136554,https://find-and-update.company-information.service.gov.uk/search/companies?q=Steppe+Cement+Ltd,https://find-and-update.company-information.service.gov.uk/search/companies?q=Steppe+Cement+Ltd,1620598350,18:12:30,20210509
39,2009-01-31,STCM.L,USD,2009-01-31,2009-01-31,Q1,14782104.025,10325523.4,4456580.625,0.30148486422926524,0.0,0.0,1900261.725,0.0,-2606038.575,11497775.9,1240162.3,1878029.35,5162357.475,0.3492302223194509,3284328.125,0.22218272307145395,0.0,-4750047.975,-0.3213377450846345,-620889.6,-4129158.375,-0.27933495583691104,-0.029706,-0.029706,141136554,141136554,https://find-and-update.company-information.service.gov.uk/search/companies?q=Steppe+Cement+Ltd,https://find-and-update.company-information.service.gov.uk/search/companies?q=Steppe+Cement+Ltd,1620598350,18:12:30,20210509
40,2008-09-30,STCM.L,USD,2008-09-30,2008-09-30,Q3,22881345.3,10214691.0,12666654.3,0.5535799636746009,0.0,0.0,1883994.4,0.0,2484408.25,15513060.7,151652.8,929967.05,8298251.649999999,0.3626644998884746,7368284.6,0.32202147659560904,0.0,6658870.3,0.2910174298186916,1998463.1,4660407.2,0.2036771500493898,0.039608,0.039608,115128600,115128600,https://find-and-update.company-information.service.gov.uk/search/companies?q=Steppe+Cement+Ltd,https://find-and-update.company-information.service.gov.uk/search/companies?q=Steppe+Cement+Ltd,1620598350,18:12:30,20210509
41,2008-06-30,STCM.L,USD,2008-06-30,2008-06-30,Q2,22881345.3,10214691.0,12666654.3,0.5535799636746009,0.0,0.0,1883994.4,0.0,2484408.25,15513060.7,151652.8,929967.05,8298251.649999999,0.3626644998884746,7368284.6,0.32202147659560904,0.0,6658870.3,0.2910174298186916,1998463.1,4660407.2,0.2036771500493898,0.039608,0.039608,115128600,115128600,https://find-and-update.company-information.service.gov.uk/search/companies?q=Steppe+Cement+Ltd,https://find-and-update.company-information.service.gov.uk/search/companies?q=Steppe+Cement+Ltd,1620598350,18:12:30,20210509
42,2008-03-31,STCM.L,USD,2008-03-31,2008-03-31,Q1,22881345.3,10214691.0,12666654.3,0.5535799636746009,0.0,0.0,1883994.4,0.0,2484408.25,15513060.7,151652.8,929967.05,8298251.649999999,0.3626644998884746,7368284.6,0.32202147659560904,0.0,6658870.3,0.2910174298186916,1998463.1,4660407.2,0.2036771500493898,0.039608,0.039608,115128600,115128600,https://find-and-update.company-information.service.gov.uk/search/companies?q=Steppe+Cement+Ltd,https://find-and-update.company-information.service.gov.uk/search/companies?q=Steppe+Cement+Ltd,1620598350,18:12:30,20210509
43,2008-01-31,STCM.L,USD,2008-01-31,2008-01-31,Q1,22881345.3,10214691.0,12666654.3,0.5535799636746009,0.0,0.0,1883994.4,0.0,2484408.25,15513060.7,151652.8,929967.05,8298251.649999999,0.3626644998884746,7368284.6,0.32202147659560904,0.0,6658870.3,0.2910174298186916,1998463.1,4660407.2,0.2036771500493898,0.039608,0.039608,115128600,115128600,https://find-and-update.company-information.service.gov.uk/search/companies?q=Steppe+Cement+Ltd,https://find-and-update.company-information.service.gov.uk/search/companies?q=Steppe+Cement+Ltd,1620598350,18:12:30,20210509
44,2007-09-30,STCM.L,USD,2007-09-30,2007-09-30,Q3,25206171.575,7955511.25,17250660.325,0.6843824050658117,0.0,0.0,1332610.875,0.0,1509790.4,11603502.15,7026.95,805589.625,14408259.05,0.5716163205161393,13602669.425,0.539656305382425,0.0,13400895.575,0.5316513670124853,4094704.15,9306191.425,0.3692028913359486,0.08169125,0.08169125,115128600,115128600,https://find-and-update.company-information.service.gov.uk/search/companies?q=Steppe+Cement+Ltd,https://find-and-update.company-information.service.gov.uk/search/companies?q=Steppe+Cement+Ltd,1620598350,18:12:30,20210509
45,2007-06-30,STCM.L,USD,2007-06-30,2007-06-30,Q2,25206171.575,7955511.25,17250660.325,0.6843824050658117,0.0,0.0,1332610.875,0.0,1509790.4,11603502.15,7026.95,805589.625,14408259.05,0.5716163205161393,13602669.425,0.539656305382425,0.0,13400895.575,0.5316513670124853,4094704.15,9306191.425,0.3692028913359486,0.08169125,0.08169125,115128600,115128600,https://find-and-update.company-information.service.gov.uk/search/companies?q=Steppe+Cement+Ltd,https://find-and-update.company-information.service.gov.uk/search/companies?q=Steppe+Cement+Ltd,1620598350,18:12:30,20210509
46,2007-03-31,STCM.L,USD,2007-03-31,2007-03-31,Q1,25206171.575,7955511.25,17250660.325,0.6843824050658117,0.0,0.0,1332610.875,0.0,1509790.4,11603502.15,7026.95,805589.625,14408259.05,0.5716163205161393,13602669.425,0.539656305382425,0.0,13400895.575,0.5316513670124853,4094704.15,9306191.425,0.3692028913359486,0.08169125,0.08169125,115128600,115128600,https://find-and-update.company-information.service.gov.uk/search/companies?q=Steppe+Cement+Ltd,https://find-and-update.company-information.service.gov.uk/search/companies?q=Steppe+Cement+Ltd,1620598350,18:12:30,20210509
47,2007-01-31,STCM.L,USD,2007-01-31,2007-01-31,Q1,25206171.575,7955511.25,17250660.325,0.6843824050658117,0.0,0.0,1332610.875,0.0,1509790.4,11603502.15,7026.95,805589.625,14408259.05,0.5716163205161393,13602669.425,0.539656305382425,0.0,13400895.575,0.5316513670124853,4094704.15,9306191.425,0.3692028913359486,0.08169125,0.08169125,115128600,115128600,https://find-and-update.company-information.service.gov.uk/search/companies?q=Steppe+Cement+Ltd,https://find-and-update.company-information.service.gov.uk/search/companies?q=Steppe+Cement+Ltd,1620598350,18:12:30,20210509
48,2006-09-30,STCM.L,USD,2006-09-30,2006-09-30,Q3,13906053.9,5636143.475,8269910.425,0.5946985740505435,0.0,0.0,952691.325,0.0,933549.15,8315066.325,268481.275,792682.375,6383669.95,0.4590568967951433,5590987.575,0.40205421431596783,0.0,5370607.15,0.3862064097133983,1776786.5,3593820.65,0.25843569109134545,0.0321815,0.0321815,113966205,113966205,https://find-and-update.company-information.service.gov.uk/search/companies?q=Steppe+Cement+Ltd,https://find-and-update.company-information.service.gov.uk/search/companies?q=Steppe+Cement+Ltd,1620598350,18:12:30,20210509
49,2006-06-30,STCM.L,USD,2006-06-30,2006-06-30,Q2,13906053.9,5636143.475,8269910.425,0.5946985740505435,0.0,0.0,952691.325,0.0,933549.15,8315066.325,268481.275,792682.375,6383669.95,0.4590568967951433,5590987.575,0.40205421431596783,0.0,5370607.15,0.3862064097133983,1776786.5,3593820.65,0.25843569109134545,0.0321815,0.0321815,113966205,113966205,https://find-and-update.company-information.service.gov.uk/search/companies?q=Steppe+Cement+Ltd,https://find-and-update.company-information.service.gov.uk/search/companies?q=Steppe+Cement+Ltd,1620598350,18:12:30,20210509
50,2006-03-31,STCM.L,USD,2006-03-31,2006-03-31,Q1,13906053.9,5636143.475,8269910.425,0.5946985740505435,0.0,0.0,952691.325,0.0,933549.15,8315066.325,268481.275,792682.375,6383669.95,0.4590568967951433,5590987.575,0.40205421431596783,0.0,5370607.15,0.3862064097133983,1776786.5,3593820.65,0.25843569109134545,0.0321815,0.0321815,113966205,113966205,https://find-and-update.company-information.service.gov.uk/search/companies?q=Steppe+Cement+Ltd,https://find-and-update.company-information.service.gov.uk/search/companies?q=Steppe+Cement+Ltd,1620598350,18:12:30,20210509
51,2006-01-31,STCM.L,USD,2006-01-31,2006-01-31,Q1,13906053.9,5636143.475,8269910.425,0.5946985740505435,0.0,0.0,952691.325,0.0,933549.15,8315066.325,268481.275,792682.375,6383669.95,0.4590568967951433,5590987.575,0.40205421431596783,0.0,5370607.15,0.3862064097133983,1776786.5,3593820.65,0.25843569109134545,0.0321815,0.0321815,113966205,113966205,https://find-and-update.company-information.service.gov.uk/search/companies?q=Steppe+Cement+Ltd,https://find-and-update.company-information.service.gov.uk/search/companies?q=Steppe+Cement+Ltd,1620598350,18:12:30,20210509
52,2005-09-30,STCM.L,USD,2005-09-30,2005-09-30,Q3,5053381.25,2068230.675,2985150.575,0.5907234042553192,0.0,0.0,310944.225,0.0,595653.875,3198467.775,144075.125,223639.0,2078552.475,0.4113191489361702,1854913.475,0.36706382978723406,0.0,4861567.8,0.9620425531914893,694571.125,4166996.675,0.8245957446808511,0.10397075,0.10397075,40018297,40018297,https://find-and-update.company-information.service.gov.uk/search/companies?q=Steppe+Cement+Ltd,https://find-and-update.company-information.service.gov.uk/search/companies?q=Steppe+Cement+Ltd,1620598350,18:12:30,20210509
53,2005-06-30,STCM.L,USD,2005-06-30,2005-06-30,Q2,5053381.25,2068230.675,2985150.575,0.5907234042553192,0.0,0.0,310944.225,0.0,595653.875,3198467.775,144075.125,223639.0,2078552.475,0.4113191489361702,1854913.475,0.36706382978723406,0.0,4861567.8,0.9620425531914893,694571.125,4166996.675,0.8245957446808511,0.10397075,0.10397075,40018297,40018297,https://find-and-update.company-information.service.gov.uk/search/companies?q=Steppe+Cement+Ltd,https://find-and-update.company-information.service.gov.uk/search/companies?q=Steppe+Cement+Ltd,1620598350,18:12:30,20210509
54,2005-03-31,STCM.L,USD,2005-03-31,2005-03-31,Q1,5053381.25,2068230.675,2985150.575,0.5907234042553192,0.0,0.0,310944.225,0.0,595653.875,3198467.775,144075.125,223639.0,2078552.475,0.4113191489361702,1854913.475,0.36706382978723406,0.0,4861567.8,0.9620425531914893,694571.125,4166996.675,0.8245957446808511,0.10397075,0.10397075,40018297,40018297,https://find-and-update.company-information.service.gov.uk/search/companies?q=Steppe+Cement+Ltd,https://find-and-update.company-information.service.gov.uk/search/companies?q=Steppe+Cement+Ltd,1620598350,18:12:30,20210509
55,2005-01-31,STCM.L,USD,2005-01-31,2005-01-31,Q1,5053381.25,2068230.675,2985150.575,0.5907234042553192,0.0,0.0,310944.225,0.0,595653.875,3198467.775,144075.125,223639.0,2078552.475,0.4113191489361702,1854913.475,0.36706382978723406,0.0,4861567.8,0.9620425531914893,694571.125,4166996.675,0.8245957446808511,0.10397075,0.10397075,40018297,40018297,https://find-and-update.company-information.service.gov.uk/search/companies?q=Steppe+Cement+Ltd,https://find-and-update.company-information.service.gov.uk/search/companies?q=Steppe+Cement+Ltd,1620598350,18:12:30,20210509
