,date,symbol,reportedCurrency,fillingDate,acceptedDate,period,revenue,costOfRevenue,grossProfit,grossProfitRatio,researchAndDevelopmentExpenses,generalAndAdministrativeExpenses,sellingAndMarketingExpenses,otherExpenses,operatingExpenses,costAndExpenses,interestExpense,depreciationAndAmortization,ebitda,ebitdaratio,operatingIncome,operatingIncomeRatio,totalOtherIncomeExpensesNet,incomeBeforeTax,incomeBeforeTaxRatio,incomeTaxExpense,netIncome,netIncomeRatio,eps,epsdiluted,weightedAverageShsOut,weightedAverageShsOutDil,link,finalLink,timestamp,est_time,est_date
0,2020-12-31,WSBCP,USD,2021-02-26,2021-02-26 16:37:53,Q4,541277000,0.0,541277000.0,1.0,0.0,0.0,5957000.0,64791000.0,70748000.0,70748000.0,-27049000.0,25698000.0,170777000.0,0.31550758668851625,145079000.0,0.26803097120328406,5007000.0,145079000.0,0.26803097120328406,23035000.0,122044000.0,0.22547420267256876,1.78,1.77,0.0,0.0,https://www.sec.gov/Archives/edgar/data/203596/000156459021009469/0001564590-21-009469-index.htm,https://www.sec.gov/Archives/edgar/data/203596/000156459021009469/wsbc-10k_20201231.htm,1620599933,18:38:53,20210509
1,2020-09-30,WSBCP,USD,2020-10-30,2020-10-30,Q3,133657000,0.0,133657000.0,1.0,0.0,0.0,1577000.0,15620000.0,17197000.0,17197000.0,-5432.0,-11567000.0,37407000.0,0.27987310803025656,48974000.0,0.3664155263098828,1282000.0,48974000.0,0.3664155263098828,7669000.0,41305000.0,0.3090373119253013,0.61,0.61,0.0,0.0,https://www.sec.gov/Archives/edgar/data/203596/000156459020049314/0001564590-20-049314-index.htm,https://www.sec.gov/Archives/edgar/data/203596/000156459020049314/wsbc-10q_20200930.htm,1620599933,18:38:53,20210509
2,2019-12-31,WSBCP,USD,2019-12-31,2019-12-31,Q4,130870000,0.0,0.0,0.0,0.0,61100000.0,2060000.0,0.0,0.0,0.0,21346000.0,0.0,0.0,0.0,0.0,0.3317949109803622,0.0,43422000.0,0.3317949109803622,7046000.0,36376000.0,0.2779552227401238,0.0,0.0,0.0,0.0,,,1620599933,18:38:53,20210509
3,2019-09-30,WSBCP,USD,2019-10-31,2019-10-31,Q3,123070000,0.0,0.0,0.0,0.0,41420000.0,1505000.0,0.0,0.0,0.0,21228000.0,0.0,0.0,0.0,0.0,0.3711790038189648,0.0,45681000.0,0.3711790038189648,8334000.0,37347000.0,0.30346144470626474,0.0,0.0,0.0,0.0,https://www.sec.gov/Archives/edgar/data/203596/000156459019039129/0001564590-19-039129-index.htm,https://www.sec.gov/ix?doc=/Archives/edgar/data/203596/000156459019039129/wsbc-10q_20190930.htm,1620599933,18:38:53,20210509
4,2018-12-31,WSBCP,USD,2019-03-01,2019-03-01,Q4,122610000,0.0,0.0,0.0,0.0,50505000.0,1401000.0,0.0,0.0,0.0,19594000.0,0.0,0.0,0.0,0.0,0.4443764782644156,0.0,54485000.0,0.4443764782644156,10557000.0,43928000.0,0.35827420275670824,0.0,0.0,0.0,0.0,https://www.sec.gov/Archives/edgar/data/203596/000119312519061126/0001193125-19-061126-index.htm,https://www.sec.gov/Archives/edgar/data/203596/000119312519061126/d624339d10k.htm,1620599933,18:38:53,20210509
5,2018-09-30,WSBCP,USD,2018-11-02,2018-11-02,Q3,116157000,0.0,0.0,0.0,0.0,39029000.0,1446000.0,0.0,0.0,0.0,18460000.0,0.0,0.0,0.0,0.0,0.3357696910216345,0.0,39002000.0,0.3357696910216345,6516000.0,32486000.0,0.27967320092633247,0.0,0.0,0.0,0.0,https://www.sec.gov/Archives/edgar/data/203596/000119312518317144/0001193125-18-317144-index.htm,https://www.sec.gov/Archives/edgar/data/203596/000119312518317144/d619371d10q.htm,1620599933,18:38:53,20210509
6,2017-12-31,WSBCP,USD,2018-02-27,2018-02-27,Q4,91607000,0.0,0.0,0.0,0.0,42275000.0,1238000.0,0.0,0.0,0.0,11668000.0,0.0,0.0,0.0,0.0,0.42468370321045334,0.0,38904000.0,0.42468370321045334,23006000.0,15898000.0,0.17354568973986703,0.0,0.0,0.0,0.0,https://www.sec.gov/Archives/edgar/data/203596/000119312518060835/0001193125-18-060835-index.htm,https://www.sec.gov/Archives/edgar/data/203596/000119312518060835/d488809d10k.htm,1620599933,18:38:53,20210509
7,2017-09-30,WSBCP,USD,2017-09-30,2017-09-30,Q3,95153000,0.0,0.0,0.0,0.0,33630000.0,1599000.0,0.0,0.0,0.0,11235000.0,0.0,0.0,0.0,0.0,0.38761783653694576,0.0,36883000.0,0.38761783653694576,10527000.0,26356000.0,0.27698548653221655,0.0,0.0,0.0,0.0,,,1620599933,18:38:53,20210509
8,2016-12-31,WSBCP,USD,2016-12-31,2016-12-31,Q4,88890000,0.0,0.0,0.0,0.0,40203000.0,1515000.0,0.0,0.0,0.0,9130000.0,0.0,0.0,0.0,0.0,0.3676679041511981,0.0,32682000.0,0.3676679041511981,8464000.0,24218000.0,0.27244909438632015,0.0,0.0,0.0,0.0,,,1620599933,18:38:53,20210509
9,2016-09-30,WSBCP,USD,2016-09-30,2016-09-30,Q3,83043000,0.0,0.0,0.0,0.0,28461000.0,1295000.0,0.0,0.0,0.0,8066000.0,0.0,0.0,0.0,0.0,0.27971051142179354,0.0,23228000.0,0.27971051142179354,5793000.0,17435000.0,0.20995147092470165,0.0,0.0,0.0,0.0,,,1620599933,18:38:53,20210509
10,2015-12-31,WSBCP,USD,2015-12-31,2015-12-31,Q4,76183000,0.0,0.0,0.0,0.0,35808000.0,1425000.0,0.0,0.0,0.0,7040000.0,0.0,0.0,0.0,0.0,0.4091070186262027,0.0,31167000.0,0.4091070186262027,8165000.0,23002000.0,0.3019308769673024,0.0,0.0,0.0,0.0,,,1620599933,18:38:53,20210509
11,2015-09-30,WSBCP,USD,2015-09-30,2015-09-30,Q3,78795000,0.0,0.0,0.0,0.0,26924000.0,1514000.0,0.0,0.0,0.0,6326000.0,0.0,0.0,0.0,0.0,0.3809378767688305,0.0,30016000.0,0.3809378767688305,7768000.0,22248000.0,0.2823529411764706,0.0,0.0,0.0,0.0,,,1620599933,18:38:53,20210509
12,2014-12-31,WSBCP,USD,2014-12-31,2014-12-31,Q4,61323000,0.0,0.0,0.0,0.0,30123000.0,1250000.0,0.0,0.0,0.0,5201000.0,0.0,0.0,0.0,0.0,0.35376612364039595,0.0,21694000.0,0.35376612364039595,5182000.0,16512000.0,0.2692627562252336,0.0,0.0,0.0,0.0,,,1620599933,18:38:53,20210509
13,2014-09-30,WSBCP,USD,2014-09-30,2014-09-30,Q3,65265000,0.0,0.0,0.0,0.0,23168000.0,1276000.0,0.0,0.0,0.0,5692000.0,0.0,0.0,0.0,0.0,0.3757603616026967,0.0,24524000.0,0.3757603616026967,6358000.0,18166000.0,0.2783421435685283,0.0,0.0,0.0,0.0,,,1620599933,18:38:53,20210509
14,2013-12-31,WSBCP,USD,2013-12-31,2013-12-31,Q4,59877000,0.0,0.0,0.0,0.0,32754000.0,1159000.0,0.0,0.0,0.0,7018000.0,0.0,0.0,0.0,0.0,0.33904504233679045,0.0,20301000.0,0.33904504233679045,4948000.0,15353000.0,0.25640897172537036,0.0,0.0,0.0,0.0,,,1620599933,18:38:53,20210509
15,2013-09-30,WSBCP,USD,2013-09-30,2013-09-30,Q3,63247000,0.0,0.0,0.0,0.0,22719000.0,1585000.0,0.0,0.0,0.0,8186000.0,0.0,0.0,0.0,0.0,0.322845352348728,0.0,20419000.0,0.322845352348728,4884000.0,15535000.0,0.2456242983856942,0.0,0.0,0.0,0.0,,,1620599933,18:38:53,20210509
16,2012-12-31,WSBCP,USD,2012-12-31,2012-12-31,Q4,57136000,0.0,0.0,0.0,0.0,30813000.0,953000.0,0.0,0.0,0.0,9885000.0,0.0,0.0,0.0,0.0,0.2805586670400448,0.0,16030000.0,0.2805586670400448,3380000.0,12650000.0,0.22140156818818257,0.0,0.0,0.0,0.0,,,1620599933,18:38:53,20210509
17,2012-09-30,WSBCP,USD,2012-09-30,2012-09-30,Q3,57656000,0.0,0.0,0.0,0.0,20709000.0,795000.0,0.0,0.0,0.0,10594000.0,0.0,0.0,0.0,0.0,0.2839080061051755,0.0,16369000.0,0.2839080061051755,3463000.0,12906000.0,0.2238448730400999,0.0,0.0,0.0,0.0,,,1620599933,18:38:53,20210509
18,2011-12-31,WSBCP,USD,2011-12-31,2011-12-31,Q4,57702000,0.0,0.0,0.0,0.0,20096000.0,1281000.0,0.0,0.0,0.0,12806000.0,0.0,0.0,0.0,0.0,0.21796471526116945,0.0,12577000.0,0.21796471526116945,1940000.0,10637000.0,0.18434369692558317,0.0,0.0,0.0,0.0,,,1620599933,18:38:53,20210509
19,2011-09-30,WSBCP,USD,2011-09-30,2011-09-30,Q3,57500000,0.0,0.0,0.0,0.0,18980000.0,1214000.0,0.0,0.0,0.0,13386000.0,0.0,0.0,0.0,0.0,0.22707826086956523,0.0,13057000.0,0.22707826086956523,2044000.0,11013000.0,0.1915304347826087,0.0,0.0,0.0,0.0,,,1620599933,18:38:53,20210509
20,2010-12-31,WSBCP,USD,2010-12-31,2010-12-31,Q4,57323000,0.0,0.0,0.0,0.0,20078000.0,1179000.0,0.0,0.0,0.0,15464000.0,0.0,0.0,0.0,0.0,0.21258482633497897,0.0,12186000.0,0.21258482633497897,1877000.0,10309000.0,0.17984055265774646,0.0,0.0,0.0,0.0,,,1620599933,18:38:53,20210509
21,2010-09-30,WSBCP,USD,2010-09-30,2010-09-30,Q3,56962000,0.0,0.0,0.0,0.0,20160000.0,1223000.0,0.0,0.0,0.0,16590000.0,0.0,0.0,0.0,0.0,0.1668305185913416,0.0,9503000.0,0.1668305185913416,350000.0,9153000.0,0.16068607141603175,0.0,0.0,0.0,0.0,,,1620599933,18:38:53,20210509
22,2009-12-31,WSBCP,USD,2009-12-31,2009-12-31,Q4,57853000,0.0,0.0,0.0,0.0,27080000.0,1133000.0,0.0,0.0,0.0,22306000.0,3012000.0,0.0,0.0,0.0,0.10224188892537985,0.0,5915000.0,0.10224188892537985,-1382000.0,7297000.0,0.12613001918655903,0.0,0.0,0.0,0.0,,,1620599933,18:38:53,20210509
23,2009-09-30,WSBCP,USD,2009-09-30,2009-09-30,Q3,58984000,0.0,0.0,0.0,0.0,19160000.0,1486000.0,0.0,0.0,0.0,24783000.0,1632000.0,0.0,0.0,0.0,0.08610809711108097,0.0,5079000.0,0.08610809711108097,-363000.0,5442000.0,0.09226230842262309,0.0,0.0,0.0,0.0,,,1620599933,18:38:53,20210509
24,2008-12-31,WSBCP,USD,2008-12-31,2008-12-31,Q4,53337000,0.0,0.0,0.0,0.0,17292000.0,1210000.0,0.0,0.0,0.0,26876000.0,2296000.0,0.0,0.0,0.0,0.08556911712319779,0.0,4564000.0,0.08556911712319779,-1257000.0,5821000.0,0.1091362468830268,0.0,0.0,0.0,0.0,,,1620599933,18:38:53,20210509
25,2008-09-30,WSBCP,USD,2008-09-30,2008-09-30,Q3,55257000,0.0,0.0,0.0,0.0,18042000.0,2078000.0,0.0,0.0,0.0,28388000.0,1772000.0,0.0,0.0,0.0,0.2286588124581501,0.0,12635000.0,0.2286588124581501,1126000.0,11509000.0,0.20828130372622472,0.0,0.0,0.0,0.0,,,1620599933,18:38:53,20210509
26,2007-12-31,WSBCP,USD,2007-12-31,2007-12-31,Q4,46511000,0.0,0.0,0.0,0.0,15577000.0,1115000.0,0.0,0.0,0.0,32154000.0,535000.0,0.0,0.0,0.0,0.25264991077379545,0.0,11751000.0,0.25264991077379545,1087000.0,10664000.0,0.22927909526778611,0.0,0.0,0.0,0.0,,,1620599933,18:38:53,20210509
27,2007-09-30,WSBCP,USD,2007-09-30,2007-09-30,Q3,40769000,0.0,0.0,0.0,0.0,14131000.0,1331000.0,0.0,0.0,0.0,29100000.0,1402000.0,0.0,0.0,0.0,0.2861242610807231,0.0,11665000.0,0.2861242610807231,1902000.0,9763000.0,0.23947116681792538,0.0,0.0,0.0,0.0,,,1620599933,18:38:53,20210509
28,2006-12-31,WSBCP,USD,2006-12-31,2006-12-31,Q4,41207000,0.0,0.0,0.0,0.0,13423000.0,0.0,0.0,0.0,0.0,27609000.0,107000.0,0.0,0.0,0.0,0.3194602858737593,0.0,13164000.0,0.3194602858737593,2528000.0,10636000.0,0.25811148591258765,0.0,0.0,0.0,0.0,,,1620599933,18:38:53,20210509
29,2006-09-30,WSBCP,USD,2006-09-30,2006-09-30,Q3,42383000,0.0,0.0,0.0,0.0,13529000.0,0.0,0.0,0.0,0.0,26233000.0,1737000.0,0.0,0.0,0.0,0.3347096713304863,0.0,14186000.0,0.3347096713304863,2632000.0,11554000.0,0.2726093008989453,0.0,0.0,0.0,0.0,,,1620599933,18:38:53,20210509
30,2005-12-31,WSBCP,USD,2005-12-31,2005-12-31,Q4,42176000,0.0,0.0,0.0,0.0,13446000.0,0.0,0.0,0.0,0.0,24742000.0,1404000.0,0.0,0.0,0.0,0.31769252655538693,0.0,13399000.0,0.31769252655538693,2850000.0,10549000.0,0.2501185508345979,0.0,0.0,0.0,0.0,,,1620599933,18:38:53,20210509
31,2005-09-30,WSBCP,USD,2005-09-30,2005-09-30,Q3,42428000,0.0,0.0,0.0,0.0,14420000.0,0.0,0.0,0.0,0.0,23643000.0,1386000.0,0.0,0.0,0.0,0.297539360799472,0.0,12624000.0,0.297539360799472,2754000.0,9870000.0,0.23262939568209673,0.0,0.0,0.0,0.0,,,1620599933,18:38:53,20210509
32,2004-12-31,WSBCP,USD,2004-12-31,2004-12-31,Q4,38679000,0.0,0.0,0.0,0.0,13044000.0,0.0,0.0,0.0,0.0,17464000.0,1979000.0,0.0,0.0,0.0,0.291941363530598,0.0,11292000.0,0.291941363530598,2260000.0,9032000.0,0.23351172470849815,0.0,0.0,0.0,0.0,,,1620599933,18:38:53,20210509
33,2004-09-30,WSBCP,USD,2004-09-30,2004-09-30,Q3,36544000,0.0,0.0,0.0,0.0,11876000.0,0.0,0.0,0.0,0.0,15585000.0,2103000.0,0.0,0.0,0.0,0.3338714973730298,0.0,12201000.0,0.3338714973730298,2173000.0,10028000.0,0.27440893169877406,0.0,0.0,0.0,0.0,,,1620599933,18:38:53,20210509
34,2003-12-31,WSBCP,USD,2003-12-31,2003-12-31,Q4,35689000,0.0,0.0,0.0,0.0,716000.0,0.0,0.0,0.0,0.0,14082000.0,2443000.0,0.0,0.0,0.0,0.3528818403429628,0.0,12594000.0,0.3528818403429628,2884000.0,9710000.0,0.2720726274202135,0.0,0.0,0.0,0.0,,,1620599933,18:38:53,20210509
35,2003-09-30,WSBCP,USD,2003-09-30,2003-09-30,Q3,35110000,0.0,0.0,0.0,0.0,11137000.0,0.0,0.0,0.0,0.0,14825000.0,3037000.0,0.0,0.0,0.0,0.346966676160638,0.0,12182000.0,0.346966676160638,2390000.0,9792000.0,0.2788949017373967,0.0,0.0,0.0,0.0,,,1620599933,18:38:53,20210509
36,2002-12-31,WSBCP,USD,2002-12-31,2002-12-31,Q4,33962000,0.0,0.0,0.0,0.0,9843000.0,0.0,0.0,0.0,0.0,18225000.0,1082000.0,0.0,0.0,0.0,0.34456156881220185,0.0,11702000.0,0.34456156881220185,2582000.0,9120000.0,0.26853542194217067,0.0,0.0,0.0,0.0,,,1620599933,18:38:53,20210509
