,date,symbol,reportedCurrency,fillingDate,acceptedDate,period,revenue,costOfRevenue,grossProfit,grossProfitRatio,researchAndDevelopmentExpenses,generalAndAdministrativeExpenses,sellingAndMarketingExpenses,otherExpenses,operatingExpenses,costAndExpenses,interestExpense,depreciationAndAmortization,ebitda,ebitdaratio,operatingIncome,operatingIncomeRatio,totalOtherIncomeExpensesNet,incomeBeforeTax,incomeBeforeTaxRatio,incomeTaxExpense,netIncome,netIncomeRatio,eps,epsdiluted,weightedAverageShsOut,weightedAverageShsOutDil,link,finalLink,timestamp,est_time,est_date
0,2020-12-31,EGAN,USD,2021-02-12,2021-02-12 16:08:45,Q2,19233000.0,4711000.0,14522000.0,0.7550564134560391,4508000.0,1852000.0,6266000.0,-160000.0,12626000.0,17337000.0,0.0,529000.0,2425000.0,0.1260853740966048,1896000.0,0.09858056465450007,-160000.0,1738000.0,0.09036551759995841,132000.0,1606000.0,0.08350231373160713,0.051861659185584656,0.049065135036050346,30967000.0,32732000.0,https://www.sec.gov/Archives/edgar/data/1066194/000155837021000962/0001558370-21-000962-index.htm,https://www.sec.gov/Archives/edgar/data/1066194/000155837021000962/egan-20201231x10q.htm,1620591505,16:18:25,20210509
1,2020-09-30,EGAN,USD,2020-11-12,2020-11-12 16:06:20,Q1,19063000.0,4631000.0,14432000.0,0.757068667051356,4505000.0,1944000.0,5631000.0,-163000.0,12080000.0,16711000.0,0.0,525000.0,2877000.0,0.15092063158999108,2352000.0,0.12338037035094161,-163000.0,2192000.0,0.11498714787808845,148000.0,2044000.0,0.10722341709069926,0.07,0.06,30853000.0,32508000.0,https://www.sec.gov/Archives/edgar/data/1066194/000155837020013698/0001558370-20-013698-index.htm,https://www.sec.gov/Archives/edgar/data/1066194/000155837020013698/egan-20200930x10q.htm,1620591505,16:18:25,20210509
2,2020-06-30,EGAN,USD,2020-09-11,2020-09-11 16:51:29,Q4,19030000.0,5023000.0,14007000.0,0.7360483447188649,4383000.0,2070000.0,5001000.0,141000.0,11454000.0,16477000.0,0.0,546000.0,3099000.0,0.1628481345244351,2553000.0,0.13415659485023648,141000.0,2705000.0,0.1421439831844456,554000.0,2151000.0,0.11303205465055176,0.06996942293930128,0.06688640815945769,30742000.0,32159000.0,https://www.sec.gov/Archives/edgar/data/1066194/000155837020011132/0001558370-20-011132-index.htm,https://www.sec.gov/Archives/edgar/data/1066194/000155837020011132/egan-20200630x10k.htm,1620591505,16:18:25,20210509
3,2020-03-31,EGAN,USD,2020-05-11 00:00:00,2020-05-11 17:19:43,Q3,18354000.0,5500000.0,12854000.0,0.7003378010242999,4205000.0,1828000.0,5064000.0,65000.0,11097000.0,16597000.0,0.0,514000.0,2271000.0,0.12373324615887545,1757000.0,0.09572845156369184,65000.0,1935000.0,0.10542661000326904,68000.0,1867000.0,0.10172169554320584,0.06088970060661405,0.058367461781348676,30662000.0,31987000.0,https://www.sec.gov/Archives/edgar/data/1066194/000155837020006316/0001558370-20-006316-index.htm,https://www.sec.gov/Archives/edgar/data/1066194/000155837020006316/egan-20200331x10q.htm,1620591505,16:18:25,20210509
4,2019-12-31,EGAN,USD,2020-02-10 00:00:00,2020-02-10 16:08:37,Q2,18155000.0,5244000.0,12911000.0,0.711153952079317,4052000.0,2036000.0,4821000.0,-186000.0,10909000.0,16153000.0,0.0,529000.0,2531000.0,0.13941063068025336,2002000.0,0.11027265216193886,-186000.0,1940000.0,0.1068576149820986,-33000.0,1973000.0,0.10867529606169099,0.06453828791992411,0.06188833124215809,30571000.0,31880000.0,https://www.sec.gov/Archives/edgar/data/1066194/000155837020000638/0001558370-20-000638-index.html,https://www.sec.gov/Archives/edgar/data/1066194/000155837020000638/egan-20191231x10q.htm,1620591505,16:18:25,20210509
5,2019-09-30,EGAN,USD,2019-11-12 00:00:00,2019-11-12 16:07:13,Q1,17190000.0,5315000.0,11875000.0,0.6908086096567772,3998000.0,2044000.0,4738000.0,164000.0,10780000.0,16095000.0,0.0,523000.0,1618000.0,0.09412449098312972,1095000.0,0.0636998254799302,164000.0,1406000.0,0.08179173938336241,189000.0,1217000.0,0.07079697498545666,0.03989248369226735,0.038170812031490135,30507000.0,31883000.0,https://www.sec.gov/Archives/edgar/data/1066194/000155837019010802/0001558370-19-010802-index.html,https://www.sec.gov/Archives/edgar/data/1066194/000155837019010802/egan-20190930x10q.htm,1620591505,16:18:25,20210509
6,2019-06-30,EGAN,USD,2019-09-12,2019-09-12 17:11:36,Q4,16824000.0,5768000.0,11056000.0,0.6571564431764146,3592000.0,2018000.0,4596000.0,-13000.0,10206000.0,15974000.0,0.0,136000.0,986000.0,0.05860675225867808,850000.0,0.05052306229196386,-13000.0,967000.0,0.057477413219210655,801000.0,166000.0,0.009866856871136472,0.005470603743738466,0.005201315995613348,30344000.0,31915000.0,https://www.sec.gov/Archives/edgar/data/1066194/000155837019008598/egan-20190630x10k.htm,https://www.sec.gov/Archives/edgar/data/1066194/000155837019008598/egan-20190630x10k.htm,1620591505,16:18:25,20210509
7,2019-03-31,EGAN,USD,2019-05-09 00:00:00,2019-05-09 17:08:51,Q3,17004000.0,5297000.0,11707000.0,0.6884850623382733,3622000.0,1976000.0,4320000.0,-199000.0,9918000.0,15215000.0,0.0,146000.0,1935000.0,0.11379675370501059,1789000.0,0.10521053869677723,-199000.0,1470000.0,0.08645024700070572,72000.0,1398000.0,0.08221594918842626,0.04918032786885246,0.046246981375500346,28426000.0,30229000.0,https://www.sec.gov/Archives/edgar/data/1066194/000155837019004731/0001558370-19-004731-index.html,https://www.sec.gov/Archives/edgar/data/1066194/000155837019004731/egan-20190331x10q.htm,1620591505,16:18:25,20210509
8,2018-12-31,EGAN,USD,2019-02-11 00:00:00,2019-02-11 17:05:49,Q2,17704000.0,5542000.0,12162000.0,0.6869633981021238,3596000.0,2046000.0,4391000.0,-6000.0,10033000.0,15575000.0,0.0,168000.0,2297000.0,0.12974469046543155,2129000.0,0.12025530953456846,-6000.0,1984000.0,0.11206507004066878,-16000.0,2000000.0,0.11296882060551287,0.07174887892376682,0.06798096532970768,27875000.0,29420000.0,https://www.sec.gov/Archives/edgar/data/1066194/000155837019000555/0001558370-19-000555-index.html,https://www.sec.gov/Archives/edgar/data/1066194/000155837019000555/egan-20181231x10q.htm,1620591505,16:18:25,20210509
9,2018-09-30,EGAN,USD,2018-11-09 00:00:00,2018-11-09 17:21:50,Q1,15701000.0,5235000.0,10466000.0,0.6665817463855805,3559000.0,2160000.0,3994000.0,17000.0,9713000.0,14948000.0,0.0,350000.0,1103000.0,0.07025030252850137,753000.0,0.04795872874339214,17000.0,580000.0,0.03694032227246672,-24000.0,604000.0,0.03846888733201707,0.02181529237548308,0.020164251852841025,27687000.0,29954000.0,https://www.sec.gov/Archives/edgar/data/1066194/000155837018009200/0001558370-18-009200-index.html,https://www.sec.gov/Archives/edgar/data/1066194/000155837018009200/egan-20180930x10q.htm,1620591505,16:18:25,20210509
10,2018-06-30,EGAN,USD,2018-09-13 00:00:00,2018-09-13 17:13:58,Q4,15589000.0,5886000.0,9703000.0,0.622426069664507,3931000.0,2128000.0,4426000.0,143000.0,10485000.0,16371000.0,0.0,638000.0,-144000.0,-0.009237282699339277,-782000.0,-0.05016357688113413,143000.0,-824000.0,-0.05285778433510809,-288000.0,-536000.0,-0.03438321893642953,-0.02,-0.02,27559000.0,27559000.0,https://www.sec.gov/Archives/edgar/data/1066194/000155837018007466/0001558370-18-007466-index.html,https://www.sec.gov/Archives/edgar/data/1066194/000155837018007466/egan-20180630x10k.htm,1620591505,16:18:25,20210509
11,2018-03-31,EGAN,USD,2018-05-10 00:00:00,2018-05-10 16:05:55,Q3,15745000.0,5435000.0,10310000.0,0.6548110511273421,3641000.0,1865000.0,4360000.0,-188000.0,9866000.0,15301000.0,0.0,646000.0,1090000.0,0.06922832645284217,444000.0,0.02819942838996507,-188000.0,41000.0,0.002604001270244522,140000.0,-99000.0,-0.006287710384248968,-0.00362,-0.00362,27350000.0,27350000.0,https://www.sec.gov/Archives/edgar/data/1066194/000155837018004632/0001558370-18-004632-index.html,https://www.sec.gov/Archives/edgar/data/1066194/000155837018004632/egan-20180331x10q.htm,1620591505,16:18:25,20210509
12,2017-12-31,EGAN,USD,2018-02-13 00:00:00,2018-02-13 16:06:19,Q2,15398000.0,5589000.0,9809000.0,0.6370307832185998,3708000.0,1768000.0,4729000.0,-30000.0,10205000.0,15794000.0,0.0,667000.0,271000.0,0.01759968827120405,-396000.0,-0.025717625665670867,-30000.0,-665000.0,-0.04318742693856345,123000.0,-788000.0,-0.05117547733471879,-0.03,-0.03,27241000.0,27241000.0,https://www.sec.gov/Archives/edgar/data/1066194/000155837018000631/0001558370-18-000631-index.html,https://www.sec.gov/Archives/edgar/data/1066194/000155837018000631/egan-20171231x10q.htm,1620591505,16:18:25,20210509
13,2017-09-30,EGAN,USD,2017-11-13 00:00:00,2017-11-13 17:01:10,Q1,14575000.0,5426000.0,9149000.0,0.6277186963979416,3431000.0,1806000.0,4166000.0,-131000.0,9403000.0,14829000.0,0.0,687000.0,433000.0,0.029708404802744424,-254000.0,-0.017427101200686107,-131000.0,-729000.0,-0.05001715265866209,-161000.0,-568000.0,-0.038970840480274445,-0.02,-0.02,27185000.0,27185000.0,https://www.sec.gov/Archives/edgar/data/1066194/000155837017008860/0001558370-17-008860-index.html,https://www.sec.gov/Archives/edgar/data/1066194/000155837017008860/egan-20170930x10q.htm,1620591505,16:18:25,20210509
14,2017-06-30,EGAN,USD,2017-09-26 00:00:00,2017-09-26 17:27:04,Q4,14621000.0,5413000.0,9208000.0,0.6297790848779153,3487000.0,1499000.0,4553000.0,-79000.0,9539000.0,14952000.0,0.0,650000.0,319000.0,0.0218179331099104,-331000.0,-0.022638670405581013,-79000.0,-789000.0,-0.05396347719034266,-744000.0,-45000.0,-0.0030777648587647904,-0.00166,-0.00166,27114000.0,27114000.0,https://www.sec.gov/Archives/edgar/data/1066194/000155837017007169/0001558370-17-007169-index.html,https://www.sec.gov/Archives/edgar/data/1066194/000155837017007169/egan-20170630x10k.htm,1620591505,16:18:25,20210509
15,2017-03-31,EGAN,USD,2017-05-10 00:00:00,2017-05-10 16:21:18,Q3,13850000.0,5659000.0,8191000.0,0.5914079422382671,3360000.0,1560000.0,5102000.0,12000.0,10022000.0,15681000.0,0.0,792000.0,-1039000.0,-0.07501805054151625,-1831000.0,-0.13220216606498195,12000.0,-2289000.0,-0.1652707581227437,226000.0,-2515000.0,-0.1815884476534296,-0.09,-0.09,27105000.0,27105000.0,https://www.sec.gov/Archives/edgar/data/1066194/000155837017004131/0001558370-17-004131-index.html,https://www.sec.gov/Archives/edgar/data/1066194/000155837017004131/egan-20170331x10q.htm,1620591505,16:18:25,20210509
16,2016-12-31,EGAN,USD,2017-02-09 00:00:00,2017-02-09 17:09:42,Q2,14999000.0,5063000.0,9936000.0,0.6624441629441963,3231000.0,1462000.0,5541000.0,-73000.0,10234000.0,15297000.0,0.0,824000.0,526000.0,0.03506900460030669,-298000.0,-0.019867991199413293,-73000.0,-830000.0,-0.05533702246816454,219000.0,-1049000.0,-0.06993799586639109,-0.04,-0.04,27106000.0,27106000.0,https://www.sec.gov/Archives/edgar/data/1066194/000155837017000484/0001558370-17-000484-index.html,https://www.sec.gov/Archives/edgar/data/1066194/000155837017000484/egan-20161231x10q.htm,1620591505,16:18:25,20210509
17,2016-09-30,EGAN,USD,2016-11-09 00:00:00,2016-11-09 16:06:51,Q1,14745000.0,5064000.0,9681000.0,0.6565615462868769,3675000.0,2031000.0,5240000.0,108000.0,10946000.0,16010000.0,0.0,933000.0,-332000.0,-0.022516107154967786,-1265000.0,-0.08579179382841641,108000.0,-1579000.0,-0.10708714818582571,832000.0,-2411000.0,-0.16351305527297388,-0.09,-0.09,27108000.0,27108000.0,https://www.sec.gov/Archives/edgar/data/1066194/000155837016009816/0001558370-16-009816-index.html,https://www.sec.gov/Archives/edgar/data/1066194/000155837016009816/egan-20160930x10q.htm,1620591505,16:18:25,20210509
18,2016-06-30,EGAN,USD,2016-06-30,2016-06-30,Q4,17622000.0,5521000.0,12101000.0,0.6866984451254114,3939000.0,1743000.0,6310000.0,216000.0,11992000.0,17513000.0,0.0,1154000.0,1263000.0,0.07167177391896493,109000.0,0.006185450005674725,216000.0,-112000.0,-0.006355691748950176,-1488000.0,1376000.0,0.07808421291567359,0.05078240330676115,0.04984243126743217,27096000.0,27607000.0,processing...,processing...,1620591505,16:18:25,20210509
19,2016-03-31,EGAN,USD,2016-05-06 00:00:00,2016-05-06 16:06:25,Q3,16291000.0,5721000.0,10570000.0,0.6488245043275428,4208000.0,1892000.0,7126000.0,345000.0,13226000.0,18947000.0,0.0,1202000.0,-1454000.0,-0.08925173408630532,-2656000.0,-0.1630348044932785,345000.0,-2823000.0,-0.1732858633601375,178000.0,-3001000.0,-0.18421214167331657,-0.11,-0.11,27070000.0,27070000.0,https://www.sec.gov/Archives/edgar/data/1066194/000155837016005551/0001558370-16-005551-index.html,https://www.sec.gov/Archives/edgar/data/1066194/000155837016005551/egan-20160331x10q.htm,1620591505,16:18:25,20210509
20,2015-12-31,EGAN,USD,2016-02-05 00:00:00,2016-02-05 16:13:17,Q2,18986000.0,5976000.0,13010000.0,0.6852417570841672,4016000.0,1893000.0,7617000.0,-74000.0,13526000.0,19502000.0,0.0,1238000.0,722000.0,0.03802802064679237,-516000.0,-0.027177920573053828,-74000.0,-1266000.0,-0.06668071210365532,113000.0,-1379000.0,-0.07263246602759929,-0.05,-0.05,27036000.0,27036000.0,https://www.sec.gov/Archives/edgar/data/1066194/000155837016003082/0001558370-16-003082-index.html,https://www.sec.gov/Archives/edgar/data/1066194/000155837016003082/egan-20151231x10q.htm,1620591505,16:18:25,20210509
21,2015-09-30,EGAN,USD,2015-11-06 00:00:00,2015-11-06 17:08:47,Q1,16476000.0,6472000.0,10004000.0,0.6071862102452051,3900000.0,2246000.0,6668000.0,240000.0,12814000.0,19286000.0,0.0,1244000.0,-1566000.0,-0.09504734158776403,-2810000.0,-0.17055110463704784,240000.0,-2903000.0,-0.17619567856275795,334000.0,-3237000.0,-0.19646758922068464,-0.12,-0.12,27022000.0,27022000.0,https://www.sec.gov/Archives/edgar/data/1066194/000155837015002454/0001558370-15-002454-index.html,https://www.sec.gov/Archives/edgar/data/1066194/000155837015002454/egan-20150930x10q.htm,1620591505,16:18:25,20210509
22,2015-06-30,EGAN,USD,2015-09-14 00:00:00,2015-09-11 18:37:00,Q4,17074000.0,6363000.0,10711000.0,0.6273281012065128,3999000.0,1986000.0,6716000.0,-157000.0,12701000.0,19064000.0,0.0,1300000.0,-690000.0,-0.04041232283003397,-1990000.0,-0.11655148178517044,-157000.0,-2403000.0,-0.14074030689937916,530000.0,-2933000.0,-0.1717816563195502,-0.11,-0.11,26890000.0,26890000.0,https://www.sec.gov/Archives/edgar/data/1066194/000155837015001771/0001558370-15-001771-index.html,https://www.sec.gov/Archives/edgar/data/1066194/000155837015001771/egan-20150630x10k.htm,1620591505,16:18:25,20210509
23,2015-03-31,EGAN,USD,2015-05-08 00:00:00,2015-05-08 16:05:35,Q3,19232000.0,7550000.0,11682000.0,0.6074251247920133,4142000.0,1812000.0,7883000.0,15000.0,13837000.0,21387000.0,0.0,1302000.0,-853000.0,-0.04435316139767055,-2155000.0,-0.11205282861896838,15000.0,-2450000.0,-0.127391846921797,-51000.0,-2399000.0,-0.12474001663893511,-0.09,-0.09,26709000.0,26709000.0,https://www.sec.gov/Archives/edgar/data/1066194/000155837015000844/0001558370-15-000844-index.html,https://www.sec.gov/Archives/edgar/data/1066194/000155837015000844/egan-20150331x10q.htm,1620591505,16:18:25,20210509
24,2014-12-31,EGAN,USD,2015-02-09,2015-02-09 16:08:36,Q2,18903000.0,8241000.0,10662000.0,0.5640374543723219,4160000.0,2573000.0,9599000.0,163000.0,16332000.0,24573000.0,0.0,1318000.0,-4352000.0,-0.23022800613659208,-5670000.0,-0.29995238850976036,163000.0,-5652000.0,-0.2990001587049675,-191000.0,-5461000.0,-0.2888959424429985,-0.2,-0.2,26657000.0,26657000.0,https://www.sec.gov/Archives/edgar/data/1066194/000155837015000063/egan-20141231x10q.htm,https://www.sec.gov/Archives/edgar/data/1066194/000155837015000063/egan-20141231x10q.htm,1620591505,16:18:25,20210509
25,2014-09-30,EGAN,USD,2014-11-10 00:00:00,2014-11-10 17:18:53,Q1,20704000.0,6987000.0,13717000.0,0.6625289799072643,3741000.0,2942000.0,8505000.0,-10000.0,15188000.0,22175000.0,0.0,1093000.0,-378000.0,-0.018257341576506957,-1471000.0,-0.07104907264296755,-10000.0,-1604000.0,-0.07747295208655332,32000.0,-1636000.0,-0.07901854714064915,-0.06,-0.06,26187000.0,26187000.0,https://www.sec.gov/Archives/edgar/data/1066194/000156459014005442/0001564590-14-005442-index.html,https://www.sec.gov/Archives/edgar/data/1066194/000156459014005442/egan-10q_20140930.htm,1620591505,16:18:25,20210509
26,2014-06-30,EGAN,USD,2014-09-12 00:00:00,2014-09-12 16:11:53,Q4,18889000.0,6111000.0,12778000.0,0.6764783736566256,2799000.0,1957000.0,8727000.0,-60000.0,13483000.0,19594000.0,0.0,571000.0,-134000.0,-0.0070940759172004875,-705000.0,-0.03732330986288316,-60000.0,-800000.0,-0.042352692042987986,218000.0,-1018000.0,-0.053893800624702205,-0.04,-0.04,25462000.0,25462000.0,https://www.sec.gov/Archives/edgar/data/1066194/000156459014004080/0001564590-14-004080-index.html,https://www.sec.gov/Archives/edgar/data/1066194/000156459014004080/egan-10k_20140630.htm,1620591505,16:18:25,20210509
27,2014-03-31,EGAN,USD,2014-05-09 00:00:00,2014-05-09 16:06:12,Q3,18026000.0,5982000.0,12044000.0,0.6681460113169866,2668000.0,1436000.0,8628000.0,-77000.0,12732000.0,18714000.0,0.0,553000.0,-135000.0,-0.0074891822922445355,-688000.0,-0.03816709197825363,-77000.0,-782000.0,-0.04338178187063131,225000.0,-1007000.0,-0.055863752357705534,-0.04,-0.04,25418000.0,25418000.0,https://www.sec.gov/Archives/edgar/data/1066194/000156459014002008/0001564590-14-002008-index.html,https://www.sec.gov/Archives/edgar/data/1066194/000156459014002008/egan-10q_20140331.htm,1620591505,16:18:25,20210509
28,2013-12-31,EGAN,USD,2014-02-12,2014-02-12 16:05:54,Q2,17665000.0,5836000.0,11829000.0,0.6696292103028587,2390000.0,1930000.0,8617000.0,-18000.0,12937000.0,18773000.0,0.0,521000.0,-587000.0,-0.03322954995754317,-1108000.0,-0.06272289838664025,-18000.0,-1163000.0,-0.06583639966034531,54000.0,-1217000.0,-0.06889329181998302,-0.05,-0.05,25356000.0,25356000.0,https://www.sec.gov/Archives/edgar/data/1066194/000156459014000220/egan-10q_20131231.htm,https://www.sec.gov/Archives/edgar/data/1066194/000156459014000220/egan-10q_20131231.htm,1620591505,16:18:25,20210509
29,2013-09-30,EGAN,USD,2013-11-08 00:00:00,2013-11-08 16:32:17,Q1,15682000.0,5533000.0,10149000.0,0.6471751052161714,2106000.0,2206000.0,7395000.0,-260000.0,11707000.0,17240000.0,0.0,463000.0,-1095000.0,-0.06982527738808825,-1558000.0,-0.09934957275857671,-260000.0,-1910000.0,-0.12179568932534116,94000.0,-2004000.0,-0.12778982272669304,-0.08,-0.08,25178000.0,25178000.0,https://www.sec.gov/Archives/edgar/data/1066194/000156459013001140/0001564590-13-001140-index.html,https://www.sec.gov/Archives/edgar/data/1066194/000156459013001140/egan-10q_20130930.htm,1620591505,16:18:25,20210509
30,2013-06-30,EGAN,USD,2013-09-23 00:00:00,2013-09-23 17:21:31,Q4,17969000.0,4827000.0,13142000.0,0.7313706939729534,2226000.0,1858000.0,6912000.0,-3000.0,10996000.0,15823000.0,0.0,316000.0,2462000.0,0.13701374589570928,2146000.0,0.11942790361177584,-3000.0,2036000.0,0.11330624965217875,139000.0,1897000.0,0.10557070510323335,0.08,0.07,25050000.0,26504000.0,https://www.sec.gov/Archives/edgar/data/1066194/000156459013000619/0001564590-13-000619-index.html,https://www.sec.gov/Archives/edgar/data/1066194/000156459013000619/egan-10k_20130630.htm,1620591505,16:18:25,20210509
31,2013-03-31,EGAN,USD,2013-05-15 00:00:00,2013-05-15 16:11:03,Q3,15460000.0,4569000.0,10891000.0,0.7044631306597672,2101000.0,1852000.0,6027000.0,256000.0,9980000.0,14549000.0,0.0,367000.0,1278000.0,0.08266494178525226,911000.0,0.05892626131953428,256000.0,1068000.0,0.06908150064683052,38000.0,1030000.0,0.0666235446313066,0.04138374382257222,0.03905509422515451,24889000.0,26373000.0,https://www.sec.gov/Archives/edgar/data/1066194/000119312513222355/0001193125-13-222355-index.html,https://www.sec.gov/Archives/edgar/data/1066194/000119312513222355/d514753d10q.htm,1620591505,16:18:25,20210509
32,2012-12-31,EGAN,USD,2013-02-11 00:00:00,2013-02-11 17:09:31,Q2,14737000.0,4266000.0,10471000.0,0.7105245300943204,2142000.0,1570000.0,5946000.0,93000.0,9658000.0,13924000.0,0.0,298000.0,1111000.0,0.07538847798059306,813000.0,0.055167266065006444,93000.0,770000.0,0.05224944018456945,129000.0,641000.0,0.043495962543258465,0.03,0.02,24670000.0,26099000.0,https://www.sec.gov/Archives/edgar/data/1066194/000119312513048952/0001193125-13-048952-index.html,https://www.sec.gov/Archives/edgar/data/1066194/000119312513048952/d466261d10q.htm,1620591505,16:18:25,20210509
33,2012-09-30,EGAN,USD,2012-11-14 00:00:00,2012-11-14 16:07:16,Q1,10723000.0,4344000.0,6379000.0,0.594889489881563,1950000.0,1507000.0,5549000.0,0.0,9006000.0,13350000.0,141000.0,273000.0,-2354000.0,-0.2195281171313998,-2627000.0,-0.24498741023967174,-43000.0,-2811000.0,-0.2621467872796792,73000.0,-2884000.0,-0.2689545836053343,-0.12,-0.12,24516000.0,24516000.0,https://www.sec.gov/Archives/edgar/data/1066194/000119312512470587/0001193125-12-470587-index.html,https://www.sec.gov/Archives/edgar/data/1066194/000119312512470587/d432632d10q.htm,1620591505,16:18:25,20210509
34,2012-06-30,EGAN,USD,2012-09-25 00:00:00,2012-09-25 17:25:17,Q4,10636000.0,3915000.0,6721000.0,0.631910492666416,1760000.0,1457000.0,6158000.0,0.0,9375000.0,13290000.0,134000.0,306000.0,-2348000.0,-0.22075968409176383,-2654000.0,-0.24952989845806695,-371000.0,-3159000.0,-0.29701015419330573,258000.0,-3417000.0,-0.32126739375705154,-0.14,-0.14,24450000.0,24450000.0,https://www.sec.gov/Archives/edgar/data/1066194/000119312512403504/0001193125-12-403504-index.html,https://www.sec.gov/Archives/edgar/data/1066194/000119312512403504/d374899d10k.htm,1620591505,16:18:25,20210509
35,2012-03-31,EGAN,USD,2012-05-14,2012-05-14 17:17:50,Q3,11507000.0,3465000.0,8042000.0,0.6988789432519336,1566000.0,1445000.0,5966000.0,0.0,8977000.0,12442000.0,0.0,180000.0,-755000.0,-0.06561223603024247,-935000.0,-0.08125488832884331,-44000.0,-1178000.0,-0.10237246893195447,54000.0,-1232000.0,-0.10706526462153472,-0.05,-0.05,24376000.0,24376000.0,https://www.sec.gov/Archives/edgar/data/1066194/000119312512231678/d340185d10q.htm,https://www.sec.gov/Archives/edgar/data/1066194/000119312512231678/d340185d10q.htm,1620591505,16:18:25,20210509
36,2011-12-31,EGAN,USD,2012-02-14 00:00:00,2012-02-14 16:07:14,Q2,10836000.0,3251000.0,7585000.0,0.6999815430047989,1377000.0,1728000.0,5010000.0,0.0,8115000.0,11366000.0,214000.0,199000.0,-331000.0,-0.030546327057954965,-530000.0,-0.04891103728313031,0.0,-795000.0,-0.07336655592469546,47000.0,-842000.0,-0.07770394979697305,-0.03,-0.03,24351000.0,24351000.0,https://www.sec.gov/Archives/edgar/data/1066194/000119312512060709/0001193125-12-060709-index.html,https://www.sec.gov/Archives/edgar/data/1066194/000119312512060709/d280236d10q.htm,1620591505,16:18:25,20210509
37,2011-09-30,EGAN,USD,2011-11-14 00:00:00,2011-11-14 17:06:02,Q1,10384000.0,2805000.0,7579000.0,0.7298728813559322,1430000.0,1113000.0,4046000.0,0.0,6589000.0,9394000.0,0.0,161000.0,1151000.0,0.11084360554699538,990000.0,0.09533898305084745,-210000.0,605000.0,0.05826271186440678,31000.0,574000.0,0.05527734976887519,0.023776976927219255,0.022096469954190245,24141000.0,25977000.0,https://www.sec.gov/Archives/edgar/data/1066194/000119312511311334/0001193125-11-311334-index.html,https://www.sec.gov/Archives/edgar/data/1066194/000119312511311334/d234806d10q.htm,1620591505,16:18:25,20210509
38,2011-06-30,EGAN,USD,2011-09-27 00:00:00,2011-09-27 16:05:33,Q4,12588000.0,2881000.0,9707000.0,0.771131236097871,1486000.0,1484000.0,4337000.0,0.0,7307000.0,10188000.0,377000.0,157000.0,2557000.0,0.20312996504607564,2400000.0,0.19065776930409914,162000.0,2164000.0,0.1719097553225294,80000.0,2084000.0,0.16555449634572608,0.08632616710161137,0.08632616710161137,24141000.0,24141000.0,https://www.sec.gov/Archives/edgar/data/1066194/000119312511257374/0001193125-11-257374-index.html,https://www.sec.gov/Archives/edgar/data/1066194/000119312511257374/d235311d10k.htm,1620591505,16:18:25,20210509
39,2011-03-31,EGAN,USD,2011-05-16 00:00:00,2011-05-16 16:08:37,Q3,8915000.0,2785000.0,6130000.0,0.6876051598429613,1308000.0,900000.0,3165000.0,0.0,5373000.0,8158000.0,290000.0,150000.0,907000.0,0.10173864273696018,757000.0,0.08491306786315199,112000.0,599000.0,0.06719012899607403,32000.0,567000.0,0.06360067302299495,0.03,0.02,22648000.0,24385000.0,https://www.sec.gov/Archives/edgar/data/1066194/000119312511141465/0001193125-11-141465-index.html,https://www.sec.gov/Archives/edgar/data/1066194/000119312511141465/d10q.htm,1620591505,16:18:25,20210509
40,2010-12-31,EGAN,USD,2011-02-14,2011-02-14 17:51:02,Q2,9476000.0,2777000.0,6699000.0,0.7069438581680034,1343000.0,785000.0,2916000.0,0.0,5044000.0,7821000.0,286000.0,146000.0,1801000.0,0.1900590966652596,1655000.0,0.1746517517940059,-310000.0,1059000.0,0.11175601519628535,45000.0,1014000.0,0.10700717602363867,0.05,0.04,22031000.0,24549000.0,https://www.sec.gov/Archives/edgar/data/1066194/000119312511035482/d10q.htm,https://www.sec.gov/Archives/edgar/data/1066194/000119312511035482/d10q.htm,1620591505,16:18:25,20210509
41,2010-09-30,EGAN,USD,2010-11-12 00:00:00,2010-11-12 17:18:00,Q1,13086000.0,2474000.0,10612000.0,0.8109429925110806,1414000.0,804000.0,3514000.0,0.0,5732000.0,8206000.0,0.0,145000.0,5025000.0,0.38399816597890873,4880000.0,0.37291762188598504,281000.0,4885000.0,0.3732997096133272,39000.0,4846000.0,0.3703194253400581,0.21903814861688664,0.21641657734905323,22124000.0,22392000.0,https://www.sec.gov/Archives/edgar/data/1066194/000119312510259061/0001193125-10-259061-index.html,https://www.sec.gov/Archives/edgar/data/1066194/000119312510259061/d10q.htm,1620591505,16:18:25,20210509
42,2010-06-30,EGAN,USD,2010-09-23 00:00:00,2010-09-22 20:03:29,Q4,6647000.0,2314000.0,4333000.0,0.6518730254250038,1653000.0,939000.0,2981000.0,0.0,5573000.0,7887000.0,286000.0,156000.0,-1084000.0,-0.16308108921317888,-1240000.0,-0.18655032345418987,-92000.0,-1618000.0,-0.2434180833458703,39000.0,-1657000.0,-0.24928539190612306,-0.07489604049900561,-0.07489604049900561,22124000.0,22124000.0,https://www.sec.gov/Archives/edgar/data/1066194/000119312510214925/0001193125-10-214925-index.html,https://www.sec.gov/Archives/edgar/data/1066194/000119312510214925/d10k.htm,1620591505,16:18:25,20210509
43,2010-03-31,EGAN,USD,2010-05-17 00:00:00,2010-05-14 18:30:28,Q3,6943000.0,2330000.0,4613000.0,0.6644101973210428,1402000.0,755000.0,2461000.0,0.0,4618000.0,6948000.0,282000.0,174000.0,169000.0,0.024341062941091746,-5000.0,-0.0007201497911565605,-5000.0,-292000.0,-0.04205674780354314,26000.0,-318000.0,-0.04580152671755725,-0.01,-0.01,22162000.0,22162000.0,https://www.sec.gov/Archives/edgar/data/1066194/000119312510120914/0001193125-10-120914-index.html,https://www.sec.gov/Archives/edgar/data/1066194/000119312510120914/d10q.htm,1620591505,16:18:25,20210509
44,2009-12-31,EGAN,USD,2010-02-16 00:00:00,2010-02-12 18:50:56,Q2,8312000.0,2548000.0,5764000.0,0.6934552454282964,1285000.0,731000.0,2350000.0,0.0,4366000.0,6914000.0,279000.0,157000.0,1555000.0,0.18707892204042348,1398000.0,0.16819056785370548,36000.0,1155000.0,0.13895572666025024,94000.0,1061000.0,0.12764677574590952,0.05,0.04,22205000.0,24232000.0,https://www.sec.gov/Archives/edgar/data/1066194/000119312510030849/0001193125-10-030849-index.html,https://www.sec.gov/Archives/edgar/data/1066194/000119312510030849/d10q.htm,1620591505,16:18:25,20210509
45,2009-09-30,EGAN,USD,2009-11-16 00:00:00,2009-11-16 15:06:05,Q1,7975000.0,2515000.0,5460000.0,0.6846394984326019,1170000.0,786000.0,2434000.0,0.0,4390000.0,6905000.0,277000.0,144000.0,1214000.0,0.1522257053291536,1070000.0,0.1341692789968652,-6000.0,787000.0,0.0986833855799373,0.0,787000.0,0.0986833855799373,0.035429703326880654,0.03541694793213627,22213000.0,22221000.0,https://www.sec.gov/Archives/edgar/data/1066194/000119312509235580/0001193125-09-235580-index.html,https://www.sec.gov/Archives/edgar/data/1066194/000119312509235580/d10q.htm,1620591505,16:18:25,20210509
46,2009-06-30,EGAN,USD,2009-09-28 00:00:00,2009-09-25 19:52:42,Q4,8910000.0,2832000.0,6078000.0,0.6821548821548822,1178000.0,735000.0,2731000.0,0.0,4644000.0,7476000.0,297000.0,128000.0,1562000.0,0.17530864197530865,1434000.0,0.16094276094276094,-265000.0,872000.0,0.0978675645342312,-57000.0,929000.0,0.10426487093153759,0.04182235627785531,0.04182235627785531,22213000.0,22213000.0,https://www.sec.gov/Archives/edgar/data/1066194/000119312509198400/0001193125-09-198400-index.html,https://www.sec.gov/Archives/edgar/data/1066194/000119312509198400/d10k.htm,1620591505,16:18:25,20210509
47,2009-03-31,EGAN,USD,2009-05-14 00:00:00,2009-05-14 16:06:15,Q3,6581000.0,2456000.0,4125000.0,0.6268044370156511,1378000.0,616000.0,2101000.0,0.0,4095000.0,6551000.0,318000.0,152000.0,182000.0,0.027655371524084486,30000.0,0.00455857772375019,130000.0,-158000.0,-0.024008509345084333,38000.0,-196000.0,-0.02978270779516791,-0.01,-0.01,22213000.0,22213000.0,https://www.sec.gov/Archives/edgar/data/1066194/000119312509111384/0001193125-09-111384-index.html,https://www.sec.gov/Archives/edgar/data/1066194/000119312509111384/d10q.htm,1620591505,16:18:25,20210509
48,2008-12-31,EGAN,USD,2009-02-17 00:00:00,2009-02-17 16:06:00,Q2,9589000.0,2598000.0,6991000.0,0.7290645531337991,1400000.0,873000.0,2851000.0,0.0,5124000.0,7722000.0,335000.0,173000.0,2040000.0,0.21274376890186672,1867000.0,0.19470226300969862,341000.0,1873000.0,0.19532797997705703,-96000.0,1969000.0,0.20533945145479196,0.09,0.09,22213000.0,22213000.0,https://www.sec.gov/Archives/edgar/data/1066194/000119312509031163/0001193125-09-031163-index.html,https://www.sec.gov/Archives/edgar/data/1066194/000119312509031163/d10q.htm,1620591505,16:18:25,20210509
49,2008-09-30,EGAN,USD,2008-11-14 00:00:00,2008-11-14 16:29:19,Q1,8139000.0,2860000.0,5279000.0,0.6486054797886718,1525000.0,3829000.0,0.0,0.0,5354000.0,8214000.0,0.0,236000.0,161000.0,0.019781299913994348,-75000.0,-0.009214891264283081,24000.0,-536000.0,-0.06585575623540975,-14000.0,-522000.0,-0.06413564319941024,-0.03,-0.03,15857000.0,15857000.0,https://www.sec.gov/Archives/edgar/data/1066194/000119312508236927/0001193125-08-236927-index.html,https://www.sec.gov/Archives/edgar/data/1066194/000119312508236927/d10q.htm,1620591505,16:18:25,20210509
50,2008-06-30,EGAN,USD,2008-09-29 00:00:00,2008-09-29 16:16:58,Q4,6692000.0,2894000.0,3798000.0,0.5675433353257621,1433000.0,3755000.0,0.0,0.0,5188000.0,8082000.0,0.0,177000.0,-1213000.0,-0.18126120741183502,-1390000.0,-0.2077106993424985,75000.0,-1747000.0,-0.26105797967722655,110000.0,-1857000.0,-0.277495517035266,-0.11710916314561393,-0.11710916314561393,15857000.0,15857000.0,https://www.sec.gov/Archives/edgar/data/1066194/000119312508203156/0001193125-08-203156-index.html,https://www.sec.gov/Archives/edgar/data/1066194/000119312508203156/d10k.htm,1620591505,16:18:25,20210509
51,2008-03-31,EGAN,USD,2008-05-15 00:00:00,2008-05-14 20:57:14,Q3,8819000.0,3107000.0,5712000.0,0.6476924821408323,1266000.0,3705000.0,0.0,0.0,4971000.0,8078000.0,0.0,188000.0,929000.0,0.10534074158067808,741000.0,0.08402313187436217,222000.0,542000.0,0.0614582152171448,0.0,542000.0,0.0614582152171448,0.04,0.03,15333000.0,15514000.0,https://www.sec.gov/Archives/edgar/data/1066194/000119312508115021/0001193125-08-115021-index.html,https://www.sec.gov/Archives/edgar/data/1066194/000119312508115021/d10q.htm,1620591505,16:18:25,20210509
52,2007-12-31,EGAN,USD,2008-02-13,2008-02-13 16:08:54,Q2,8125000.0,2940000.0,5185000.0,0.6381538461538462,1255000.0,3963000.0,0.0,0.0,5218000.0,8158000.0,0.0,196000.0,163000.0,0.02006153846153846,-33000.0,-0.004061538461538462,-7000.0,-442000.0,-0.0544,-10000.0,-432000.0,-0.05316923076923077,-0.03,-0.03,15332000.0,15332000.0,https://www.sec.gov/Archives/edgar/data/1066194/000119312508029287/d10q.htm,https://www.sec.gov/Archives/edgar/data/1066194/000119312508029287/d10q.htm,1620591505,16:18:25,20210509
53,2007-09-30,EGAN,USD,2007-11-14 00:00:00,2007-11-14 13:20:11,Q1,6471000.0,2695000.0,3776000.0,0.583526502858909,1144000.0,4564000.0,0.0,0.0,5708000.0,8403000.0,0.0,191000.0,-1741000.0,-0.2690465152217586,-1932000.0,-0.2985628187297172,42000.0,-2294000.0,-0.354504713336424,106000.0,-2400000.0,-0.3708854891052388,-0.16,-0.16,15323000.0,15323000.0,https://www.sec.gov/Archives/edgar/data/1066194/000119312507246938/0001193125-07-246938-index.html,https://www.sec.gov/Archives/edgar/data/1066194/000119312507246938/d10q.htm,1620591505,16:18:25,20210509
54,2007-06-30,EGAN,USD,2007-09-28 00:00:00,2007-09-28 17:16:48,Q4,5394000.0,2633000.0,2761000.0,0.5118650352243234,1182000.0,4142000.0,0.0,0.0,5324000.0,7957000.0,0.0,179000.0,-2384000.0,-0.44197256210604374,-2563000.0,-0.47515758249907303,39000.0,-2851000.0,-0.528550241008528,64000.0,-2915000.0,-0.5404152762328513,-0.19023689877961233,-0.19023689877961233,15323000.0,15323000.0,https://www.sec.gov/Archives/edgar/data/1066194/000119312507210115/0001193125-07-210115-index.html,https://www.sec.gov/Archives/edgar/data/1066194/000119312507210115/d10k.htm,1620591505,16:18:25,20210509
55,2007-03-31,EGAN,USD,2007-05-15 00:00:00,2007-05-15 16:39:37,Q3,5393000.0,2392000.0,3001000.0,0.5564620804746894,933000.0,3963000.0,0.0,0.0,4896000.0,7288000.0,0.0,172000.0,-1723000.0,-0.3194882254774708,-1895000.0,-0.3513814203597256,11000.0,-2178000.0,-0.40385685147413314,3000.0,-2181000.0,-0.40441312812905617,-0.14,-0.14,15317000.0,15317000.0,https://www.sec.gov/Archives/edgar/data/1066194/000119312507115713/0001193125-07-115713-index.html,https://www.sec.gov/Archives/edgar/data/1066194/000119312507115713/d10q.htm,1620591505,16:18:25,20210509
56,2006-12-31,EGAN,USD,2007-02-14,2007-02-14 15:57:40,Q2,5683000.0,2224000.0,3459000.0,0.6086573992609537,833000.0,3405000.0,0.0,0.0,4238000.0,6462000.0,0.0,154000.0,-625000.0,-0.10997712475805033,-779000.0,-0.13707548829843394,-5000.0,-1060000.0,-0.18652120358965335,54000.0,-1114000.0,-0.1960232271687489,-0.07,-0.07,15315000.0,15315000.0,https://www.sec.gov/Archives/edgar/data/1066194/000119312507031745/d10q.htm,https://www.sec.gov/Archives/edgar/data/1066194/000119312507031745/d10q.htm,1620591505,16:18:25,20210509
57,2006-09-30,EGAN,USD,2006-11-14,2006-11-14 16:17:24,Q1,6003000.0,1982000.0,4021000.0,0.669831750791271,1025000.0,4227000.0,0.0,0.0,5252000.0,7234000.0,0.0,140000.0,-1091000.0,-0.1817424621022822,-1231000.0,-0.20506413459936698,27000.0,1474000.0,0.24554389471930702,15000.0,-1489000.0,-0.24804264534399467,-0.1,-0.1,15314000.0,15314000.0,https://www.sec.gov/Archives/edgar/data/1066194/000119312506234848/d10q.htm,https://www.sec.gov/Archives/edgar/data/1066194/000119312506234848/d10q.htm,1620591505,16:18:25,20210509
58,2006-06-30,EGAN,USD,2006-09-27,2006-09-27 15:34:44,Q4,5198000.0,1871000.0,3327000.0,0.6400538668718738,847000.0,3281000.0,0.0,0.0,4128000.0,5999000.0,0.0,131000.0,-670000.0,-0.12889572912658714,-801000.0,-0.1540977298961139,0.0,-949000.0,-0.1825702193151212,0.0,-1095000.0,-0.21065794536360138,-0.07150319968656131,-0.07150319968656131,15314000.0,15314000.0,https://www.sec.gov/Archives/edgar/data/1066194/000119312506197995/d10k.htm,https://www.sec.gov/Archives/edgar/data/1066194/000119312506197995/d10k.htm,1620591505,16:18:25,20210509
59,2006-03-31,EGAN,USD,2006-05-15,2006-05-15 16:30:17,Q3,6134000.0,1857000.0,4277000.0,0.6972611672644278,782000.0,3173000.0,0.0,0.0,3955000.0,5812000.0,0.0,115000.0,437000.0,0.07124225627649168,322000.0,0.05249429409846756,0.0,88000.0,0.014346266710140202,0.0,88000.0,0.014346266710140202,0.005749754982032016,0.005507572912755038,15305000.0,15978000.0,https://www.sec.gov/Archives/edgar/data/1066194/000119312506112775/d10q.htm,https://www.sec.gov/Archives/edgar/data/1066194/000119312506112775/d10q.htm,1620591505,16:18:25,20210509
60,2005-12-31,EGAN,USD,2006-02-14,2006-02-14 15:08:22,Q2,6009000.0,1711000.0,4298000.0,0.7152604426693293,704000.0,2997000.0,0.0,0.0,3701000.0,5412000.0,0.0,87000.0,684000.0,0.11382925611582626,597000.0,0.09935097353969047,-352000.0,0.0,0.0,0.0,245000.0,0.040772175070727244,0.02,0.02,15302000.0,15302000.0,https://www.sec.gov/Archives/edgar/data/1066194/000119312506031217/d10q.htm,https://www.sec.gov/Archives/edgar/data/1066194/000119312506031217/d10q.htm,1620591505,16:18:25,20210509
61,2005-09-30,EGAN,USD,2005-11-14,2005-11-14 16:31:31,Q1,5223000.0,1765000.0,3458000.0,0.6620716063565001,698000.0,2783000.0,0.0,0.0,3481000.0,5246000.0,0.0,80000.0,57000.0,0.010913268236645606,-23000.0,-0.0044035994639096306,-274000.0,0.0,0.0,0.0,-297000.0,-0.05686387133831131,-0.02,-0.02,15302000.0,15302000.0,https://www.sec.gov/Archives/edgar/data/1066194/000119312505225872/d10q.htm,https://www.sec.gov/Archives/edgar/data/1066194/000119312505225872/d10q.htm,1620591505,16:18:25,20210509
62,2005-06-30,EGAN,USD,2005-09-28,2005-09-28 16:49:01,Q4,5842000.0,1779000.0,4063000.0,0.6954809996576515,734000.0,3303000.0,0.0,0.0,4037000.0,5816000.0,0.0,64000.0,90000.0,0.015405682985279013,26000.0,0.004450530640191715,751000.0,0.0,0.0,0.0,-277000.0,-0.047415268743580964,-0.01810220886158672,-0.01810220886158672,15302000.0,15302000.0,https://www.sec.gov/Archives/edgar/data/1066194/000119312505193237/d10k.htm,https://www.sec.gov/Archives/edgar/data/1066194/000119312505193237/d10k.htm,1620591505,16:18:25,20210509
63,2005-03-31,EGAN,USD,2005-05-16,2005-05-16 14:54:51,Q3,4678000.0,1626000.0,3052000.0,0.652415562206071,571000.0,2942000.0,0.0,0.0,3513000.0,5139000.0,0.0,79000.0,-382000.0,-0.08165882855921335,-461000.0,-0.09854638734501923,-264000.0,0.0,0.0,0.0,-725000.0,-0.1549807610089782,-0.05,-0.05,15288000.0,15288000.0,https://www.sec.gov/Archives/edgar/data/1066194/000119312505108666/d10q.htm,https://www.sec.gov/Archives/edgar/data/1066194/000119312505108666/d10q.htm,1620591505,16:18:25,20210509
64,2004-12-31,EGAN,USD,2005-02-14 00:00:00,2005-02-14 16:49:12,Q2,5187000.0,1588000.0,3599000.0,0.6938500096394833,524000.0,3054000.0,0.0,0.0,3578000.0,5166000.0,0.0,88000.0,109000.0,0.02101407364565259,21000.0,0.004048582995951417,711000.0,0.0,0.0,0.0,732000.0,0.14112203585887798,-0.22,-0.22,4831000.0,4831000.0,https://www.sec.gov/Archives/edgar/data/1066194/000119312505029386/0001193125-05-029386-index.html,https://www.sec.gov/Archives/edgar/data/1066194/000119312505029386/d10q.htm,1620591505,16:18:25,20210509
65,2004-09-30,EGAN,USD,2004-11-15 00:00:00,2004-11-15 14:44:41,Q1,4721000.0,1628000.0,3093000.0,0.6551578055496717,538000.0,2851000.0,0.0,0.0,3389000.0,5017000.0,0.0,95000.0,-201000.0,-0.04257572548188943,-296000.0,-0.0626985808091506,-276000.0,0.0,0.0,0.0,-572000.0,-0.12116077102308832,-0.68,-0.68,3696000.0,3696000.0,https://www.sec.gov/Archives/edgar/data/1066194/000119312504197082/0001193125-04-197082-index.html,https://www.sec.gov/Archives/edgar/data/1066194/000119312504197082/d10q.htm,1620591505,16:18:25,20210509
66,2004-06-30,EGAN,USD,2004-09-28 00:00:00,2004-09-28 16:53:22,Q4,4720000.0,1906000.0,2814000.0,0.5961864406779661,619000.0,2758000.0,0.0,0.0,3666000.0,5572000.0,0.0,84000.0,-768000.0,-0.16271186440677965,-852000.0,-0.1805084745762712,362000.0,0.0,0.0,0.0,-980000.0,-0.2076271186440678,-0.26515151515151514,-0.26515151515151514,3696000.0,3696000.0,https://www.sec.gov/Archives/edgar/data/1066194/000119312504163238/0001193125-04-163238-index.html,https://www.sec.gov/Archives/edgar/data/1066194/000119312504163238/d10k.htm,1620591505,16:18:25,20210509
67,2004-03-31,EGAN,USD,2004-05-14 00:00:00,2004-05-14 16:09:07,Q3,5220000.0,2069000.0,3151000.0,0.6036398467432951,598000.0,2989000.0,0.0,0.0,3889000.0,5958000.0,0.0,843000.0,105000.0,0.020114942528735632,-738000.0,-0.1413793103448276,-214000.0,0.0,0.0,0.0,-952000.0,-0.18237547892720307,-0.76,-0.76,3692000.0,3692000.0,https://www.sec.gov/Archives/edgar/data/1066194/000119312504088792/0001193125-04-088792-index.html,https://www.sec.gov/Archives/edgar/data/1066194/000119312504088792/d10q.htm,1620591505,16:18:25,20210509
68,2003-12-31,EGAN,USD,2004-02-17 00:00:00,2004-02-17 17:13:55,Q2,5090000.0,2173000.0,2917000.0,0.5730844793713163,660000.0,2950000.0,0.0,0.0,3916000.0,6089000.0,0.0,619000.0,-380000.0,-0.07465618860510806,-999000.0,-0.1962671905697446,110000.0,0.0,0.0,0.0,-890000.0,-0.17485265225933203,-0.74,-0.74,3688000.0,3688000.0,https://www.sec.gov/Archives/edgar/data/1066194/000119312504025239/0001193125-04-025239-index.html,https://www.sec.gov/Archives/edgar/data/1066194/000119312504025239/d10q.htm,1620591505,16:18:25,20210509
69,2003-09-30,EGAN,USD,2003-11-14 00:00:00,2003-11-14 14:37:08,Q1,4573000.0,1960000.0,2613000.0,0.5713973321670676,1065000.0,3034000.0,0.0,0.0,4405000.0,6365000.0,0.0,718000.0,-1074000.0,-0.2348567679860048,-1792000.0,-0.39186529630439537,-280000.0,0.0,0.0,0.0,-2072000.0,-0.45309424885195715,-1.06,-1.06,3676000.0,3676000.0,https://www.sec.gov/Archives/edgar/data/1066194/000119312503081751/0001193125-03-081751-index.html,https://www.sec.gov/Archives/edgar/data/1066194/000119312503081751/d10q.htm,1620591505,16:18:25,20210509
70,2003-06-30,EGAN,USD,2003-09-29 00:00:00,2003-09-29 17:30:15,Q4,5367000.0,2109000.0,3258000.0,0.607043040804919,1174000.0,3206000.0,0.0,0.0,4707000.0,6816000.0,0.0,994000.0,-455000.0,-0.08477734302217253,-1449000.0,-0.2699832308552264,-551000.0,0.0,0.0,0.0,-1856000.0,-0.34581702999813674,-0.5048966267682263,-0.5048966267682263,3676000.0,3676000.0,https://www.sec.gov/Archives/edgar/data/1066194/000119312503055476/0001193125-03-055476-index.html,https://www.sec.gov/Archives/edgar/data/1066194/000119312503055476/d10k.htm,1620591505,16:18:25,20210509
71,2003-03-31,EGAN,USD,2003-05-15 00:00:00,2003-05-15 14:00:49,Q3,5223000.0,2599000.0,2624000.0,0.5023932605782118,1381000.0,2847000.0,0.0,0.0,4586000.0,7185000.0,0.0,1455000.0,-507000.0,-0.09707064905226881,-1962000.0,-0.3756461803561172,-503000.0,0.0,0.0,0.0,-2465000.0,-0.4719509860233582,-1.1,-1.1,3664500.0,3664500.0,https://www.sec.gov/Archives/edgar/data/1066194/000101287003002631/0001012870-03-002631-index.html,https://www.sec.gov/Archives/edgar/data/1066194/000101287003002631/d10q.htm,1620591505,16:18:25,20210509
72,2002-12-31,EGAN,USD,2003-02-14 00:00:00,2003-02-14 15:18:10,Q2,5823000.0,2913000.0,2910000.0,0.49974240082431737,1381000.0,3437000.0,0.0,0.0,5194000.0,8107000.0,0.0,1767000.0,-517000.0,-0.08878584921861583,-2284000.0,-0.39223767817276317,1547000.0,0.0,0.0,0.0,-737000.0,-0.12656706165206938,-0.7,-0.7,3663600.0,3663600.0,https://www.sec.gov/Archives/edgar/data/1066194/000101287003000760/0001012870-03-000760-index.html,https://www.sec.gov/Archives/edgar/data/1066194/000101287003000760/d10q.htm,1620591505,16:18:25,20210509
73,2002-09-30,EGAN,USD,2002-11-14 00:00:00,2002-11-14 18:24:34,Q1,5671000.0,3716000.0,1955000.0,0.34473637806383356,1933000.0,4924000.0,0.0,0.0,7260000.0,10976000.0,0.0,2014000.0,-3291000.0,-0.5803209310527244,-5305000.0,-0.9354611179686122,-1113000.0,0.0,0.0,0.0,-6418000.0,-1.1317228002116029,-2.2,-2.2,3659900.0,3659900.0,https://www.sec.gov/Archives/edgar/data/1066194/000102140802014202/0001021408-02-014202-index.html,https://www.sec.gov/Archives/edgar/data/1066194/000102140802014202/d10q.htm,1620591505,16:18:25,20210509
74,2002-06-30,EGAN,USD,2002-09-30 00:00:00,2002-09-30 17:12:53,Q4,6312000.0,4779000.0,1533000.0,0.24287072243346008,2337000.0,6656000.0,0.0,0.0,53422000.0,58201000.0,0.0,9870000.0,-42019000.0,-6.657002534854246,-51889000.0,-8.220690747782003,-40165000.0,0.0,0.0,0.0,-55819000.0,-8.843314321926488,-15.251509604087543,-15.251509604087543,3659900.0,3659900.0,https://www.sec.gov/Archives/edgar/data/1066194/000101287002003932/0001012870-02-003932-index.html,https://www.sec.gov/Archives/edgar/data/1066194/000101287002003932/d10k.htm,1620591505,16:18:25,20210509
75,2002-03-31,EGAN,USD,2002-05-15 00:00:00,2002-05-15 14:34:41,Q3,5910000.0,3952000.0,1958000.0,0.33130287648054146,2452000.0,8404000.0,0.0,0.0,20283000.0,24235000.0,0.0,11260000.0,-7065000.0,-1.1954314720812182,-18325000.0,-3.1006768189509306,-327000.0,0.0,0.0,0.0,-19006000.0,-3.2159052453468697,-5.7,-5.7,3631800.0,3631800.0,https://www.sec.gov/Archives/edgar/data/1066194/000102140802007191/0001021408-02-007191-index.html,https://www.sec.gov/Archives/edgar/data/1066194/000102140802007191/d10q.htm,1620591505,16:18:25,20210509
76,2001-12-31,EGAN,USD,2002-02-14 00:00:00,2002-02-14 00:00:00,Q2,10167000.0,4146000.0,6021000.0,0.5922100914724108,2032000.0,6620000.0,0.0,0.0,18104000.0,22250000.0,0.0,11485000.0,-598000.0,-0.058817743680535065,-12083000.0,-1.1884528376118815,-493000.0,0.0,0.0,0.0,-12576000.0,-1.2369430510475066,-3.9,-3.9,3617600.0,3617600.0,https://www.sec.gov/Archives/edgar/data/1066194/000089843002000638/0000898430-02-000638-index.html,https://www.sec.gov/Archives/edgar/data/1066194/000089843002000638/d10q.htm,1620591505,16:18:25,20210509
77,2001-09-30,EGAN,USD,2001-11-14 00:00:00,2001-11-14 00:00:00,Q1,8040000.0,5430000.0,2610000.0,0.3246268656716418,4574000.0,12407000.0,0.0,0.0,26477000.0,31907000.0,0.0,11708000.0,-12159000.0,-1.512313432835821,-23867000.0,-2.968532338308458,-4552000.0,0.0,0.0,0.0,-28419000.0,-3.5347014925373132,-20.6,-20.6,3591600.0,3591600.0,https://www.sec.gov/Archives/edgar/data/1066194/000101287001502815/0001012870-01-502815-index.html,https://www.sec.gov/Archives/edgar/data/1066194/000101287001502815/d10q.txt,1620591505,16:18:25,20210509
78,2001-06-30,EGAN,USD,2001-09-28 00:00:00,2001-09-28 00:00:00,Q4,14122000.0,10080000.0,4042000.0,0.28622008214133976,5317000.0,13584000.0,0.0,0.0,28683000.0,38763000.0,0.0,11790000.0,-12851000.0,-0.9099985837700042,-24641000.0,-1.7448661662654015,-3399000.0,0.0,0.0,0.0,-21065000.0,-1.4916442430250674,-5.865074061699521,-5.865074061699521,3591600.0,3591600.0,https://www.sec.gov/Archives/edgar/data/1066194/000101287001502080/0001012870-01-502080-index.html,https://www.sec.gov/Archives/edgar/data/1066194/000101287001502080/d10k.txt,1620591505,16:18:25,20210509
79,2001-03-31,EGAN,USD,2001-05-15 00:00:00,2001-05-15 00:00:00,Q3,13420000.0,6431000.0,6989000.0,0.5207898658718331,5615000.0,15820000.0,0.0,0.0,31385000.0,37816000.0,0.0,1511000.0,-22885000.0,-1.705290611028316,-24396000.0,-1.8178837555886735,357000.0,0.0,0.0,0.0,-25550000.0,-1.9038748137108792,-7.7,-7.7,3535300.0,3535300.0,https://www.sec.gov/Archives/edgar/data/1066194/000101287001500840/0001012870-01-500840-index.html,https://www.sec.gov/Archives/edgar/data/1066194/000101287001500840/d10q.txt,1620591505,16:18:25,20210509
80,2000-12-31,EGAN,USD,2001-02-14 00:00:00,2001-02-14 00:00:00,Q2,13837000.0,6205000.0,7632000.0,0.5515646455156464,5866000.0,17291000.0,0.0,0.0,35174000.0,41379000.0,0.0,12017000.0,-15525000.0,-1.1219917612199175,-27542000.0,-1.9904603599046036,1368000.0,0.0,0.0,0.0,-26174000.0,-1.89159499891595,-13.2,-13.2,3512900.0,3512900.0,https://www.sec.gov/Archives/edgar/data/1066194/000101287001000622/0001012870-01-000622-index.html,https://www.sec.gov/Archives/edgar/data/1066194/000101287001000622/0001012870-01-000622-0001.txt,1620591505,16:18:25,20210509
81,2000-09-30,EGAN,USD,2000-11-14 00:00:00,2000-11-14 00:00:00,Q1,12058000.0,7410000.0,4648000.0,0.38547022723503066,6079000.0,16689000.0,0.0,0.0,34742000.0,42152000.0,0.0,11974000.0,-18120000.0,-1.5027367722673743,-30094000.0,-2.4957704428595124,231000.0,0.0,0.0,0.0,-29863000.0,-2.476613036987892,-9.1,-9.1,3447400.0,3447400.0,https://www.sec.gov/Archives/edgar/data/1066194/000102140800003611/0001021408-00-003611-index.html,https://www.sec.gov/Archives/edgar/data/1066194/000102140800003611/0001021408-00-003611-0001.txt,1620591505,16:18:25,20210509
82,2000-06-30,EGAN,USD,2000-06-30,2000-06-30,Q4,6288000.0,4316000.0,1972000.0,0.31361323155216286,4701000.0,14321000.0,0.0,0.0,26294000.0,30610000.0,0.0,7272000.0,-17050000.0,-2.7115139949109417,-24322000.0,-3.8680025445292623,-1160000.0,0.0,0.0,0.0,-24197000.0,-3.848123409669211,-7.018912803852179,-7.018912803852179,3447400.0,3447400.0,,,1620591505,16:18:25,20210509
83,2000-03-31,EGAN,USD,2000-05-15 00:00:00,2000-05-15 00:00:00,Q3,3303000.0,3580000.0,-277000.0,-0.08386315470784135,3005000.0,8792000.0,0.0,0.0,17913000.0,21493000.0,0.0,6116000.0,-12074000.0,-3.6554647290342115,-18190000.0,-5.507114744171965,461000.0,0.0,0.0,0.0,-17729000.0,-5.367544656372994,-6.3,-6.3,2798600.0,2798600.0,https://www.sec.gov/Archives/edgar/data/1066194/000101287000002792/0001012870-00-002792-index.html,https://www.sec.gov/Archives/edgar/data/1066194/0001012870-00-002792.txt,1620591505,16:18:25,20210509
84,1999-12-31,EGAN,USD,2000-02-14 00:00:00,2000-02-14 00:00:00,Q2,2400000.0,2700000.0,-300000.0,-0.125,2100000.0,7000000.0,0.0,0.0,14200000.0,16900000.0,0.0,5100000.0,-9400000.0,-3.9166666666666665,-14500000.0,-6.041666666666667,700000.0,0.0,0.0,0.0,-13800000.0,-5.75,-5.1,-5.1,2705882.0,2705882.0,https://www.sec.gov/Archives/edgar/data/1066194/000095000800000017/0000950008-00-000017-index.html,https://www.sec.gov/Archives/edgar/data/1066194/0000950008-00-000017.txt,1620591505,16:18:25,20210509
85,1999-09-30,EGAN,USD,1999-09-30,1999-09-30,Q1,1400000.0,2000000.0,-600000.0,-0.42857142857142855,2000000.0,0.0,0.0,0.0,12000000.0,14000000.0,0.0,5000000.0,-7600000.0,-5.428571428571429,-12600000.0,-9.0,-100000.0,0.0,0.0,0.0,-12700000.0,-9.071428571428571,-12.2,-12.2,2899000.0,2899000.0,,,1620591505,16:18:25,20210509
