,date,symbol,reportedCurrency,fillingDate,acceptedDate,period,revenue,costOfRevenue,grossProfit,grossProfitRatio,researchAndDevelopmentExpenses,generalAndAdministrativeExpenses,sellingAndMarketingExpenses,otherExpenses,operatingExpenses,costAndExpenses,interestExpense,depreciationAndAmortization,ebitda,ebitdaratio,operatingIncome,operatingIncomeRatio,totalOtherIncomeExpensesNet,incomeBeforeTax,incomeBeforeTaxRatio,incomeTaxExpense,netIncome,netIncomeRatio,eps,epsdiluted,weightedAverageShsOut,weightedAverageShsOutDil,link,finalLink,timestamp,est_time,est_date
0,2020-09-30,TOG.TO,CAD,2020-09-30,2020-09-30,Q3,90824000.0,52774000.0,38050000.0,0.4189421298335242,0.0,6297000.0,0.0,562000.0,37694000.0,90468000.0,0.0,0.0,38861000.0,0.4278714877124989,356000.0,0.003919668810006166,469000.0,-4434000.0,-0.04881969523473972,0.0,-4434000.0,-0.04881969523473972,-0.02,-0.02,222540462.0,222540462.0,https://www.sedar.com/ModifyCompanyDocumentSearchForm.do?lang=EN&company_search=TORC Oil & Gas Ltd&document_selection=0&industry_group=A&FromDate=13&FromMonth=05&FromYear=2000&ToDate=13&ToMonth=11&ToYear=2020&Variable=Issuer,https://www.sedar.com/ModifyCompanyDocumentSearchForm.do?lang=EN&company_search=TORC Oil & Gas Ltd&document_selection=0&industry_group=A&FromDate=13&FromMonth=05&FromYear=2000&ToDate=13&ToMonth=11&ToYear=2020&Variable=Issuer,1620598935,18:22:15,20210509
1,2020-06-30,TOG.TO,CAD,2020-06-30,2020-06-30,Q2,47574000.0,44946000.0,2628000.0,0.05524025728339009,0.0,6258000.0,0.0,0.0,36537000.0,81483000.0,0.0,0.0,7271000.0,0.15283558246100812,-33909000.0,-0.7127632740572581,-3716000.0,-41023000.0,-0.8622987346029344,0.0,-41023000.0,-0.8622987346029344,-0.18,-0.18,222372085.0,222372085.0,https://www.sedar.com/ModifyCompanyDocumentSearchForm.do?lang=EN&company_search=TORC Oil & Gas Ltd&document_selection=0&industry_group=A&FromDate=13&FromMonth=05&FromYear=2000&ToDate=13&ToMonth=11&ToYear=2020&Variable=Issuer,https://www.sedar.com/ModifyCompanyDocumentSearchForm.do?lang=EN&company_search=TORC Oil & Gas Ltd&document_selection=0&industry_group=A&FromDate=13&FromMonth=05&FromYear=2000&ToDate=13&ToMonth=11&ToYear=2020&Variable=Issuer,1620598935,18:22:15,20210509
2,2020-03-31,TOG.TO,CAD,2020-03-31,2020-03-31,Q1,107360000.0,74563000.0,32797000.0,0.3054862146050671,0.0,9792000.0,0.0,0.0,44674000.0,119237000.0,4493000.0,0.0,44969000.0,0.4188617734724292,-11877000.0,-0.11062779433681073,-843999000.0,-860369000.0,-8.013869225037258,19526000.0,-879895000.0,-8.195743293591654,-3.96,-3.96,222146284.0,222146284.0,https://www.sedar.com/ModifyCompanyDocumentSearchForm.do?lang=EN&company_search=TORC Oil & Gas Ltd&document_selection=0&industry_group=A&FromDate=13&FromMonth=05&FromYear=2000&ToDate=13&ToMonth=11&ToYear=2020&Variable=Issuer,https://www.sedar.com/ModifyCompanyDocumentSearchForm.do?lang=EN&company_search=TORC Oil & Gas Ltd&document_selection=0&industry_group=A&FromDate=13&FromMonth=05&FromYear=2000&ToDate=13&ToMonth=11&ToYear=2020&Variable=Issuer,1620598935,18:22:15,20210509
3,2019-12-31,TOG.TO,CAD,2019-12-31,2019-12-31,Q4,141542000.0,81695000.0,59847000.0,0.4228214946800243,0.0,7562000.0,0.0,0.0,49693000.0,131388000.0,-2563000.0,0.0,68251000.0,0.48219609727148127,10154000.0,0.07173842393070608,-93186000.0,-80469000.0,-0.568516765341736,-19876000.0,-60593000.0,-0.4280920150909271,-0.27227857556977664,-0.27227857556977664,222540462.0,222540462.0,https://www.sedar.com/ModifyCompanyDocumentSearchForm.do?lang=EN&company_search=TORC Oil & Gas Ltd&document_selection=0&industry_group=A&FromDate=13&FromMonth=05&FromYear=2000&ToDate=13&ToMonth=11&ToYear=2020&Variable=Issuer,https://www.sedar.com/ModifyCompanyDocumentSearchForm.do?lang=EN&company_search=TORC Oil & Gas Ltd&document_selection=0&industry_group=A&FromDate=13&FromMonth=05&FromYear=2000&ToDate=13&ToMonth=11&ToYear=2020&Variable=Issuer,1620598935,18:22:15,20210509
4,2019-09-30,TOG.TO,CAD,2019-09-30,2019-09-30,Q3,142202000.0,86600000.0,55602000.0,0.3910071588303962,0.0,9201000.0,0.0,0.0,43044000.0,129644000.0,5330000.0,0.0,75034000.0,0.5276578388489613,12558000.0,0.08831099421949058,-64000.0,7164000.0,0.05037903826950395,1500000.0,5664000.0,0.03983066342245538,0.025789773098261495,0.025519018149649245,219621940.0,221952113.0,https://www.sedar.com/ModifyCompanyDocumentSearchForm.do?lang=EN&company_search=TORC Oil & Gas Ltd&document_selection=0&industry_group=A&FromDate=13&FromMonth=05&FromYear=2000&ToDate=13&ToMonth=11&ToYear=2020&Variable=Issuer,https://www.sedar.com/ModifyCompanyDocumentSearchForm.do?lang=EN&company_search=TORC Oil & Gas Ltd&document_selection=0&industry_group=A&FromDate=13&FromMonth=05&FromYear=2000&ToDate=13&ToMonth=11&ToYear=2020&Variable=Issuer,1620598935,18:22:15,20210509
5,2019-06-30,TOG.TO,CAD,2019-06-30,2019-06-30,Q2,152913000.0,88655000.0,64258000.0,0.4202258800755985,0.0,9185000.0,0.0,0.0,43087000.0,131742000.0,6014000.0,0.0,82785000.0,0.5413862784720723,21171000.0,0.13845127621588746,347000.0,15504000.0,0.10139098703184164,4040000.0,11464000.0,0.07497073499310065,0.052519993973211575,0.05169731311557722,218278776.0,221752337.0,https://www.sedar.com/ModifyCompanyDocumentSearchForm.do?lang=EN&company_search=TORC Oil & Gas Ltd&document_selection=0&industry_group=A&FromDate=13&FromMonth=05&FromYear=2000&ToDate=13&ToMonth=11&ToYear=2020&Variable=Issuer,https://www.sedar.com/ModifyCompanyDocumentSearchForm.do?lang=EN&company_search=TORC Oil & Gas Ltd&document_selection=0&industry_group=A&FromDate=13&FromMonth=05&FromYear=2000&ToDate=13&ToMonth=11&ToYear=2020&Variable=Issuer,1620598935,18:22:15,20210509
6,2019-03-31,TOG.TO,CAD,2019-03-31,2019-03-31,Q1,144656000.0,85454000.0,59202000.0,0.40926059064262804,0.0,10617000.0,3194000.0,0.0,43493000.0,128947000.0,5839000.0,0.0,75633000.0,0.522847306713859,15709000.0,0.1085955646499281,-102000.0,9768000.0,0.0675257161818383,3433000.0,6335000.0,0.04379355159827453,0.029174704485803088,0.028726199725698575,217140160.0,220530389.0,https://www.sedar.com/ModifyCompanyDocumentSearchForm.do?lang=EN&company_search=TORC Oil & Gas Ltd&document_selection=0&industry_group=A&FromDate=13&FromMonth=05&FromYear=2000&ToDate=13&ToMonth=11&ToYear=2020&Variable=Issuer,https://www.sedar.com/ModifyCompanyDocumentSearchForm.do?lang=EN&company_search=TORC Oil & Gas Ltd&document_selection=0&industry_group=A&FromDate=13&FromMonth=05&FromYear=2000&ToDate=13&ToMonth=11&ToYear=2020&Variable=Issuer,1620598935,18:22:15,20210509
7,2018-12-31,TOG.TO,CAD,2018-12-31,2018-12-31,Q4,119861000.0,81834000.0,38027000.0,0.3172591585252918,0.0,7608000.0,3177000.0,0.0,49140000.0,130974000.0,-2230000.0,0.0,49285000.0,0.411184622187367,-11113000.0,-0.09271572905281951,-23884000.0,-32767000.0,-0.27337499269987736,-8369000.0,-24398000.0,-0.20355244825255922,-0.10963399545741934,-0.10963399545741934,222540462.0,222540462.0,https://www.sedar.com/ModifyCompanyDocumentSearchForm.do?lang=EN&company_search=TORC Oil & Gas Ltd&document_selection=0&industry_group=A&FromDate=13&FromMonth=05&FromYear=2000&ToDate=13&ToMonth=11&ToYear=2020&Variable=Issuer,https://www.sedar.com/ModifyCompanyDocumentSearchForm.do?lang=EN&company_search=TORC Oil & Gas Ltd&document_selection=0&industry_group=A&FromDate=13&FromMonth=05&FromYear=2000&ToDate=13&ToMonth=11&ToYear=2020&Variable=Issuer,1620598935,18:22:15,20210509
8,2018-09-30,TOG.TO,CAD,2018-09-30,2018-09-30,Q3,166977000.0,88986000.0,77991000.0,0.46707630392209704,0.0,8630000.0,3250000.0,0.0,39940000.0,128926000.0,5469000.0,0.0,97913000.0,0.5863861489905795,38051000.0,0.22788168430382627,-294000.0,32288000.0,0.19336794887918696,9541000.0,22747000.0,0.13622834282565863,0.10683726913231478,0.10560126284384586,212912593.0,215404621.0,https://www.sedar.com/ModifyCompanyDocumentSearchForm.do?lang=EN&company_search=TORC Oil & Gas Ltd&document_selection=0&industry_group=A&FromDate=13&FromMonth=05&FromYear=2000&ToDate=13&ToMonth=11&ToYear=2020&Variable=Issuer,https://www.sedar.com/ModifyCompanyDocumentSearchForm.do?lang=EN&company_search=TORC Oil & Gas Ltd&document_selection=0&industry_group=A&FromDate=13&FromMonth=05&FromYear=2000&ToDate=13&ToMonth=11&ToYear=2020&Variable=Issuer,1620598935,18:22:15,20210509
9,2018-06-30,TOG.TO,CAD,2018-06-30,2018-06-30,Q2,134387000.0,72701000.0,61686000.0,0.4590176133108113,0.0,8076000.0,2789000.0,0.0,34451000.0,107152000.0,5184000.0,0.0,77153000.0,0.5741105910541943,27235000.0,0.202660971671367,-4795000.0,17256000.0,0.12840527729616705,3935000.0,13321000.0,0.09912417123680117,0.06747431990750714,0.06634380278982141,197423257.0,200787405.0,https://www.sedar.com/ModifyCompanyDocumentSearchForm.do?lang=EN&company_search=TORC Oil & Gas Ltd&document_selection=0&industry_group=A&FromDate=13&FromMonth=05&FromYear=2000&ToDate=13&ToMonth=11&ToYear=2020&Variable=Issuer,https://www.sedar.com/ModifyCompanyDocumentSearchForm.do?lang=EN&company_search=TORC Oil & Gas Ltd&document_selection=0&industry_group=A&FromDate=13&FromMonth=05&FromYear=2000&ToDate=13&ToMonth=11&ToYear=2020&Variable=Issuer,1620598935,18:22:15,20210509
10,2018-03-31,TOG.TO,CAD,2018-03-31,2018-03-31,Q1,119782000.0,70143000.0,49639000.0,0.41441118031089813,0.0,8875000.0,2805000.0,0.0,34833000.0,104976000.0,4215000.0,48543000.0,63349000.0,0.528869112220534,14806000.0,0.12360788766258703,-1737000.0,8854000.0,0.07391761700422433,3630000.0,5224000.0,0.0436125628224608,0.026605551853436247,0.02627303847866031,196349996.0,198835015.0,https://www.sedar.com/ModifyCompanyDocumentSearchForm.do?lang=EN&company_search=TORC Oil & Gas Ltd&document_selection=0&industry_group=A&FromDate=13&FromMonth=05&FromYear=2000&ToDate=13&ToMonth=11&ToYear=2020&Variable=Issuer,https://www.sedar.com/ModifyCompanyDocumentSearchForm.do?lang=EN&company_search=TORC Oil & Gas Ltd&document_selection=0&industry_group=A&FromDate=13&FromMonth=05&FromYear=2000&ToDate=13&ToMonth=11&ToYear=2020&Variable=Issuer,1620598935,18:22:15,20210509
11,2017-12-31,TOG.TO,CAD,2017-12-31,2017-12-31,Q4,113741000.0,67387000.0,46354000.0,0.4075399372258025,0.0,6335000.0,2471000.0,0.0,38283000.0,105670000.0,-2593000.0,0.0,55012000.0,0.48366024564580934,8071000.0,0.07095946052874513,-23945000.0,-13281000.0,-0.11676528252784836,-3850000.0,-9431000.0,-0.0829164505323498,-0.0423788101958735,-0.0423788101958735,222540462.0,222540462.0,https://www.sedar.com/ModifyCompanyDocumentSearchForm.do?lang=EN&company_search=TORC Oil & Gas Ltd&document_selection=0&industry_group=A&FromDate=13&FromMonth=05&FromYear=2000&ToDate=13&ToMonth=11&ToYear=2020&Variable=Issuer,https://www.sedar.com/ModifyCompanyDocumentSearchForm.do?lang=EN&company_search=TORC Oil & Gas Ltd&document_selection=0&industry_group=A&FromDate=13&FromMonth=05&FromYear=2000&ToDate=13&ToMonth=11&ToYear=2020&Variable=Issuer,1620598935,18:22:15,20210509
12,2017-09-30,TOG.TO,CAD,2017-09-30,2017-09-30,Q3,90038000.0,63477000.0,26561000.0,0.29499766765143604,0.0,6704000.0,2192000.0,0.0,30055000.0,93532000.0,3804000.0,0.0,44340000.0,0.49245873964326176,-3494000.0,-0.03880583753526289,-405000.0,-7703000.0,-0.0855527666096537,-1368000.0,-6335000.0,-0.07035918167884671,-0.03,-0.03,187986832.0,187986832.0,https://www.sedar.com/ModifyCompanyDocumentSearchForm.do?lang=EN&company_search=TORC Oil & Gas Ltd&document_selection=0&industry_group=A&FromDate=13&FromMonth=05&FromYear=2000&ToDate=13&ToMonth=11&ToYear=2020&Variable=Issuer,https://www.sedar.com/ModifyCompanyDocumentSearchForm.do?lang=EN&company_search=TORC Oil & Gas Ltd&document_selection=0&industry_group=A&FromDate=13&FromMonth=05&FromYear=2000&ToDate=13&ToMonth=11&ToYear=2020&Variable=Issuer,1620598935,18:22:15,20210509
13,2017-06-30,TOG.TO,CAD,2017-06-30,2017-06-30,Q2,96432000.0,63150000.0,33282000.0,0.34513439522150324,0.0,6484000.0,2101000.0,0.0,27554000.0,90704000.0,4319000.0,0.0,52966000.0,0.5492575078812013,5728000.0,0.05939936950389912,2739000.0,4148000.0,0.0430147668823627,1616000.0,2532000.0,0.026256844201095073,0.013547839508055475,0.013435518624151953,186893268.0,188455695.0,https://www.sedar.com/ModifyCompanyDocumentSearchForm.do?lang=EN&company_search=TORC Oil & Gas Ltd&document_selection=0&industry_group=A&FromDate=13&FromMonth=05&FromYear=2000&ToDate=13&ToMonth=11&ToYear=2020&Variable=Issuer,https://www.sedar.com/ModifyCompanyDocumentSearchForm.do?lang=EN&company_search=TORC Oil & Gas Ltd&document_selection=0&industry_group=A&FromDate=13&FromMonth=05&FromYear=2000&ToDate=13&ToMonth=11&ToYear=2020&Variable=Issuer,1620598935,18:22:15,20210509
14,2017-03-31,TOG.TO,CAD,2017-03-31,2017-03-31,Q1,93629000.0,59459000.0,34170000.0,0.3649510301295539,0.0,7177000.0,2112000.0,0.0,27092000.0,86551000.0,3797000.0,0.0,50892000.0,0.5435495412746051,7078000.0,0.07559623620886691,1229000.0,4510000.0,0.048168836578410534,1766000.0,2744000.0,0.02930715910668703,0.014952091433869986,0.014825971434362109,183519477.0,185080621.0,https://www.sedar.com/ModifyCompanyDocumentSearchForm.do?lang=EN&company_search=TORC Oil & Gas Ltd&document_selection=0&industry_group=A&FromDate=13&FromMonth=05&FromYear=2000&ToDate=13&ToMonth=11&ToYear=2020&Variable=Issuer,https://www.sedar.com/ModifyCompanyDocumentSearchForm.do?lang=EN&company_search=TORC Oil & Gas Ltd&document_selection=0&industry_group=A&FromDate=13&FromMonth=05&FromYear=2000&ToDate=13&ToMonth=11&ToYear=2020&Variable=Issuer,1620598935,18:22:15,20210509
15,2016-12-31,TOG.TO,CAD,2016-12-31,2016-12-31,Q4,90354000.0,57643000.0,32711000.0,0.36203156473426745,0.0,4251000.0,1150000.0,0.0,28835000.0,86478000.0,-1051000.0,0.0,48116000.0,0.5325276136086947,3876000.0,0.04289793478982668,-1047000.0,3880000.0,0.04294220510436727,1350000.0,2530000.0,0.02800097394691989,0.01136871909612554,0.01136871909612554,222540462.0,222540462.0,https://www.sedar.com/ModifyCompanyDocumentSearchForm.do?lang=EN&company_search=TORC Oil & Gas Ltd&document_selection=0&industry_group=A&FromDate=13&FromMonth=05&FromYear=2000&ToDate=13&ToMonth=11&ToYear=2020&Variable=Issuer,https://www.sedar.com/ModifyCompanyDocumentSearchForm.do?lang=EN&company_search=TORC Oil & Gas Ltd&document_selection=0&industry_group=A&FromDate=13&FromMonth=05&FromYear=2000&ToDate=13&ToMonth=11&ToYear=2020&Variable=Issuer,1620598935,18:22:15,20210509
16,2016-09-30,TOG.TO,CAD,2016-09-30,2016-09-30,Q3,74966000.0,57546000.0,17420000.0,0.23237200864391858,0.0,6955000.0,2944000.0,0.0,28815000.0,86361000.0,3468000.0,0.0,32836000.0,0.4380118987274231,-11395000.0,-0.15200224101592721,-655000.0,-15518000.0,-0.20700050689645974,-3555000.0,-11963000.0,-0.15957900915081505,-0.07,-0.07,171720409.0,171720409.0,https://www.sedar.com/ModifyCompanyDocumentSearchForm.do?lang=EN&company_search=TORC Oil & Gas Ltd&document_selection=0&industry_group=A&FromDate=13&FromMonth=05&FromYear=2000&ToDate=13&ToMonth=11&ToYear=2020&Variable=Issuer,https://www.sedar.com/ModifyCompanyDocumentSearchForm.do?lang=EN&company_search=TORC Oil & Gas Ltd&document_selection=0&industry_group=A&FromDate=13&FromMonth=05&FromYear=2000&ToDate=13&ToMonth=11&ToYear=2020&Variable=Issuer,1620598935,18:22:15,20210509
17,2016-06-30,TOG.TO,CAD,2016-06-30,2016-06-30,Q2,69551000.0,55715000.0,13836000.0,0.1989331569639545,0.0,7179000.0,2934000.0,0.0,28532000.0,84247000.0,3867000.0,0.0,28380000.0,0.4080458943796638,-14696000.0,-0.21129818406636858,-126000.0,-18689000.0,-0.2687092924616469,-2939000.0,-15750000.0,-0.22645253123607137,-0.1,-0.1,163014784.0,163014784.0,https://www.sedar.com/ModifyCompanyDocumentSearchForm.do?lang=EN&company_search=TORC Oil & Gas Ltd&document_selection=0&industry_group=A&FromDate=13&FromMonth=05&FromYear=2000&ToDate=13&ToMonth=11&ToYear=2020&Variable=Issuer,https://www.sedar.com/ModifyCompanyDocumentSearchForm.do?lang=EN&company_search=TORC Oil & Gas Ltd&document_selection=0&industry_group=A&FromDate=13&FromMonth=05&FromYear=2000&ToDate=13&ToMonth=11&ToYear=2020&Variable=Issuer,1620598935,18:22:15,20210509
18,2016-03-31,TOG.TO,CAD,2016-03-31,2016-03-31,Q1,52118000.0,51707000.0,411000.0,0.007885951110940558,0.0,8924000.0,2959000.0,0.0,30244000.0,81951000.0,3419000.0,0.0,12739000.0,0.24442610998119652,-29833000.0,-0.5724126021719943,0.0,-33252000.0,-0.63801373805595,-7992000.0,-25260000.0,-0.48466940404466785,-0.16,-0.16,162100122.0,162100122.0,https://www.sedar.com/ModifyCompanyDocumentSearchForm.do?lang=EN&company_search=TORC Oil & Gas Ltd&document_selection=0&industry_group=A&FromDate=13&FromMonth=05&FromYear=2000&ToDate=13&ToMonth=11&ToYear=2020&Variable=Issuer,https://www.sedar.com/ModifyCompanyDocumentSearchForm.do?lang=EN&company_search=TORC Oil & Gas Ltd&document_selection=0&industry_group=A&FromDate=13&FromMonth=05&FromYear=2000&ToDate=13&ToMonth=11&ToYear=2020&Variable=Issuer,1620598935,18:22:15,20210509
19,2015-12-31,TOG.TO,CAD,2015-12-31,2015-12-31,Q4,71935000.0,55359000.0,16576000.0,0.23043024953082644,0.0,7486000.0,3111000.0,0.0,33594000.0,88953000.0,-621000.0,0.0,25099000.0,0.34891221241398485,-17018000.0,-0.23657468547994717,-108409000.0,-124806000.0,-1.7349829707374713,-35216000.0,-89590000.0,-1.2454299019948565,-0.4025784758189277,-0.4025784758189277,222540462.0,222540462.0,https://www.sedar.com/ModifyCompanyDocumentSearchForm.do?lang=EN&company_search=TORC Oil & Gas Ltd&document_selection=0&industry_group=A&FromDate=13&FromMonth=05&FromYear=2000&ToDate=13&ToMonth=11&ToYear=2020&Variable=Issuer,https://www.sedar.com/ModifyCompanyDocumentSearchForm.do?lang=EN&company_search=TORC Oil & Gas Ltd&document_selection=0&industry_group=A&FromDate=13&FromMonth=05&FromYear=2000&ToDate=13&ToMonth=11&ToYear=2020&Variable=Issuer,1620598935,18:22:15,20210509
20,2015-09-30,TOG.TO,CAD,2015-09-30,2015-09-30,Q3,74413000.0,56190000.0,18223000.0,0.2448900057785602,0.0,8612000.0,3430000.0,0.0,30586000.0,86776000.0,3434000.0,0.0,30203000.0,0.40588338059210083,-12363000.0,-0.16614032494322228,-54457000.0,-70254000.0,-0.9441092282262508,-17372000.0,-52882000.0,-0.7106553962345289,-0.33,-0.33,157857132.0,157857132.0,https://www.sedar.com/ModifyCompanyDocumentSearchForm.do?lang=EN&company_search=TORC Oil & Gas Ltd&document_selection=0&industry_group=A&FromDate=13&FromMonth=05&FromYear=2000&ToDate=13&ToMonth=11&ToYear=2020&Variable=Issuer,https://www.sedar.com/ModifyCompanyDocumentSearchForm.do?lang=EN&company_search=TORC Oil & Gas Ltd&document_selection=0&industry_group=A&FromDate=13&FromMonth=05&FromYear=2000&ToDate=13&ToMonth=11&ToYear=2020&Variable=Issuer,1620598935,18:22:15,20210509
21,2015-06-30,TOG.TO,CAD,2015-06-30,2015-06-30,Q2,68964000.0,47192000.0,21772000.0,0.31570094542079924,0.0,7126000.0,2511000.0,0.0,24469000.0,71661000.0,3153000.0,0.0,31790000.0,0.4609651412331071,-2697000.0,-0.03910736036192796,-9023000.0,-14873000.0,-0.215663244591381,52000.0,-14925000.0,-0.21641726117974597,-0.12,-0.12,120652659.0,120652659.0,https://www.sedar.com/ModifyCompanyDocumentSearchForm.do?lang=EN&company_search=TORC Oil & Gas Ltd&document_selection=0&industry_group=A&FromDate=13&FromMonth=05&FromYear=2000&ToDate=13&ToMonth=11&ToYear=2020&Variable=Issuer,https://www.sedar.com/ModifyCompanyDocumentSearchForm.do?lang=EN&company_search=TORC Oil & Gas Ltd&document_selection=0&industry_group=A&FromDate=13&FromMonth=05&FromYear=2000&ToDate=13&ToMonth=11&ToYear=2020&Variable=Issuer,1620598935,18:22:15,20210509
22,2015-03-31,TOG.TO,CAD,2015-03-31,2015-03-31,Q1,47276000.0,39391000.0,7885000.0,0.1667865301632964,0.0,7994000.0,2066000.0,0.0,23409000.0,62800000.0,2437000.0,0.0,15620000.0,0.3304002030628649,-15524000.0,-0.32836957441407905,192000.0,-17769000.0,-0.37585667146120655,-2511000.0,-15258000.0,-0.32274304086640154,-0.15,-0.15,103049561.0,103049561.0,https://www.sedar.com/ModifyCompanyDocumentSearchForm.do?lang=EN&company_search=TORC Oil & Gas Ltd&document_selection=0&industry_group=A&FromDate=13&FromMonth=05&FromYear=2000&ToDate=13&ToMonth=11&ToYear=2020&Variable=Issuer,https://www.sedar.com/ModifyCompanyDocumentSearchForm.do?lang=EN&company_search=TORC Oil & Gas Ltd&document_selection=0&industry_group=A&FromDate=13&FromMonth=05&FromYear=2000&ToDate=13&ToMonth=11&ToYear=2020&Variable=Issuer,1620598935,18:22:15,20210509
23,2014-12-31,TOG.TO,CAD,2014-12-31,2014-12-31,Q4,70854000.0,41555000.0,29299000.0,0.4135122928839586,0.0,6682000.0,2222000.0,0.0,23909000.0,65464000.0,-408000.0,0.0,34607000.0,0.4884269060321224,5390000.0,0.07607192254495158,-44576000.0,-38778000.0,-0.5472944364467779,-8367000.0,-30411000.0,-0.4292065373867389,-0.13665380096137303,-0.13665380096137303,222540462.0,222540462.0,https://www.sedar.com/ModifyCompanyDocumentSearchForm.do?lang=EN&company_search=TORC Oil & Gas Ltd&document_selection=0&industry_group=A&FromDate=13&FromMonth=05&FromYear=2000&ToDate=13&ToMonth=11&ToYear=2020&Variable=Issuer,https://www.sedar.com/ModifyCompanyDocumentSearchForm.do?lang=EN&company_search=TORC Oil & Gas Ltd&document_selection=0&industry_group=A&FromDate=13&FromMonth=05&FromYear=2000&ToDate=13&ToMonth=11&ToYear=2020&Variable=Issuer,1620598935,18:22:15,20210509
24,2014-09-30,TOG.TO,CAD,2014-09-30,2014-09-30,Q3,83798000.0,44695000.0,39103000.0,0.4666340485453113,0.0,7817000.0,0.0,0.0,21257000.0,65952000.0,2230000.0,0.0,48133000.0,0.5743931836082007,17846000.0,0.21296450989283755,5794000.0,21410000.0,0.2554953578844364,6264000.0,15146000.0,0.18074417050526265,0.16216755383789336,0.15810998088931988,93397228.0,95794079.0,https://www.sedar.com/ModifyCompanyDocumentSearchForm.do?lang=EN&company_search=TORC Oil & Gas Ltd&document_selection=0&industry_group=A&FromDate=13&FromMonth=05&FromYear=2000&ToDate=13&ToMonth=11&ToYear=2020&Variable=Issuer,https://www.sedar.com/ModifyCompanyDocumentSearchForm.do?lang=EN&company_search=TORC Oil & Gas Ltd&document_selection=0&industry_group=A&FromDate=13&FromMonth=05&FromYear=2000&ToDate=13&ToMonth=11&ToYear=2020&Variable=Issuer,1620598935,18:22:15,20210509
25,2014-06-30,TOG.TO,CAD,2014-06-30,2014-06-30,Q2,87509000.0,43060000.0,44449000.0,0.5079363265492692,0.0,7743000.0,2682000.0,0.0,20571000.0,63631000.0,2660000.0,0.0,52517000.0,0.6001325577940555,23878000.0,0.2728633626255585,-2536000.0,18682000.0,0.21348661280554,5188000.0,13494000.0,0.1542012821538356,0.15,0.14,92126403.0,95014845.0,https://www.sedar.com/ModifyCompanyDocumentSearchForm.do?lang=EN&company_search=TORC Oil & Gas Ltd&document_selection=0&industry_group=A&FromDate=13&FromMonth=05&FromYear=2000&ToDate=13&ToMonth=11&ToYear=2020&Variable=Issuer,https://www.sedar.com/ModifyCompanyDocumentSearchForm.do?lang=EN&company_search=TORC Oil & Gas Ltd&document_selection=0&industry_group=A&FromDate=13&FromMonth=05&FromYear=2000&ToDate=13&ToMonth=11&ToYear=2020&Variable=Issuer,1620598935,18:22:15,20210509
26,2014-03-31,TOG.TO,CAD,2014-03-31,2014-03-31,Q1,79168000.0,38589000.0,40579000.0,0.5125682093775262,0.0,7953000.0,2401000.0,0.0,20230000.0,58819000.0,1729000.0,0.0,53300000.0,0.673251818916734,20349000.0,0.257035670978173,-6734000.0,11886000.0,0.15013641875505254,3857000.0,8029000.0,0.10141723928860145,0.08763337731264963,0.08527108936763825,91620342.0,94158525.0,https://www.sedar.com/ModifyCompanyDocumentSearchForm.do?lang=EN&company_search=TORC Oil & Gas Ltd&document_selection=0&industry_group=A&FromDate=13&FromMonth=05&FromYear=2000&ToDate=13&ToMonth=11&ToYear=2020&Variable=Issuer,https://www.sedar.com/ModifyCompanyDocumentSearchForm.do?lang=EN&company_search=TORC Oil & Gas Ltd&document_selection=0&industry_group=A&FromDate=13&FromMonth=05&FromYear=2000&ToDate=13&ToMonth=11&ToYear=2020&Variable=Issuer,1620598935,18:22:15,20210509
27,2013-12-31,TOG.TO,CAD,2013-12-31,2013-12-31,Q4,68206000.0,36142000.0,32064000.0,0.4701052693311439,0.0,6549000.0,2154000.0,0.0,58195000.0,94337000.0,721000.0,0.0,-5724000.0,-0.08392223558044747,-26131000.0,-0.3831187872034718,5005000.0,-21847000.0,-0.3203090637187344,-4006000.0,-17841000.0,-0.2615752279858077,-0.08016969066955563,-0.08016969066955563,222540462.0,222540462.0,https://www.sedar.com/ModifyCompanyDocumentSearchForm.do?lang=EN&company_search=TORC Oil & Gas Ltd&document_selection=0&industry_group=A&FromDate=13&FromMonth=05&FromYear=2000&ToDate=13&ToMonth=11&ToYear=2020&Variable=Issuer,https://www.sedar.com/ModifyCompanyDocumentSearchForm.do?lang=EN&company_search=TORC Oil & Gas Ltd&document_selection=0&industry_group=A&FromDate=13&FromMonth=05&FromYear=2000&ToDate=13&ToMonth=11&ToYear=2020&Variable=Issuer,1620598935,18:22:15,20210509
28,2013-09-30,TOG.TO,CAD,2013-09-30,2013-09-30,Q3,41717000.0,20174000.0,21543000.0,0.5164081789198648,0.0,3958000.0,1693000.0,0.0,10501000.0,30675000.0,434000.0,0.0,30775000.0,0.737708847711964,11042000.0,0.26468825658604406,-5636000.0,4972000.0,0.11918402569695807,1685000.0,3287000.0,0.07879281827552317,0.06495517006397818,0.06433577016561852,50604132.0,51091329.0,https://www.sedar.com/ModifyCompanyDocumentSearchForm.do?lang=EN&company_search=TORC Oil & Gas Ltd&document_selection=0&industry_group=A&FromDate=13&FromMonth=05&FromYear=2000&ToDate=13&ToMonth=11&ToYear=2020&Variable=Issuer,https://www.sedar.com/ModifyCompanyDocumentSearchForm.do?lang=EN&company_search=TORC Oil & Gas Ltd&document_selection=0&industry_group=A&FromDate=13&FromMonth=05&FromYear=2000&ToDate=13&ToMonth=11&ToYear=2020&Variable=Issuer,1620598935,18:22:15,20210509
29,2013-06-30,TOG.TO,CAD,2013-06-30,2013-06-30,Q2,28117000.0,14197000.0,13920000.0,0.4950741544261479,0.0,4070000.0,2200000.0,0.0,7854000.0,22051000.0,240000.0,0.0,16428000.0,0.5842728598356866,6066000.0,0.21574136643311875,-131000.0,5695000.0,0.2025465021161575,2355000.0,3340000.0,0.11878934452466479,0.08648183306686226,0.08549165637268628,38620828.0,39068140.0,https://www.sedar.com/ModifyCompanyDocumentSearchForm.do?lang=EN&company_search=TORC Oil & Gas Ltd&document_selection=0&industry_group=A&FromDate=13&FromMonth=05&FromYear=2000&ToDate=13&ToMonth=11&ToYear=2020&Variable=Issuer,https://www.sedar.com/ModifyCompanyDocumentSearchForm.do?lang=EN&company_search=TORC Oil & Gas Ltd&document_selection=0&industry_group=A&FromDate=13&FromMonth=05&FromYear=2000&ToDate=13&ToMonth=11&ToYear=2020&Variable=Issuer,1620598935,18:22:15,20210509
30,2013-03-31,TOG.TO,CAD,2013-03-31,2013-03-31,Q1,26034000.0,13741000.0,12293000.0,0.4721902127986479,0.0,4046000.0,2109000.0,0.0,7764000.0,21505000.0,8000.0,0.0,16254000.0,0.624337404932012,4529000.0,0.17396481524160712,-1564000.0,2973000.0,0.11419681954367365,1843000.0,1130000.0,0.04340477836675117,0.029284637973457442,0.028424127627049687,38586784.0,39754958.0,https://www.sedar.com/ModifyCompanyDocumentSearchForm.do?lang=EN&company_search=TORC Oil & Gas Ltd&document_selection=0&industry_group=A&FromDate=13&FromMonth=05&FromYear=2000&ToDate=13&ToMonth=11&ToYear=2020&Variable=Issuer,https://www.sedar.com/ModifyCompanyDocumentSearchForm.do?lang=EN&company_search=TORC Oil & Gas Ltd&document_selection=0&industry_group=A&FromDate=13&FromMonth=05&FromYear=2000&ToDate=13&ToMonth=11&ToYear=2020&Variable=Issuer,1620598935,18:22:15,20210509
31,2012-12-31,TOG.TO,CAD,2012-12-31,2012-12-31,Q4,-9461000.0,9197000.0,-18658000.0,1.9720959729415495,0.0,1876000.0,0.0,0.0,4601000.0,13798000.0,-989000.0,0.0,-14231000.0,1.5041750343515485,-23259000.0,2.458408202092802,-3325000.0,-25117000.0,2.654793362223866,-4569000.0,-20548000.0,2.171863439382729,-0.09233377074592394,-0.09233377074592394,222540462.0,222540462.0,https://www.sedar.com/ModifyCompanyDocumentSearchForm.do?lang=EN&company_search=TORC Oil & Gas Ltd&document_selection=0&industry_group=A&FromDate=13&FromMonth=05&FromYear=2000&ToDate=13&ToMonth=11&ToYear=2020&Variable=Issuer,https://www.sedar.com/ModifyCompanyDocumentSearchForm.do?lang=EN&company_search=TORC Oil & Gas Ltd&document_selection=0&industry_group=A&FromDate=13&FromMonth=05&FromYear=2000&ToDate=13&ToMonth=11&ToYear=2020&Variable=Issuer,1620598935,18:22:15,20210509
32,2012-09-30,TOG.TO,CAD,2012-09-30,2012-09-30,Q3,12166000.0,2669000.0,9497000.0,0.780618116061154,0.0,1734000.0,0.0,0.0,6584000.0,9253000.0,261000.0,0.0,7764000.0,0.6381719546276509,2913000.0,0.23943777741246094,-549000.0,2104000.0,0.17294098306756533,636000.0,1468000.0,0.12066414598060168,0.15,0.15,9798400.0,9798400.0,https://www.sedar.com/ModifyCompanyDocumentSearchForm.do?lang=EN&company_search=TORC Oil & Gas Ltd&document_selection=0&industry_group=A&FromDate=13&FromMonth=05&FromYear=2000&ToDate=13&ToMonth=11&ToYear=2020&Variable=Issuer,https://www.sedar.com/ModifyCompanyDocumentSearchForm.do?lang=EN&company_search=TORC Oil & Gas Ltd&document_selection=0&industry_group=A&FromDate=13&FromMonth=05&FromYear=2000&ToDate=13&ToMonth=11&ToYear=2020&Variable=Issuer,1620598935,18:22:15,20210509
33,2012-06-30,TOG.TO,CAD,2012-06-30,2012-06-30,Q2,12084000.0,3855000.0,8229000.0,0.6809831181727904,0.0,2078000.0,0.0,0.0,6435000.0,10290000.0,140000.0,0.0,5933000.0,0.49097980801059254,1794000.0,0.1484607745779543,4177000.0,5836000.0,0.48295266468056935,1710000.0,4126000.0,0.3414432307183052,0.4,0.4,9798400.0,9798400.0,https://www.sedar.com/ModifyCompanyDocumentSearchForm.do?lang=EN&company_search=TORC Oil & Gas Ltd&document_selection=0&industry_group=A&FromDate=13&FromMonth=05&FromYear=2000&ToDate=13&ToMonth=11&ToYear=2020&Variable=Issuer,https://www.sedar.com/ModifyCompanyDocumentSearchForm.do?lang=EN&company_search=TORC Oil & Gas Ltd&document_selection=0&industry_group=A&FromDate=13&FromMonth=05&FromYear=2000&ToDate=13&ToMonth=11&ToYear=2020&Variable=Issuer,1620598935,18:22:15,20210509
34,2012-03-31,TOG.TO,CAD,2012-03-31,2012-03-31,Q1,17922000.0,5976000.0,11946000.0,0.6665550719785738,0.0,2889000.0,0.0,0.0,10355000.0,16331000.0,768000.0,0.0,6326000.0,0.35297399843767435,1591000.0,0.08877357437785961,-4704000.0,-3846000.0,-0.21459658520254435,-32000.0,-3814000.0,-0.2128110701930588,-0.4,-0.4,9798400.0,9798400.0,https://www.sedar.com/ModifyCompanyDocumentSearchForm.do?lang=EN&company_search=TORC Oil & Gas Ltd&document_selection=0&industry_group=A&FromDate=13&FromMonth=05&FromYear=2000&ToDate=13&ToMonth=11&ToYear=2020&Variable=Issuer,https://www.sedar.com/ModifyCompanyDocumentSearchForm.do?lang=EN&company_search=TORC Oil & Gas Ltd&document_selection=0&industry_group=A&FromDate=13&FromMonth=05&FromYear=2000&ToDate=13&ToMonth=11&ToYear=2020&Variable=Issuer,1620598935,18:22:15,20210509
35,2011-12-31,TOG.TO,CAD,2011-12-31,2011-12-31,Q4,29740000.0,11551000.0,18189000.0,0.611600537995965,0.0,2780000.0,0.0,0.0,18645000.0,30196000.0,1049000.0,0.0,14659000.0,0.4929051782111634,-456000.0,-0.015332885003362474,-98427000.0,-100487000.0,-3.378850033624748,-21271000.0,-79216000.0,-2.6636180228648283,-0.35596223395995286,-0.35596223395995286,222540462.0,222540462.0,https://www.sedar.com/ModifyCompanyDocumentSearchForm.do?lang=EN&company_search=TORC Oil & Gas Ltd&document_selection=0&industry_group=A&FromDate=13&FromMonth=05&FromYear=2000&ToDate=13&ToMonth=11&ToYear=2020&Variable=Issuer,https://www.sedar.com/ModifyCompanyDocumentSearchForm.do?lang=EN&company_search=TORC Oil & Gas Ltd&document_selection=0&industry_group=A&FromDate=13&FromMonth=05&FromYear=2000&ToDate=13&ToMonth=11&ToYear=2020&Variable=Issuer,1620598935,18:22:15,20210509
36,2011-09-30,TOG.TO,CAD,2011-09-30,2011-09-30,Q3,31365000.0,13107000.0,18258000.0,0.5821138211382114,0.0,2119000.0,0.0,0.0,16548000.0,29655000.0,1807000.0,0.0,13832000.0,0.4410011158935119,1710000.0,0.054519368723098996,1466000.0,1386000.0,0.04418938307030129,527000.0,859000.0,0.027387215048621075,0.1,0.1,9798000.0,9798000.0,https://www.sedar.com/ModifyCompanyDocumentSearchForm.do?lang=EN&company_search=TORC Oil & Gas Ltd&document_selection=0&industry_group=A&FromDate=13&FromMonth=05&FromYear=2000&ToDate=13&ToMonth=11&ToYear=2020&Variable=Issuer,https://www.sedar.com/ModifyCompanyDocumentSearchForm.do?lang=EN&company_search=TORC Oil & Gas Ltd&document_selection=0&industry_group=A&FromDate=13&FromMonth=05&FromYear=2000&ToDate=13&ToMonth=11&ToYear=2020&Variable=Issuer,1620598935,18:22:15,20210509
37,2011-06-30,TOG.TO,CAD,2011-06-30,2011-06-30,Q2,36611000.0,12934000.0,23677000.0,0.6467181994482533,0.0,2384000.0,0.0,0.0,18430000.0,31364000.0,1837000.0,0.0,18646000.0,0.5093004834612548,5247000.0,0.14331758214744203,4334000.0,7748000.0,0.21163038431072628,2127000.0,5621000.0,0.15353309114746935,0.5738290661113152,0.5735363141032181,9795600.0,9800600.0,https://www.sedar.com/ModifyCompanyDocumentSearchForm.do?lang=EN&company_search=TORC Oil & Gas Ltd&document_selection=0&industry_group=A&FromDate=13&FromMonth=05&FromYear=2000&ToDate=13&ToMonth=11&ToYear=2020&Variable=Issuer,https://www.sedar.com/ModifyCompanyDocumentSearchForm.do?lang=EN&company_search=TORC Oil & Gas Ltd&document_selection=0&industry_group=A&FromDate=13&FromMonth=05&FromYear=2000&ToDate=13&ToMonth=11&ToYear=2020&Variable=Issuer,1620598935,18:22:15,20210509
38,2011-03-31,TOG.TO,CAD,2011-03-31,2011-03-31,Q1,29121000.0,9778000.0,19343000.0,0.6642285635795474,0.0,1912000.0,0.0,0.0,13963000.0,23741000.0,1579000.0,0.0,17063000.0,0.5859345489509289,5380000.0,0.1847464029394595,-4357000.0,-542000.0,-0.018611998214347034,1641000.0,-2183000.0,-0.07496308505889221,-0.2,-0.2,9789800.0,9789800.0,https://www.sedar.com/ModifyCompanyDocumentSearchForm.do?lang=EN&company_search=TORC Oil & Gas Ltd&document_selection=0&industry_group=A&FromDate=13&FromMonth=05&FromYear=2000&ToDate=13&ToMonth=11&ToYear=2020&Variable=Issuer,https://www.sedar.com/ModifyCompanyDocumentSearchForm.do?lang=EN&company_search=TORC Oil & Gas Ltd&document_selection=0&industry_group=A&FromDate=13&FromMonth=05&FromYear=2000&ToDate=13&ToMonth=11&ToYear=2020&Variable=Issuer,1620598935,18:22:15,20210509
39,2010-12-31,TOG.TO,CAD,2010-12-31,2010-12-31,Q4,25612000.0,9969000.0,15643000.0,0.6107683898172731,0.0,1981000.0,0.0,0.0,18814000.0,28783000.0,1319000.0,0.0,14014000.0,0.5471653912228642,-3171000.0,-0.12380915196001874,-3930000.0,-4138000.0,-0.16156489145712946,-778000.0,-3359000.0,-0.13114946119006715,-0.015093884365172209,-0.015093884365172209,222540462.0,222540462.0,https://www.sedar.com/ModifyCompanyDocumentSearchForm.do?lang=EN&company_search=TORC Oil & Gas Ltd&document_selection=0&industry_group=A&FromDate=13&FromMonth=05&FromYear=2000&ToDate=13&ToMonth=11&ToYear=2020&Variable=Issuer,https://www.sedar.com/ModifyCompanyDocumentSearchForm.do?lang=EN&company_search=TORC Oil & Gas Ltd&document_selection=0&industry_group=A&FromDate=13&FromMonth=05&FromYear=2000&ToDate=13&ToMonth=11&ToYear=2020&Variable=Issuer,1620598935,18:22:15,20210509
40,2010-09-30,TOG.TO,CAD,2010-09-30,2010-09-30,Q3,23151000.0,9605000.0,13546000.0,0.5851151138179777,0.0,2538000.0,0.0,0.0,16574000.0,26179000.0,1361000.0,0.0,11009000.0,0.47553021467755174,-3028000.0,-0.13079348624249493,1362000.0,-4388000.0,-0.18953824888773704,-1073000.0,-3316000.0,-0.14323355362619325,-0.4,-0.4,8703000.0,8703000.0,https://www.sedar.com/ModifyCompanyDocumentSearchForm.do?lang=EN&company_search=TORC Oil & Gas Ltd&document_selection=0&industry_group=A&FromDate=13&FromMonth=05&FromYear=2000&ToDate=13&ToMonth=11&ToYear=2020&Variable=Issuer,https://www.sedar.com/ModifyCompanyDocumentSearchForm.do?lang=EN&company_search=TORC Oil & Gas Ltd&document_selection=0&industry_group=A&FromDate=13&FromMonth=05&FromYear=2000&ToDate=13&ToMonth=11&ToYear=2020&Variable=Issuer,1620598935,18:22:15,20210509
41,2010-06-30,TOG.TO,CAD,2010-06-30,2010-06-30,Q2,29987000.0,10745000.0,19242000.0,0.6416780604928802,0.0,2367000.0,0.0,0.0,16863000.0,27608000.0,1317000.0,0.0,16875000.0,0.5627438556707907,2379000.0,0.07933437823056658,-140000.0,1062000.0,0.03541534665021509,488000.0,574000.0,0.019141628038816822,0.0660195068089805,0.065172468605945,8694400.0,8807400.0,https://www.sedar.com/ModifyCompanyDocumentSearchForm.do?lang=EN&company_search=TORC Oil & Gas Ltd&document_selection=0&industry_group=A&FromDate=13&FromMonth=05&FromYear=2000&ToDate=13&ToMonth=11&ToYear=2020&Variable=Issuer,https://www.sedar.com/ModifyCompanyDocumentSearchForm.do?lang=EN&company_search=TORC Oil & Gas Ltd&document_selection=0&industry_group=A&FromDate=13&FromMonth=05&FromYear=2000&ToDate=13&ToMonth=11&ToYear=2020&Variable=Issuer,1620598935,18:22:15,20210509
42,2010-03-31,TOG.TO,CAD,2010-03-31,2010-03-31,Q1,30314000.0,11091000.0,19223000.0,0.634129445140859,0.0,2456000.0,0.0,0.0,15890000.0,26981000.0,1244000.0,0.0,16767000.0,0.5531107738998483,3333000.0,0.10994919839018276,-50000.0,2089000.0,0.06891205383651118,-223000.0,2312000.0,0.07626839084251501,0.26736978443889353,0.26396309996803213,8647200.0,8758800.0,https://www.sedar.com/ModifyCompanyDocumentSearchForm.do?lang=EN&company_search=TORC Oil & Gas Ltd&document_selection=0&industry_group=A&FromDate=13&FromMonth=05&FromYear=2000&ToDate=13&ToMonth=11&ToYear=2020&Variable=Issuer,https://www.sedar.com/ModifyCompanyDocumentSearchForm.do?lang=EN&company_search=TORC Oil & Gas Ltd&document_selection=0&industry_group=A&FromDate=13&FromMonth=05&FromYear=2000&ToDate=13&ToMonth=11&ToYear=2020&Variable=Issuer,1620598935,18:22:15,20210509
43,2009-12-31,TOG.TO,CAD,2009-12-31,2009-12-31,Q4,30960000.0,17866000.0,13094000.0,0.4229328165374677,0.0,2063000.0,0.0,0.0,12951000.0,30817000.0,1295000.0,0.0,11031000.0,0.3562984496124031,143000.0,0.004618863049095607,-155000.0,-1152000.0,-0.037209302325581395,-221000.0,-931000.0,-0.03007105943152455,-0.0041835088847797935,-0.0041835088847797935,222540462.0,222540462.0,https://www.sedar.com/ModifyCompanyDocumentSearchForm.do?lang=EN&company_search=TORC Oil & Gas Ltd&document_selection=0&industry_group=A&FromDate=13&FromMonth=05&FromYear=2000&ToDate=13&ToMonth=11&ToYear=2020&Variable=Issuer,https://www.sedar.com/ModifyCompanyDocumentSearchForm.do?lang=EN&company_search=TORC Oil & Gas Ltd&document_selection=0&industry_group=A&FromDate=13&FromMonth=05&FromYear=2000&ToDate=13&ToMonth=11&ToYear=2020&Variable=Issuer,1620598935,18:22:15,20210509
44,2009-09-30,TOG.TO,CAD,2009-09-30,2009-09-30,Q3,16669000.0,6664000.0,10005000.0,0.600215969764233,0.0,2136000.0,0.0,0.0,14109000.0,20773000.0,1218000.0,0.0,7869000.0,0.4720739096526486,-4104000.0,-0.2462055312256284,-20000.0,-5322000.0,-0.3192753014577959,-1640000.0,-3682000.0,-0.22088907552942588,-0.4,-0.4,8190400.0,8190400.0,https://www.sedar.com/ModifyCompanyDocumentSearchForm.do?lang=EN&company_search=TORC Oil & Gas Ltd&document_selection=0&industry_group=A&FromDate=13&FromMonth=05&FromYear=2000&ToDate=13&ToMonth=11&ToYear=2020&Variable=Issuer,https://www.sedar.com/ModifyCompanyDocumentSearchForm.do?lang=EN&company_search=TORC Oil & Gas Ltd&document_selection=0&industry_group=A&FromDate=13&FromMonth=05&FromYear=2000&ToDate=13&ToMonth=11&ToYear=2020&Variable=Issuer,1620598935,18:22:15,20210509
45,2009-06-30,TOG.TO,CAD,2009-06-30,2009-06-30,Q2,11827000.0,8578000.0,3249000.0,0.2747104083875877,0.0,3968000.0,0.0,0.0,16459000.0,25037000.0,1077000.0,0.0,-718000.0,-0.06070854823708464,-13210000.0,-1.1169358248076435,-21000.0,-14287000.0,-1.2079986471632704,-3539000.0,-10748000.0,-0.9087680730531834,-1.4,-1.4,7742000.0,7742000.0,https://www.sedar.com/ModifyCompanyDocumentSearchForm.do?lang=EN&company_search=TORC Oil & Gas Ltd&document_selection=0&industry_group=A&FromDate=13&FromMonth=05&FromYear=2000&ToDate=13&ToMonth=11&ToYear=2020&Variable=Issuer,https://www.sedar.com/ModifyCompanyDocumentSearchForm.do?lang=EN&company_search=TORC Oil & Gas Ltd&document_selection=0&industry_group=A&FromDate=13&FromMonth=05&FromYear=2000&ToDate=13&ToMonth=11&ToYear=2020&Variable=Issuer,1620598935,18:22:15,20210509
46,2009-03-31,TOG.TO,CAD,2009-03-31,2009-03-31,Q1,22135000.0,11942000.0,10193000.0,0.46049243279873503,0.0,2536000.0,0.0,0.0,15145000.0,27087000.0,816000.0,0.0,7678000.0,0.34687147052179806,-4952000.0,-0.22371809351705443,795000.0,-5747000.0,-0.25963406370002257,-1052000.0,-4695000.0,-0.21210752202394398,-0.65,-0.65,7391000.0,7391000.0,https://www.sedar.com/ModifyCompanyDocumentSearchForm.do?lang=EN&company_search=TORC Oil & Gas Ltd&document_selection=0&industry_group=A&FromDate=13&FromMonth=05&FromYear=2000&ToDate=13&ToMonth=11&ToYear=2020&Variable=Issuer,https://www.sedar.com/ModifyCompanyDocumentSearchForm.do?lang=EN&company_search=TORC Oil & Gas Ltd&document_selection=0&industry_group=A&FromDate=13&FromMonth=05&FromYear=2000&ToDate=13&ToMonth=11&ToYear=2020&Variable=Issuer,1620598935,18:22:15,20210509
47,2008-12-31,TOG.TO,CAD,2008-12-31,2008-12-31,Q4,33525000.0,15188000.0,18337000.0,0.5469649515287099,0.0,0.0,0.0,0.0,15679000.0,30867000.0,780000.0,12326000.0,14984000.0,0.4469500372856078,2658000.0,0.0792841163310962,-2719000.0,-828000.0,-0.024697986577181207,247000.0,-1075000.0,-0.03206562266964952,-0.004830582224638322,-0.004830582224638322,222540462.0,222540462.0,https://www.sedar.com/ModifyCompanyDocumentSearchForm.do?lang=EN&company_search=TORC Oil & Gas Ltd&document_selection=0&industry_group=A&FromDate=13&FromMonth=05&FromYear=2000&ToDate=13&ToMonth=11&ToYear=2020&Variable=Issuer,https://www.sedar.com/ModifyCompanyDocumentSearchForm.do?lang=EN&company_search=TORC Oil & Gas Ltd&document_selection=0&industry_group=A&FromDate=13&FromMonth=05&FromYear=2000&ToDate=13&ToMonth=11&ToYear=2020&Variable=Issuer,1620598935,18:22:15,20210509
48,2008-09-30,TOG.TO,CAD,2008-09-30,2008-09-30,Q3,32005000.0,12760000.0,19245000.0,0.6013122949539135,0.0,0.0,0.0,0.0,12906000.0,25666000.0,611000.0,10039000.0,16378000.0,0.5117325417903452,6339000.0,0.19806280268708015,9321000.0,15050000.0,0.47023902515231997,4629000.0,10421000.0,0.32560537416028745,1.6,1.55,6591000.0,6632000.0,https://www.sedar.com/ModifyCompanyDocumentSearchForm.do?lang=EN&company_search=TORC Oil & Gas Ltd&document_selection=0&industry_group=A&FromDate=13&FromMonth=05&FromYear=2000&ToDate=13&ToMonth=11&ToYear=2020&Variable=Issuer,https://www.sedar.com/ModifyCompanyDocumentSearchForm.do?lang=EN&company_search=TORC Oil & Gas Ltd&document_selection=0&industry_group=A&FromDate=13&FromMonth=05&FromYear=2000&ToDate=13&ToMonth=11&ToYear=2020&Variable=Issuer,1620598935,18:22:15,20210509
49,2008-06-30,TOG.TO,CAD,2008-06-30,2008-06-30,Q2,42264000.0,13841000.0,28423000.0,0.6725108839674427,0.0,0.0,0.0,0.0,11185000.0,25026000.0,546000.0,9799000.0,27037000.0,0.6397170168464887,17238000.0,0.4078648495173197,-4240000.0,12452000.0,0.29462426651523754,3712000.0,8740000.0,0.20679538141207648,1.35,1.3,6474074.0,6723077.0,https://www.sedar.com/ModifyCompanyDocumentSearchForm.do?lang=EN&company_search=TORC Oil & Gas Ltd&document_selection=0&industry_group=A&FromDate=13&FromMonth=05&FromYear=2000&ToDate=13&ToMonth=11&ToYear=2020&Variable=Issuer,https://www.sedar.com/ModifyCompanyDocumentSearchForm.do?lang=EN&company_search=TORC Oil & Gas Ltd&document_selection=0&industry_group=A&FromDate=13&FromMonth=05&FromYear=2000&ToDate=13&ToMonth=11&ToYear=2020&Variable=Issuer,1620598935,18:22:15,20210509
50,2008-03-31,TOG.TO,CAD,2008-03-31,2008-03-31,Q1,31168000.0,11812000.0,19356000.0,0.6210215605749486,0.0,0.0,0.0,0.0,9831000.0,21643000.0,622000.0,8753000.0,18278000.0,0.5864348049281314,9525000.0,0.3056018993839836,-3468000.0,5435000.0,0.17437756673511293,1652000.0,3783000.0,0.12137448665297741,0.6390850424029463,0.6272799628573323,5919400.0,6030800.0,https://www.sedar.com/ModifyCompanyDocumentSearchForm.do?lang=EN&company_search=TORC Oil & Gas Ltd&document_selection=0&industry_group=A&FromDate=13&FromMonth=05&FromYear=2000&ToDate=13&ToMonth=11&ToYear=2020&Variable=Issuer,https://www.sedar.com/ModifyCompanyDocumentSearchForm.do?lang=EN&company_search=TORC Oil & Gas Ltd&document_selection=0&industry_group=A&FromDate=13&FromMonth=05&FromYear=2000&ToDate=13&ToMonth=11&ToYear=2020&Variable=Issuer,1620598935,18:22:15,20210509
51,2007-12-31,TOG.TO,CAD,2007-12-31,2007-12-31,Q4,21873000.0,11969000.0,9904000.0,0.452795684176839,0.0,0.0,0.0,0.0,8103000.0,20072000.0,638000.0,8836000.0,10637000.0,0.4863073195263567,1801000.0,0.082338956704613,1344000.0,2507000.0,0.11461619348054679,-335000.0,2842000.0,0.12993187948612445,0.012770711332485685,0.012770711332485685,222540462.0,222540462.0,https://www.sedar.com/ModifyCompanyDocumentSearchForm.do?lang=EN&company_search=TORC Oil & Gas Ltd&document_selection=0&industry_group=A&FromDate=13&FromMonth=05&FromYear=2000&ToDate=13&ToMonth=11&ToYear=2020&Variable=Issuer,https://www.sedar.com/ModifyCompanyDocumentSearchForm.do?lang=EN&company_search=TORC Oil & Gas Ltd&document_selection=0&industry_group=A&FromDate=13&FromMonth=05&FromYear=2000&ToDate=13&ToMonth=11&ToYear=2020&Variable=Issuer,1620598935,18:22:15,20210509
52,2007-09-30,TOG.TO,CAD,2007-09-30,2007-09-30,Q3,19731000.0,9038000.0,10693000.0,0.5419390806345344,0.0,0.0,0.0,0.0,11265000.0,20303000.0,598000.0,9543000.0,8971000.0,0.4546652475799503,-572000.0,-0.028989914347980334,0.0,-1170000.0,-0.059297552075414324,-268000.0,-902000.0,-0.045714864933353604,-0.15599598768634776,-0.15485510232110974,5782200.0,5824800.0,https://www.sedar.com/ModifyCompanyDocumentSearchForm.do?lang=EN&company_search=TORC Oil & Gas Ltd&document_selection=0&industry_group=A&FromDate=13&FromMonth=05&FromYear=2000&ToDate=13&ToMonth=11&ToYear=2020&Variable=Issuer,https://www.sedar.com/ModifyCompanyDocumentSearchForm.do?lang=EN&company_search=TORC Oil & Gas Ltd&document_selection=0&industry_group=A&FromDate=13&FromMonth=05&FromYear=2000&ToDate=13&ToMonth=11&ToYear=2020&Variable=Issuer,1620598935,18:22:15,20210509
53,2007-06-30,TOG.TO,CAD,2007-06-30,2007-06-30,Q2,20051000.0,8108000.0,11943000.0,0.5956311405914917,0.0,0.0,0.0,0.0,10863000.0,18971000.0,539000.0,8766000.0,9846000.0,0.49104782803850183,1080000.0,0.0538626502418832,733000.0,1274000.0,0.06353797815570296,772000.0,502000.0,0.02503615779761608,0.09183038817546556,0.0911236159012525,5466600.0,5509000.0,https://www.sedar.com/ModifyCompanyDocumentSearchForm.do?lang=EN&company_search=TORC Oil & Gas Ltd&document_selection=0&industry_group=A&FromDate=13&FromMonth=05&FromYear=2000&ToDate=13&ToMonth=11&ToYear=2020&Variable=Issuer,https://www.sedar.com/ModifyCompanyDocumentSearchForm.do?lang=EN&company_search=TORC Oil & Gas Ltd&document_selection=0&industry_group=A&FromDate=13&FromMonth=05&FromYear=2000&ToDate=13&ToMonth=11&ToYear=2020&Variable=Issuer,1620598935,18:22:15,20210509
54,2007-03-31,TOG.TO,CAD,2007-03-31,2007-03-31,Q1,20407000.0,8157000.0,12250000.0,0.6002842162003235,0.0,0.0,0.0,0.0,10402000.0,18559000.0,0.0,8907000.0,10755000.0,0.5270250404273044,1848000.0,0.09055716175822022,0.0,1171000.0,0.057382270789434996,449000.0,722000.0,0.03538001666094968,0.15,0.15,5181400.0,5181400.0,https://www.sedar.com/ModifyCompanyDocumentSearchForm.do?lang=EN&company_search=TORC Oil & Gas Ltd&document_selection=0&industry_group=A&FromDate=13&FromMonth=05&FromYear=2000&ToDate=13&ToMonth=11&ToYear=2020&Variable=Issuer,https://www.sedar.com/ModifyCompanyDocumentSearchForm.do?lang=EN&company_search=TORC Oil & Gas Ltd&document_selection=0&industry_group=A&FromDate=13&FromMonth=05&FromYear=2000&ToDate=13&ToMonth=11&ToYear=2020&Variable=Issuer,1620598935,18:22:15,20210509
55,2006-12-31,TOG.TO,CAD,2006-12-31,2006-12-31,Q4,14845000.0,6458000.0,14779000.0,0.9955540586055911,0.0,0.0,0.0,0.0,7048000.0,13506000.0,549000.0,6490000.0,7829000.0,0.5273829572246548,1339000.0,0.09019872010778039,-6392000.0,791000.0,0.053283933984506565,103000.0,688000.0,0.04634557089929269,0.0030915726237685263,0.0030915726237685263,222540462.0,222540462.0,https://www.sedar.com/ModifyCompanyDocumentSearchForm.do?lang=EN&company_search=TORC Oil & Gas Ltd&document_selection=0&industry_group=A&FromDate=13&FromMonth=05&FromYear=2000&ToDate=13&ToMonth=11&ToYear=2020&Variable=Issuer,https://www.sedar.com/ModifyCompanyDocumentSearchForm.do?lang=EN&company_search=TORC Oil & Gas Ltd&document_selection=0&industry_group=A&FromDate=13&FromMonth=05&FromYear=2000&ToDate=13&ToMonth=11&ToYear=2020&Variable=Issuer,1620598935,18:22:15,20210509
56,2006-09-30,TOG.TO,CAD,2006-09-30,2006-09-30,Q3,11436000.0,4137000.0,7299000.0,0.6382476390346274,0.0,0.0,0.0,0.0,7350000.0,11487000.0,422000.0,6139000.0,6088000.0,0.5323539699195523,-51000.0,-0.004459601259181532,0.0,-469000.0,-0.04101084295208115,-485000.0,16000.0,0.0013990905911157748,0.003088,0.003088,5181400.0,5181400.0,https://www.sedar.com/ModifyCompanyDocumentSearchForm.do?lang=EN&company_search=TORC Oil & Gas Ltd&document_selection=0&industry_group=A&FromDate=13&FromMonth=05&FromYear=2000&ToDate=13&ToMonth=11&ToYear=2020&Variable=Issuer,https://www.sedar.com/ModifyCompanyDocumentSearchForm.do?lang=EN&company_search=TORC Oil & Gas Ltd&document_selection=0&industry_group=A&FromDate=13&FromMonth=05&FromYear=2000&ToDate=13&ToMonth=11&ToYear=2020&Variable=Issuer,1620598935,18:22:15,20210509
57,2006-06-30,TOG.TO,CAD,2006-06-30,2006-06-30,Q2,10571000.0,4005000.0,6566000.0,0.6211332891873995,0.0,0.0,0.0,0.0,7345000.0,11350000.0,301000.0,6107000.0,5328000.0,0.5040204332608079,-779000.0,-0.07369217670986662,0.0,-1080000.0,-0.10216630403935295,-1159000.0,79000.0,0.007473275943619336,0.01892668902731193,0.01890585363518882,4174000.0,4178600.0,https://www.sedar.com/ModifyCompanyDocumentSearchForm.do?lang=EN&company_search=TORC Oil & Gas Ltd&document_selection=0&industry_group=A&FromDate=13&FromMonth=05&FromYear=2000&ToDate=13&ToMonth=11&ToYear=2020&Variable=Issuer,https://www.sedar.com/ModifyCompanyDocumentSearchForm.do?lang=EN&company_search=TORC Oil & Gas Ltd&document_selection=0&industry_group=A&FromDate=13&FromMonth=05&FromYear=2000&ToDate=13&ToMonth=11&ToYear=2020&Variable=Issuer,1620598935,18:22:15,20210509
58,2006-03-31,TOG.TO,CAD,2006-03-31,2006-03-31,Q1,7185000.0,1633000.0,5552000.0,0.7727209464161447,0.0,0.0,0.0,0.0,5001000.0,6634000.0,162000.0,3389000.0,3940000.0,0.5483646485734168,551000.0,0.07668754349338901,-89000.0,389000.0,0.054140570633263746,136000.0,252000.0,0.03507306889352818,0.06037374221370388,0.060307279950222566,4174000.0,4178600.0,https://www.sedar.com/ModifyCompanyDocumentSearchForm.do?lang=EN&company_search=TORC Oil & Gas Ltd&document_selection=0&industry_group=A&FromDate=13&FromMonth=05&FromYear=2000&ToDate=13&ToMonth=11&ToYear=2020&Variable=Issuer,https://www.sedar.com/ModifyCompanyDocumentSearchForm.do?lang=EN&company_search=TORC Oil & Gas Ltd&document_selection=0&industry_group=A&FromDate=13&FromMonth=05&FromYear=2000&ToDate=13&ToMonth=11&ToYear=2020&Variable=Issuer,1620598935,18:22:15,20210509
59,2005-09-30,TOG.TO,CAD,2005-09-30,2005-09-30,Q3,0.0,0.0,0.0,0.0,0.0,0.0,0.0,0.0,0.0,0.0,0.0,0.0,0.0,0.0,0.0,0.0,0.0,0.0,0.0,0.0,0.0,0.0,0.0,0.0,222540462.0,222540462.0,https://www.sedar.com/ModifyCompanyDocumentSearchForm.do?lang=EN&company_search=TORC Oil & Gas Ltd&document_selection=0&industry_group=A&FromDate=13&FromMonth=05&FromYear=2000&ToDate=13&ToMonth=11&ToYear=2020&Variable=Issuer,https://www.sedar.com/ModifyCompanyDocumentSearchForm.do?lang=EN&company_search=TORC Oil & Gas Ltd&document_selection=0&industry_group=A&FromDate=13&FromMonth=05&FromYear=2000&ToDate=13&ToMonth=11&ToYear=2020&Variable=Issuer,1620598935,18:22:15,20210509
60,2005-06-30,TOG.TO,CAD,2005-06-30,2005-06-30,Q2,33662629.0,4435521.0,29227108.0,0.8682360489431767,0.0,0.0,0.0,0.0,14671679.0,19107200.0,343748.0,11654805.0,26210234.0,0.7786151818385902,14555429.0,0.4323913322396774,-8346039.0,6550533.0,0.19459362487701123,2735305.0,3130337.0,0.09299145946087574,0.15947,0.153512,19629654.0,20391461.0,https://www.sedar.com/ModifyCompanyDocumentSearchForm.do?lang=EN&company_search=TORC Oil & Gas Ltd&document_selection=0&industry_group=A&FromDate=13&FromMonth=05&FromYear=2000&ToDate=13&ToMonth=11&ToYear=2020&Variable=Issuer,https://www.sedar.com/ModifyCompanyDocumentSearchForm.do?lang=EN&company_search=TORC Oil & Gas Ltd&document_selection=0&industry_group=A&FromDate=13&FromMonth=05&FromYear=2000&ToDate=13&ToMonth=11&ToYear=2020&Variable=Issuer,1620598935,18:22:15,20210509
61,2005-03-31,TOG.TO,CAD,2005-03-31,2005-03-31,Q1,22441195.0,4057519.0,18383676.0,0.8191932737984764,0.0,0.0,0.0,0.0,10998764.0,15056283.0,182733.0,9015056.0,16399968.0,0.7307974463926721,7384912.0,0.32907837572820875,-5832459.0,1858064.0,0.08279701682553,340000.0,1029720.0,0.04588525700168819,0.1,0.05,19629654.0,20391461.0,https://www.sedar.com/ModifyCompanyDocumentSearchForm.do?lang=EN&company_search=TORC Oil & Gas Ltd&document_selection=0&industry_group=A&FromDate=13&FromMonth=05&FromYear=2000&ToDate=13&ToMonth=11&ToYear=2020&Variable=Issuer,https://www.sedar.com/ModifyCompanyDocumentSearchForm.do?lang=EN&company_search=TORC Oil & Gas Ltd&document_selection=0&industry_group=A&FromDate=13&FromMonth=05&FromYear=2000&ToDate=13&ToMonth=11&ToYear=2020&Variable=Issuer,1620598935,18:22:15,20210509
62,2004-12-31,TOG.TO,CAD,2004-12-31,2004-12-31,Q4,19468883.0,2783518.0,16685365.0,0.8570273394729425,0.0,0.0,0.0,0.0,6038542.0,8822060.0,121576.0,4469948.0,15116771.0,0.7764580536027671,10646823.0,0.5468635771245839,-5042260.0,5741329.0,0.2948977093344287,2650000.0,2832987.0,0.145513586989043,0.012730210832401346,0.012730210832401346,222540462.0,222540462.0,https://www.sedar.com/ModifyCompanyDocumentSearchForm.do?lang=EN&company_search=TORC Oil & Gas Ltd&document_selection=0&industry_group=A&FromDate=13&FromMonth=05&FromYear=2000&ToDate=13&ToMonth=11&ToYear=2020&Variable=Issuer,https://www.sedar.com/ModifyCompanyDocumentSearchForm.do?lang=EN&company_search=TORC Oil & Gas Ltd&document_selection=0&industry_group=A&FromDate=13&FromMonth=05&FromYear=2000&ToDate=13&ToMonth=11&ToYear=2020&Variable=Issuer,1620598935,18:22:15,20210509
63,2004-09-30,TOG.TO,CAD,2004-09-30,2004-09-30,Q3,17759501.0,3181478.0,14578023.0,0.8208576918912305,0.0,0.0,0.0,0.0,5082822.0,8264300.0,0.0,3361832.0,12857033.0,0.7239523790674074,9495201.0,0.5346547180576752,-4583135.0,5293565.0,0.2980694671545107,2532618.0,2295174.0,0.1292364014056476,0.18589290756096705,0.1814705495626496,12346754.0,12647639.0,https://www.sedar.com/ModifyCompanyDocumentSearchForm.do?lang=EN&company_search=TORC Oil & Gas Ltd&document_selection=0&industry_group=A&FromDate=13&FromMonth=05&FromYear=2000&ToDate=13&ToMonth=11&ToYear=2020&Variable=Issuer,https://www.sedar.com/ModifyCompanyDocumentSearchForm.do?lang=EN&company_search=TORC Oil & Gas Ltd&document_selection=0&industry_group=A&FromDate=13&FromMonth=05&FromYear=2000&ToDate=13&ToMonth=11&ToYear=2020&Variable=Issuer,1620598935,18:22:15,20210509
64,2004-06-30,TOG.TO,CAD,2004-06-30,2004-06-30,Q2,17377369.0,2506895.0,14870474.0,0.8557379428381823,0.0,0.0,0.0,0.0,5203479.0,7710374.0,175724.0,3524909.0,13191904.0,0.7591427678148516,9666995.0,0.5562979643235981,-4517083.0,5281890.0,0.30395222660001064,2100395.0,2873793.0,0.16537561008228577,0.23879170670011876,0.23326109348404675,12034727.0,12320070.0,https://www.sedar.com/ModifyCompanyDocumentSearchForm.do?lang=EN&company_search=TORC Oil & Gas Ltd&document_selection=0&industry_group=A&FromDate=13&FromMonth=05&FromYear=2000&ToDate=13&ToMonth=11&ToYear=2020&Variable=Issuer,https://www.sedar.com/ModifyCompanyDocumentSearchForm.do?lang=EN&company_search=TORC Oil & Gas Ltd&document_selection=0&industry_group=A&FromDate=13&FromMonth=05&FromYear=2000&ToDate=13&ToMonth=11&ToYear=2020&Variable=Issuer,1620598935,18:22:15,20210509
65,2004-03-31,TOG.TO,CAD,2004-03-31,2004-03-31,Q1,13341836.0,2781491.0,10560345.0,0.791521121980513,0.0,0.0,0.0,0.0,4340586.0,7122077.0,146451.0,3266527.0,9486286.0,0.7110180337998458,6219759.0,0.4661846390556742,-3246250.0,3107933.0,0.23294642506473623,1869432.0,957626.0,0.07177617833107827,0.08757265630851221,0.08238056153697859,10935217.0,11624417.0,https://www.sedar.com/ModifyCompanyDocumentSearchForm.do?lang=EN&company_search=TORC Oil & Gas Ltd&document_selection=0&industry_group=A&FromDate=13&FromMonth=05&FromYear=2000&ToDate=13&ToMonth=11&ToYear=2020&Variable=Issuer,https://www.sedar.com/ModifyCompanyDocumentSearchForm.do?lang=EN&company_search=TORC Oil & Gas Ltd&document_selection=0&industry_group=A&FromDate=13&FromMonth=05&FromYear=2000&ToDate=13&ToMonth=11&ToYear=2020&Variable=Issuer,1620598935,18:22:15,20210509
66,2003-12-31,TOG.TO,CAD,2003-12-31,2003-12-31,Q4,10318162.0,2349361.0,7968801.0,0.7723081882218945,0.0,0.0,0.0,0.0,4004724.0,6354085.0,118607.0,2879379.0,6843456.0,0.663243705613461,3964077.0,0.3841844119136722,-2612939.0,-14523716.0,-1.4075875141328464,2014408.0,-781877.0,-0.07577677109547223,-0.0035134150121428256,-0.0035134150121428256,222540462.0,222540462.0,https://www.sedar.com/ModifyCompanyDocumentSearchForm.do?lang=EN&company_search=TORC Oil & Gas Ltd&document_selection=0&industry_group=A&FromDate=13&FromMonth=05&FromYear=2000&ToDate=13&ToMonth=11&ToYear=2020&Variable=Issuer,https://www.sedar.com/ModifyCompanyDocumentSearchForm.do?lang=EN&company_search=TORC Oil & Gas Ltd&document_selection=0&industry_group=A&FromDate=13&FromMonth=05&FromYear=2000&ToDate=13&ToMonth=11&ToYear=2020&Variable=Issuer,1620598935,18:22:15,20210509
67,2003-09-30,TOG.TO,CAD,2003-09-30,2003-09-30,Q3,9731255.0,1951267.0,7779988.0,0.7994845474710096,0.0,0.0,0.0,0.0,2827170.0,4778437.0,163968.0,2144135.0,7096953.0,0.7292947312551156,4952818.0,0.5089598412537746,-2438051.0,2558999.0,0.2629670068249162,-14859.0,2365658.0,0.2430989630833844,0.2548544071085141,0.250750425600677,9282390.0,9434313.0,https://www.sedar.com/ModifyCompanyDocumentSearchForm.do?lang=EN&company_search=TORC Oil & Gas Ltd&document_selection=0&industry_group=A&FromDate=13&FromMonth=05&FromYear=2000&ToDate=13&ToMonth=11&ToYear=2020&Variable=Issuer,https://www.sedar.com/ModifyCompanyDocumentSearchForm.do?lang=EN&company_search=TORC Oil & Gas Ltd&document_selection=0&industry_group=A&FromDate=13&FromMonth=05&FromYear=2000&ToDate=13&ToMonth=11&ToYear=2020&Variable=Issuer,1620598935,18:22:15,20210509
68,2003-06-30,TOG.TO,CAD,2003-06-30,2003-06-30,Q2,7594972.0,1954858.0,5640114.0,0.7426115593316209,0.0,0.0,0.0,0.0,2334623.0,4289481.0,0.0,1531102.0,4836593.0,0.6368151192657459,3305491.0,0.43522095933994226,-2016137.0,1260504.0,0.16596558881323065,-171749.0,1207253.0,0.15895423972596606,0.15,0.15,9048217.0,9048217.0,https://www.sedar.com/ModifyCompanyDocumentSearchForm.do?lang=EN&company_search=TORC Oil & Gas Ltd&document_selection=0&industry_group=A&FromDate=13&FromMonth=05&FromYear=2000&ToDate=13&ToMonth=11&ToYear=2020&Variable=Issuer,https://www.sedar.com/ModifyCompanyDocumentSearchForm.do?lang=EN&company_search=TORC Oil & Gas Ltd&document_selection=0&industry_group=A&FromDate=13&FromMonth=05&FromYear=2000&ToDate=13&ToMonth=11&ToYear=2020&Variable=Issuer,1620598935,18:22:15,20210509
69,2003-03-31,TOG.TO,CAD,2003-03-31,2003-03-31,Q1,9916043.0,1895469.0,8020574.0,0.8088482472292627,0.0,0.0,0.0,0.0,2695972.0,4591441.0,0.0,1813297.0,7137899.0,0.719833405321054,5324602.0,0.5369684258125949,-2449856.0,2663217.0,0.26857658846376525,1100000.0,1537717.0,0.15507365185891187,0.15,0.15,9048217.0,9048217.0,https://www.sedar.com/ModifyCompanyDocumentSearchForm.do?lang=EN&company_search=TORC Oil & Gas Ltd&document_selection=0&industry_group=A&FromDate=13&FromMonth=05&FromYear=2000&ToDate=13&ToMonth=11&ToYear=2020&Variable=Issuer,https://www.sedar.com/ModifyCompanyDocumentSearchForm.do?lang=EN&company_search=TORC Oil & Gas Ltd&document_selection=0&industry_group=A&FromDate=13&FromMonth=05&FromYear=2000&ToDate=13&ToMonth=11&ToYear=2020&Variable=Issuer,1620598935,18:22:15,20210509
70,2002-12-31,TOG.TO,CAD,2002-12-31,2002-12-31,Q4,5807081.0,1473621.0,4333460.0,0.7462372231418849,0.0,0.0,0.0,0.0,2648818.0,4122439.0,247001.0,1247303.0,2931945.0,0.5048913559153041,1684642.0,0.290101343514926,-746218.0,1842636.0,0.317308472191106,-7464.0,698887.0,0.12035082686120617,0.003140494064400747,0.003140494064400747,222540462.0,222540462.0,https://www.sedar.com/ModifyCompanyDocumentSearchForm.do?lang=EN&company_search=TORC Oil & Gas Ltd&document_selection=0&industry_group=A&FromDate=13&FromMonth=05&FromYear=2000&ToDate=13&ToMonth=11&ToYear=2020&Variable=Issuer,https://www.sedar.com/ModifyCompanyDocumentSearchForm.do?lang=EN&company_search=TORC Oil & Gas Ltd&document_selection=0&industry_group=A&FromDate=13&FromMonth=05&FromYear=2000&ToDate=13&ToMonth=11&ToYear=2020&Variable=Issuer,1620598935,18:22:15,20210509
71,2002-09-30,TOG.TO,CAD,2002-09-30,2002-09-30,Q3,5030133.0,1345154.0,3684979.0,0.732580828379687,0.0,612730.0,0.0,0.0,2187270.0,3532424.0,205700.0,1536955.0,3034664.0,0.603296970477719,1497709.0,0.29774739554600244,-1388264.0,-96255.0,-0.019135676929417176,-63876.0,-32379.0,-0.006437006735209586,-0.003949,-0.003949,8199176.0,8199176.0,https://www.sedar.com/ModifyCompanyDocumentSearchForm.do?lang=EN&company_search=TORC Oil & Gas Ltd&document_selection=0&industry_group=A&FromDate=13&FromMonth=05&FromYear=2000&ToDate=13&ToMonth=11&ToYear=2020&Variable=Issuer,https://www.sedar.com/ModifyCompanyDocumentSearchForm.do?lang=EN&company_search=TORC Oil & Gas Ltd&document_selection=0&industry_group=A&FromDate=13&FromMonth=05&FromYear=2000&ToDate=13&ToMonth=11&ToYear=2020&Variable=Issuer,1620598935,18:22:15,20210509
72,2002-06-30,TOG.TO,CAD,2002-06-30,2002-06-30,Q2,4318873.0,982624.0,3336249.0,0.7724813857689263,0.0,485115.0,0.0,0.0,1654453.0,2637077.0,185983.0,967054.0,2648850.0,0.6133197248448843,1681796.0,0.3894062177794994,-1196580.0,299233.0,0.06928497318629188,0.0,299233.0,0.06928497318629188,0.05,0.05,6189086.0,6189086.0,https://www.sedar.com/ModifyCompanyDocumentSearchForm.do?lang=EN&company_search=TORC Oil & Gas Ltd&document_selection=0&industry_group=A&FromDate=13&FromMonth=05&FromYear=2000&ToDate=13&ToMonth=11&ToYear=2020&Variable=Issuer,https://www.sedar.com/ModifyCompanyDocumentSearchForm.do?lang=EN&company_search=TORC Oil & Gas Ltd&document_selection=0&industry_group=A&FromDate=13&FromMonth=05&FromYear=2000&ToDate=13&ToMonth=11&ToYear=2020&Variable=Issuer,1620598935,18:22:15,20210509
73,2002-03-31,TOG.TO,CAD,2002-03-31,2002-03-31,Q1,3818240.0,1317613.0,2500627.0,0.6549161393731143,0.0,525471.0,0.0,0.0,3244705.0,4562318.0,141850.0,1428956.0,684878.0,0.17937007626550452,-744078.0,-0.19487460191082803,-1133428.0,-744078.0,-0.19487460191082803,0.0,-744078.0,-0.19487460191082803,-0.15,-0.15,5755020.0,5755020.0,https://www.sedar.com/ModifyCompanyDocumentSearchForm.do?lang=EN&company_search=TORC Oil & Gas Ltd&document_selection=0&industry_group=A&FromDate=13&FromMonth=05&FromYear=2000&ToDate=13&ToMonth=11&ToYear=2020&Variable=Issuer,https://www.sedar.com/ModifyCompanyDocumentSearchForm.do?lang=EN&company_search=TORC Oil & Gas Ltd&document_selection=0&industry_group=A&FromDate=13&FromMonth=05&FromYear=2000&ToDate=13&ToMonth=11&ToYear=2020&Variable=Issuer,1620598935,18:22:15,20210509
74,2001-12-31,TOG.TO,CAD,2001-12-31,2001-12-31,Q4,4597931.0,1514997.0,3082934.0,0.6705046247975448,0.0,757278.0,0.0,0.0,4361304.0,5876301.0,232965.0,3573972.0,2295602.0,0.49926847532074753,-1278370.0,-0.2780315755064615,-28163189.0,-29674524.0,-6.453886324087943,-12115855.0,-17558669.0,-3.818819595161389,-0.07890101800903064,-0.07890101800903064,222540462.0,222540462.0,https://www.sedar.com/ModifyCompanyDocumentSearchForm.do?lang=EN&company_search=TORC Oil & Gas Ltd&document_selection=0&industry_group=A&FromDate=13&FromMonth=05&FromYear=2000&ToDate=13&ToMonth=11&ToYear=2020&Variable=Issuer,https://www.sedar.com/ModifyCompanyDocumentSearchForm.do?lang=EN&company_search=TORC Oil & Gas Ltd&document_selection=0&industry_group=A&FromDate=13&FromMonth=05&FromYear=2000&ToDate=13&ToMonth=11&ToYear=2020&Variable=Issuer,1620598935,18:22:15,20210509
75,2001-09-30,TOG.TO,CAD,2001-09-30,2001-09-30,Q3,5664095.0,1496103.0,4167992.0,0.7358619514679751,0.0,488105.0,0.0,0.0,3451244.0,4947347.0,229512.0,2963139.0,3679887.0,0.6496866666254715,716748.0,0.12654236908102706,-1759587.0,-1272351.0,-0.22463447382150192,-199388.0,-1072963.0,-0.1894323806362711,-0.25,-0.25,3575020.0,3575020.0,https://www.sedar.com/ModifyCompanyDocumentSearchForm.do?lang=EN&company_search=TORC Oil & Gas Ltd&document_selection=0&industry_group=A&FromDate=13&FromMonth=05&FromYear=2000&ToDate=13&ToMonth=11&ToYear=2020&Variable=Issuer,https://www.sedar.com/ModifyCompanyDocumentSearchForm.do?lang=EN&company_search=TORC Oil & Gas Ltd&document_selection=0&industry_group=A&FromDate=13&FromMonth=05&FromYear=2000&ToDate=13&ToMonth=11&ToYear=2020&Variable=Issuer,1620598935,18:22:15,20210509
76,2001-06-30,TOG.TO,CAD,2001-06-30,2001-06-30,Q2,2554567.0,1041068.0,1513499.0,0.5924679211780314,0.0,427667.0,0.0,0.0,2252580.0,3293648.0,216360.0,1824913.0,1085832.0,0.4250552050504058,-739081.0,-0.2893175242614502,0.0,-955441.0,-0.37401289533607845,-397000.0,-558441.0,-0.21860495340306205,-0.15,-0.15,3562690.0,3562690.0,https://www.sedar.com/ModifyCompanyDocumentSearchForm.do?lang=EN&company_search=TORC Oil & Gas Ltd&document_selection=0&industry_group=A&FromDate=13&FromMonth=05&FromYear=2000&ToDate=13&ToMonth=11&ToYear=2020&Variable=Issuer,https://www.sedar.com/ModifyCompanyDocumentSearchForm.do?lang=EN&company_search=TORC Oil & Gas Ltd&document_selection=0&industry_group=A&FromDate=13&FromMonth=05&FromYear=2000&ToDate=13&ToMonth=11&ToYear=2020&Variable=Issuer,1620598935,18:22:15,20210509
77,2001-03-31,TOG.TO,CAD,2001-03-31,2001-03-31,Q1,3187799.0,797743.0,2390056.0,0.7497511605970139,0.0,192758.0,0.0,0.0,1535327.0,2333070.0,57817.0,1342569.0,2197298.0,0.6892837346394801,854729.0,0.26812512332176525,-863265.0,-66353.0,-0.02081467495284364,44000.0,-110353.0,-0.034617301780946665,-0.05,-0.05,2589501.0,2589501.0,https://www.sedar.com/ModifyCompanyDocumentSearchForm.do?lang=EN&company_search=TORC Oil & Gas Ltd&document_selection=0&industry_group=A&FromDate=13&FromMonth=05&FromYear=2000&ToDate=13&ToMonth=11&ToYear=2020&Variable=Issuer,https://www.sedar.com/ModifyCompanyDocumentSearchForm.do?lang=EN&company_search=TORC Oil & Gas Ltd&document_selection=0&industry_group=A&FromDate=13&FromMonth=05&FromYear=2000&ToDate=13&ToMonth=11&ToYear=2020&Variable=Issuer,1620598935,18:22:15,20210509
78,2000-12-31,TOG.TO,CAD,2000-12-31,2000-12-31,Q4,2230231.0,496550.0,1733681.0,0.7773549018016519,0.0,260030.0,0.0,0.0,691990.0,1188540.0,10463.0,431960.0,1473651.0,0.66076159823803,1041691.0,0.46707762559125043,-676732.0,345433.0,0.15488664627117102,123000.0,222433.0,0.09973540857426877,0.0009995171125330008,0.0009995171125330008,222540462.0,222540462.0,https://www.sedar.com/ModifyCompanyDocumentSearchForm.do?lang=EN&company_search=TORC Oil & Gas Ltd&document_selection=0&industry_group=A&FromDate=13&FromMonth=05&FromYear=2000&ToDate=13&ToMonth=11&ToYear=2020&Variable=Issuer,https://www.sedar.com/ModifyCompanyDocumentSearchForm.do?lang=EN&company_search=TORC Oil & Gas Ltd&document_selection=0&industry_group=A&FromDate=13&FromMonth=05&FromYear=2000&ToDate=13&ToMonth=11&ToYear=2020&Variable=Issuer,1620598935,18:22:15,20210509
79,2000-09-30,TOG.TO,CAD,2000-09-30,2000-09-30,Q3,599311.0,243886.0,355425.0,0.5930560260031936,0.0,175833.0,0.0,0.0,386833.0,630719.0,15087.0,211000.0,179592.0,0.29966411429124445,-31408.0,-0.05240684719619697,0.0,0.0,0.0,0.0,-37432.0,-0.062458389717525625,-0.020178,-0.020178,1855094.0,1855094.0,https://www.sedar.com/ModifyCompanyDocumentSearchForm.do?lang=EN&company_search=TORC Oil & Gas Ltd&document_selection=0&industry_group=A&FromDate=13&FromMonth=05&FromYear=2000&ToDate=13&ToMonth=11&ToYear=2020&Variable=Issuer,https://www.sedar.com/ModifyCompanyDocumentSearchForm.do?lang=EN&company_search=TORC Oil & Gas Ltd&document_selection=0&industry_group=A&FromDate=13&FromMonth=05&FromYear=2000&ToDate=13&ToMonth=11&ToYear=2020&Variable=Issuer,1620598935,18:22:15,20210509
80,2000-06-30,TOG.TO,CAD,2000-06-30,2000-06-30,Q2,452915.0,106403.0,346512.0,0.7650707086318624,0.0,138115.0,0.0,0.0,398115.0,504518.0,0.0,260000.0,208397.0,0.4601238643012486,-51603.0,-0.11393528587041718,0.0,-56797.0,-0.1254032213550004,42000.0,-98797.0,-0.21813585330580793,-0.1,-0.1,769729.0,769729.0,https://www.sedar.com/ModifyCompanyDocumentSearchForm.do?lang=EN&company_search=TORC Oil & Gas Ltd&document_selection=0&industry_group=A&FromDate=13&FromMonth=05&FromYear=2000&ToDate=13&ToMonth=11&ToYear=2020&Variable=Issuer,https://www.sedar.com/ModifyCompanyDocumentSearchForm.do?lang=EN&company_search=TORC Oil & Gas Ltd&document_selection=0&industry_group=A&FromDate=13&FromMonth=05&FromYear=2000&ToDate=13&ToMonth=11&ToYear=2020&Variable=Issuer,1620598935,18:22:15,20210509
81,2000-03-31,TOG.TO,CAD,2000-03-31,2000-03-31,Q1,350069.0,85894.0,264175.0,0.7546369430026652,0.0,54048.0,0.0,0.0,174048.0,259942.0,0.0,120000.0,210127.0,0.6002445232225647,90127.0,0.2574549588795352,0.0,0.0,0.0,0.0,90127.0,0.2574549588795352,0.1,0.1,769729.0,769729.0,https://www.sedar.com/ModifyCompanyDocumentSearchForm.do?lang=EN&company_search=TORC Oil & Gas Ltd&document_selection=0&industry_group=A&FromDate=13&FromMonth=05&FromYear=2000&ToDate=13&ToMonth=11&ToYear=2020&Variable=Issuer,https://www.sedar.com/ModifyCompanyDocumentSearchForm.do?lang=EN&company_search=TORC Oil & Gas Ltd&document_selection=0&industry_group=A&FromDate=13&FromMonth=05&FromYear=2000&ToDate=13&ToMonth=11&ToYear=2020&Variable=Issuer,1620598935,18:22:15,20210509
82,1999-12-31,TOG.TO,CAD,1999-12-31,1999-12-31,Q4,322822.0,112194.0,210628.0,0.6524586304526953,0.0,97952.0,0.0,0.0,459097.0,571291.0,0.0,361145.0,112676.0,0.3490344524226973,-248469.0,-0.7696780269002732,0.0,0.0,0.0,0.0,-346182.0,-1.072361858857203,-0.001555591270409064,-0.001555591270409064,222540462.0,222540462.0,https://www.sedar.com/ModifyCompanyDocumentSearchForm.do?lang=EN&company_search=TORC Oil & Gas Ltd&document_selection=0&industry_group=A&FromDate=13&FromMonth=05&FromYear=2000&ToDate=13&ToMonth=11&ToYear=2020&Variable=Issuer,https://www.sedar.com/ModifyCompanyDocumentSearchForm.do?lang=EN&company_search=TORC Oil & Gas Ltd&document_selection=0&industry_group=A&FromDate=13&FromMonth=05&FromYear=2000&ToDate=13&ToMonth=11&ToYear=2020&Variable=Issuer,1620598935,18:22:15,20210509
83,1999-09-30,TOG.TO,CAD,1999-09-30,1999-09-30,Q3,442296.0,113257.0,329039.0,0.7439339266011902,0.0,105592.0,0.0,0.0,305592.0,418849.0,5362.0,200000.0,223447.0,0.505197876535171,23447.0,0.05301201005661367,0.0,0.0,0.0,0.0,18085.0,0.040888906976323545,-0.2,-0.2,427407.0,427407.0,https://www.sedar.com/ModifyCompanyDocumentSearchForm.do?lang=EN&company_search=TORC Oil & Gas Ltd&document_selection=0&industry_group=A&FromDate=13&FromMonth=05&FromYear=2000&ToDate=13&ToMonth=11&ToYear=2020&Variable=Issuer,https://www.sedar.com/ModifyCompanyDocumentSearchForm.do?lang=EN&company_search=TORC Oil & Gas Ltd&document_selection=0&industry_group=A&FromDate=13&FromMonth=05&FromYear=2000&ToDate=13&ToMonth=11&ToYear=2020&Variable=Issuer,1620598935,18:22:15,20210509
84,1999-06-30,TOG.TO,CAD,1999-06-30,1999-06-30,Q2,414313.0,59278.0,355035.0,0.8569245956559413,0.0,116319.0,0.0,0.0,198219.0,257497.0,0.0,81900.0,238716.0,0.5761730865311975,156816.0,0.37849645075100224,0.0,0.0,0.0,0.0,135804.0,0.3277811702746474,0.45,0.45,427407.0,427407.0,https://www.sedar.com/ModifyCompanyDocumentSearchForm.do?lang=EN&company_search=TORC Oil & Gas Ltd&document_selection=0&industry_group=A&FromDate=13&FromMonth=05&FromYear=2000&ToDate=13&ToMonth=11&ToYear=2020&Variable=Issuer,https://www.sedar.com/ModifyCompanyDocumentSearchForm.do?lang=EN&company_search=TORC Oil & Gas Ltd&document_selection=0&industry_group=A&FromDate=13&FromMonth=05&FromYear=2000&ToDate=13&ToMonth=11&ToYear=2020&Variable=Issuer,1620598935,18:22:15,20210509
85,1999-03-31,TOG.TO,CAD,1999-03-31,1999-03-31,Q1,376352.0,94000.0,282352.0,0.7502338236544511,0.0,98731.0,0.0,0.0,216831.0,310831.0,14900.0,118100.0,183621.0,0.48789696879517047,65521.0,0.17409499617379476,0.0,0.0,0.0,0.0,50621.0,0.13450440013604284,0.1,0.1,427407.0,427407.0,https://www.sedar.com/ModifyCompanyDocumentSearchForm.do?lang=EN&company_search=TORC Oil & Gas Ltd&document_selection=0&industry_group=A&FromDate=13&FromMonth=05&FromYear=2000&ToDate=13&ToMonth=11&ToYear=2020&Variable=Issuer,https://www.sedar.com/ModifyCompanyDocumentSearchForm.do?lang=EN&company_search=TORC Oil & Gas Ltd&document_selection=0&industry_group=A&FromDate=13&FromMonth=05&FromYear=2000&ToDate=13&ToMonth=11&ToYear=2020&Variable=Issuer,1620598935,18:22:15,20210509
86,1998-12-31,TOG.TO,CAD,1998-12-31,1998-12-31,Q4,398386.0,128776.0,269610.0,0.6767557092869729,0.0,160897.0,0.0,0.0,256999.0,385775.0,-5590.0,96102.0,108713.0,0.27288358526655054,12611.0,0.031655228848403306,0.0,0.0,0.0,0.0,18229.0,0.0457571300196292,8.191319383528556e-05,8.191319383528556e-05,222540462.0,222540462.0,https://www.sedar.com/ModifyCompanyDocumentSearchForm.do?lang=EN&company_search=TORC Oil & Gas Ltd&document_selection=0&industry_group=A&FromDate=13&FromMonth=05&FromYear=2000&ToDate=13&ToMonth=11&ToYear=2020&Variable=Issuer,https://www.sedar.com/ModifyCompanyDocumentSearchForm.do?lang=EN&company_search=TORC Oil & Gas Ltd&document_selection=0&industry_group=A&FromDate=13&FromMonth=05&FromYear=2000&ToDate=13&ToMonth=11&ToYear=2020&Variable=Issuer,1620598935,18:22:15,20210509
87,1998-09-30,TOG.TO,CAD,1998-09-30,1998-09-30,Q3,116266.0,45406.0,70860.0,0.6094645038102283,0.0,87346.0,0.0,0.0,136870.0,182276.0,12325.0,49524.0,-16486.0,-0.1417955378184508,-66010.0,-0.567749815079215,0.0,0.0,0.0,0.0,-53655.0,-0.4614848708994891,-0.05,-0.05,273090.0,273090.0,https://www.sedar.com/ModifyCompanyDocumentSearchForm.do?lang=EN&company_search=TORC Oil & Gas Ltd&document_selection=0&industry_group=A&FromDate=13&FromMonth=05&FromYear=2000&ToDate=13&ToMonth=11&ToYear=2020&Variable=Issuer,https://www.sedar.com/ModifyCompanyDocumentSearchForm.do?lang=EN&company_search=TORC Oil & Gas Ltd&document_selection=0&industry_group=A&FromDate=13&FromMonth=05&FromYear=2000&ToDate=13&ToMonth=11&ToYear=2020&Variable=Issuer,1620598935,18:22:15,20210509
88,1998-06-30,TOG.TO,CAD,1998-06-30,1998-06-30,Q2,209849.0,172724.0,37125.0,0.17691292310184942,0.0,29276.0,0.0,0.0,128352.0,301076.0,0.0,0.0,7849.0,0.037403085075459024,-91227.0,-0.4347268750387183,0.0,0.0,0.0,0.0,-147386.0,-0.7023431133815267,-0.35,-0.35,273090.0,273090.0,https://www.sedar.com/ModifyCompanyDocumentSearchForm.do?lang=EN&company_search=TORC Oil & Gas Ltd&document_selection=0&industry_group=A&FromDate=13&FromMonth=05&FromYear=2000&ToDate=13&ToMonth=11&ToYear=2020&Variable=Issuer,https://www.sedar.com/ModifyCompanyDocumentSearchForm.do?lang=EN&company_search=TORC Oil & Gas Ltd&document_selection=0&industry_group=A&FromDate=13&FromMonth=05&FromYear=2000&ToDate=13&ToMonth=11&ToYear=2020&Variable=Issuer,1620598935,18:22:15,20210509
89,1998-03-31,TOG.TO,CAD,1998-03-31,1998-03-31,Q1,1.0,0.0,0.0,0.0,0.0,23069.0,0.0,0.0,23069.0,23069.0,0.0,0.0,-23068.0,-23068.0,-23068.0,-23068.0,0.0,0.0,0.0,0.0,-20332.0,-20332.0,-0.1,-0.1,273090.0,273090.0,https://www.sedar.com/ModifyCompanyDocumentSearchForm.do?lang=EN&company_search=TORC Oil & Gas Ltd&document_selection=0&industry_group=A&FromDate=13&FromMonth=05&FromYear=2000&ToDate=13&ToMonth=11&ToYear=2020&Variable=Issuer,https://www.sedar.com/ModifyCompanyDocumentSearchForm.do?lang=EN&company_search=TORC Oil & Gas Ltd&document_selection=0&industry_group=A&FromDate=13&FromMonth=05&FromYear=2000&ToDate=13&ToMonth=11&ToYear=2020&Variable=Issuer,1620598935,18:22:15,20210509
