,date,symbol,reportedCurrency,fillingDate,acceptedDate,period,revenue,costOfRevenue,grossProfit,grossProfitRatio,researchAndDevelopmentExpenses,generalAndAdministrativeExpenses,sellingAndMarketingExpenses,otherExpenses,operatingExpenses,costAndExpenses,interestExpense,depreciationAndAmortization,ebitda,ebitdaratio,operatingIncome,operatingIncomeRatio,totalOtherIncomeExpensesNet,incomeBeforeTax,incomeBeforeTaxRatio,incomeTaxExpense,netIncome,netIncomeRatio,eps,epsdiluted,weightedAverageShsOut,weightedAverageShsOutDil,link,finalLink,timestamp,est_time,est_date
0,2020-09-30,XPE.AX,AUD,2020-09-30,2020-09-30,Q3,272368.75,31084.75,241284.0,0.8858725532940177,0.0,357854.75,6273.75,442114.0,306496.5,0.0,3381.75,18535.75,-432153.5,-1.5866486151586774,-450689.25,-1.654702494320659,420309.0,-33188.75,-0.12185226829436197,0.0,-33188.75,-0.12185226829436197,-2.5e-05,-2.5e-05,1633389005.0,1633389005.0,,,1620600039,18:40:39,20210509
1,2020-06-30,XPE.AX,AUD,2020-06-30,2020-06-30,Q2,272368.75,31084.75,241284.0,0.8858725532940177,0.0,357854.75,6273.75,442114.0,306496.5,0.0,3381.75,18535.75,-432153.5,-1.5866486151586774,-450689.25,-1.654702494320659,420309.0,-33188.75,-0.12185226829436197,0.0,-33188.75,-0.12185226829436197,-2.5e-05,-2.5e-05,1633389005.0,1633389005.0,,,1620600039,18:40:39,20210509
2,2020-03-31,XPE.AX,AUD,2020-03-31,2020-03-31,Q1,272368.75,31084.75,241284.0,0.8858725532940177,0.0,357854.75,6273.75,442114.0,306496.5,0.0,3381.75,18535.75,-432153.5,-1.5866486151586774,-450689.25,-1.654702494320659,420309.0,-33188.75,-0.12185226829436197,0.0,-33188.75,-0.12185226829436197,-2.5e-05,-2.5e-05,1633389005.0,1633389005.0,,,1620600039,18:40:39,20210509
3,2020-01-31,XPE.AX,AUD,2020-01-31,2020-01-31,Q1,272368.75,31084.75,241284.0,0.8858725532940177,0.0,357854.75,6273.75,442114.0,306496.5,0.0,3381.75,18535.75,-432153.5,-1.5866486151586774,-450689.25,-1.654702494320659,420309.0,-33188.75,-0.12185226829436197,0.0,-33188.75,-0.12185226829436197,-2.5e-05,-2.5e-05,1633389005.0,1633389005.0,,,1620600039,18:40:39,20210509
4,2019-06-30,XPE.AX,AUD,2019-06-30,2019-06-30,Q2,544683.0,184917.0,359766.0,0.6605052847252438,0.0,817171.5,27740.0,27773.0,209546.5,0.0,1139.0,7726.25,-919692.0,-1.6884903696278386,-927418.25,-1.7026752257735234,13141.5,-912587.5,-1.6754470031192454,0.0,-929102.25,-1.7057669323257747,-2.5e-05,-2.5e-05,1633389005.0,1633389005.0,,,1620600039,18:40:39,20210509
5,2019-03-31,XPE.AX,AUD,2019-03-31,2019-03-31,Q1,544683.0,184917.0,359766.0,0.6605052847252438,0.0,817171.5,27740.0,27773.0,209546.5,0.0,1139.0,7726.25,-919692.0,-1.6884903696278386,-927418.25,-1.7026752257735234,13141.5,-912587.5,-1.6754470031192454,0.0,-929102.25,-1.7057669323257747,-2.5e-05,-2.5e-05,1633389005.0,1633389005.0,,,1620600039,18:40:39,20210509
6,2019-01-31,XPE.AX,AUD,2019-01-31,2019-01-31,Q1,544683.0,184917.0,359766.0,0.6605052847252438,0.0,817171.5,27740.0,27773.0,209546.5,0.0,1139.0,7726.25,-919692.0,-1.6884903696278386,-927418.25,-1.7026752257735234,13141.5,-912587.5,-1.6754470031192454,0.0,-929102.25,-1.7057669323257747,-2.5e-05,-2.5e-05,1633389005.0,1633389005.0,,,1620600039,18:40:39,20210509
7,2018-06-30,XPE.AX,AUD,2018-06-30,2018-06-30,Q2,321360.75,259167.75,62193.0,0.1935301681988233,0.0,1214423.0,25442.75,616031.5,508702.5,0.0,181951.25,89702.5,-1873875.25,-5.831064465713377,-1963577.75,-6.110197807292894,-132884.0,-2268798.25,-7.0599730987682845,-3192.0,-2264623.25,-7.0469814686454395,-0.001475,-0.001475,1450775034.0,1450775034.0,,,1620600039,18:40:39,20210509
8,2018-03-31,XPE.AX,AUD,2018-03-31,2018-03-31,Q1,321360.75,259167.75,62193.0,0.1935301681988233,0.0,1214423.0,25442.75,616031.5,508702.5,0.0,181951.25,89702.5,-1873875.25,-5.831064465713377,-1963577.75,-6.110197807292894,-132884.0,-2268798.25,-7.0599730987682845,-3192.0,-2264623.25,-7.0469814686454395,-0.001475,-0.001475,1450775034.0,1450775034.0,,,1620600039,18:40:39,20210509
9,2018-01-31,XPE.AX,AUD,2018-01-31,2018-01-31,Q1,321360.75,259167.75,62193.0,0.1935301681988233,0.0,1214423.0,25442.75,616031.5,508702.5,0.0,181951.25,89702.5,-1873875.25,-5.831064465713377,-1963577.75,-6.110197807292894,-132884.0,-2268798.25,-7.0599730987682845,-3192.0,-2264623.25,-7.0469814686454395,-0.001475,-0.001475,1450775034.0,1450775034.0,,,1620600039,18:40:39,20210509
10,2017-06-30,XPE.AX,AUD,2017-06-30,2017-06-30,Q2,477166.75,572450.25,-95283.5,-0.19968595883933657,0.0,537347.0,80127.5,547316.75,1312251.75,0.0,174287.25,84901.75,-2025009.75,-4.2438199015333735,-2109911.5,-4.4217487911720585,-695911.75,-2963434.0,-6.210478831561503,0.0,-2963434.0,-6.210478831561503,-0.002525,-0.002525,1080746847.0,1080746847.0,,,1620600039,18:40:39,20210509
11,2017-03-31,XPE.AX,AUD,2017-03-31,2017-03-31,Q1,477166.75,572450.25,-95283.5,-0.19968595883933657,0.0,537347.0,80127.5,547316.75,1312251.75,0.0,174287.25,84901.75,-2025009.75,-4.2438199015333735,-2109911.5,-4.4217487911720585,-695911.75,-2963434.0,-6.210478831561503,0.0,-2963434.0,-6.210478831561503,-0.002525,-0.002525,1080746847.0,1080746847.0,,,1620600039,18:40:39,20210509
12,2017-01-31,XPE.AX,AUD,2017-01-31,2017-01-31,Q1,477166.75,572450.25,-95283.5,-0.19968595883933657,0.0,537347.0,80127.5,547316.75,1312251.75,0.0,174287.25,84901.75,-2025009.75,-4.2438199015333735,-2109911.5,-4.4217487911720585,-695911.75,-2963434.0,-6.210478831561503,0.0,-2963434.0,-6.210478831561503,-0.002525,-0.002525,1080746847.0,1080746847.0,,,1620600039,18:40:39,20210509
13,2016-06-30,XPE.AX,AUD,2016-06-30,2016-06-30,Q2,6520.5,20716.75,-14196.25,-2.177171996012576,0.0,214039.0,18186.75,1331019.25,356321.0,0.0,1461.25,3066.25,-602743.0,-92.43815658308412,-605809.25,-92.90840426347673,-168839.0,-771705.5,-118.35066329269227,0.0,-771705.5,-118.35066329269227,-0.00099075,-0.00099075,786420877.0,786420877.0,,,1620600039,18:40:39,20210509
14,2016-03-31,XPE.AX,AUD,2016-03-31,2016-03-31,Q1,6520.5,20716.75,-14196.25,-2.177171996012576,0.0,214039.0,18186.75,1331019.25,356321.0,0.0,1461.25,3066.25,-602743.0,-92.43815658308412,-605809.25,-92.90840426347673,-168839.0,-771705.5,-118.35066329269227,0.0,-771705.5,-118.35066329269227,-0.00099075,-0.00099075,786420877.0,786420877.0,,,1620600039,18:40:39,20210509
15,2016-01-31,XPE.AX,AUD,2016-01-31,2016-01-31,Q1,6520.5,20716.75,-14196.25,-2.177171996012576,0.0,214039.0,18186.75,1331019.25,356321.0,0.0,1461.25,3066.25,-602743.0,-92.43815658308412,-605809.25,-92.90840426347673,-168839.0,-771705.5,-118.35066329269227,0.0,-771705.5,-118.35066329269227,-0.00099075,-0.00099075,786420877.0,786420877.0,,,1620600039,18:40:39,20210509
16,2015-09-30,XPE.AX,AUD,2015-09-30,2015-09-30,Q3,0.0,0.0,0.0,0.0,0.0,127832.75,0.0,15789.5,619036.0,0.0,1073.0,0.0,-729824.25,0.0,-746868.75,0.0,15789.5,-730897.25,0.0,0.0,-730897.25,0.0,-0.00228925,-0.00228925,319795212.0,319795212.0,,,1620600039,18:40:39,20210509
17,2015-06-30,XPE.AX,AUD,2015-06-30,2015-06-30,Q2,0.0,0.0,0.0,0.0,0.0,127832.75,0.0,15789.5,619036.0,0.0,1073.0,0.0,-729824.25,0.0,-746868.75,0.0,15789.5,-730897.25,0.0,0.0,-730897.25,0.0,-0.00228925,-0.00228925,319795212.0,319795212.0,,,1620600039,18:40:39,20210509
18,2015-03-31,XPE.AX,AUD,2015-03-31,2015-03-31,Q1,0.0,0.0,0.0,0.0,0.0,127832.75,0.0,15789.5,619036.0,0.0,1073.0,0.0,-729824.25,0.0,-746868.75,0.0,15789.5,-730897.25,0.0,0.0,-730897.25,0.0,-0.00228925,-0.00228925,319795212.0,319795212.0,,,1620600039,18:40:39,20210509
19,2015-01-31,XPE.AX,AUD,2015-01-31,2015-01-31,Q1,0.0,0.0,0.0,0.0,0.0,127832.75,0.0,15789.5,619036.0,0.0,1073.0,0.0,-729824.25,0.0,-746868.75,0.0,15789.5,-730897.25,0.0,0.0,-730897.25,0.0,-0.00228925,-0.00228925,319795212.0,319795212.0,,,1620600039,18:40:39,20210509
20,2014-09-30,XPE.AX,AUD,2014-09-30,2014-09-30,Q3,0.0,0.0,0.0,0.0,0.0,124440.25,0.0,69119.75,133820.5,0.0,1311.5,0.0,-185911.5,0.0,-258260.75,0.0,35992.5,-220350.25,0.0,0.0,-220350.25,0.0,-0.0009225,-0.0009225,242857339.0,242857339.0,,,1620600039,18:40:39,20210509
21,2014-06-30,XPE.AX,AUD,2014-06-30,2014-06-30,Q2,0.0,0.0,0.0,0.0,0.0,124440.25,0.0,69119.75,133820.5,0.0,1311.5,0.0,-185911.5,0.0,-258260.75,0.0,35992.5,-220350.25,0.0,0.0,-220350.25,0.0,-0.0009225,-0.0009225,242857339.0,242857339.0,,,1620600039,18:40:39,20210509
22,2014-03-31,XPE.AX,AUD,2014-03-31,2014-03-31,Q1,0.0,0.0,0.0,0.0,0.0,124440.25,0.0,69119.75,133820.5,0.0,1311.5,0.0,-185911.5,0.0,-258260.75,0.0,35992.5,-220350.25,0.0,0.0,-220350.25,0.0,-0.0009225,-0.0009225,242857339.0,242857339.0,,,1620600039,18:40:39,20210509
23,2014-01-31,XPE.AX,AUD,2014-01-31,2014-01-31,Q1,0.0,0.0,0.0,0.0,0.0,124440.25,0.0,69119.75,133820.5,0.0,1311.5,0.0,-185911.5,0.0,-258260.75,0.0,35992.5,-220350.25,0.0,0.0,-220350.25,0.0,-0.0009225,-0.0009225,242857339.0,242857339.0,,,1620600039,18:40:39,20210509
24,2013-09-30,XPE.AX,AUD,2013-09-30,2013-09-30,Q3,0.0,0.0,0.0,0.0,0.0,306247.0,0.0,77071.25,675120.25,0.0,1167.75,5798.0,-981367.25,0.0,-987165.25,0.0,77071.25,-908738.75,0.0,0.0,-908738.75,0.0,-0.0169125,-0.0169125,53725135.0,53725135.0,,,1620600039,18:40:39,20210509
25,2013-06-30,XPE.AX,AUD,2013-06-30,2013-06-30,Q2,0.0,0.0,0.0,0.0,0.0,306247.0,0.0,77071.25,675120.25,0.0,1167.75,5798.0,-981367.25,0.0,-987165.25,0.0,77071.25,-908738.75,0.0,0.0,-908738.75,0.0,-0.0169125,-0.0169125,53725135.0,53725135.0,,,1620600039,18:40:39,20210509
26,2013-03-31,XPE.AX,AUD,2013-03-31,2013-03-31,Q1,0.0,0.0,0.0,0.0,0.0,306247.0,0.0,77071.25,675120.25,0.0,1167.75,5798.0,-981367.25,0.0,-987165.25,0.0,77071.25,-908738.75,0.0,0.0,-908738.75,0.0,-0.0169125,-0.0169125,53725135.0,53725135.0,,,1620600039,18:40:39,20210509
27,2013-01-31,XPE.AX,AUD,2013-01-31,2013-01-31,Q1,0.0,0.0,0.0,0.0,0.0,306247.0,0.0,77071.25,675120.25,0.0,1167.75,5798.0,-981367.25,0.0,-987165.25,0.0,77071.25,-908738.75,0.0,0.0,-908738.75,0.0,-0.0169125,-0.0169125,53725135.0,53725135.0,,,1620600039,18:40:39,20210509
28,2012-09-30,XPE.AX,AUD,2012-09-30,2012-09-30,Q3,0.0,0.0,0.0,0.0,0.0,281032.0,0.0,114674.75,6934250.0,0.0,882.75,5845.25,-7215282.0,0.0,-7221127.25,0.0,114674.75,-7086663.5,0.0,0.0,-7086663.5,0.0,-0.20954825,-0.20954825,33900820.0,33900820.0,,,1620600039,18:40:39,20210509
29,2012-06-30,XPE.AX,AUD,2012-06-30,2012-06-30,Q2,0.0,0.0,0.0,0.0,0.0,281032.0,0.0,114674.75,6934250.0,0.0,882.75,5845.25,-7215282.0,0.0,-7221127.25,0.0,114674.75,-7086663.5,0.0,0.0,-7086663.5,0.0,-0.20954825,-0.20954825,33900820.0,33900820.0,,,1620600039,18:40:39,20210509
30,2012-03-31,XPE.AX,AUD,2012-03-31,2012-03-31,Q1,0.0,0.0,0.0,0.0,0.0,281032.0,0.0,114674.75,6934250.0,0.0,882.75,5845.25,-7215282.0,0.0,-7221127.25,0.0,114674.75,-7086663.5,0.0,0.0,-7086663.5,0.0,-0.20954825,-0.20954825,33900820.0,33900820.0,,,1620600039,18:40:39,20210509
31,2012-01-31,XPE.AX,AUD,2012-01-31,2012-01-31,Q1,0.0,0.0,0.0,0.0,0.0,281032.0,0.0,114674.75,6934250.0,0.0,882.75,5845.25,-7215282.0,0.0,-7221127.25,0.0,114674.75,-7086663.5,0.0,0.0,-7086663.5,0.0,-0.20954825,-0.20954825,33900820.0,33900820.0,,,1620600039,18:40:39,20210509
32,2011-09-30,XPE.AX,AUD,2011-09-30,2011-09-30,Q3,0.0,0.0,0.0,0.0,0.0,341661.0,0.0,133655.25,276617.75,0.0,426.75,10693.25,-618278.75,0.0,-628972.0,0.0,133655.25,-475843.25,0.0,0.0,-475843.25,0.0,-0.0203,-0.0203,23463401.0,23463401.0,,,1620600039,18:40:39,20210509
33,2011-06-30,XPE.AX,AUD,2011-06-30,2011-06-30,Q2,0.0,0.0,0.0,0.0,0.0,341661.0,0.0,133655.25,276617.75,0.0,426.75,10693.25,-618278.75,0.0,-628972.0,0.0,133655.25,-475843.25,0.0,0.0,-475843.25,0.0,-0.0203,-0.0203,23463401.0,23463401.0,,,1620600039,18:40:39,20210509
34,2011-03-31,XPE.AX,AUD,2011-03-31,2011-03-31,Q1,0.0,0.0,0.0,0.0,0.0,341661.0,0.0,133655.25,276617.75,0.0,426.75,10693.25,-618278.75,0.0,-628972.0,0.0,133655.25,-475843.25,0.0,0.0,-475843.25,0.0,-0.0203,-0.0203,23463401.0,23463401.0,,,1620600039,18:40:39,20210509
35,2011-01-31,XPE.AX,AUD,2011-01-31,2011-01-31,Q1,0.0,0.0,0.0,0.0,0.0,341661.0,0.0,133655.25,276617.75,0.0,426.75,10693.25,-618278.75,0.0,-628972.0,0.0,133655.25,-475843.25,0.0,0.0,-475843.25,0.0,-0.0203,-0.0203,23463401.0,23463401.0,,,1620600039,18:40:39,20210509
36,2010-09-30,XPE.AX,AUD,2010-09-30,2010-09-30,Q3,0.0,0.0,0.0,0.0,0.0,538014.0,0.0,49920.0,553511.0,0.0,3491.75,10732.75,-1091525.0,0.0,-1102257.75,0.0,49920.0,-946869.25,0.0,0.0,-946869.25,0.0,-0.040483,-0.040483,22701739.0,22701739.0,,,1620600039,18:40:39,20210509
37,2010-06-30,XPE.AX,AUD,2010-06-30,2010-06-30,Q2,0.0,0.0,0.0,0.0,0.0,538014.0,0.0,49920.0,553511.0,0.0,3491.75,10732.75,-1091525.0,0.0,-1102257.75,0.0,49920.0,-946869.25,0.0,0.0,-946869.25,0.0,-0.040483,-0.040483,22701739.0,22701739.0,,,1620600039,18:40:39,20210509
38,2010-03-31,XPE.AX,AUD,2010-03-31,2010-03-31,Q1,0.0,0.0,0.0,0.0,0.0,538014.0,0.0,49920.0,553511.0,0.0,3491.75,10732.75,-1091525.0,0.0,-1102257.75,0.0,49920.0,-946869.25,0.0,0.0,-946869.25,0.0,-0.040483,-0.040483,22701739.0,22701739.0,,,1620600039,18:40:39,20210509
39,2010-01-31,XPE.AX,AUD,2010-01-31,2010-01-31,Q1,0.0,0.0,0.0,0.0,0.0,538014.0,0.0,49920.0,553511.0,0.0,3491.75,10732.75,-1091525.0,0.0,-1102257.75,0.0,49920.0,-946869.25,0.0,0.0,-946869.25,0.0,-0.040483,-0.040483,22701739.0,22701739.0,,,1620600039,18:40:39,20210509
40,2009-09-30,XPE.AX,AUD,2009-09-30,2009-09-30,Q3,0.0,0.0,0.0,0.0,0.0,384890.0,0.0,0.0,126630.25,0.0,0.0,15113.0,-511520.25,0.0,-526633.25,0.0,0.0,-418830.75,0.0,0.0,-418830.75,0.0,-0.034255,-0.034255,12160261.0,12160261.0,,,1620600039,18:40:39,20210509
41,2009-06-30,XPE.AX,AUD,2009-06-30,2009-06-30,Q2,0.0,0.0,0.0,0.0,0.0,384890.0,0.0,0.0,126630.25,0.0,0.0,15113.0,-511520.25,0.0,-526633.25,0.0,0.0,-418830.75,0.0,0.0,-418830.75,0.0,-0.034255,-0.034255,12160261.0,12160261.0,,,1620600039,18:40:39,20210509
42,2009-03-31,XPE.AX,AUD,2009-03-31,2009-03-31,Q1,0.0,0.0,0.0,0.0,0.0,384890.0,0.0,0.0,126630.25,0.0,0.0,15113.0,-511520.25,0.0,-526633.25,0.0,0.0,-418830.75,0.0,0.0,-418830.75,0.0,-0.034255,-0.034255,12160261.0,12160261.0,,,1620600039,18:40:39,20210509
43,2009-01-31,XPE.AX,AUD,2009-01-31,2009-01-31,Q1,0.0,0.0,0.0,0.0,0.0,384890.0,0.0,0.0,126630.25,0.0,0.0,15113.0,-511520.25,0.0,-526633.25,0.0,0.0,-418830.75,0.0,0.0,-418830.75,0.0,-0.034255,-0.034255,12160261.0,12160261.0,,,1620600039,18:40:39,20210509
44,2008-09-30,XPE.AX,AUD,2008-09-30,2008-09-30,Q3,0.0,0.0,0.0,0.0,0.0,257736.5,0.0,0.0,162553.0,0.0,0.0,4798.5,-420289.5,0.0,-425088.0,0.0,0.0,-251997.75,0.0,0.0,-572388.75,0.0,-0.06528275,-0.06528275,8780112.0,8780112.0,,,1620600039,18:40:39,20210509
45,2008-06-30,XPE.AX,AUD,2008-06-30,2008-06-30,Q2,0.0,0.0,0.0,0.0,0.0,257736.5,0.0,0.0,162553.0,0.0,0.0,4798.5,-420289.5,0.0,-425088.0,0.0,0.0,-251997.75,0.0,0.0,-572388.75,0.0,-0.06528275,-0.06528275,8780112.0,8780112.0,,,1620600039,18:40:39,20210509
46,2008-03-31,XPE.AX,AUD,2008-03-31,2008-03-31,Q1,0.0,0.0,0.0,0.0,0.0,257736.5,0.0,0.0,162553.0,0.0,0.0,4798.5,-420289.5,0.0,-425088.0,0.0,0.0,-251997.75,0.0,0.0,-572388.75,0.0,-0.06528275,-0.06528275,8780112.0,8780112.0,,,1620600039,18:40:39,20210509
47,2008-01-31,XPE.AX,AUD,2008-01-31,2008-01-31,Q1,0.0,0.0,0.0,0.0,0.0,257736.5,0.0,0.0,162553.0,0.0,0.0,4798.5,-420289.5,0.0,-425088.0,0.0,0.0,-251997.75,0.0,0.0,-572388.75,0.0,-0.06528275,-0.06528275,8780112.0,8780112.0,,,1620600039,18:40:39,20210509
48,2007-09-30,XPE.AX,AUD,2007-09-30,2007-09-30,Q3,0.0,0.0,0.0,0.0,0.0,104450.0,0.0,0.0,28918.75,0.0,0.0,0.0,-133368.75,0.0,-133368.75,0.0,0.0,-113839.75,0.0,0.0,-113839.75,0.0,-0.68547025,-0.68547025,166189.0,166189.0,,,1620600039,18:40:39,20210509
49,2007-06-30,XPE.AX,AUD,2007-06-30,2007-06-30,Q2,0.0,0.0,0.0,0.0,0.0,104450.0,0.0,0.0,28918.75,0.0,0.0,0.0,-133368.75,0.0,-133368.75,0.0,0.0,-113839.75,0.0,0.0,-113839.75,0.0,-0.68547025,-0.68547025,166189.0,166189.0,,,1620600039,18:40:39,20210509
50,2007-03-31,XPE.AX,AUD,2007-03-31,2007-03-31,Q1,0.0,0.0,0.0,0.0,0.0,104450.0,0.0,0.0,28918.75,0.0,0.0,0.0,-133368.75,0.0,-133368.75,0.0,0.0,-113839.75,0.0,0.0,-113839.75,0.0,-0.68547025,-0.68547025,166189.0,166189.0,,,1620600039,18:40:39,20210509
51,2007-01-31,XPE.AX,AUD,2007-01-31,2007-01-31,Q1,0.0,0.0,0.0,0.0,0.0,104450.0,0.0,0.0,28918.75,0.0,0.0,0.0,-133368.75,0.0,-133368.75,0.0,0.0,-113839.75,0.0,0.0,-113839.75,0.0,-0.68547025,-0.68547025,166189.0,166189.0,,,1620600039,18:40:39,20210509
