,date,symbol,reportedCurrency,fillingDate,acceptedDate,period,revenue,costOfRevenue,grossProfit,grossProfitRatio,researchAndDevelopmentExpenses,generalAndAdministrativeExpenses,sellingAndMarketingExpenses,otherExpenses,operatingExpenses,costAndExpenses,interestExpense,depreciationAndAmortization,ebitda,ebitdaratio,operatingIncome,operatingIncomeRatio,totalOtherIncomeExpensesNet,incomeBeforeTax,incomeBeforeTaxRatio,incomeTaxExpense,netIncome,netIncomeRatio,eps,epsdiluted,weightedAverageShsOut,weightedAverageShsOutDil,link,finalLink,timestamp,est_time,est_date
0,2019-06-30,APTD.L,GBP,2019-06-30,2019-06-30,Q2,14913000.0,7054000.0,7859000.0,0.5269898746060484,0.0,0.0,0.0,0.0,3950250.0,12677250.0,46000.0,620250.0,2856000.0,0.19151076242204787,2235750.0,0.14991953329309998,0.0,2193750.0,0.14710319855159928,508250.0,7293000.0,0.48903641118487223,0.121,0.11925,60280000,61145000,https://find-and-update.company-information.service.gov.uk/search/companies?q=Aptitude+Software+Group+PLC,https://find-and-update.company-information.service.gov.uk/search/companies?q=Aptitude+Software+Group+PLC,1620588645,15:30:45,20210509
1,2019-03-31,APTD.L,GBP,2019-03-31,2019-03-31,Q1,14913000.0,7054000.0,7859000.0,0.5269898746060484,0.0,0.0,0.0,0.0,3950250.0,12677250.0,46000.0,620250.0,2856000.0,0.19151076242204787,2235750.0,0.14991953329309998,0.0,2193750.0,0.14710319855159928,508250.0,7293000.0,0.48903641118487223,0.121,0.11925,60280000,61145000,https://find-and-update.company-information.service.gov.uk/search/companies?q=Aptitude+Software+Group+PLC,https://find-and-update.company-information.service.gov.uk/search/companies?q=Aptitude+Software+Group+PLC,1620588645,15:30:45,20210509
2,2019-01-31,APTD.L,GBP,2019-01-31,2019-01-31,Q1,14913000.0,7054000.0,7859000.0,0.5269898746060484,0.0,0.0,0.0,0.0,3950250.0,12677250.0,46000.0,620250.0,2856000.0,0.19151076242204787,2235750.0,0.14991953329309998,0.0,2193750.0,0.14710319855159928,508250.0,7293000.0,0.48903641118487223,0.121,0.11925,60280000,61145000,https://find-and-update.company-information.service.gov.uk/search/companies?q=Aptitude+Software+Group+PLC,https://find-and-update.company-information.service.gov.uk/search/companies?q=Aptitude+Software+Group+PLC,1620588645,15:30:45,20210509
3,2018-06-30,APTD.L,GBP,2018-06-30,2018-06-30,Q2,17571500.0,8136750.0,9434750.0,0.5369348092080927,0.0,0.0,0.0,0.0,3859000.0,14146500.0,110000.0,951750.0,4376750.0,0.24908232080357398,3425000.0,0.19491790683777707,0.0,4085500.0,0.23250718493014255,637250.0,3448250.0,0.19624107219076345,0.0645715,0.0614285,53306750,56225750,https://find-and-update.company-information.service.gov.uk/search/companies?q=Aptitude+Software+Group+PLC,https://find-and-update.company-information.service.gov.uk/search/companies?q=Aptitude+Software+Group+PLC,1620588645,15:30:45,20210509
4,2018-03-31,APTD.L,GBP,2018-03-31,2018-03-31,Q1,17571500.0,8136750.0,9434750.0,0.5369348092080927,0.0,0.0,0.0,0.0,3859000.0,14146500.0,110000.0,951750.0,4376750.0,0.24908232080357398,3425000.0,0.19491790683777707,0.0,4085500.0,0.23250718493014255,637250.0,3448250.0,0.19624107219076345,0.0645715,0.0614285,53306750,56225750,https://find-and-update.company-information.service.gov.uk/search/companies?q=Aptitude+Software+Group+PLC,https://find-and-update.company-information.service.gov.uk/search/companies?q=Aptitude+Software+Group+PLC,1620588645,15:30:45,20210509
5,2018-01-31,APTD.L,GBP,2018-01-31,2018-01-31,Q1,17571500.0,8136750.0,9434750.0,0.5369348092080927,0.0,0.0,0.0,0.0,3859000.0,14146500.0,110000.0,951750.0,4376750.0,0.24908232080357398,3425000.0,0.19491790683777707,0.0,4085500.0,0.23250718493014255,637250.0,3448250.0,0.19624107219076345,0.0645715,0.0614285,53306750,56225750,https://find-and-update.company-information.service.gov.uk/search/companies?q=Aptitude+Software+Group+PLC,https://find-and-update.company-information.service.gov.uk/search/companies?q=Aptitude+Software+Group+PLC,1620588645,15:30:45,20210509
6,2017-06-30,APTD.L,GBP,2017-06-30,2017-06-30,Q2,15660000.0,6970750.0,8689250.0,0.5548690932311622,0.0,0.0,0.0,0.0,4189250.0,12612500.0,79000.0,505750.0,3553250.0,0.22689974457215836,3047500.0,0.19460408684546615,0.0,2694250.0,0.17204661558109835,210250.0,2484000.0,0.15862068965517243,0.04685725,0.0445715,53035500,55860000,https://find-and-update.company-information.service.gov.uk/search/companies?q=Aptitude+Software+Group+PLC,https://find-and-update.company-information.service.gov.uk/search/companies?q=Aptitude+Software+Group+PLC,1620588645,15:30:45,20210509
7,2017-03-31,APTD.L,GBP,2017-03-31,2017-03-31,Q1,15660000.0,6970750.0,8689250.0,0.5548690932311622,0.0,0.0,0.0,0.0,4189250.0,12612500.0,79000.0,505750.0,3553250.0,0.22689974457215836,3047500.0,0.19460408684546615,0.0,2694250.0,0.17204661558109835,210250.0,2484000.0,0.15862068965517243,0.04685725,0.0445715,53035500,55860000,https://find-and-update.company-information.service.gov.uk/search/companies?q=Aptitude+Software+Group+PLC,https://find-and-update.company-information.service.gov.uk/search/companies?q=Aptitude+Software+Group+PLC,1620588645,15:30:45,20210509
8,2017-01-31,APTD.L,GBP,2017-01-31,2017-01-31,Q1,15660000.0,6970750.0,8689250.0,0.5548690932311622,0.0,0.0,0.0,0.0,4189250.0,12612500.0,79000.0,505750.0,3553250.0,0.22689974457215836,3047500.0,0.19460408684546615,0.0,2694250.0,0.17204661558109835,210250.0,2484000.0,0.15862068965517243,0.04685725,0.0445715,53035500,55860000,https://find-and-update.company-information.service.gov.uk/search/companies?q=Aptitude+Software+Group+PLC,https://find-and-update.company-information.service.gov.uk/search/companies?q=Aptitude+Software+Group+PLC,1620588645,15:30:45,20210509
9,2016-06-30,APTD.L,GBP,2016-06-30,2016-06-30,Q2,10747000.0,5117000.0,5630000.0,0.5238671257095003,0.0,0.0,0.0,0.0,2464250.0,8668500.0,99250.0,353250.0,2431750.0,0.22627244812505815,2078500.0,0.1934028100865358,0.0,1970250.0,0.18333023169256538,409500.0,1560750.0,0.14522657485809992,0.03028575,0.0285715,51702000,54701500,https://find-and-update.company-information.service.gov.uk/search/companies?q=Aptitude+Software+Group+PLC,https://find-and-update.company-information.service.gov.uk/search/companies?q=Aptitude+Software+Group+PLC,1620588645,15:30:45,20210509
10,2016-03-31,APTD.L,GBP,2016-03-31,2016-03-31,Q1,10747000.0,5117000.0,5630000.0,0.5238671257095003,0.0,0.0,0.0,0.0,2464250.0,8668500.0,99250.0,353250.0,2431750.0,0.22627244812505815,2078500.0,0.1934028100865358,0.0,1970250.0,0.18333023169256538,409500.0,1560750.0,0.14522657485809992,0.03028575,0.0285715,51702000,54701500,https://find-and-update.company-information.service.gov.uk/search/companies?q=Aptitude+Software+Group+PLC,https://find-and-update.company-information.service.gov.uk/search/companies?q=Aptitude+Software+Group+PLC,1620588645,15:30:45,20210509
11,2016-01-31,APTD.L,GBP,2016-01-31,2016-01-31,Q1,10747000.0,5117000.0,5630000.0,0.5238671257095003,0.0,0.0,0.0,0.0,2464250.0,8668500.0,99250.0,353250.0,2431750.0,0.22627244812505815,2078500.0,0.1934028100865358,0.0,1970250.0,0.18333023169256538,409500.0,1560750.0,0.14522657485809992,0.03028575,0.0285715,51702000,54701500,https://find-and-update.company-information.service.gov.uk/search/companies?q=Aptitude+Software+Group+PLC,https://find-and-update.company-information.service.gov.uk/search/companies?q=Aptitude+Software+Group+PLC,1620588645,15:30:45,20210509
12,2015-09-30,APTD.L,GBP,2015-09-30,2015-09-30,Q3,7989500.0,3996750.0,3992750.0,0.49974967144376997,0.0,0.0,0.0,0.0,1516000.0,6223750.0,123000.0,256500.0,2022250.0,0.25311346141811125,1765750.0,0.2210088240816071,0.0,1221250.0,0.15285687464797545,287750.0,933500.0,0.11684085362037674,0.01714275,0.016,54054875,58493750,https://find-and-update.company-information.service.gov.uk/search/companies?q=Aptitude+Software+Group+PLC,https://find-and-update.company-information.service.gov.uk/search/companies?q=Aptitude+Software+Group+PLC,1620588645,15:30:45,20210509
13,2015-06-30,APTD.L,GBP,2015-06-30,2015-06-30,Q2,7989500.0,3996750.0,3992750.0,0.49974967144376997,0.0,0.0,0.0,0.0,1516000.0,6223750.0,123000.0,256500.0,2022250.0,0.25311346141811125,1765750.0,0.2210088240816071,0.0,1221250.0,0.15285687464797545,287750.0,933500.0,0.11684085362037674,0.01714275,0.016,54054875,58493750,https://find-and-update.company-information.service.gov.uk/search/companies?q=Aptitude+Software+Group+PLC,https://find-and-update.company-information.service.gov.uk/search/companies?q=Aptitude+Software+Group+PLC,1620588645,15:30:45,20210509
14,2015-03-31,APTD.L,GBP,2015-03-31,2015-03-31,Q1,7989500.0,3996750.0,3992750.0,0.49974967144376997,0.0,0.0,0.0,0.0,1516000.0,6223750.0,123000.0,256500.0,2022250.0,0.25311346141811125,1765750.0,0.2210088240816071,0.0,1221250.0,0.15285687464797545,287750.0,933500.0,0.11684085362037674,0.01714275,0.016,54054875,58493750,https://find-and-update.company-information.service.gov.uk/search/companies?q=Aptitude+Software+Group+PLC,https://find-and-update.company-information.service.gov.uk/search/companies?q=Aptitude+Software+Group+PLC,1620588645,15:30:45,20210509
15,2015-01-31,APTD.L,GBP,2015-01-31,2015-01-31,Q1,7989500.0,3996750.0,3992750.0,0.49974967144376997,0.0,0.0,0.0,0.0,1516000.0,6223750.0,123000.0,256500.0,2022250.0,0.25311346141811125,1765750.0,0.2210088240816071,0.0,1221250.0,0.15285687464797545,287750.0,933500.0,0.11684085362037674,0.01714275,0.016,54054875,58493750,https://find-and-update.company-information.service.gov.uk/search/companies?q=Aptitude+Software+Group+PLC,https://find-and-update.company-information.service.gov.uk/search/companies?q=Aptitude+Software+Group+PLC,1620588645,15:30:45,20210509
16,2014-09-30,APTD.L,GBP,2014-09-30,2014-09-30,Q3,7453500.0,3707500.0,3746000.0,0.5025826792781914,0.0,0.0,0.0,0.0,1355500.0,5816250.0,147750.0,186750.0,1824000.0,0.24471724693097202,1637250.0,0.21966190380358222,0.0,1441500.0,0.19339907426041458,413250.0,1028250.0,0.13795532300261623,0.020204,0.01873475,50738153,54790182,https://find-and-update.company-information.service.gov.uk/search/companies?q=Aptitude+Software+Group+PLC,https://find-and-update.company-information.service.gov.uk/search/companies?q=Aptitude+Software+Group+PLC,1620588645,15:30:45,20210509
17,2014-06-30,APTD.L,GBP,2014-06-30,2014-06-30,Q2,7453500.0,3707500.0,3746000.0,0.5025826792781914,0.0,0.0,0.0,0.0,1355500.0,5816250.0,147750.0,186750.0,1824000.0,0.24471724693097202,1637250.0,0.21966190380358222,0.0,1441500.0,0.19339907426041458,413250.0,1028250.0,0.13795532300261623,0.020204,0.01873475,50738153,54790182,https://find-and-update.company-information.service.gov.uk/search/companies?q=Aptitude+Software+Group+PLC,https://find-and-update.company-information.service.gov.uk/search/companies?q=Aptitude+Software+Group+PLC,1620588645,15:30:45,20210509
18,2014-03-31,APTD.L,GBP,2014-03-31,2014-03-31,Q1,7453500.0,3707500.0,3746000.0,0.5025826792781914,0.0,0.0,0.0,0.0,1355500.0,5816250.0,147750.0,186750.0,1824000.0,0.24471724693097202,1637250.0,0.21966190380358222,0.0,1441500.0,0.19339907426041458,413250.0,1028250.0,0.13795532300261623,0.020204,0.01873475,50738153,54790182,https://find-and-update.company-information.service.gov.uk/search/companies?q=Aptitude+Software+Group+PLC,https://find-and-update.company-information.service.gov.uk/search/companies?q=Aptitude+Software+Group+PLC,1620588645,15:30:45,20210509
19,2014-01-31,APTD.L,GBP,2014-01-31,2014-01-31,Q1,7453500.0,3707500.0,3746000.0,0.5025826792781914,0.0,0.0,0.0,0.0,1355500.0,5816250.0,147750.0,186750.0,1824000.0,0.24471724693097202,1637250.0,0.21966190380358222,0.0,1441500.0,0.19339907426041458,413250.0,1028250.0,0.13795532300261623,0.020204,0.01873475,50738153,54790182,https://find-and-update.company-information.service.gov.uk/search/companies?q=Aptitude+Software+Group+PLC,https://find-and-update.company-information.service.gov.uk/search/companies?q=Aptitude+Software+Group+PLC,1620588645,15:30:45,20210509
20,2013-09-30,APTD.L,GBP,2013-09-30,2013-09-30,Q3,7456000.0,3492500.0,3963500.0,0.5315853004291845,0.0,0.0,0.0,0.0,1111250.0,5212750.0,29750.0,197500.0,2440750.0,0.32735380901287553,2243250.0,0.30086507510729615,0.0,2172000.0,0.29130901287553645,562500.0,1609500.0,0.21586641630901288,0.0290205,0.02828575,55566696,56611349,https://find-and-update.company-information.service.gov.uk/search/companies?q=Aptitude+Software+Group+PLC,https://find-and-update.company-information.service.gov.uk/search/companies?q=Aptitude+Software+Group+PLC,1620588645,15:30:45,20210509
21,2013-06-30,APTD.L,GBP,2013-06-30,2013-06-30,Q2,7456000.0,3492500.0,3963500.0,0.5315853004291845,0.0,0.0,0.0,0.0,1111250.0,5212750.0,29750.0,197500.0,2440750.0,0.32735380901287553,2243250.0,0.30086507510729615,0.0,2172000.0,0.29130901287553645,562500.0,1609500.0,0.21586641630901288,0.0290205,0.02828575,55566696,56611349,https://find-and-update.company-information.service.gov.uk/search/companies?q=Aptitude+Software+Group+PLC,https://find-and-update.company-information.service.gov.uk/search/companies?q=Aptitude+Software+Group+PLC,1620588645,15:30:45,20210509
22,2013-03-31,APTD.L,GBP,2013-03-31,2013-03-31,Q1,7456000.0,3492500.0,3963500.0,0.5315853004291845,0.0,0.0,0.0,0.0,1111250.0,5212750.0,29750.0,197500.0,2440750.0,0.32735380901287553,2243250.0,0.30086507510729615,0.0,2172000.0,0.29130901287553645,562500.0,1609500.0,0.21586641630901288,0.0290205,0.02828575,55566696,56611349,https://find-and-update.company-information.service.gov.uk/search/companies?q=Aptitude+Software+Group+PLC,https://find-and-update.company-information.service.gov.uk/search/companies?q=Aptitude+Software+Group+PLC,1620588645,15:30:45,20210509
23,2013-01-31,APTD.L,GBP,2013-01-31,2013-01-31,Q1,7456000.0,3492500.0,3963500.0,0.5315853004291845,0.0,0.0,0.0,0.0,1111250.0,5212750.0,29750.0,197500.0,2440750.0,0.32735380901287553,2243250.0,0.30086507510729615,0.0,2172000.0,0.29130901287553645,562500.0,1609500.0,0.21586641630901288,0.0290205,0.02828575,55566696,56611349,https://find-and-update.company-information.service.gov.uk/search/companies?q=Aptitude+Software+Group+PLC,https://find-and-update.company-information.service.gov.uk/search/companies?q=Aptitude+Software+Group+PLC,1620588645,15:30:45,20210509
24,2012-09-30,APTD.L,GBP,2012-09-30,2012-09-30,Q3,8079500.0,3843750.0,4235750.0,0.5242589269137942,0.0,0.0,0.0,0.0,1315000.0,5826250.0,0.0,226500.0,2479750.0,0.3069187449718423,2253250.0,0.2788848319821771,0.0,2296750.0,0.2842688285166161,559500.0,1737250.0,0.21501949378055574,0.0312245,0.03048975,55514293,56788974,https://find-and-update.company-information.service.gov.uk/search/companies?q=Aptitude+Software+Group+PLC,https://find-and-update.company-information.service.gov.uk/search/companies?q=Aptitude+Software+Group+PLC,1620588645,15:30:45,20210509
25,2012-06-30,APTD.L,GBP,2012-06-30,2012-06-30,Q2,8079500.0,3843750.0,4235750.0,0.5242589269137942,0.0,0.0,0.0,0.0,1315000.0,5826250.0,0.0,226500.0,2479750.0,0.3069187449718423,2253250.0,0.2788848319821771,0.0,2296750.0,0.2842688285166161,559500.0,1737250.0,0.21501949378055574,0.0312245,0.03048975,55514293,56788974,https://find-and-update.company-information.service.gov.uk/search/companies?q=Aptitude+Software+Group+PLC,https://find-and-update.company-information.service.gov.uk/search/companies?q=Aptitude+Software+Group+PLC,1620588645,15:30:45,20210509
26,2012-03-31,APTD.L,GBP,2012-03-31,2012-03-31,Q1,8079500.0,3843750.0,4235750.0,0.5242589269137942,0.0,0.0,0.0,0.0,1315000.0,5826250.0,0.0,226500.0,2479750.0,0.3069187449718423,2253250.0,0.2788848319821771,0.0,2296750.0,0.2842688285166161,559500.0,1737250.0,0.21501949378055574,0.0312245,0.03048975,55514293,56788974,https://find-and-update.company-information.service.gov.uk/search/companies?q=Aptitude+Software+Group+PLC,https://find-and-update.company-information.service.gov.uk/search/companies?q=Aptitude+Software+Group+PLC,1620588645,15:30:45,20210509
27,2012-01-31,APTD.L,GBP,2012-01-31,2012-01-31,Q1,8079500.0,3843750.0,4235750.0,0.5242589269137942,0.0,0.0,0.0,0.0,1315000.0,5826250.0,0.0,226500.0,2479750.0,0.3069187449718423,2253250.0,0.2788848319821771,0.0,2296750.0,0.2842688285166161,559500.0,1737250.0,0.21501949378055574,0.0312245,0.03048975,55514293,56788974,https://find-and-update.company-information.service.gov.uk/search/companies?q=Aptitude+Software+Group+PLC,https://find-and-update.company-information.service.gov.uk/search/companies?q=Aptitude+Software+Group+PLC,1620588645,15:30:45,20210509
28,2011-09-30,APTD.L,GBP,2011-09-30,2011-09-30,Q3,9694000.0,0.0,0.0,0.0,1358750.0,0.0,0.0,0.0,5563750.0,7313000.0,14750.0,214000.0,2595000.0,0.267691355477615,2381000.0,0.24561584485248608,0.0,2399500.0,0.24752424179905097,587000.0,1812500.0,0.18697132246750567,0.03269375,0.03195925,55394296,56712979,https://find-and-update.company-information.service.gov.uk/search/companies?q=Aptitude+Software+Group+PLC,https://find-and-update.company-information.service.gov.uk/search/companies?q=Aptitude+Software+Group+PLC,1620588645,15:30:45,20210509
29,2011-06-30,APTD.L,GBP,2011-06-30,2011-06-30,Q2,9694000.0,0.0,0.0,0.0,1358750.0,0.0,0.0,0.0,5563750.0,7313000.0,14750.0,214000.0,2595000.0,0.267691355477615,2381000.0,0.24561584485248608,0.0,2399500.0,0.24752424179905097,587000.0,1812500.0,0.18697132246750567,0.03269375,0.03195925,55394296,56712979,https://find-and-update.company-information.service.gov.uk/search/companies?q=Aptitude+Software+Group+PLC,https://find-and-update.company-information.service.gov.uk/search/companies?q=Aptitude+Software+Group+PLC,1620588645,15:30:45,20210509
30,2011-03-31,APTD.L,GBP,2011-03-31,2011-03-31,Q1,9694000.0,0.0,0.0,0.0,1358750.0,0.0,0.0,0.0,5563750.0,7313000.0,14750.0,214000.0,2595000.0,0.267691355477615,2381000.0,0.24561584485248608,0.0,2399500.0,0.24752424179905097,587000.0,1812500.0,0.18697132246750567,0.03269375,0.03195925,55394296,56712979,https://find-and-update.company-information.service.gov.uk/search/companies?q=Aptitude+Software+Group+PLC,https://find-and-update.company-information.service.gov.uk/search/companies?q=Aptitude+Software+Group+PLC,1620588645,15:30:45,20210509
31,2011-01-31,APTD.L,GBP,2011-01-31,2011-01-31,Q1,9694000.0,0.0,0.0,0.0,1358750.0,0.0,0.0,0.0,5563750.0,7313000.0,14750.0,214000.0,2595000.0,0.267691355477615,2381000.0,0.24561584485248608,0.0,2399500.0,0.24752424179905097,587000.0,1812500.0,0.18697132246750567,0.03269375,0.03195925,55394296,56712979,https://find-and-update.company-information.service.gov.uk/search/companies?q=Aptitude+Software+Group+PLC,https://find-and-update.company-information.service.gov.uk/search/companies?q=Aptitude+Software+Group+PLC,1620588645,15:30:45,20210509
32,2010-09-30,APTD.L,GBP,2010-09-30,2010-09-30,Q3,8417250.0,0.0,0.0,0.0,1212750.0,0.0,0.0,0.0,4877500.0,6451000.0,23000.0,226000.0,2192250.0,0.26044729573197895,1966250.0,0.23359767144851348,0.0,1963000.0,0.23321155959487957,335250.0,1627750.0,0.1933826368469512,0.02828575,0.027551,55015622,59081313,https://find-and-update.company-information.service.gov.uk/search/companies?q=Aptitude+Software+Group+PLC,https://find-and-update.company-information.service.gov.uk/search/companies?q=Aptitude+Software+Group+PLC,1620588645,15:30:45,20210509
33,2010-06-30,APTD.L,GBP,2010-06-30,2010-06-30,Q2,8417250.0,0.0,0.0,0.0,1212750.0,0.0,0.0,0.0,4877500.0,6451000.0,23000.0,226000.0,2192250.0,0.26044729573197895,1966250.0,0.23359767144851348,0.0,1963000.0,0.23321155959487957,335250.0,1627750.0,0.1933826368469512,0.02828575,0.027551,55015622,59081313,https://find-and-update.company-information.service.gov.uk/search/companies?q=Aptitude+Software+Group+PLC,https://find-and-update.company-information.service.gov.uk/search/companies?q=Aptitude+Software+Group+PLC,1620588645,15:30:45,20210509
34,2010-03-31,APTD.L,GBP,2010-03-31,2010-03-31,Q1,8417250.0,0.0,0.0,0.0,1212750.0,0.0,0.0,0.0,4877500.0,6451000.0,23000.0,226000.0,2192250.0,0.26044729573197895,1966250.0,0.23359767144851348,0.0,1963000.0,0.23321155959487957,335250.0,1627750.0,0.1933826368469512,0.02828575,0.027551,55015622,59081313,https://find-and-update.company-information.service.gov.uk/search/companies?q=Aptitude+Software+Group+PLC,https://find-and-update.company-information.service.gov.uk/search/companies?q=Aptitude+Software+Group+PLC,1620588645,15:30:45,20210509
35,2010-01-31,APTD.L,GBP,2010-01-31,2010-01-31,Q1,8417250.0,0.0,0.0,0.0,1212750.0,0.0,0.0,0.0,4877500.0,6451000.0,23000.0,226000.0,2192250.0,0.26044729573197895,1966250.0,0.23359767144851348,0.0,1963000.0,0.23321155959487957,335250.0,1627750.0,0.1933826368469512,0.02828575,0.027551,55015622,59081313,https://find-and-update.company-information.service.gov.uk/search/companies?q=Aptitude+Software+Group+PLC,https://find-and-update.company-information.service.gov.uk/search/companies?q=Aptitude+Software+Group+PLC,1620588645,15:30:45,20210509
36,2009-09-30,APTD.L,GBP,2009-09-30,2009-09-30,Q3,7265000.0,0.0,0.0,0.0,1216250.0,0.0,0.0,0.0,4252500.0,5878000.0,40000.0,290750.0,1677750.0,0.23093599449415003,1387000.0,0.19091534755677908,0.0,568250.0,0.07821748107364074,243500.0,2135500.0,0.29394356503785274,0.036,0.03526525,59138441,60555284,https://find-and-update.company-information.service.gov.uk/search/companies?q=Aptitude+Software+Group+PLC,https://find-and-update.company-information.service.gov.uk/search/companies?q=Aptitude+Software+Group+PLC,1620588645,15:30:45,20210509
37,2009-06-30,APTD.L,GBP,2009-06-30,2009-06-30,Q2,7265000.0,0.0,0.0,0.0,1216250.0,0.0,0.0,0.0,4252500.0,5878000.0,40000.0,290750.0,1677750.0,0.23093599449415003,1387000.0,0.19091534755677908,0.0,568250.0,0.07821748107364074,243500.0,2135500.0,0.29394356503785274,0.036,0.03526525,59138441,60555284,https://find-and-update.company-information.service.gov.uk/search/companies?q=Aptitude+Software+Group+PLC,https://find-and-update.company-information.service.gov.uk/search/companies?q=Aptitude+Software+Group+PLC,1620588645,15:30:45,20210509
38,2009-03-31,APTD.L,GBP,2009-03-31,2009-03-31,Q1,7265000.0,0.0,0.0,0.0,1216250.0,0.0,0.0,0.0,4252500.0,5878000.0,40000.0,290750.0,1677750.0,0.23093599449415003,1387000.0,0.19091534755677908,0.0,568250.0,0.07821748107364074,243500.0,2135500.0,0.29394356503785274,0.036,0.03526525,59138441,60555284,https://find-and-update.company-information.service.gov.uk/search/companies?q=Aptitude+Software+Group+PLC,https://find-and-update.company-information.service.gov.uk/search/companies?q=Aptitude+Software+Group+PLC,1620588645,15:30:45,20210509
39,2009-01-31,APTD.L,GBP,2009-01-31,2009-01-31,Q1,7265000.0,0.0,0.0,0.0,1216250.0,0.0,0.0,0.0,4252500.0,5878000.0,40000.0,290750.0,1677750.0,0.23093599449415003,1387000.0,0.19091534755677908,0.0,568250.0,0.07821748107364074,243500.0,2135500.0,0.29394356503785274,0.036,0.03526525,59138441,60555284,https://find-and-update.company-information.service.gov.uk/search/companies?q=Aptitude+Software+Group+PLC,https://find-and-update.company-information.service.gov.uk/search/companies?q=Aptitude+Software+Group+PLC,1620588645,15:30:45,20210509
40,2008-09-30,APTD.L,GBP,2008-09-30,2008-09-30,Q3,6665000.0,0.0,0.0,0.0,1284000.0,0.0,0.0,0.0,4210000.0,5843750.0,58250.0,277750.0,1099000.0,0.16489122280570143,821250.0,0.12321830457614404,0.0,1147500.0,0.17216804201050262,91250.0,1397750.0,0.20971492873218306,0.0205715,0.020204,68503256,69571790,https://find-and-update.company-information.service.gov.uk/search/companies?q=Aptitude+Software+Group+PLC,https://find-and-update.company-information.service.gov.uk/search/companies?q=Aptitude+Software+Group+PLC,1620588645,15:30:45,20210509
41,2008-06-30,APTD.L,GBP,2008-06-30,2008-06-30,Q2,6665000.0,0.0,0.0,0.0,1284000.0,0.0,0.0,0.0,4210000.0,5843750.0,58250.0,277750.0,1099000.0,0.16489122280570143,821250.0,0.12321830457614404,0.0,1147500.0,0.17216804201050262,91250.0,1397750.0,0.20971492873218306,0.0205715,0.020204,68503256,69571790,https://find-and-update.company-information.service.gov.uk/search/companies?q=Aptitude+Software+Group+PLC,https://find-and-update.company-information.service.gov.uk/search/companies?q=Aptitude+Software+Group+PLC,1620588645,15:30:45,20210509
42,2008-03-31,APTD.L,GBP,2008-03-31,2008-03-31,Q1,6665000.0,0.0,0.0,0.0,1284000.0,0.0,0.0,0.0,4210000.0,5843750.0,58250.0,277750.0,1099000.0,0.16489122280570143,821250.0,0.12321830457614404,0.0,1147500.0,0.17216804201050262,91250.0,1397750.0,0.20971492873218306,0.0205715,0.020204,68503256,69571790,https://find-and-update.company-information.service.gov.uk/search/companies?q=Aptitude+Software+Group+PLC,https://find-and-update.company-information.service.gov.uk/search/companies?q=Aptitude+Software+Group+PLC,1620588645,15:30:45,20210509
43,2008-01-31,APTD.L,GBP,2008-01-31,2008-01-31,Q1,6665000.0,0.0,0.0,0.0,1284000.0,0.0,0.0,0.0,4210000.0,5843750.0,58250.0,277750.0,1099000.0,0.16489122280570143,821250.0,0.12321830457614404,0.0,1147500.0,0.17216804201050262,91250.0,1397750.0,0.20971492873218306,0.0205715,0.020204,68503256,69571790,https://find-and-update.company-information.service.gov.uk/search/companies?q=Aptitude+Software+Group+PLC,https://find-and-update.company-information.service.gov.uk/search/companies?q=Aptitude+Software+Group+PLC,1620588645,15:30:45,20210509
44,2007-09-30,APTD.L,GBP,2007-09-30,2007-09-30,Q3,8317750.0,0.0,0.0,0.0,1280000.0,0.0,0.0,0.0,5259000.0,6943000.0,71500.0,259000.0,1633750.0,0.1964173003516576,1374750.0,0.1652790718643864,0.0,1057250.0,0.127107691382886,369500.0,657500.0,0.07904781942231974,0.009551,0.00918375,69563359,70386805,https://find-and-update.company-information.service.gov.uk/search/companies?q=Aptitude+Software+Group+PLC,https://find-and-update.company-information.service.gov.uk/search/companies?q=Aptitude+Software+Group+PLC,1620588645,15:30:45,20210509
45,2007-06-30,APTD.L,GBP,2007-06-30,2007-06-30,Q2,8317750.0,0.0,0.0,0.0,1280000.0,0.0,0.0,0.0,5259000.0,6943000.0,71500.0,259000.0,1633750.0,0.1964173003516576,1374750.0,0.1652790718643864,0.0,1057250.0,0.127107691382886,369500.0,657500.0,0.07904781942231974,0.009551,0.00918375,69563359,70386805,https://find-and-update.company-information.service.gov.uk/search/companies?q=Aptitude+Software+Group+PLC,https://find-and-update.company-information.service.gov.uk/search/companies?q=Aptitude+Software+Group+PLC,1620588645,15:30:45,20210509
46,2007-03-31,APTD.L,GBP,2007-03-31,2007-03-31,Q1,8317750.0,0.0,0.0,0.0,1280000.0,0.0,0.0,0.0,5259000.0,6943000.0,71500.0,259000.0,1633750.0,0.1964173003516576,1374750.0,0.1652790718643864,0.0,1057250.0,0.127107691382886,369500.0,657500.0,0.07904781942231974,0.009551,0.00918375,69563359,70386805,https://find-and-update.company-information.service.gov.uk/search/companies?q=Aptitude+Software+Group+PLC,https://find-and-update.company-information.service.gov.uk/search/companies?q=Aptitude+Software+Group+PLC,1620588645,15:30:45,20210509
47,2007-01-31,APTD.L,GBP,2007-01-31,2007-01-31,Q1,8317750.0,0.0,0.0,0.0,1280000.0,0.0,0.0,0.0,5259000.0,6943000.0,71500.0,259000.0,1633750.0,0.1964173003516576,1374750.0,0.1652790718643864,0.0,1057250.0,0.127107691382886,369500.0,657500.0,0.07904781942231974,0.009551,0.00918375,69563359,70386805,https://find-and-update.company-information.service.gov.uk/search/companies?q=Aptitude+Software+Group+PLC,https://find-and-update.company-information.service.gov.uk/search/companies?q=Aptitude+Software+Group+PLC,1620588645,15:30:45,20210509
48,2006-09-30,APTD.L,GBP,2006-09-30,2006-09-30,Q3,8175750.0,0.0,0.0,0.0,1538750.0,0.0,0.0,0.0,5095500.0,7078750.0,88750.0,275250.0,1372250.0,0.16784392869155734,1097000.0,0.1341772926031251,0.0,-2499500.0,-0.3057211876586246,405750.0,-2632750.0,-0.3220193866006177,-0.037886747930065384,-0.03755054757976362,69489997,70112160,https://find-and-update.company-information.service.gov.uk/search/companies?q=Aptitude+Software+Group+PLC,https://find-and-update.company-information.service.gov.uk/search/companies?q=Aptitude+Software+Group+PLC,1620588645,15:30:45,20210509
49,2006-06-30,APTD.L,GBP,2006-06-30,2006-06-30,Q2,8175750.0,0.0,0.0,0.0,1538750.0,0.0,0.0,0.0,5095500.0,7078750.0,88750.0,275250.0,1372250.0,0.16784392869155734,1097000.0,0.1341772926031251,0.0,-2499500.0,-0.3057211876586246,405750.0,-2632750.0,-0.3220193866006177,-0.037886747930065384,-0.03755054757976362,69489997,70112160,https://find-and-update.company-information.service.gov.uk/search/companies?q=Aptitude+Software+Group+PLC,https://find-and-update.company-information.service.gov.uk/search/companies?q=Aptitude+Software+Group+PLC,1620588645,15:30:45,20210509
50,2006-03-31,APTD.L,GBP,2006-03-31,2006-03-31,Q1,8175750.0,0.0,0.0,0.0,1538750.0,0.0,0.0,0.0,5095500.0,7078750.0,88750.0,275250.0,1372250.0,0.16784392869155734,1097000.0,0.1341772926031251,0.0,-2499500.0,-0.3057211876586246,405750.0,-2632750.0,-0.3220193866006177,-0.037886747930065384,-0.03755054757976362,69489997,70112160,https://find-and-update.company-information.service.gov.uk/search/companies?q=Aptitude+Software+Group+PLC,https://find-and-update.company-information.service.gov.uk/search/companies?q=Aptitude+Software+Group+PLC,1620588645,15:30:45,20210509
51,2006-01-31,APTD.L,GBP,2006-01-31,2006-01-31,Q1,8175750.0,0.0,0.0,0.0,1538750.0,0.0,0.0,0.0,5095500.0,7078750.0,88750.0,275250.0,1372250.0,0.16784392869155734,1097000.0,0.1341772926031251,0.0,-2499500.0,-0.3057211876586246,405750.0,-2632750.0,-0.3220193866006177,-0.037886747930065384,-0.03755054757976362,69489997,70112160,https://find-and-update.company-information.service.gov.uk/search/companies?q=Aptitude+Software+Group+PLC,https://find-and-update.company-information.service.gov.uk/search/companies?q=Aptitude+Software+Group+PLC,1620588645,15:30:45,20210509
52,2005-09-30,APTD.L,GBP,2005-09-30,2005-09-30,Q3,10195500.0,0.0,0.0,0.0,1653500.0,0.0,0.0,0.0,6373750.0,8436750.0,16500.0,247250.0,2006000.0,0.1967534696679908,1758750.0,0.1725025746652935,0.0,1382500.0,0.13559903879162374,324750.0,1057750.0,0.1037467510176058,0.0154285,0.01506125,68974415,69689730,https://find-and-update.company-information.service.gov.uk/search/companies?q=Aptitude+Software+Group+PLC,https://find-and-update.company-information.service.gov.uk/search/companies?q=Aptitude+Software+Group+PLC,1620588645,15:30:45,20210509
53,2005-06-30,APTD.L,GBP,2005-06-30,2005-06-30,Q2,10195500.0,0.0,0.0,0.0,1653500.0,0.0,0.0,0.0,6373750.0,8436750.0,16500.0,247250.0,2006000.0,0.1967534696679908,1758750.0,0.1725025746652935,0.0,1382500.0,0.13559903879162374,324750.0,1057750.0,0.1037467510176058,0.0154285,0.01506125,68974415,69689730,https://find-and-update.company-information.service.gov.uk/search/companies?q=Aptitude+Software+Group+PLC,https://find-and-update.company-information.service.gov.uk/search/companies?q=Aptitude+Software+Group+PLC,1620588645,15:30:45,20210509
54,2005-03-31,APTD.L,GBP,2005-03-31,2005-03-31,Q1,10195500.0,0.0,0.0,0.0,1653500.0,0.0,0.0,0.0,6373750.0,8436750.0,16500.0,247250.0,2006000.0,0.1967534696679908,1758750.0,0.1725025746652935,0.0,1382500.0,0.13559903879162374,324750.0,1057750.0,0.1037467510176058,0.0154285,0.01506125,68974415,69689730,https://find-and-update.company-information.service.gov.uk/search/companies?q=Aptitude+Software+Group+PLC,https://find-and-update.company-information.service.gov.uk/search/companies?q=Aptitude+Software+Group+PLC,1620588645,15:30:45,20210509
55,2005-01-31,APTD.L,GBP,2005-01-31,2005-01-31,Q1,10195500.0,0.0,0.0,0.0,1653500.0,0.0,0.0,0.0,6373750.0,8436750.0,16500.0,247250.0,2006000.0,0.1967534696679908,1758750.0,0.1725025746652935,0.0,1382500.0,0.13559903879162374,324750.0,1057750.0,0.1037467510176058,0.0154285,0.01506125,68974415,69689730,https://find-and-update.company-information.service.gov.uk/search/companies?q=Aptitude+Software+Group+PLC,https://find-and-update.company-information.service.gov.uk/search/companies?q=Aptitude+Software+Group+PLC,1620588645,15:30:45,20210509
56,2004-09-30,APTD.L,GBP,2004-09-30,2004-09-30,Q3,10611000.0,0.0,0.0,0.0,1057500.0,0.0,0.0,0.0,7913000.0,9345000.0,500.0,248750.0,1514750.0,0.14275280369427953,1266000.0,0.11931014984450099,0.0,938250.0,0.08842239185750636,225750.0,706250.0,0.06655828856846668,0.011454320300390097,0.011365976492923627,61657958,62137204,https://find-and-update.company-information.service.gov.uk/search/companies?q=Aptitude+Software+Group+PLC,https://find-and-update.company-information.service.gov.uk/search/companies?q=Aptitude+Software+Group+PLC,1620588645,15:30:45,20210509
57,2004-06-30,APTD.L,GBP,2004-06-30,2004-06-30,Q2,10611000.0,0.0,0.0,0.0,1057500.0,0.0,0.0,0.0,7913000.0,9345000.0,500.0,248750.0,1514750.0,0.14275280369427953,1266000.0,0.11931014984450099,0.0,938250.0,0.08842239185750636,225750.0,706250.0,0.06655828856846668,0.011454320300390097,0.011365976492923627,61657958,62137204,https://find-and-update.company-information.service.gov.uk/search/companies?q=Aptitude+Software+Group+PLC,https://find-and-update.company-information.service.gov.uk/search/companies?q=Aptitude+Software+Group+PLC,1620588645,15:30:45,20210509
58,2004-03-31,APTD.L,GBP,2004-03-31,2004-03-31,Q1,10611000.0,0.0,0.0,0.0,1057500.0,0.0,0.0,0.0,7913000.0,9345000.0,500.0,248750.0,1514750.0,0.14275280369427953,1266000.0,0.11931014984450099,0.0,938250.0,0.08842239185750636,225750.0,706250.0,0.06655828856846668,0.011454320300390097,0.011365976492923627,61657958,62137204,https://find-and-update.company-information.service.gov.uk/search/companies?q=Aptitude+Software+Group+PLC,https://find-and-update.company-information.service.gov.uk/search/companies?q=Aptitude+Software+Group+PLC,1620588645,15:30:45,20210509
59,2004-01-31,APTD.L,GBP,2004-01-31,2004-01-31,Q1,10611000.0,0.0,0.0,0.0,1057500.0,0.0,0.0,0.0,7913000.0,9345000.0,500.0,248750.0,1514750.0,0.14275280369427953,1266000.0,0.11931014984450099,0.0,938250.0,0.08842239185750636,225750.0,706250.0,0.06655828856846668,0.011454320300390097,0.011365976492923627,61657958,62137204,https://find-and-update.company-information.service.gov.uk/search/companies?q=Aptitude+Software+Group+PLC,https://find-and-update.company-information.service.gov.uk/search/companies?q=Aptitude+Software+Group+PLC,1620588645,15:30:45,20210509
60,2003-09-30,APTD.L,GBP,2003-09-30,2003-09-30,Q3,6604000.0,0.0,0.0,0.0,597750.0,0.0,0.0,-67000.0,4773750.0,5690750.0,22000.0,173000.0,1086250.0,0.16448364627498485,913250.0,0.13828740157480315,0.0,-589000.0,-0.08918837068443368,-96000.0,-493000.0,-0.07465172622652938,-0.011755,-0.011755,41318532,41318532,https://find-and-update.company-information.service.gov.uk/search/companies?q=Aptitude+Software+Group+PLC,https://find-and-update.company-information.service.gov.uk/search/companies?q=Aptitude+Software+Group+PLC,1620588645,15:30:45,20210509
61,2003-06-30,APTD.L,GBP,2003-06-30,2003-06-30,Q2,6604000.0,0.0,0.0,0.0,597750.0,0.0,0.0,-67000.0,4773750.0,5690750.0,22000.0,173000.0,1086250.0,0.16448364627498485,913250.0,0.13828740157480315,0.0,-589000.0,-0.08918837068443368,-96000.0,-493000.0,-0.07465172622652938,-0.011755,-0.011755,41318532,41318532,https://find-and-update.company-information.service.gov.uk/search/companies?q=Aptitude+Software+Group+PLC,https://find-and-update.company-information.service.gov.uk/search/companies?q=Aptitude+Software+Group+PLC,1620588645,15:30:45,20210509
62,2003-03-31,APTD.L,GBP,2003-03-31,2003-03-31,Q1,6604000.0,0.0,0.0,0.0,597750.0,0.0,0.0,-67000.0,4773750.0,5690750.0,22000.0,173000.0,1086250.0,0.16448364627498485,913250.0,0.13828740157480315,0.0,-589000.0,-0.08918837068443368,-96000.0,-493000.0,-0.07465172622652938,-0.011755,-0.011755,41318532,41318532,https://find-and-update.company-information.service.gov.uk/search/companies?q=Aptitude+Software+Group+PLC,https://find-and-update.company-information.service.gov.uk/search/companies?q=Aptitude+Software+Group+PLC,1620588645,15:30:45,20210509
63,2003-01-31,APTD.L,GBP,2003-01-31,2003-01-31,Q1,6604000.0,0.0,0.0,0.0,597750.0,0.0,0.0,-67000.0,4773750.0,5690750.0,22000.0,173000.0,1086250.0,0.16448364627498485,913250.0,0.13828740157480315,0.0,-589000.0,-0.08918837068443368,-96000.0,-493000.0,-0.07465172622652938,-0.011755,-0.011755,41318532,41318532,https://find-and-update.company-information.service.gov.uk/search/companies?q=Aptitude+Software+Group+PLC,https://find-and-update.company-information.service.gov.uk/search/companies?q=Aptitude+Software+Group+PLC,1620588645,15:30:45,20210509
64,2002-09-30,APTD.L,GBP,2002-09-30,2002-09-30,Q3,6333000.0,0.0,0.0,0.0,619250.0,0.0,0.0,-52500.0,4831750.0,5818750.0,54750.0,193750.0,708000.0,0.11179535765040265,514250.0,0.0812016421916943,0.0,-491000.0,-0.0775303963366493,154000.0,-645000.0,-0.10184746565608717,0.0154285,0.0154285,41723941,41723941,https://find-and-update.company-information.service.gov.uk/search/companies?q=Aptitude+Software+Group+PLC,https://find-and-update.company-information.service.gov.uk/search/companies?q=Aptitude+Software+Group+PLC,1620588645,15:30:45,20210509
65,2002-06-30,APTD.L,GBP,2002-06-30,2002-06-30,Q2,6333000.0,0.0,0.0,0.0,619250.0,0.0,0.0,-52500.0,4831750.0,5818750.0,54750.0,193750.0,708000.0,0.11179535765040265,514250.0,0.0812016421916943,0.0,-491000.0,-0.0775303963366493,154000.0,-645000.0,-0.10184746565608717,0.0154285,0.0154285,41723941,41723941,https://find-and-update.company-information.service.gov.uk/search/companies?q=Aptitude+Software+Group+PLC,https://find-and-update.company-information.service.gov.uk/search/companies?q=Aptitude+Software+Group+PLC,1620588645,15:30:45,20210509
66,2002-03-31,APTD.L,GBP,2002-03-31,2002-03-31,Q1,6333000.0,0.0,0.0,0.0,619250.0,0.0,0.0,-52500.0,4831750.0,5818750.0,54750.0,193750.0,708000.0,0.11179535765040265,514250.0,0.0812016421916943,0.0,-491000.0,-0.0775303963366493,154000.0,-645000.0,-0.10184746565608717,0.0154285,0.0154285,41723941,41723941,https://find-and-update.company-information.service.gov.uk/search/companies?q=Aptitude+Software+Group+PLC,https://find-and-update.company-information.service.gov.uk/search/companies?q=Aptitude+Software+Group+PLC,1620588645,15:30:45,20210509
67,2002-01-31,APTD.L,GBP,2002-01-31,2002-01-31,Q1,6333000.0,0.0,0.0,0.0,619250.0,0.0,0.0,-52500.0,4831750.0,5818750.0,54750.0,193750.0,708000.0,0.11179535765040265,514250.0,0.0812016421916943,0.0,-491000.0,-0.0775303963366493,154000.0,-645000.0,-0.10184746565608717,0.0154285,0.0154285,41723941,41723941,https://find-and-update.company-information.service.gov.uk/search/companies?q=Aptitude+Software+Group+PLC,https://find-and-update.company-information.service.gov.uk/search/companies?q=Aptitude+Software+Group+PLC,1620588645,15:30:45,20210509
68,2001-09-30,APTD.L,GBP,2001-09-30,2001-09-30,Q3,5252250.0,0.0,0.0,0.0,322000.0,0.0,0.0,-142750.0,4149250.0,4970750.0,37250.0,341250.0,622750.0,0.1185682326621924,281500.0,0.05359607787138845,0.0,62750.0,0.011947260697796183,-122500.0,185250.0,0.03527059831500785,0.0053153927375121915,0.0052773561906906356,34851611,35102804,https://find-and-update.company-information.service.gov.uk/search/companies?q=Aptitude+Software+Group+PLC,https://find-and-update.company-information.service.gov.uk/search/companies?q=Aptitude+Software+Group+PLC,1620588645,15:30:45,20210509
69,2001-06-30,APTD.L,GBP,2001-06-30,2001-06-30,Q2,5252250.0,0.0,0.0,0.0,322000.0,0.0,0.0,-142750.0,4149250.0,4970750.0,37250.0,341250.0,622750.0,0.1185682326621924,281500.0,0.05359607787138845,0.0,62750.0,0.011947260697796183,-122500.0,185250.0,0.03527059831500785,0.0053153927375121915,0.0052773561906906356,34851611,35102804,https://find-and-update.company-information.service.gov.uk/search/companies?q=Aptitude+Software+Group+PLC,https://find-and-update.company-information.service.gov.uk/search/companies?q=Aptitude+Software+Group+PLC,1620588645,15:30:45,20210509
70,2001-03-31,APTD.L,GBP,2001-03-31,2001-03-31,Q1,5252250.0,0.0,0.0,0.0,322000.0,0.0,0.0,-142750.0,4149250.0,4970750.0,37250.0,341250.0,622750.0,0.1185682326621924,281500.0,0.05359607787138845,0.0,62750.0,0.011947260697796183,-122500.0,185250.0,0.03527059831500785,0.0053153927375121915,0.0052773561906906356,34851611,35102804,https://find-and-update.company-information.service.gov.uk/search/companies?q=Aptitude+Software+Group+PLC,https://find-and-update.company-information.service.gov.uk/search/companies?q=Aptitude+Software+Group+PLC,1620588645,15:30:45,20210509
71,2001-01-31,APTD.L,GBP,2001-01-31,2001-01-31,Q1,5252250.0,0.0,0.0,0.0,322000.0,0.0,0.0,-142750.0,4149250.0,4970750.0,37250.0,341250.0,622750.0,0.1185682326621924,281500.0,0.05359607787138845,0.0,62750.0,0.011947260697796183,-122500.0,185250.0,0.03527059831500785,0.0053153927375121915,0.0052773561906906356,34851611,35102804,https://find-and-update.company-information.service.gov.uk/search/companies?q=Aptitude+Software+Group+PLC,https://find-and-update.company-information.service.gov.uk/search/companies?q=Aptitude+Software+Group+PLC,1620588645,15:30:45,20210509
72,2000-09-30,APTD.L,GBP,2000-09-30,2000-09-30,Q3,6336000.0,0.0,0.0,0.0,284000.0,0.0,0.0,0.0,4675500.0,5645500.0,85250.0,458000.0,1148500.0,0.18126578282828282,690500.0,0.1089804292929293,0.0,-771500.0,-0.12176452020202021,-89500.0,-682000.0,-0.1076388888888889,-0.019797743695855567,-0.01912921459091221,34448370,35652274,https://find-and-update.company-information.service.gov.uk/search/companies?q=Aptitude+Software+Group+PLC,https://find-and-update.company-information.service.gov.uk/search/companies?q=Aptitude+Software+Group+PLC,1620588645,15:30:45,20210509
73,2000-06-30,APTD.L,GBP,2000-06-30,2000-06-30,Q2,6336000.0,0.0,0.0,0.0,284000.0,0.0,0.0,0.0,4675500.0,5645500.0,85250.0,458000.0,1148500.0,0.18126578282828282,690500.0,0.1089804292929293,0.0,-771500.0,-0.12176452020202021,-89500.0,-682000.0,-0.1076388888888889,-0.019797743695855567,-0.01912921459091221,34448370,35652274,https://find-and-update.company-information.service.gov.uk/search/companies?q=Aptitude+Software+Group+PLC,https://find-and-update.company-information.service.gov.uk/search/companies?q=Aptitude+Software+Group+PLC,1620588645,15:30:45,20210509
74,2000-03-31,APTD.L,GBP,2000-03-31,2000-03-31,Q1,6336000.0,0.0,0.0,0.0,284000.0,0.0,0.0,0.0,4675500.0,5645500.0,85250.0,458000.0,1148500.0,0.18126578282828282,690500.0,0.1089804292929293,0.0,-771500.0,-0.12176452020202021,-89500.0,-682000.0,-0.1076388888888889,-0.019797743695855567,-0.01912921459091221,34448370,35652274,https://find-and-update.company-information.service.gov.uk/search/companies?q=Aptitude+Software+Group+PLC,https://find-and-update.company-information.service.gov.uk/search/companies?q=Aptitude+Software+Group+PLC,1620588645,15:30:45,20210509
75,2000-01-31,APTD.L,GBP,2000-01-31,2000-01-31,Q1,6336000.0,0.0,0.0,0.0,284000.0,0.0,0.0,0.0,4675500.0,5645500.0,85250.0,458000.0,1148500.0,0.18126578282828282,690500.0,0.1089804292929293,0.0,-771500.0,-0.12176452020202021,-89500.0,-682000.0,-0.1076388888888889,-0.019797743695855567,-0.01912921459091221,34448370,35652274,https://find-and-update.company-information.service.gov.uk/search/companies?q=Aptitude+Software+Group+PLC,https://find-and-update.company-information.service.gov.uk/search/companies?q=Aptitude+Software+Group+PLC,1620588645,15:30:45,20210509
76,1999-09-30,APTD.L,GBP,1999-09-30,1999-09-30,Q3,7831000.0,0.0,0.0,0.0,104750.0,0.0,0.0,0.0,6830250.0,7798250.0,138500.0,576250.0,609000.0,0.07776784574128463,32750.0,0.004182096794789938,0.0,602500.0,0.07693781126292938,155000.0,447500.0,0.05714468139445792,0.01359175,0.0132245,32854509,33639190,https://find-and-update.company-information.service.gov.uk/search/companies?q=Aptitude+Software+Group+PLC,https://find-and-update.company-information.service.gov.uk/search/companies?q=Aptitude+Software+Group+PLC,1620588645,15:30:45,20210509
77,1999-06-30,APTD.L,GBP,1999-06-30,1999-06-30,Q2,7831000.0,0.0,0.0,0.0,104750.0,0.0,0.0,0.0,6830250.0,7798250.0,138500.0,576250.0,609000.0,0.07776784574128463,32750.0,0.004182096794789938,0.0,602500.0,0.07693781126292938,155000.0,447500.0,0.05714468139445792,0.01359175,0.0132245,32854509,33639190,https://find-and-update.company-information.service.gov.uk/search/companies?q=Aptitude+Software+Group+PLC,https://find-and-update.company-information.service.gov.uk/search/companies?q=Aptitude+Software+Group+PLC,1620588645,15:30:45,20210509
78,1999-03-31,APTD.L,GBP,1999-03-31,1999-03-31,Q1,7831000.0,0.0,0.0,0.0,104750.0,0.0,0.0,0.0,6830250.0,7798250.0,138500.0,576250.0,609000.0,0.07776784574128463,32750.0,0.004182096794789938,0.0,602500.0,0.07693781126292938,155000.0,447500.0,0.05714468139445792,0.01359175,0.0132245,32854509,33639190,https://find-and-update.company-information.service.gov.uk/search/companies?q=Aptitude+Software+Group+PLC,https://find-and-update.company-information.service.gov.uk/search/companies?q=Aptitude+Software+Group+PLC,1620588645,15:30:45,20210509
79,1999-01-31,APTD.L,GBP,1999-01-31,1999-01-31,Q1,7831000.0,0.0,0.0,0.0,104750.0,0.0,0.0,0.0,6830250.0,7798250.0,138500.0,576250.0,609000.0,0.07776784574128463,32750.0,0.004182096794789938,0.0,602500.0,0.07693781126292938,155000.0,447500.0,0.05714468139445792,0.01359175,0.0132245,32854509,33639190,https://find-and-update.company-information.service.gov.uk/search/companies?q=Aptitude+Software+Group+PLC,https://find-and-update.company-information.service.gov.uk/search/companies?q=Aptitude+Software+Group+PLC,1620588645,15:30:45,20210509
80,1997-09-30,APTD.L,GBP,1997-09-30,1997-09-30,Q3,16599500.0,0.0,0.0,0.0,113000.0,0.0,0.0,0.0,13586250.0,16224000.0,57500.0,1462750.0,1838250.0,0.11074128738817435,375500.0,0.022621163288050843,0.0,1331000.0,0.0801831380463267,452500.0,873000.0,0.05259194554052833,0.031631,0.031631,27511954,27511954,https://find-and-update.company-information.service.gov.uk/search/companies?q=Aptitude+Software+Group+PLC,https://find-and-update.company-information.service.gov.uk/search/companies?q=Aptitude+Software+Group+PLC,1620588645,15:30:45,20210509
81,1997-06-30,APTD.L,GBP,1997-06-30,1997-06-30,Q2,16599500.0,0.0,0.0,0.0,113000.0,0.0,0.0,0.0,13586250.0,16224000.0,57500.0,1462750.0,1838250.0,0.11074128738817435,375500.0,0.022621163288050843,0.0,1331000.0,0.0801831380463267,452500.0,873000.0,0.05259194554052833,0.031631,0.031631,27511954,27511954,https://find-and-update.company-information.service.gov.uk/search/companies?q=Aptitude+Software+Group+PLC,https://find-and-update.company-information.service.gov.uk/search/companies?q=Aptitude+Software+Group+PLC,1620588645,15:30:45,20210509
82,1997-03-31,APTD.L,GBP,1997-03-31,1997-03-31,Q1,16599500.0,0.0,0.0,0.0,113000.0,0.0,0.0,0.0,13586250.0,16224000.0,57500.0,1462750.0,1838250.0,0.11074128738817435,375500.0,0.022621163288050843,0.0,1331000.0,0.0801831380463267,452500.0,873000.0,0.05259194554052833,0.031631,0.031631,27511954,27511954,https://find-and-update.company-information.service.gov.uk/search/companies?q=Aptitude+Software+Group+PLC,https://find-and-update.company-information.service.gov.uk/search/companies?q=Aptitude+Software+Group+PLC,1620588645,15:30:45,20210509
83,1997-01-31,APTD.L,GBP,1997-01-31,1997-01-31,Q1,16599500.0,0.0,0.0,0.0,113000.0,0.0,0.0,0.0,13586250.0,16224000.0,57500.0,1462750.0,1838250.0,0.11074128738817435,375500.0,0.022621163288050843,0.0,1331000.0,0.0801831380463267,452500.0,873000.0,0.05259194554052833,0.031631,0.031631,27511954,27511954,https://find-and-update.company-information.service.gov.uk/search/companies?q=Aptitude+Software+Group+PLC,https://find-and-update.company-information.service.gov.uk/search/companies?q=Aptitude+Software+Group+PLC,1620588645,15:30:45,20210509
84,1996-09-30,APTD.L,GBP,1996-09-30,1996-09-30,Q3,18347750.0,0.0,0.0,0.0,1000.0,0.0,0.0,0.0,13403750.0,16184750.0,24000.0,1612250.0,3775250.0,0.20576092436402282,2163000.0,0.11788911446907659,0.0,2195750.0,0.119674074477797,694000.0,1487500.0,0.08107261108310283,0.054276,0.054276,27491089,27491089,https://find-and-update.company-information.service.gov.uk/search/companies?q=Aptitude+Software+Group+PLC,https://find-and-update.company-information.service.gov.uk/search/companies?q=Aptitude+Software+Group+PLC,1620588645,15:30:45,20210509
85,1996-06-30,APTD.L,GBP,1996-06-30,1996-06-30,Q2,18347750.0,0.0,0.0,0.0,1000.0,0.0,0.0,0.0,13403750.0,16184750.0,24000.0,1612250.0,3775250.0,0.20576092436402282,2163000.0,0.11788911446907659,0.0,2195750.0,0.119674074477797,694000.0,1487500.0,0.08107261108310283,0.054276,0.054276,27491089,27491089,https://find-and-update.company-information.service.gov.uk/search/companies?q=Aptitude+Software+Group+PLC,https://find-and-update.company-information.service.gov.uk/search/companies?q=Aptitude+Software+Group+PLC,1620588645,15:30:45,20210509
86,1996-03-31,APTD.L,GBP,1996-03-31,1996-03-31,Q1,18347750.0,0.0,0.0,0.0,1000.0,0.0,0.0,0.0,13403750.0,16184750.0,24000.0,1612250.0,3775250.0,0.20576092436402282,2163000.0,0.11788911446907659,0.0,2195750.0,0.119674074477797,694000.0,1487500.0,0.08107261108310283,0.054276,0.054276,27491089,27491089,https://find-and-update.company-information.service.gov.uk/search/companies?q=Aptitude+Software+Group+PLC,https://find-and-update.company-information.service.gov.uk/search/companies?q=Aptitude+Software+Group+PLC,1620588645,15:30:45,20210509
87,1996-01-31,APTD.L,GBP,1996-01-31,1996-01-31,Q1,18347750.0,0.0,0.0,0.0,1000.0,0.0,0.0,0.0,13403750.0,16184750.0,24000.0,1612250.0,3775250.0,0.20576092436402282,2163000.0,0.11788911446907659,0.0,2195750.0,0.119674074477797,694000.0,1487500.0,0.08107261108310283,0.054276,0.054276,27491089,27491089,https://find-and-update.company-information.service.gov.uk/search/companies?q=Aptitude+Software+Group+PLC,https://find-and-update.company-information.service.gov.uk/search/companies?q=Aptitude+Software+Group+PLC,1620588645,15:30:45,20210509
88,1995-09-30,APTD.L,GBP,1995-09-30,1995-09-30,Q3,17257250.0,0.0,0.0,0.0,92000.0,0.0,0.0,0.0,12826250.0,15125000.0,96250.0,1680000.0,3812250.0,0.22090715496385577,2132250.0,0.12355676599689985,0.0,2095750.0,0.12144171290327253,605750.0,1461750.0,0.08470353040026656,0.05319775,0.05319775,27424319,27424319,https://find-and-update.company-information.service.gov.uk/search/companies?q=Aptitude+Software+Group+PLC,https://find-and-update.company-information.service.gov.uk/search/companies?q=Aptitude+Software+Group+PLC,1620588645,15:30:45,20210509
89,1995-06-30,APTD.L,GBP,1995-06-30,1995-06-30,Q2,17257250.0,0.0,0.0,0.0,92000.0,0.0,0.0,0.0,12826250.0,15125000.0,96250.0,1680000.0,3812250.0,0.22090715496385577,2132250.0,0.12355676599689985,0.0,2095750.0,0.12144171290327253,605750.0,1461750.0,0.08470353040026656,0.05319775,0.05319775,27424319,27424319,https://find-and-update.company-information.service.gov.uk/search/companies?q=Aptitude+Software+Group+PLC,https://find-and-update.company-information.service.gov.uk/search/companies?q=Aptitude+Software+Group+PLC,1620588645,15:30:45,20210509
90,1995-03-31,APTD.L,GBP,1995-03-31,1995-03-31,Q1,17257250.0,0.0,0.0,0.0,92000.0,0.0,0.0,0.0,12826250.0,15125000.0,96250.0,1680000.0,3812250.0,0.22090715496385577,2132250.0,0.12355676599689985,0.0,2095750.0,0.12144171290327253,605750.0,1461750.0,0.08470353040026656,0.05319775,0.05319775,27424319,27424319,https://find-and-update.company-information.service.gov.uk/search/companies?q=Aptitude+Software+Group+PLC,https://find-and-update.company-information.service.gov.uk/search/companies?q=Aptitude+Software+Group+PLC,1620588645,15:30:45,20210509
91,1995-01-31,APTD.L,GBP,1995-01-31,1995-01-31,Q1,17257250.0,0.0,0.0,0.0,92000.0,0.0,0.0,0.0,12826250.0,15125000.0,96250.0,1680000.0,3812250.0,0.22090715496385577,2132250.0,0.12355676599689985,0.0,2095750.0,0.12144171290327253,605750.0,1461750.0,0.08470353040026656,0.05319775,0.05319775,27424319,27424319,https://find-and-update.company-information.service.gov.uk/search/companies?q=Aptitude+Software+Group+PLC,https://find-and-update.company-information.service.gov.uk/search/companies?q=Aptitude+Software+Group+PLC,1620588645,15:30:45,20210509
92,1994-09-30,APTD.L,GBP,1994-09-30,1994-09-30,Q3,14693500.0,0.0,0.0,0.0,77750.0,0.0,0.0,0.0,11003500.0,12927000.0,49000.0,1370250.0,3136750.0,0.21347874910674788,1766500.0,0.12022322795794059,0.0,1543250.0,0.1050294347840882,529000.0,988250.0,0.06725763092523905,0.03594425,0.03594425,27421537,27421537,https://find-and-update.company-information.service.gov.uk/search/companies?q=Aptitude+Software+Group+PLC,https://find-and-update.company-information.service.gov.uk/search/companies?q=Aptitude+Software+Group+PLC,1620588645,15:30:45,20210509
93,1994-06-30,APTD.L,GBP,1994-06-30,1994-06-30,Q2,14693500.0,0.0,0.0,0.0,77750.0,0.0,0.0,0.0,11003500.0,12927000.0,49000.0,1370250.0,3136750.0,0.21347874910674788,1766500.0,0.12022322795794059,0.0,1543250.0,0.1050294347840882,529000.0,988250.0,0.06725763092523905,0.03594425,0.03594425,27421537,27421537,https://find-and-update.company-information.service.gov.uk/search/companies?q=Aptitude+Software+Group+PLC,https://find-and-update.company-information.service.gov.uk/search/companies?q=Aptitude+Software+Group+PLC,1620588645,15:30:45,20210509
94,1994-03-31,APTD.L,GBP,1994-03-31,1994-03-31,Q1,14693500.0,0.0,0.0,0.0,77750.0,0.0,0.0,0.0,11003500.0,12927000.0,49000.0,1370250.0,3136750.0,0.21347874910674788,1766500.0,0.12022322795794059,0.0,1543250.0,0.1050294347840882,529000.0,988250.0,0.06725763092523905,0.03594425,0.03594425,27421537,27421537,https://find-and-update.company-information.service.gov.uk/search/companies?q=Aptitude+Software+Group+PLC,https://find-and-update.company-information.service.gov.uk/search/companies?q=Aptitude+Software+Group+PLC,1620588645,15:30:45,20210509
95,1994-01-31,APTD.L,GBP,1994-01-31,1994-01-31,Q1,14693500.0,0.0,0.0,0.0,77750.0,0.0,0.0,0.0,11003500.0,12927000.0,49000.0,1370250.0,3136750.0,0.21347874910674788,1766500.0,0.12022322795794059,0.0,1543250.0,0.1050294347840882,529000.0,988250.0,0.06725763092523905,0.03594425,0.03594425,27421537,27421537,https://find-and-update.company-information.service.gov.uk/search/companies?q=Aptitude+Software+Group+PLC,https://find-and-update.company-information.service.gov.uk/search/companies?q=Aptitude+Software+Group+PLC,1620588645,15:30:45,20210509
96,1993-09-30,APTD.L,GBP,1993-09-30,1993-09-30,Q3,13337750.0,0.0,0.0,0.0,112250.0,0.0,0.0,0.0,9906500.0,11633000.0,40750.0,1289000.0,2993750.0,0.2244568986523214,1704750.0,0.12781391164176867,0.0,1675000.0,0.12558340049858485,618250.0,1035250.0,0.07761803902457311,0.0377415,0.0377415,27336683,27336683,https://find-and-update.company-information.service.gov.uk/search/companies?q=Aptitude+Software+Group+PLC,https://find-and-update.company-information.service.gov.uk/search/companies?q=Aptitude+Software+Group+PLC,1620588645,15:30:45,20210509
97,1993-06-30,APTD.L,GBP,1993-06-30,1993-06-30,Q2,13337750.0,0.0,0.0,0.0,112250.0,0.0,0.0,0.0,9906500.0,11633000.0,40750.0,1289000.0,2993750.0,0.2244568986523214,1704750.0,0.12781391164176867,0.0,1675000.0,0.12558340049858485,618250.0,1035250.0,0.07761803902457311,0.0377415,0.0377415,27336683,27336683,https://find-and-update.company-information.service.gov.uk/search/companies?q=Aptitude+Software+Group+PLC,https://find-and-update.company-information.service.gov.uk/search/companies?q=Aptitude+Software+Group+PLC,1620588645,15:30:45,20210509
98,1993-03-31,APTD.L,GBP,1993-03-31,1993-03-31,Q1,13337750.0,0.0,0.0,0.0,112250.0,0.0,0.0,0.0,9906500.0,11633000.0,40750.0,1289000.0,2993750.0,0.2244568986523214,1704750.0,0.12781391164176867,0.0,1675000.0,0.12558340049858485,618250.0,1035250.0,0.07761803902457311,0.0377415,0.0377415,27336683,27336683,https://find-and-update.company-information.service.gov.uk/search/companies?q=Aptitude+Software+Group+PLC,https://find-and-update.company-information.service.gov.uk/search/companies?q=Aptitude+Software+Group+PLC,1620588645,15:30:45,20210509
99,1993-01-31,APTD.L,GBP,1993-01-31,1993-01-31,Q1,13337750.0,0.0,0.0,0.0,112250.0,0.0,0.0,0.0,9906500.0,11633000.0,40750.0,1289000.0,2993750.0,0.2244568986523214,1704750.0,0.12781391164176867,0.0,1675000.0,0.12558340049858485,618250.0,1035250.0,0.07761803902457311,0.0377415,0.0377415,27336683,27336683,https://find-and-update.company-information.service.gov.uk/search/companies?q=Aptitude+Software+Group+PLC,https://find-and-update.company-information.service.gov.uk/search/companies?q=Aptitude+Software+Group+PLC,1620588645,15:30:45,20210509
100,1992-09-30,APTD.L,GBP,1992-09-30,1992-09-30,Q3,12329000.0,0.0,0.0,0.0,133000.0,0.0,0.0,0.0,8527750.0,10113000.0,71000.0,1211250.0,3427250.0,0.27798280476924325,2216000.0,0.17973882715548706,0.0,2060750.0,0.1671465650093276,702500.0,1347500.0,0.10929515775813124,0.04960325,0.04960325,27138460,27138460,https://find-and-update.company-information.service.gov.uk/search/companies?q=Aptitude+Software+Group+PLC,https://find-and-update.company-information.service.gov.uk/search/companies?q=Aptitude+Software+Group+PLC,1620588645,15:30:45,20210509
101,1992-06-30,APTD.L,GBP,1992-06-30,1992-06-30,Q2,12329000.0,0.0,0.0,0.0,133000.0,0.0,0.0,0.0,8527750.0,10113000.0,71000.0,1211250.0,3427250.0,0.27798280476924325,2216000.0,0.17973882715548706,0.0,2060750.0,0.1671465650093276,702500.0,1347500.0,0.10929515775813124,0.04960325,0.04960325,27138460,27138460,https://find-and-update.company-information.service.gov.uk/search/companies?q=Aptitude+Software+Group+PLC,https://find-and-update.company-information.service.gov.uk/search/companies?q=Aptitude+Software+Group+PLC,1620588645,15:30:45,20210509
102,1992-03-31,APTD.L,GBP,1992-03-31,1992-03-31,Q1,12329000.0,0.0,0.0,0.0,133000.0,0.0,0.0,0.0,8527750.0,10113000.0,71000.0,1211250.0,3427250.0,0.27798280476924325,2216000.0,0.17973882715548706,0.0,2060750.0,0.1671465650093276,702500.0,1347500.0,0.10929515775813124,0.04960325,0.04960325,27138460,27138460,https://find-and-update.company-information.service.gov.uk/search/companies?q=Aptitude+Software+Group+PLC,https://find-and-update.company-information.service.gov.uk/search/companies?q=Aptitude+Software+Group+PLC,1620588645,15:30:45,20210509
103,1992-01-31,APTD.L,GBP,1992-01-31,1992-01-31,Q1,12329000.0,0.0,0.0,0.0,133000.0,0.0,0.0,0.0,8527750.0,10113000.0,71000.0,1211250.0,3427250.0,0.27798280476924325,2216000.0,0.17973882715548706,0.0,2060750.0,0.1671465650093276,702500.0,1347500.0,0.10929515775813124,0.04960325,0.04960325,27138460,27138460,https://find-and-update.company-information.service.gov.uk/search/companies?q=Aptitude+Software+Group+PLC,https://find-and-update.company-information.service.gov.uk/search/companies?q=Aptitude+Software+Group+PLC,1620588645,15:30:45,20210509
104,1991-09-30,APTD.L,GBP,1991-09-30,1991-09-30,Q3,11933750.0,0.0,0.0,0.0,59250.0,0.0,0.0,0.0,10487250.0,11860500.0,158000.0,1160250.0,1233500.0,0.10336231276840892,73250.0,0.006138053838902273,0.0,1820750.0,0.15257148842568347,634500.0,870750.0,0.07296532942285534,0.0321085,0.0321085,27118986,27118986,https://find-and-update.company-information.service.gov.uk/search/companies?q=Aptitude+Software+Group+PLC,https://find-and-update.company-information.service.gov.uk/search/companies?q=Aptitude+Software+Group+PLC,1620588645,15:30:45,20210509
105,1991-06-30,APTD.L,GBP,1991-06-30,1991-06-30,Q2,11933750.0,0.0,0.0,0.0,59250.0,0.0,0.0,0.0,10487250.0,11860500.0,158000.0,1160250.0,1233500.0,0.10336231276840892,73250.0,0.006138053838902273,0.0,1820750.0,0.15257148842568347,634500.0,870750.0,0.07296532942285534,0.0321085,0.0321085,27118986,27118986,https://find-and-update.company-information.service.gov.uk/search/companies?q=Aptitude+Software+Group+PLC,https://find-and-update.company-information.service.gov.uk/search/companies?q=Aptitude+Software+Group+PLC,1620588645,15:30:45,20210509
106,1991-03-31,APTD.L,GBP,1991-03-31,1991-03-31,Q1,11933750.0,0.0,0.0,0.0,59250.0,0.0,0.0,0.0,10487250.0,11860500.0,158000.0,1160250.0,1233500.0,0.10336231276840892,73250.0,0.006138053838902273,0.0,1820750.0,0.15257148842568347,634500.0,870750.0,0.07296532942285534,0.0321085,0.0321085,27118986,27118986,https://find-and-update.company-information.service.gov.uk/search/companies?q=Aptitude+Software+Group+PLC,https://find-and-update.company-information.service.gov.uk/search/companies?q=Aptitude+Software+Group+PLC,1620588645,15:30:45,20210509
107,1991-01-31,APTD.L,GBP,1991-01-31,1991-01-31,Q1,11933750.0,0.0,0.0,0.0,59250.0,0.0,0.0,0.0,10487250.0,11860500.0,158000.0,1160250.0,1233500.0,0.10336231276840892,73250.0,0.006138053838902273,0.0,1820750.0,0.15257148842568347,634500.0,870750.0,0.07296532942285534,0.0321085,0.0321085,27118986,27118986,https://find-and-update.company-information.service.gov.uk/search/companies?q=Aptitude+Software+Group+PLC,https://find-and-update.company-information.service.gov.uk/search/companies?q=Aptitude+Software+Group+PLC,1620588645,15:30:45,20210509
108,1990-09-30,APTD.L,GBP,1990-09-30,1990-09-30,Q3,11778750.0,0.0,0.0,0.0,0.0,0.0,0.0,0.0,10731500.0,11778750.0,128000.0,992250.0,3246250.0,3.628417404697728,0.0,0.0,0.0,2126000.0,0.18049453464926243,810750.0,1507500.0,0.1279847182425979,0.05591825,0.05591825,26959016,26959016,https://find-and-update.company-information.service.gov.uk/search/companies?q=Aptitude+Software+Group+PLC,https://find-and-update.company-information.service.gov.uk/search/companies?q=Aptitude+Software+Group+PLC,1620588645,15:30:45,20210509
109,1990-06-30,APTD.L,GBP,1990-06-30,1990-06-30,Q2,11778750.0,0.0,0.0,0.0,0.0,0.0,0.0,0.0,10731500.0,11778750.0,128000.0,992250.0,3246250.0,3.628417404697728,0.0,0.0,0.0,2126000.0,0.18049453464926243,810750.0,1507500.0,0.1279847182425979,0.05591825,0.05591825,26959016,26959016,https://find-and-update.company-information.service.gov.uk/search/companies?q=Aptitude+Software+Group+PLC,https://find-and-update.company-information.service.gov.uk/search/companies?q=Aptitude+Software+Group+PLC,1620588645,15:30:45,20210509
110,1990-03-31,APTD.L,GBP,1990-03-31,1990-03-31,Q1,11778750.0,0.0,0.0,0.0,0.0,0.0,0.0,0.0,10731500.0,11778750.0,128000.0,992250.0,3246250.0,3.628417404697728,0.0,0.0,0.0,2126000.0,0.18049453464926243,810750.0,1507500.0,0.1279847182425979,0.05591825,0.05591825,26959016,26959016,https://find-and-update.company-information.service.gov.uk/search/companies?q=Aptitude+Software+Group+PLC,https://find-and-update.company-information.service.gov.uk/search/companies?q=Aptitude+Software+Group+PLC,1620588645,15:30:45,20210509
111,1990-01-31,APTD.L,GBP,1990-01-31,1990-01-31,Q1,11778750.0,0.0,0.0,0.0,0.0,0.0,0.0,0.0,10731500.0,11778750.0,128000.0,992250.0,3246250.0,3.628417404697728,0.0,0.0,0.0,2126000.0,0.18049453464926243,810750.0,1507500.0,0.1279847182425979,0.05591825,0.05591825,26959016,26959016,https://find-and-update.company-information.service.gov.uk/search/companies?q=Aptitude+Software+Group+PLC,https://find-and-update.company-information.service.gov.uk/search/companies?q=Aptitude+Software+Group+PLC,1620588645,15:30:45,20210509
112,1989-09-30,APTD.L,GBP,1989-09-30,1989-09-30,Q3,11267750.0,0.0,0.0,0.0,0.0,0.0,0.0,0.0,10230750.0,11267750.0,66750.0,973250.0,2834750.0,3.9748655084222593,0.0,0.0,0.0,1794750.0,0.15928202169909697,708750.0,863000.0,0.07659026868718244,0.03207025,0.03207025,26909635,26909635,https://find-and-update.company-information.service.gov.uk/search/companies?q=Aptitude+Software+Group+PLC,https://find-and-update.company-information.service.gov.uk/search/companies?q=Aptitude+Software+Group+PLC,1620588645,15:30:45,20210509
113,1989-06-30,APTD.L,GBP,1989-06-30,1989-06-30,Q2,11267750.0,0.0,0.0,0.0,0.0,0.0,0.0,0.0,10230750.0,11267750.0,66750.0,973250.0,2834750.0,3.9748655084222593,0.0,0.0,0.0,1794750.0,0.15928202169909697,708750.0,863000.0,0.07659026868718244,0.03207025,0.03207025,26909635,26909635,https://find-and-update.company-information.service.gov.uk/search/companies?q=Aptitude+Software+Group+PLC,https://find-and-update.company-information.service.gov.uk/search/companies?q=Aptitude+Software+Group+PLC,1620588645,15:30:45,20210509
114,1989-03-31,APTD.L,GBP,1989-03-31,1989-03-31,Q1,11267750.0,0.0,0.0,0.0,0.0,0.0,0.0,0.0,10230750.0,11267750.0,66750.0,973250.0,2834750.0,3.9748655084222593,0.0,0.0,0.0,1794750.0,0.15928202169909697,708750.0,863000.0,0.07659026868718244,0.03207025,0.03207025,26909635,26909635,https://find-and-update.company-information.service.gov.uk/search/companies?q=Aptitude+Software+Group+PLC,https://find-and-update.company-information.service.gov.uk/search/companies?q=Aptitude+Software+Group+PLC,1620588645,15:30:45,20210509
115,1989-01-31,APTD.L,GBP,1989-01-31,1989-01-31,Q1,11267750.0,0.0,0.0,0.0,0.0,0.0,0.0,0.0,10230750.0,11267750.0,66750.0,973250.0,2834750.0,3.9748655084222593,0.0,0.0,0.0,1794750.0,0.15928202169909697,708750.0,863000.0,0.07659026868718244,0.03207025,0.03207025,26909635,26909635,https://find-and-update.company-information.service.gov.uk/search/companies?q=Aptitude+Software+Group+PLC,https://find-and-update.company-information.service.gov.uk/search/companies?q=Aptitude+Software+Group+PLC,1620588645,15:30:45,20210509
116,1988-09-30,APTD.L,GBP,1988-09-30,1988-09-30,Q3,9881500.0,0.0,0.0,0.0,0.0,0.0,0.0,0.0,9146000.0,9881500.0,47500.0,716000.0,3273250.0,3.018865042389063,0.0,0.0,0.0,2509750.0,0.25398471891919244,858750.0,1609000.0,0.16282952992966654,0.0618055,0.0618055,26033281,26033281,https://find-and-update.company-information.service.gov.uk/search/companies?q=Aptitude+Software+Group+PLC,https://find-and-update.company-information.service.gov.uk/search/companies?q=Aptitude+Software+Group+PLC,1620588645,15:30:45,20210509
117,1988-06-30,APTD.L,GBP,1988-06-30,1988-06-30,Q2,9881500.0,0.0,0.0,0.0,0.0,0.0,0.0,0.0,9146000.0,9881500.0,47500.0,716000.0,3273250.0,3.018865042389063,0.0,0.0,0.0,2509750.0,0.25398471891919244,858750.0,1609000.0,0.16282952992966654,0.0618055,0.0618055,26033281,26033281,https://find-and-update.company-information.service.gov.uk/search/companies?q=Aptitude+Software+Group+PLC,https://find-and-update.company-information.service.gov.uk/search/companies?q=Aptitude+Software+Group+PLC,1620588645,15:30:45,20210509
118,1988-03-31,APTD.L,GBP,1988-03-31,1988-03-31,Q1,9881500.0,0.0,0.0,0.0,0.0,0.0,0.0,0.0,9146000.0,9881500.0,47500.0,716000.0,3273250.0,3.018865042389063,0.0,0.0,0.0,2509750.0,0.25398471891919244,858750.0,1609000.0,0.16282952992966654,0.0618055,0.0618055,26033281,26033281,https://find-and-update.company-information.service.gov.uk/search/companies?q=Aptitude+Software+Group+PLC,https://find-and-update.company-information.service.gov.uk/search/companies?q=Aptitude+Software+Group+PLC,1620588645,15:30:45,20210509
119,1988-01-31,APTD.L,GBP,1988-01-31,1988-01-31,Q1,9881500.0,0.0,0.0,0.0,0.0,0.0,0.0,0.0,9146000.0,9881500.0,47500.0,716000.0,3273250.0,3.018865042389063,0.0,0.0,0.0,2509750.0,0.25398471891919244,858750.0,1609000.0,0.16282952992966654,0.0618055,0.0618055,26033281,26033281,https://find-and-update.company-information.service.gov.uk/search/companies?q=Aptitude+Software+Group+PLC,https://find-and-update.company-information.service.gov.uk/search/companies?q=Aptitude+Software+Group+PLC,1620588645,15:30:45,20210509
120,1987-09-30,APTD.L,GBP,1987-09-30,1987-09-30,Q3,8340250.0,0.0,0.0,0.0,0.0,0.0,0.0,0.0,7767750.0,8340250.0,43000.0,572500.0,2993750.0,2.7858872651356994,0.0,0.0,0.0,2378250.0,0.285153322742124,823250.0,1548500.0,0.18566589730523667,0.08005725,0.08005725,19342386,19342386,https://find-and-update.company-information.service.gov.uk/search/companies?q=Aptitude+Software+Group+PLC,https://find-and-update.company-information.service.gov.uk/search/companies?q=Aptitude+Software+Group+PLC,1620588645,15:30:45,20210509
121,1987-06-30,APTD.L,GBP,1987-06-30,1987-06-30,Q2,8340250.0,0.0,0.0,0.0,0.0,0.0,0.0,0.0,7767750.0,8340250.0,43000.0,572500.0,2993750.0,2.7858872651356994,0.0,0.0,0.0,2378250.0,0.285153322742124,823250.0,1548500.0,0.18566589730523667,0.08005725,0.08005725,19342386,19342386,https://find-and-update.company-information.service.gov.uk/search/companies?q=Aptitude+Software+Group+PLC,https://find-and-update.company-information.service.gov.uk/search/companies?q=Aptitude+Software+Group+PLC,1620588645,15:30:45,20210509
122,1987-03-31,APTD.L,GBP,1987-03-31,1987-03-31,Q1,8340250.0,0.0,0.0,0.0,0.0,0.0,0.0,0.0,7767750.0,8340250.0,43000.0,572500.0,2993750.0,2.7858872651356994,0.0,0.0,0.0,2378250.0,0.285153322742124,823250.0,1548500.0,0.18566589730523667,0.08005725,0.08005725,19342386,19342386,https://find-and-update.company-information.service.gov.uk/search/companies?q=Aptitude+Software+Group+PLC,https://find-and-update.company-information.service.gov.uk/search/companies?q=Aptitude+Software+Group+PLC,1620588645,15:30:45,20210509
123,1987-01-31,APTD.L,GBP,1987-01-31,1987-01-31,Q1,8340250.0,0.0,0.0,0.0,0.0,0.0,0.0,0.0,7767750.0,8340250.0,43000.0,572500.0,2993750.0,2.7858872651356994,0.0,0.0,0.0,2378250.0,0.285153322742124,823250.0,1548500.0,0.18566589730523667,0.08005725,0.08005725,19342386,19342386,https://find-and-update.company-information.service.gov.uk/search/companies?q=Aptitude+Software+Group+PLC,https://find-and-update.company-information.service.gov.uk/search/companies?q=Aptitude+Software+Group+PLC,1620588645,15:30:45,20210509
124,1986-09-30,APTD.L,GBP,1986-09-30,1986-09-30,Q3,6606750.0,0.0,0.0,0.0,0.0,0.0,0.0,0.0,6159750.0,6606750.0,25500.0,407750.0,2236750.0,2.9537275064267354,0.0,0.0,0.0,1803500.0,0.2729783933098725,637750.0,1155250.0,0.17485904567298596,0.04568175,0.04568175,25289075,25289075,https://find-and-update.company-information.service.gov.uk/search/companies?q=Aptitude+Software+Group+PLC,https://find-and-update.company-information.service.gov.uk/search/companies?q=Aptitude+Software+Group+PLC,1620588645,15:30:45,20210509
125,1986-06-30,APTD.L,GBP,1986-06-30,1986-06-30,Q2,6606750.0,0.0,0.0,0.0,0.0,0.0,0.0,0.0,6159750.0,6606750.0,25500.0,407750.0,2236750.0,2.9537275064267354,0.0,0.0,0.0,1803500.0,0.2729783933098725,637750.0,1155250.0,0.17485904567298596,0.04568175,0.04568175,25289075,25289075,https://find-and-update.company-information.service.gov.uk/search/companies?q=Aptitude+Software+Group+PLC,https://find-and-update.company-information.service.gov.uk/search/companies?q=Aptitude+Software+Group+PLC,1620588645,15:30:45,20210509
126,1986-03-31,APTD.L,GBP,1986-03-31,1986-03-31,Q1,6606750.0,0.0,0.0,0.0,0.0,0.0,0.0,0.0,6159750.0,6606750.0,25500.0,407750.0,2236750.0,2.9537275064267354,0.0,0.0,0.0,1803500.0,0.2729783933098725,637750.0,1155250.0,0.17485904567298596,0.04568175,0.04568175,25289075,25289075,https://find-and-update.company-information.service.gov.uk/search/companies?q=Aptitude+Software+Group+PLC,https://find-and-update.company-information.service.gov.uk/search/companies?q=Aptitude+Software+Group+PLC,1620588645,15:30:45,20210509
127,1986-01-31,APTD.L,GBP,1986-01-31,1986-01-31,Q1,6606750.0,0.0,0.0,0.0,0.0,0.0,0.0,0.0,6159750.0,6606750.0,25500.0,407750.0,2236750.0,2.9537275064267354,0.0,0.0,0.0,1803500.0,0.2729783933098725,637750.0,1155250.0,0.17485904567298596,0.04568175,0.04568175,25289075,25289075,https://find-and-update.company-information.service.gov.uk/search/companies?q=Aptitude+Software+Group+PLC,https://find-and-update.company-information.service.gov.uk/search/companies?q=Aptitude+Software+Group+PLC,1620588645,15:30:45,20210509
128,1985-09-30,APTD.L,GBP,1985-09-30,1985-09-30,Q3,5778500.0,0.0,0.0,0.0,0.0,0.0,0.0,0.0,5429250.0,5778500.0,52500.0,322750.0,1640750.0,3.5218650007618466,0.0,0.0,0.0,1265500.0,0.2190014709699749,485000.0,713500.0,0.12347495024660379,0.02878375,0.02878375,24788301,24788301,https://find-and-update.company-information.service.gov.uk/search/companies?q=Aptitude+Software+Group+PLC,https://find-and-update.company-information.service.gov.uk/search/companies?q=Aptitude+Software+Group+PLC,1620588645,15:30:45,20210509
129,1985-06-30,APTD.L,GBP,1985-06-30,1985-06-30,Q2,5778500.0,0.0,0.0,0.0,0.0,0.0,0.0,0.0,5429250.0,5778500.0,52500.0,322750.0,1640750.0,3.5218650007618466,0.0,0.0,0.0,1265500.0,0.2190014709699749,485000.0,713500.0,0.12347495024660379,0.02878375,0.02878375,24788301,24788301,https://find-and-update.company-information.service.gov.uk/search/companies?q=Aptitude+Software+Group+PLC,https://find-and-update.company-information.service.gov.uk/search/companies?q=Aptitude+Software+Group+PLC,1620588645,15:30:45,20210509
130,1985-03-31,APTD.L,GBP,1985-03-31,1985-03-31,Q1,5778500.0,0.0,0.0,0.0,0.0,0.0,0.0,0.0,5429250.0,5778500.0,52500.0,322750.0,1640750.0,3.5218650007618466,0.0,0.0,0.0,1265500.0,0.2190014709699749,485000.0,713500.0,0.12347495024660379,0.02878375,0.02878375,24788301,24788301,https://find-and-update.company-information.service.gov.uk/search/companies?q=Aptitude+Software+Group+PLC,https://find-and-update.company-information.service.gov.uk/search/companies?q=Aptitude+Software+Group+PLC,1620588645,15:30:45,20210509
131,1985-01-31,APTD.L,GBP,1985-01-31,1985-01-31,Q1,5778500.0,0.0,0.0,0.0,0.0,0.0,0.0,0.0,5429250.0,5778500.0,52500.0,322750.0,1640750.0,3.5218650007618466,0.0,0.0,0.0,1265500.0,0.2190014709699749,485000.0,713500.0,0.12347495024660379,0.02878375,0.02878375,24788301,24788301,https://find-and-update.company-information.service.gov.uk/search/companies?q=Aptitude+Software+Group+PLC,https://find-and-update.company-information.service.gov.uk/search/companies?q=Aptitude+Software+Group+PLC,1620588645,15:30:45,20210509
