,date,symbol,reportedCurrency,fillingDate,acceptedDate,period,revenue,costOfRevenue,grossProfit,grossProfitRatio,researchAndDevelopmentExpenses,generalAndAdministrativeExpenses,sellingAndMarketingExpenses,otherExpenses,operatingExpenses,costAndExpenses,interestExpense,depreciationAndAmortization,ebitda,ebitdaratio,operatingIncome,operatingIncomeRatio,totalOtherIncomeExpensesNet,incomeBeforeTax,incomeBeforeTaxRatio,incomeTaxExpense,netIncome,netIncomeRatio,eps,epsdiluted,weightedAverageShsOut,weightedAverageShsOutDil,link,finalLink,timestamp,est_time,est_date
0,2020-09-30,BEN.AX,AUD,2020-09-30,2020-09-30,Q3,387375000,0.0,0.0,0.0,0.0,152100000.0,7900000.0,16150000.0,0.0,0.0,234100000,31375000.0,0.0,0.0,0.0,0.0,0.0,71525000.0,0.18464020651823168,23325000.0,48200000.0,0.12442723459180381,0.09856770087770243,0.09856770087770243,489004000,489004000,,,1620589284,15:41:24,20210509
1,2020-06-30,BEN.AX,AUD,2020-06-30,2020-06-30,Q2,387375000,0.0,0.0,0.0,0.0,152100000.0,7900000.0,16150000.0,0.0,0.0,234100000,31375000.0,0.0,0.0,0.0,0.0,0.0,71525000.0,0.18464020651823168,23325000.0,48200000.0,0.12442723459180381,0.09856770087770243,0.09856770087770243,489004000,489004000,,,1620589284,15:41:24,20210509
2,2020-03-31,BEN.AX,AUD,2020-03-31,2020-03-31,Q1,387375000,0.0,0.0,0.0,0.0,152100000.0,7900000.0,16150000.0,0.0,0.0,234100000,31375000.0,0.0,0.0,0.0,0.0,0.0,71525000.0,0.18464020651823168,23325000.0,48200000.0,0.12442723459180381,0.09856770087770243,0.09856770087770243,489004000,489004000,,,1620589284,15:41:24,20210509
3,2020-01-31,BEN.AX,AUD,2020-01-31,2020-01-31,Q1,387375000,0.0,0.0,0.0,0.0,152100000.0,7900000.0,16150000.0,0.0,0.0,234100000,31375000.0,0.0,0.0,0.0,0.0,0.0,71525000.0,0.18464020651823168,23325000.0,48200000.0,0.12442723459180381,0.09856770087770243,0.09856770087770243,489004000,489004000,,,1620589284,15:41:24,20210509
4,2019-06-30,BEN.AX,AUD,2019-06-30,2019-06-30,Q2,378750000,0.0,0.0,0.0,0.0,143925000.0,7375000.0,5350000.0,0.0,0.0,338425000,14125000.0,0.0,0.0,0.0,0.0,0.0,138000000.0,0.36435643564356435,43800000.0,94200000.0,0.2487128712871287,0.19275,0.17425,489004000,540602582,,,1620589284,15:41:24,20210509
5,2019-03-31,BEN.AX,AUD,2019-03-31,2019-03-31,Q1,378750000,0.0,0.0,0.0,0.0,143925000.0,7375000.0,5350000.0,0.0,0.0,338425000,14125000.0,0.0,0.0,0.0,0.0,0.0,138000000.0,0.36435643564356435,43800000.0,94200000.0,0.2487128712871287,0.19275,0.17425,489004000,540602582,,,1620589284,15:41:24,20210509
6,2019-01-31,BEN.AX,AUD,2019-01-31,2019-01-31,Q1,378750000,0.0,0.0,0.0,0.0,143925000.0,7375000.0,5350000.0,0.0,0.0,338425000,14125000.0,0.0,0.0,0.0,0.0,0.0,138000000.0,0.36435643564356435,43800000.0,94200000.0,0.2487128712871287,0.19275,0.17425,489004000,540602582,,,1620589284,15:41:24,20210509
7,2018-06-30,BEN.AX,AUD,2018-06-30,2018-06-30,Q2,382400000,0.0,0.0,0.0,0.0,145725000.0,7000000.0,10725000.0,0.0,0.0,338600000,14150000.0,0.0,0.0,0.0,0.0,0.0,158625000.0,0.4148143305439331,50000000.0,108625000.0,0.2840611924686193,0.22475,0.203,483353000,535098522,,,1620589284,15:41:24,20210509
8,2018-03-31,BEN.AX,AUD,2018-03-31,2018-03-31,Q1,382400000,0.0,0.0,0.0,0.0,145725000.0,7000000.0,10725000.0,0.0,0.0,338600000,14150000.0,0.0,0.0,0.0,0.0,0.0,158625000.0,0.4148143305439331,50000000.0,108625000.0,0.2840611924686193,0.22475,0.203,483353000,535098522,,,1620589284,15:41:24,20210509
9,2018-01-31,BEN.AX,AUD,2018-01-31,2018-01-31,Q1,382400000,0.0,0.0,0.0,0.0,145725000.0,7000000.0,10725000.0,0.0,0.0,338600000,14150000.0,0.0,0.0,0.0,0.0,0.0,158625000.0,0.4148143305439331,50000000.0,108625000.0,0.2840611924686193,0.22475,0.203,483353000,535098522,,,1620589284,15:41:24,20210509
10,2017-06-30,BEN.AX,AUD,2017-06-30,2017-06-30,Q2,357675000,0.0,0.0,0.0,0.0,142675000.0,7075000.0,36300000.0,0.0,0.0,351275000,15075000.0,0.0,0.0,0.0,0.0,0.0,157075000.0,0.4391556580694765,49675000.0,107400000.0,0.30027259383518556,0.22725,0.20725,472416000,518214717,,,1620589284,15:41:24,20210509
11,2017-03-31,BEN.AX,AUD,2017-03-31,2017-03-31,Q1,357675000,0.0,0.0,0.0,0.0,142675000.0,7075000.0,36300000.0,0.0,0.0,351275000,15075000.0,0.0,0.0,0.0,0.0,0.0,157075000.0,0.4391556580694765,49675000.0,107400000.0,0.30027259383518556,0.22725,0.20725,472416000,518214717,,,1620589284,15:41:24,20210509
12,2017-01-31,BEN.AX,AUD,2017-01-31,2017-01-31,Q1,357675000,0.0,0.0,0.0,0.0,142675000.0,7075000.0,36300000.0,0.0,0.0,351275000,15075000.0,0.0,0.0,0.0,0.0,0.0,157075000.0,0.4391556580694765,49675000.0,107400000.0,0.30027259383518556,0.22725,0.20725,472416000,518214717,,,1620589284,15:41:24,20210509
13,2016-06-30,BEN.AX,AUD,2016-06-30,2016-06-30,Q2,346650000,0.0,0.0,0.0,0.0,142475000.0,7725000.0,32150000.0,0.0,0.0,381675000,14125000.0,0.0,0.0,0.0,0.0,0.0,151725000.0,0.4376893119861532,47825000.0,103900000.0,0.29972594836290206,0.226,0.20325,459536000,511193112,,,1620589284,15:41:24,20210509
14,2016-03-31,BEN.AX,AUD,2016-03-31,2016-03-31,Q1,346650000,0.0,0.0,0.0,0.0,142475000.0,7725000.0,32150000.0,0.0,0.0,381675000,14125000.0,0.0,0.0,0.0,0.0,0.0,151725000.0,0.4376893119861532,47825000.0,103900000.0,0.29972594836290206,0.226,0.20325,459536000,511193112,,,1620589284,15:41:24,20210509
15,2016-01-31,BEN.AX,AUD,2016-01-31,2016-01-31,Q1,346650000,0.0,0.0,0.0,0.0,142475000.0,7725000.0,32150000.0,0.0,0.0,381675000,14125000.0,0.0,0.0,0.0,0.0,0.0,151725000.0,0.4376893119861532,47825000.0,103900000.0,0.29972594836290206,0.226,0.20325,459536000,511193112,,,1620589284,15:41:24,20210509
16,2015-09-30,BEN.AX,AUD,2015-09-30,2015-09-30,Q3,349800000,0.0,0.0,0.0,0.0,138625000.0,8275000.0,27225000.0,0.0,0.0,440275000,14625000.0,0.0,0.0,0.0,0.0,0.0,147375000.0,0.42131217838765006,41400000.0,105975000.0,0.302958833619211,0.23125,0.21825,454457000,481557847,,,1620589284,15:41:24,20210509
17,2015-06-30,BEN.AX,AUD,2015-06-30,2015-06-30,Q2,349800000,0.0,0.0,0.0,0.0,138625000.0,8275000.0,27225000.0,0.0,0.0,440275000,14625000.0,0.0,0.0,0.0,0.0,0.0,147375000.0,0.42131217838765006,41400000.0,105975000.0,0.302958833619211,0.23125,0.21825,454457000,481557847,,,1620589284,15:41:24,20210509
18,2015-03-31,BEN.AX,AUD,2015-03-31,2015-03-31,Q1,349800000,0.0,0.0,0.0,0.0,138625000.0,8275000.0,27225000.0,0.0,0.0,440275000,14625000.0,0.0,0.0,0.0,0.0,0.0,147375000.0,0.42131217838765006,41400000.0,105975000.0,0.302958833619211,0.23125,0.21825,454457000,481557847,,,1620589284,15:41:24,20210509
19,2015-01-31,BEN.AX,AUD,2015-01-31,2015-01-31,Q1,349800000,0.0,0.0,0.0,0.0,138625000.0,8275000.0,27225000.0,0.0,0.0,440275000,14625000.0,0.0,0.0,0.0,0.0,0.0,147375000.0,0.42131217838765006,41400000.0,105975000.0,0.302958833619211,0.23125,0.21825,454457000,481557847,,,1620589284,15:41:24,20210509
20,2014-09-30,BEN.AX,AUD,2014-09-30,2014-09-30,Q3,328650000,0.0,0.0,0.0,0.0,137375000.0,8150000.0,20850000.0,0.0,0.0,452500000,13925000.0,0.0,0.0,0.0,0.0,0.0,134125000.0,0.4081089304731477,41050000.0,93075000.0,0.28320401643085347,0.21925,0.209,417934000,438516746,,,1620589284,15:41:24,20210509
21,2014-06-30,BEN.AX,AUD,2014-06-30,2014-06-30,Q2,328650000,0.0,0.0,0.0,0.0,137375000.0,8150000.0,20850000.0,0.0,0.0,452500000,13925000.0,0.0,0.0,0.0,0.0,0.0,134125000.0,0.4081089304731477,41050000.0,93075000.0,0.28320401643085347,0.21925,0.209,417934000,438516746,,,1620589284,15:41:24,20210509
22,2014-03-31,BEN.AX,AUD,2014-03-31,2014-03-31,Q1,328650000,0.0,0.0,0.0,0.0,137375000.0,8150000.0,20850000.0,0.0,0.0,452500000,13925000.0,0.0,0.0,0.0,0.0,0.0,134125000.0,0.4081089304731477,41050000.0,93075000.0,0.28320401643085347,0.21925,0.209,417934000,438516746,,,1620589284,15:41:24,20210509
23,2014-01-31,BEN.AX,AUD,2014-01-31,2014-01-31,Q1,328650000,0.0,0.0,0.0,0.0,137375000.0,8150000.0,20850000.0,0.0,0.0,452500000,13925000.0,0.0,0.0,0.0,0.0,0.0,134125000.0,0.4081089304731477,41050000.0,93075000.0,0.28320401643085347,0.21925,0.209,417934000,438516746,,,1620589284,15:41:24,20210509
24,2013-09-30,BEN.AX,AUD,2013-09-30,2013-09-30,Q3,300050000,0.0,0.0,0.0,0.0,117450000.0,8000000.0,24775000.0,0.0,0.0,511550000,13600000.0,0.0,0.0,0.0,0.0,0.0,121900000.0,0.4062656223962673,33825000.0,88075000.0,0.2935344109315114,0.21225,0.19475,407409000,443902439,,,1620589284,15:41:24,20210509
25,2013-06-30,BEN.AX,AUD,2013-06-30,2013-06-30,Q2,300050000,0.0,0.0,0.0,0.0,117450000.0,8000000.0,24775000.0,0.0,0.0,511550000,13600000.0,0.0,0.0,0.0,0.0,0.0,121900000.0,0.4062656223962673,33825000.0,88075000.0,0.2935344109315114,0.21225,0.19475,407409000,443902439,,,1620589284,15:41:24,20210509
26,2013-03-31,BEN.AX,AUD,2013-03-31,2013-03-31,Q1,300050000,0.0,0.0,0.0,0.0,117450000.0,8000000.0,24775000.0,0.0,0.0,511550000,13600000.0,0.0,0.0,0.0,0.0,0.0,121900000.0,0.4062656223962673,33825000.0,88075000.0,0.2935344109315114,0.21225,0.19475,407409000,443902439,,,1620589284,15:41:24,20210509
27,2013-01-31,BEN.AX,AUD,2013-01-31,2013-01-31,Q1,300050000,0.0,0.0,0.0,0.0,117450000.0,8000000.0,24775000.0,0.0,0.0,511550000,13600000.0,0.0,0.0,0.0,0.0,0.0,121900000.0,0.4062656223962673,33825000.0,88075000.0,0.2935344109315114,0.21225,0.19475,407409000,443902439,,,1620589284,15:41:24,20210509
28,2012-09-30,BEN.AX,AUD,2012-09-30,2012-09-30,Q3,284550000,0.0,0.0,0.0,0.0,123525000.0,7650000.0,7775000.0,0.0,0.0,622675000,15550000.0,0.0,0.0,0.0,0.0,0.0,81525000.0,0.28650500790722194,32775000.0,48750000.0,0.1713231418028466,0.1215,0.11925,383464000,390985325,,,1620589284,15:41:24,20210509
29,2012-06-30,BEN.AX,AUD,2012-06-30,2012-06-30,Q2,284550000,0.0,0.0,0.0,0.0,123525000.0,7650000.0,7775000.0,0.0,0.0,622675000,15550000.0,0.0,0.0,0.0,0.0,0.0,81525000.0,0.28650500790722194,32775000.0,48750000.0,0.1713231418028466,0.1215,0.11925,383464000,390985325,,,1620589284,15:41:24,20210509
30,2012-03-31,BEN.AX,AUD,2012-03-31,2012-03-31,Q1,284550000,0.0,0.0,0.0,0.0,123525000.0,7650000.0,7775000.0,0.0,0.0,622675000,15550000.0,0.0,0.0,0.0,0.0,0.0,81525000.0,0.28650500790722194,32775000.0,48750000.0,0.1713231418028466,0.1215,0.11925,383464000,390985325,,,1620589284,15:41:24,20210509
31,2012-01-31,BEN.AX,AUD,2012-01-31,2012-01-31,Q1,284550000,0.0,0.0,0.0,0.0,123525000.0,7650000.0,7775000.0,0.0,0.0,622675000,15550000.0,0.0,0.0,0.0,0.0,0.0,81525000.0,0.28650500790722194,32775000.0,48750000.0,0.1713231418028466,0.1215,0.11925,383464000,390985325,,,1620589284,15:41:24,20210509
32,2011-09-30,BEN.AX,AUD,2011-09-30,2011-09-30,Q3,284825000,0.0,0.0,0.0,0.0,118950000.0,4150000.0,7100000.0,0.0,0.0,611500000,14825000.0,0.0,0.0,0.0,0.0,0.0,106125000.0,0.3725972088124287,19475000.0,85525000.0,0.3002720969016062,0.22875,0.216,364334000,385879630,,,1620589284,15:41:24,20210509
33,2011-06-30,BEN.AX,AUD,2011-06-30,2011-06-30,Q2,284825000,0.0,0.0,0.0,0.0,118950000.0,4150000.0,7100000.0,0.0,0.0,611500000,14825000.0,0.0,0.0,0.0,0.0,0.0,106125000.0,0.3725972088124287,19475000.0,85525000.0,0.3002720969016062,0.22875,0.216,364334000,385879630,,,1620589284,15:41:24,20210509
34,2011-03-31,BEN.AX,AUD,2011-03-31,2011-03-31,Q1,284825000,0.0,0.0,0.0,0.0,118950000.0,4150000.0,7100000.0,0.0,0.0,611500000,14825000.0,0.0,0.0,0.0,0.0,0.0,106125000.0,0.3725972088124287,19475000.0,85525000.0,0.3002720969016062,0.22875,0.216,364334000,385879630,,,1620589284,15:41:24,20210509
35,2011-01-31,BEN.AX,AUD,2011-01-31,2011-01-31,Q1,284825000,0.0,0.0,0.0,0.0,118950000.0,4150000.0,7100000.0,0.0,0.0,611500000,14825000.0,0.0,0.0,0.0,0.0,0.0,106125000.0,0.3725972088124287,19475000.0,85525000.0,0.3002720969016062,0.22875,0.216,364334000,385879630,,,1620589284,15:41:24,20210509
36,2010-09-30,BEN.AX,AUD,2010-09-30,2010-09-30,Q3,257900000,0.0,0.0,0.0,0.0,117900000.0,13900000.0,-7350000.0,0.0,0.0,464400000,12900000.0,0.0,0.0,0.0,0.0,0.0,87675000.0,0.33995734780922837,22700000.0,60650000.0,0.2351686700271423,0.1685,0.15725,349243000,374085851,,,1620589284,15:41:24,20210509
37,2010-06-30,BEN.AX,AUD,2010-06-30,2010-06-30,Q2,257900000,0.0,0.0,0.0,0.0,117900000.0,13900000.0,-7350000.0,0.0,0.0,464400000,12900000.0,0.0,0.0,0.0,0.0,0.0,87675000.0,0.33995734780922837,22700000.0,60650000.0,0.2351686700271423,0.1685,0.15725,349243000,374085851,,,1620589284,15:41:24,20210509
38,2010-03-31,BEN.AX,AUD,2010-03-31,2010-03-31,Q1,257900000,0.0,0.0,0.0,0.0,117900000.0,13900000.0,-7350000.0,0.0,0.0,464400000,12900000.0,0.0,0.0,0.0,0.0,0.0,87675000.0,0.33995734780922837,22700000.0,60650000.0,0.2351686700271423,0.1685,0.15725,349243000,374085851,,,1620589284,15:41:24,20210509
39,2010-01-31,BEN.AX,AUD,2010-01-31,2010-01-31,Q1,257900000,0.0,0.0,0.0,0.0,117900000.0,13900000.0,-7350000.0,0.0,0.0,464400000,12900000.0,0.0,0.0,0.0,0.0,0.0,87675000.0,0.33995734780922837,22700000.0,60650000.0,0.2351686700271423,0.1685,0.15725,349243000,374085851,,,1620589284,15:41:24,20210509
40,2009-09-30,BEN.AX,AUD,2009-09-30,2009-09-30,Q3,194775000,0.0,0.0,0.0,0.0,129300000.0,3300000.0,-6775000.0,0.0,0.0,629925000,12775000.0,0.0,0.0,0.0,0.0,0.0,29825000.0,0.15312540110383777,8875000.0,20950000.0,0.10756000513412912,0.06325725,0.06325725,293181005,293181005,,,1620589284,15:41:24,20210509
41,2009-06-30,BEN.AX,AUD,2009-06-30,2009-06-30,Q2,194775000,0.0,0.0,0.0,0.0,129300000.0,3300000.0,-6775000.0,0.0,0.0,629925000,12775000.0,0.0,0.0,0.0,0.0,0.0,29825000.0,0.15312540110383777,8875000.0,20950000.0,0.10756000513412912,0.06325725,0.06325725,293181005,293181005,,,1620589284,15:41:24,20210509
42,2009-03-31,BEN.AX,AUD,2009-03-31,2009-03-31,Q1,194775000,0.0,0.0,0.0,0.0,129300000.0,3300000.0,-6775000.0,0.0,0.0,629925000,12775000.0,0.0,0.0,0.0,0.0,0.0,29825000.0,0.15312540110383777,8875000.0,20950000.0,0.10756000513412912,0.06325725,0.06325725,293181005,293181005,,,1620589284,15:41:24,20210509
43,2009-01-31,BEN.AX,AUD,2009-01-31,2009-01-31,Q1,194775000,0.0,0.0,0.0,0.0,129300000.0,3300000.0,-6775000.0,0.0,0.0,629925000,12775000.0,0.0,0.0,0.0,0.0,0.0,29825000.0,0.15312540110383777,8875000.0,20950000.0,0.10756000513412912,0.06325725,0.06325725,293181005,293181005,,,1620589284,15:41:24,20210509
44,2008-09-30,BEN.AX,AUD,2008-09-30,2008-09-30,Q3,182775000,0.0,0.0,0.0,0.0,105175000.0,4225000.0,6375000.0,0.0,0.0,522850000,5950000.0,0.0,0.0,0.0,0.0,0.0,61650000.0,0.3372999589659417,18850000.0,42625000.0,0.23321023115852824,0.18483,0.184583,218058382,218465411,,,1620589284,15:41:24,20210509
45,2008-06-30,BEN.AX,AUD,2008-06-30,2008-06-30,Q2,182775000,0.0,0.0,0.0,0.0,105175000.0,4225000.0,6375000.0,0.0,0.0,522850000,5950000.0,0.0,0.0,0.0,0.0,0.0,61650000.0,0.3372999589659417,18850000.0,42625000.0,0.23321023115852824,0.18483,0.184583,218058382,218465411,,,1620589284,15:41:24,20210509
46,2008-03-31,BEN.AX,AUD,2008-03-31,2008-03-31,Q1,182775000,0.0,0.0,0.0,0.0,105175000.0,4225000.0,6375000.0,0.0,0.0,522850000,5950000.0,0.0,0.0,0.0,0.0,0.0,61650000.0,0.3372999589659417,18850000.0,42625000.0,0.23321023115852824,0.18483,0.184583,218058382,218465411,,,1620589284,15:41:24,20210509
47,2008-01-31,BEN.AX,AUD,2008-01-31,2008-01-31,Q1,182775000,0.0,0.0,0.0,0.0,105175000.0,4225000.0,6375000.0,0.0,0.0,522850000,5950000.0,0.0,0.0,0.0,0.0,0.0,61650000.0,0.3372999589659417,18850000.0,42625000.0,0.23321023115852824,0.18483,0.184583,218058382,218465411,,,1620589284,15:41:24,20210509
48,2007-09-30,BEN.AX,AUD,2007-09-30,2007-09-30,Q3,127075000,0.0,0.0,0.0,0.0,78675000.0,2725000.0,2850000.0,0.0,0.0,175375000,4600000.0,0.0,0.0,0.0,0.0,0.0,44475000.0,0.34999016328939603,14050000.0,30450000.0,0.2396222703128074,0.20237425,0.20039725,144555826,145960025,,,1620589284,15:41:24,20210509
49,2007-06-30,BEN.AX,AUD,2007-06-30,2007-06-30,Q2,127075000,0.0,0.0,0.0,0.0,78675000.0,2725000.0,2850000.0,0.0,0.0,175375000,4600000.0,0.0,0.0,0.0,0.0,0.0,44475000.0,0.34999016328939603,14050000.0,30450000.0,0.2396222703128074,0.20237425,0.20039725,144555826,145960025,,,1620589284,15:41:24,20210509
50,2007-03-31,BEN.AX,AUD,2007-03-31,2007-03-31,Q1,127075000,0.0,0.0,0.0,0.0,78675000.0,2725000.0,2850000.0,0.0,0.0,175375000,4600000.0,0.0,0.0,0.0,0.0,0.0,44475000.0,0.34999016328939603,14050000.0,30450000.0,0.2396222703128074,0.20237425,0.20039725,144555826,145960025,,,1620589284,15:41:24,20210509
51,2007-01-31,BEN.AX,AUD,2007-01-31,2007-01-31,Q1,127075000,0.0,0.0,0.0,0.0,78675000.0,2725000.0,2850000.0,0.0,0.0,175375000,4600000.0,0.0,0.0,0.0,0.0,0.0,44475000.0,0.34999016328939603,14050000.0,30450000.0,0.2396222703128074,0.20237425,0.20039725,144555826,145960025,,,1620589284,15:41:24,20210509
52,2006-09-30,BEN.AX,AUD,2006-09-30,2006-09-30,Q3,111050000,0.0,0.0,0.0,0.0,65675000.0,2925000.0,4500000.0,0.0,0.0,148100000,2000000.0,0.0,0.0,0.0,0.0,0.0,39550000.0,0.3561458802341288,12250000.0,27300000.0,0.24583520936515083,0.19273725,0.19273725,141701982,141701982,,,1620589284,15:41:24,20210509
53,2006-06-30,BEN.AX,AUD,2006-06-30,2006-06-30,Q2,111050000,0.0,0.0,0.0,0.0,65675000.0,2925000.0,4500000.0,0.0,0.0,148100000,2000000.0,0.0,0.0,0.0,0.0,0.0,39550000.0,0.3561458802341288,12250000.0,27300000.0,0.24583520936515083,0.19273725,0.19273725,141701982,141701982,,,1620589284,15:41:24,20210509
54,2006-03-31,BEN.AX,AUD,2006-03-31,2006-03-31,Q1,111050000,0.0,0.0,0.0,0.0,65675000.0,2925000.0,4500000.0,0.0,0.0,148100000,2000000.0,0.0,0.0,0.0,0.0,0.0,39550000.0,0.3561458802341288,12250000.0,27300000.0,0.24583520936515083,0.19273725,0.19273725,141701982,141701982,,,1620589284,15:41:24,20210509
55,2006-01-31,BEN.AX,AUD,2006-01-31,2006-01-31,Q1,111050000,0.0,0.0,0.0,0.0,65675000.0,2925000.0,4500000.0,0.0,0.0,148100000,2000000.0,0.0,0.0,0.0,0.0,0.0,39550000.0,0.3561458802341288,12250000.0,27300000.0,0.24583520936515083,0.19273725,0.19273725,141701982,141701982,,,1620589284,15:41:24,20210509
56,2005-09-30,BEN.AX,AUD,2005-09-30,2005-09-30,Q3,102625000,0.0,0.0,0.0,0.0,58775000.0,6300000.0,-775000.0,0.0,0.0,121650000,4825000.0,0.0,0.0,0.0,0.0,0.0,32850000.0,0.32009744214372715,32850000.0,75000.0,0.000730816077953715,0.15913175,0.15913175,142040147,142040147,,,1620589284,15:41:24,20210509
57,2005-06-30,BEN.AX,AUD,2005-06-30,2005-06-30,Q2,102625000,0.0,0.0,0.0,0.0,58775000.0,6300000.0,-775000.0,0.0,0.0,121650000,4825000.0,0.0,0.0,0.0,0.0,0.0,32850000.0,0.32009744214372715,32850000.0,75000.0,0.000730816077953715,0.15913175,0.15913175,142040147,142040147,,,1620589284,15:41:24,20210509
58,2005-03-31,BEN.AX,AUD,2005-03-31,2005-03-31,Q1,102625000,0.0,0.0,0.0,0.0,58775000.0,6300000.0,-775000.0,0.0,0.0,121650000,4825000.0,0.0,0.0,0.0,0.0,0.0,32850000.0,0.32009744214372715,32850000.0,75000.0,0.000730816077953715,0.15913175,0.15913175,142040147,142040147,,,1620589284,15:41:24,20210509
59,2005-01-31,BEN.AX,AUD,2005-01-31,2005-01-31,Q1,102625000,0.0,0.0,0.0,0.0,58775000.0,6300000.0,-775000.0,0.0,0.0,121650000,4825000.0,0.0,0.0,0.0,0.0,0.0,32850000.0,0.32009744214372715,32850000.0,75000.0,0.000730816077953715,0.15913175,0.15913175,142040147,142040147,,,1620589284,15:41:24,20210509
60,2004-09-30,BEN.AX,AUD,2004-09-30,2004-09-30,Q3,91025000,0.0,0.0,0.0,0.0,52150000.0,5600000.0,2400000.0,0.0,0.0,90475000,4375000.0,0.0,0.0,0.0,0.0,0.0,28825000.0,0.3166712441636913,28825000.0,75000.0,0.0008239494644328481,0.14875375,0.14875375,134140368,134140368,,,1620589284,15:41:24,20210509
61,2004-06-30,BEN.AX,AUD,2004-06-30,2004-06-30,Q2,91025000,0.0,0.0,0.0,0.0,52150000.0,5600000.0,2400000.0,0.0,0.0,90475000,4375000.0,0.0,0.0,0.0,0.0,0.0,28825000.0,0.3166712441636913,28825000.0,75000.0,0.0008239494644328481,0.14875375,0.14875375,134140368,134140368,,,1620589284,15:41:24,20210509
62,2004-03-31,BEN.AX,AUD,2004-03-31,2004-03-31,Q1,91025000,0.0,0.0,0.0,0.0,52150000.0,5600000.0,2400000.0,0.0,0.0,90475000,4375000.0,0.0,0.0,0.0,0.0,0.0,28825000.0,0.3166712441636913,28825000.0,75000.0,0.0008239494644328481,0.14875375,0.14875375,134140368,134140368,,,1620589284,15:41:24,20210509
63,2004-01-31,BEN.AX,AUD,2004-01-31,2004-01-31,Q1,91025000,0.0,0.0,0.0,0.0,52150000.0,5600000.0,2400000.0,0.0,0.0,90475000,4375000.0,0.0,0.0,0.0,0.0,0.0,28825000.0,0.3166712441636913,28825000.0,75000.0,0.0008239494644328481,0.14875375,0.14875375,134140368,134140368,,,1620589284,15:41:24,20210509
64,2003-09-30,BEN.AX,AUD,2003-09-30,2003-09-30,Q3,80930750,0.0,0.0,0.0,0.0,46864250.0,1954000.0,-372250.0,0.0,0.0,69586250,3832250.0,0.0,0.0,0.0,0.0,0.0,22320750.0,0.2758006073093355,22320750.0,-8250.0,-0.00010193900340723397,0.11564225,0.11564225,127474320,127474320,,,1620589284,15:41:24,20210509
65,2003-06-30,BEN.AX,AUD,2003-06-30,2003-06-30,Q2,80930750,0.0,0.0,0.0,0.0,46864250.0,1954000.0,-372250.0,0.0,0.0,69586250,3832250.0,0.0,0.0,0.0,0.0,0.0,22320750.0,0.2758006073093355,22320750.0,-8250.0,-0.00010193900340723397,0.11564225,0.11564225,127474320,127474320,,,1620589284,15:41:24,20210509
66,2003-03-31,BEN.AX,AUD,2003-03-31,2003-03-31,Q1,80930750,0.0,0.0,0.0,0.0,46864250.0,1954000.0,-372250.0,0.0,0.0,69586250,3832250.0,0.0,0.0,0.0,0.0,0.0,22320750.0,0.2758006073093355,22320750.0,-8250.0,-0.00010193900340723397,0.11564225,0.11564225,127474320,127474320,,,1620589284,15:41:24,20210509
67,2003-01-31,BEN.AX,AUD,2003-01-31,2003-01-31,Q1,80930750,0.0,0.0,0.0,0.0,46864250.0,1954000.0,-372250.0,0.0,0.0,69586250,3832250.0,0.0,0.0,0.0,0.0,0.0,22320750.0,0.2758006073093355,22320750.0,-8250.0,-0.00010193900340723397,0.11564225,0.11564225,127474320,127474320,,,1620589284,15:41:24,20210509
68,2002-09-30,BEN.AX,AUD,2002-09-30,2002-09-30,Q3,66247250,0.0,0.0,0.0,0.0,43639750.0,0.0,455750.0,0.0,0.0,63590250,3495000.0,0.0,0.0,0.0,0.0,0.0,16099750.0,0.2430251821773734,16099750.0,21250.0,0.00032076803188056864,0.10155775,0.10155775,120099413,120099413,,,1620589284,15:41:24,20210509
69,2002-06-30,BEN.AX,AUD,2002-06-30,2002-06-30,Q2,66247250,0.0,0.0,0.0,0.0,43639750.0,0.0,455750.0,0.0,0.0,63590250,3495000.0,0.0,0.0,0.0,0.0,0.0,16099750.0,0.2430251821773734,16099750.0,21250.0,0.00032076803188056864,0.10155775,0.10155775,120099413,120099413,,,1620589284,15:41:24,20210509
70,2002-03-31,BEN.AX,AUD,2002-03-31,2002-03-31,Q1,66247250,0.0,0.0,0.0,0.0,43639750.0,0.0,455750.0,0.0,0.0,63590250,3495000.0,0.0,0.0,0.0,0.0,0.0,16099750.0,0.2430251821773734,16099750.0,21250.0,0.00032076803188056864,0.10155775,0.10155775,120099413,120099413,,,1620589284,15:41:24,20210509
71,2002-01-31,BEN.AX,AUD,2002-01-31,2002-01-31,Q1,66247250,0.0,0.0,0.0,0.0,43639750.0,0.0,455750.0,0.0,0.0,63590250,3495000.0,0.0,0.0,0.0,0.0,0.0,16099750.0,0.2430251821773734,16099750.0,21250.0,0.00032076803188056864,0.10155775,0.10155775,120099413,120099413,,,1620589284,15:41:24,20210509
72,2001-09-30,BEN.AX,AUD,2001-09-30,2001-09-30,Q3,38054000,0.0,0.0,0.0,0.0,34255250.0,0.0,17844750.0,0.0,0.0,73419250,2496750.0,0.0,0.0,0.0,0.0,0.0,13750500.0,0.3613417774741157,13750500.0,8319500.0,0.2186235349766122,0.07783625,0.07783625,106775569,106775569,,,1620589284,15:41:24,20210509
73,2001-06-30,BEN.AX,AUD,2001-06-30,2001-06-30,Q2,38054000,0.0,0.0,0.0,0.0,34255250.0,0.0,17844750.0,0.0,0.0,73419250,2496750.0,0.0,0.0,0.0,0.0,0.0,13750500.0,0.3613417774741157,13750500.0,8319500.0,0.2186235349766122,0.07783625,0.07783625,106775569,106775569,,,1620589284,15:41:24,20210509
74,2001-03-31,BEN.AX,AUD,2001-03-31,2001-03-31,Q1,38054000,0.0,0.0,0.0,0.0,34255250.0,0.0,17844750.0,0.0,0.0,73419250,2496750.0,0.0,0.0,0.0,0.0,0.0,13750500.0,0.3613417774741157,13750500.0,8319500.0,0.2186235349766122,0.07783625,0.07783625,106775569,106775569,,,1620589284,15:41:24,20210509
75,2001-01-31,BEN.AX,AUD,2001-01-31,2001-01-31,Q1,38054000,0.0,0.0,0.0,0.0,34255250.0,0.0,17844750.0,0.0,0.0,73419250,2496750.0,0.0,0.0,0.0,0.0,0.0,13750500.0,0.3613417774741157,13750500.0,8319500.0,0.2186235349766122,0.07783625,0.07783625,106775569,106775569,,,1620589284,15:41:24,20210509
76,2000-09-30,BEN.AX,AUD,2000-09-30,2000-09-30,Q3,-44969250,0.0,0.0,0.0,0.0,0.0,0.0,0.0,0.0,0.0,44969250,0.0,0.0,0.0,0.0,0.0,0.0,9338500.0,-0.20766412604168405,9338500.0,5328000.0,-0.11848096199069363,0.06795225,0.06770525,78378216,78694171,,,1620589284,15:41:24,20210509
77,2000-06-30,BEN.AX,AUD,2000-06-30,2000-06-30,Q2,-44969250,0.0,0.0,0.0,0.0,0.0,0.0,0.0,0.0,0.0,44969250,0.0,0.0,0.0,0.0,0.0,0.0,9338500.0,-0.20766412604168405,9338500.0,5328000.0,-0.11848096199069363,0.06795225,0.06770525,78378216,78694171,,,1620589284,15:41:24,20210509
78,2000-03-31,BEN.AX,AUD,2000-03-31,2000-03-31,Q1,-44969250,0.0,0.0,0.0,0.0,0.0,0.0,0.0,0.0,0.0,44969250,0.0,0.0,0.0,0.0,0.0,0.0,9338500.0,-0.20766412604168405,9338500.0,5328000.0,-0.11848096199069363,0.06795225,0.06770525,78378216,78694171,,,1620589284,15:41:24,20210509
79,2000-01-31,BEN.AX,AUD,2000-01-31,2000-01-31,Q1,-44969250,0.0,0.0,0.0,0.0,0.0,0.0,0.0,0.0,0.0,44969250,0.0,0.0,0.0,0.0,0.0,0.0,9338500.0,-0.20766412604168405,9338500.0,5328000.0,-0.11848096199069363,0.06795225,0.06770525,78378216,78694171,,,1620589284,15:41:24,20210509
80,1999-09-30,BEN.AX,AUD,1999-09-30,1999-09-30,Q3,-34250500,0.0,0.0,0.0,0.0,0.0,0.0,0.0,0.0,0.0,34250500,0.0,0.0,0.0,0.0,0.0,0.0,9015250.0,-0.2632151355454665,9015250.0,4925500.0,-0.14380811958949505,0.08055425,0.07314125,61161304,67342235,,,1620589284,15:41:24,20210509
81,1999-06-30,BEN.AX,AUD,1999-06-30,1999-06-30,Q2,-34250500,0.0,0.0,0.0,0.0,0.0,0.0,0.0,0.0,0.0,34250500,0.0,0.0,0.0,0.0,0.0,0.0,9015250.0,-0.2632151355454665,9015250.0,4925500.0,-0.14380811958949505,0.08055425,0.07314125,61161304,67342235,,,1620589284,15:41:24,20210509
82,1999-03-31,BEN.AX,AUD,1999-03-31,1999-03-31,Q1,-34250500,0.0,0.0,0.0,0.0,0.0,0.0,0.0,0.0,0.0,34250500,0.0,0.0,0.0,0.0,0.0,0.0,9015250.0,-0.2632151355454665,9015250.0,4925500.0,-0.14380811958949505,0.08055425,0.07314125,61161304,67342235,,,1620589284,15:41:24,20210509
83,1999-01-31,BEN.AX,AUD,1999-01-31,1999-01-31,Q1,-34250500,0.0,0.0,0.0,0.0,0.0,0.0,0.0,0.0,0.0,34250500,0.0,0.0,0.0,0.0,0.0,0.0,9015250.0,-0.2632151355454665,9015250.0,4925500.0,-0.14380811958949505,0.08055425,0.07314125,61161304,67342235,,,1620589284,15:41:24,20210509
84,1998-09-30,BEN.AX,AUD,1998-09-30,1998-09-30,Q3,-29252000,0.0,0.0,0.0,0.0,0.0,0.0,0.0,0.0,0.0,29252000,0.0,0.0,0.0,0.0,0.0,0.0,5516500.0,-0.18858539587036785,5516500.0,3548250.0,-0.121299398331738,0.06774875,0.06726875,52373593,52747351,,,1620589284,15:41:24,20210509
85,1998-06-30,BEN.AX,AUD,1998-06-30,1998-06-30,Q2,-29252000,0.0,0.0,0.0,0.0,0.0,0.0,0.0,0.0,0.0,29252000,0.0,0.0,0.0,0.0,0.0,0.0,5516500.0,-0.18858539587036785,5516500.0,3548250.0,-0.121299398331738,0.06774875,0.06726875,52373593,52747351,,,1620589284,15:41:24,20210509
86,1998-03-31,BEN.AX,AUD,1998-03-31,1998-03-31,Q1,-29252000,0.0,0.0,0.0,0.0,0.0,0.0,0.0,0.0,0.0,29252000,0.0,0.0,0.0,0.0,0.0,0.0,5516500.0,-0.18858539587036785,5516500.0,3548250.0,-0.121299398331738,0.06774875,0.06726875,52373593,52747351,,,1620589284,15:41:24,20210509
87,1998-01-31,BEN.AX,AUD,1998-01-31,1998-01-31,Q1,-29252000,0.0,0.0,0.0,0.0,0.0,0.0,0.0,0.0,0.0,29252000,0.0,0.0,0.0,0.0,0.0,0.0,5516500.0,-0.18858539587036785,5516500.0,3548250.0,-0.121299398331738,0.06774875,0.06726875,52373593,52747351,,,1620589284,15:41:24,20210509
88,1997-09-30,BEN.AX,AUD,1997-09-30,1997-09-30,Q3,-27688750,0.0,0.0,0.0,0.0,0.0,0.0,0.0,0.0,0.0,27688750,0.0,0.0,0.0,0.0,0.0,0.0,3700500.0,-0.13364633650850977,3700500.0,0.0,0.0,0.054888,0.054888,50293311,50293311,,,1620589284,15:41:24,20210509
89,1997-06-30,BEN.AX,AUD,1997-06-30,1997-06-30,Q2,-27688750,0.0,0.0,0.0,0.0,0.0,0.0,0.0,0.0,0.0,27688750,0.0,0.0,0.0,0.0,0.0,0.0,3700500.0,-0.13364633650850977,3700500.0,0.0,0.0,0.054888,0.054888,50293311,50293311,,,1620589284,15:41:24,20210509
90,1997-03-31,BEN.AX,AUD,1997-03-31,1997-03-31,Q1,-27688750,0.0,0.0,0.0,0.0,0.0,0.0,0.0,0.0,0.0,27688750,0.0,0.0,0.0,0.0,0.0,0.0,3700500.0,-0.13364633650850977,3700500.0,0.0,0.0,0.054888,0.054888,50293311,50293311,,,1620589284,15:41:24,20210509
91,1997-01-31,BEN.AX,AUD,1997-01-31,1997-01-31,Q1,-27688750,0.0,0.0,0.0,0.0,0.0,0.0,0.0,0.0,0.0,27688750,0.0,0.0,0.0,0.0,0.0,0.0,3700500.0,-0.13364633650850977,3700500.0,0.0,0.0,0.054888,0.054888,50293311,50293311,,,1620589284,15:41:24,20210509
92,1996-09-30,BEN.AX,AUD,1996-09-30,1996-09-30,Q3,-25506250,0.0,0.0,0.0,0.0,0.0,0.0,0.0,0.0,0.0,25506250,0.0,0.0,0.0,0.0,0.0,0.0,5503000.0,-0.21575104141141876,5503000.0,-213750.0,0.008380298946336682,0.0811535,0.07612625,44613397,44613397,,,1620589284,15:41:24,20210509
93,1996-06-30,BEN.AX,AUD,1996-06-30,1996-06-30,Q2,-25506250,0.0,0.0,0.0,0.0,0.0,0.0,0.0,0.0,0.0,25506250,0.0,0.0,0.0,0.0,0.0,0.0,5503000.0,-0.21575104141141876,5503000.0,-213750.0,0.008380298946336682,0.0811535,0.07612625,44613397,44613397,,,1620589284,15:41:24,20210509
94,1996-03-31,BEN.AX,AUD,1996-03-31,1996-03-31,Q1,-25506250,0.0,0.0,0.0,0.0,0.0,0.0,0.0,0.0,0.0,25506250,0.0,0.0,0.0,0.0,0.0,0.0,5503000.0,-0.21575104141141876,5503000.0,-213750.0,0.008380298946336682,0.0811535,0.07612625,44613397,44613397,,,1620589284,15:41:24,20210509
95,1996-01-31,BEN.AX,AUD,1996-01-31,1996-01-31,Q1,-25506250,0.0,0.0,0.0,0.0,0.0,0.0,0.0,0.0,0.0,25506250,0.0,0.0,0.0,0.0,0.0,0.0,5503000.0,-0.21575104141141876,5503000.0,-213750.0,0.008380298946336682,0.0811535,0.07612625,44613397,44613397,,,1620589284,15:41:24,20210509
96,1995-09-30,BEN.AX,AUD,1995-09-30,1995-09-30,Q3,-19770250,0.0,0.0,0.0,0.0,0.0,0.0,0.0,0.0,0.0,19770250,0.0,0.0,0.0,0.0,0.0,0.0,3234000.0,-0.16357911508453357,3234000.0,-263250.0,0.013315461362400577,0.06607175,0.06415675,39009954,39009954,,,1620589284,15:41:24,20210509
97,1995-06-30,BEN.AX,AUD,1995-06-30,1995-06-30,Q2,-19770250,0.0,0.0,0.0,0.0,0.0,0.0,0.0,0.0,0.0,19770250,0.0,0.0,0.0,0.0,0.0,0.0,3234000.0,-0.16357911508453357,3234000.0,-263250.0,0.013315461362400577,0.06607175,0.06415675,39009954,39009954,,,1620589284,15:41:24,20210509
98,1995-03-31,BEN.AX,AUD,1995-03-31,1995-03-31,Q1,-19770250,0.0,0.0,0.0,0.0,0.0,0.0,0.0,0.0,0.0,19770250,0.0,0.0,0.0,0.0,0.0,0.0,3234000.0,-0.16357911508453357,3234000.0,-263250.0,0.013315461362400577,0.06607175,0.06415675,39009954,39009954,,,1620589284,15:41:24,20210509
99,1995-01-31,BEN.AX,AUD,1995-01-31,1995-01-31,Q1,-19770250,0.0,0.0,0.0,0.0,0.0,0.0,0.0,0.0,0.0,19770250,0.0,0.0,0.0,0.0,0.0,0.0,3234000.0,-0.16357911508453357,3234000.0,-263250.0,0.013315461362400577,0.06607175,0.06415675,39009954,39009954,,,1620589284,15:41:24,20210509
100,1994-09-30,BEN.AX,AUD,1994-09-30,1994-09-30,Q3,-14405000,0.0,0.0,0.0,0.0,0.0,0.0,0.0,0.0,0.0,14405000,0.0,0.0,0.0,0.0,0.0,0.0,3564750.0,-0.24746615758417218,3564750.0,0.0,0.0,0.065593,0.063678,36307718,36307718,,,1620589284,15:41:24,20210509
101,1994-06-30,BEN.AX,AUD,1994-06-30,1994-06-30,Q2,-14405000,0.0,0.0,0.0,0.0,0.0,0.0,0.0,0.0,0.0,14405000,0.0,0.0,0.0,0.0,0.0,0.0,3564750.0,-0.24746615758417218,3564750.0,0.0,0.0,0.065593,0.063678,36307718,36307718,,,1620589284,15:41:24,20210509
102,1994-03-31,BEN.AX,AUD,1994-03-31,1994-03-31,Q1,-14405000,0.0,0.0,0.0,0.0,0.0,0.0,0.0,0.0,0.0,14405000,0.0,0.0,0.0,0.0,0.0,0.0,3564750.0,-0.24746615758417218,3564750.0,0.0,0.0,0.065593,0.063678,36307718,36307718,,,1620589284,15:41:24,20210509
103,1994-01-31,BEN.AX,AUD,1994-01-31,1994-01-31,Q1,-14405000,0.0,0.0,0.0,0.0,0.0,0.0,0.0,0.0,0.0,14405000,0.0,0.0,0.0,0.0,0.0,0.0,3564750.0,-0.24746615758417218,3564750.0,0.0,0.0,0.065593,0.063678,36307718,36307718,,,1620589284,15:41:24,20210509
104,1993-09-30,BEN.AX,AUD,1993-09-30,1993-09-30,Q3,-15853500,0.0,0.0,0.0,0.0,0.0,0.0,0.0,0.0,0.0,15853500,0.0,0.0,0.0,0.0,0.0,0.0,2598000.0,-0.16387548490869525,2598000.0,0.0,0.0,0.043569,0.043569,34244450,34244450,,,1620589284,15:41:24,20210509
105,1993-06-30,BEN.AX,AUD,1993-06-30,1993-06-30,Q2,-15853500,0.0,0.0,0.0,0.0,0.0,0.0,0.0,0.0,0.0,15853500,0.0,0.0,0.0,0.0,0.0,0.0,2598000.0,-0.16387548490869525,2598000.0,0.0,0.0,0.043569,0.043569,34244450,34244450,,,1620589284,15:41:24,20210509
106,1993-03-31,BEN.AX,AUD,1993-03-31,1993-03-31,Q1,-15853500,0.0,0.0,0.0,0.0,0.0,0.0,0.0,0.0,0.0,15853500,0.0,0.0,0.0,0.0,0.0,0.0,2598000.0,-0.16387548490869525,2598000.0,0.0,0.0,0.043569,0.043569,34244450,34244450,,,1620589284,15:41:24,20210509
107,1993-01-31,BEN.AX,AUD,1993-01-31,1993-01-31,Q1,-15853500,0.0,0.0,0.0,0.0,0.0,0.0,0.0,0.0,0.0,15853500,0.0,0.0,0.0,0.0,0.0,0.0,2598000.0,-0.16387548490869525,2598000.0,0.0,0.0,0.043569,0.043569,34244450,34244450,,,1620589284,15:41:24,20210509
108,1992-09-30,BEN.AX,AUD,1992-09-30,1992-09-30,Q3,-14295250,0.0,0.0,0.0,0.0,0.0,0.0,0.0,0.0,0.0,14295250,0.0,0.0,0.0,0.0,0.0,0.0,2503750.0,-0.1751455903184624,2503750.0,0.0,0.0,0.0548205,0.0548205,33776377,33776377,,,1620589284,15:41:24,20210509
109,1992-06-30,BEN.AX,AUD,1992-06-30,1992-06-30,Q2,-14295250,0.0,0.0,0.0,0.0,0.0,0.0,0.0,0.0,0.0,14295250,0.0,0.0,0.0,0.0,0.0,0.0,2503750.0,-0.1751455903184624,2503750.0,0.0,0.0,0.0548205,0.0548205,33776377,33776377,,,1620589284,15:41:24,20210509
110,1992-03-31,BEN.AX,AUD,1992-03-31,1992-03-31,Q1,-14295250,0.0,0.0,0.0,0.0,0.0,0.0,0.0,0.0,0.0,14295250,0.0,0.0,0.0,0.0,0.0,0.0,2503750.0,-0.1751455903184624,2503750.0,0.0,0.0,0.0548205,0.0548205,33776377,33776377,,,1620589284,15:41:24,20210509
111,1992-01-31,BEN.AX,AUD,1992-01-31,1992-01-31,Q1,-14295250,0.0,0.0,0.0,0.0,0.0,0.0,0.0,0.0,0.0,14295250,0.0,0.0,0.0,0.0,0.0,0.0,2503750.0,-0.1751455903184624,2503750.0,0.0,0.0,0.0548205,0.0548205,33776377,33776377,,,1620589284,15:41:24,20210509
112,1991-09-30,BEN.AX,AUD,1991-09-30,1991-09-30,Q3,-17506750,0.0,0.0,0.0,0.0,0.0,0.0,0.0,0.0,0.0,17506750,0.0,0.0,0.0,0.0,0.0,0.0,1773750.0,-0.1013180630328302,1773750.0,0.0,0.0,0.0,0.0,489004000,489004000,,,1620589284,15:41:24,20210509
113,1991-06-30,BEN.AX,AUD,1991-06-30,1991-06-30,Q2,-17506750,0.0,0.0,0.0,0.0,0.0,0.0,0.0,0.0,0.0,17506750,0.0,0.0,0.0,0.0,0.0,0.0,1773750.0,-0.1013180630328302,1773750.0,0.0,0.0,0.0,0.0,489004000,489004000,,,1620589284,15:41:24,20210509
114,1991-03-31,BEN.AX,AUD,1991-03-31,1991-03-31,Q1,-17506750,0.0,0.0,0.0,0.0,0.0,0.0,0.0,0.0,0.0,17506750,0.0,0.0,0.0,0.0,0.0,0.0,1773750.0,-0.1013180630328302,1773750.0,0.0,0.0,0.0,0.0,489004000,489004000,,,1620589284,15:41:24,20210509
115,1991-01-31,BEN.AX,AUD,1991-01-31,1991-01-31,Q1,-17506750,0.0,0.0,0.0,0.0,0.0,0.0,0.0,0.0,0.0,17506750,0.0,0.0,0.0,0.0,0.0,0.0,1773750.0,-0.1013180630328302,1773750.0,0.0,0.0,0.0,0.0,489004000,489004000,,,1620589284,15:41:24,20210509
