,date,symbol,reportedCurrency,fillingDate,acceptedDate,period,revenue,costOfRevenue,grossProfit,grossProfitRatio,researchAndDevelopmentExpenses,generalAndAdministrativeExpenses,sellingAndMarketingExpenses,otherExpenses,operatingExpenses,costAndExpenses,interestExpense,depreciationAndAmortization,ebitda,ebitdaratio,operatingIncome,operatingIncomeRatio,totalOtherIncomeExpensesNet,incomeBeforeTax,incomeBeforeTaxRatio,incomeTaxExpense,netIncome,netIncomeRatio,eps,epsdiluted,weightedAverageShsOut,weightedAverageShsOutDil,link,finalLink,timestamp,est_time,est_date
0,2020-09-30,REE.AX,AUD,2020-09-30,2020-09-30,Q3,0.0,0.0,0.0,0.0,0.0,665501.5,0.0,453090.75,1463204.5,0.0,0.0,0.0,-2128756.5,0.0,-2128756.5,0.0,453090.75,-1671947.75,0.0,0.0,-1671947.75,0.0,-0.0062,-0.0062,270070160.0,270070160.0,,,1620597166,17:52:46,20210509
1,2020-06-30,REE.AX,AUD,2020-06-30,2020-06-30,Q2,0.0,0.0,0.0,0.0,0.0,665501.5,0.0,453090.75,1463204.5,0.0,0.0,0.0,-2128756.5,0.0,-2128756.5,0.0,453090.75,-1671947.75,0.0,0.0,-1671947.75,0.0,-0.0062,-0.0062,270070160.0,270070160.0,,,1620597166,17:52:46,20210509
2,2020-03-31,REE.AX,AUD,2020-03-31,2020-03-31,Q1,0.0,0.0,0.0,0.0,0.0,665501.5,0.0,453090.75,1463204.5,0.0,0.0,0.0,-2128756.5,0.0,-2128756.5,0.0,453090.75,-1671947.75,0.0,0.0,-1671947.75,0.0,-0.0062,-0.0062,270070160.0,270070160.0,,,1620597166,17:52:46,20210509
3,2020-01-31,REE.AX,AUD,2020-01-31,2020-01-31,Q1,0.0,0.0,0.0,0.0,0.0,665501.5,0.0,453090.75,1463204.5,0.0,0.0,0.0,-2128756.5,0.0,-2128756.5,0.0,453090.75,-1671947.75,0.0,0.0,-1671947.75,0.0,-0.0062,-0.0062,270070160.0,270070160.0,,,1620597166,17:52:46,20210509
4,2019-06-30,REE.AX,AUD,2019-06-30,2019-06-30,Q2,0.0,0.0,0.0,0.0,0.0,139953.25,0.0,-72791.5,207761.25,0.0,0.0,1036.5,-347714.5,0.0,-348751.0,0.0,-204491.5,-552252.25,0.0,0.0,-552252.25,0.0,-0.00375,-0.00375,137167269.0,137167269.0,,,1620597166,17:52:46,20210509
5,2019-03-31,REE.AX,AUD,2019-03-31,2019-03-31,Q1,0.0,0.0,0.0,0.0,0.0,139953.25,0.0,-72791.5,207761.25,0.0,0.0,1036.5,-347714.5,0.0,-348751.0,0.0,-204491.5,-552252.25,0.0,0.0,-552252.25,0.0,-0.00375,-0.00375,137167269.0,137167269.0,,,1620597166,17:52:46,20210509
6,2019-01-31,REE.AX,AUD,2019-01-31,2019-01-31,Q1,0.0,0.0,0.0,0.0,0.0,139953.25,0.0,-72791.5,207761.25,0.0,0.0,1036.5,-347714.5,0.0,-348751.0,0.0,-204491.5,-552252.25,0.0,0.0,-552252.25,0.0,-0.00375,-0.00375,137167269.0,137167269.0,,,1620597166,17:52:46,20210509
7,2018-06-30,REE.AX,AUD,2018-06-30,2018-06-30,Q2,0.0,0.0,0.0,0.0,0.0,206251.0,405.75,75891.5,190655.75,0.0,0.0,1039.25,-397312.5,0.0,-398351.75,0.0,75891.5,-319010.25,0.0,0.0,-319010.25,0.0,-0.0025,-0.0025,116409985.0,116409985.0,,,1620597166,17:52:46,20210509
8,2018-03-31,REE.AX,AUD,2018-03-31,2018-03-31,Q1,0.0,0.0,0.0,0.0,0.0,206251.0,405.75,75891.5,190655.75,0.0,0.0,1039.25,-397312.5,0.0,-398351.75,0.0,75891.5,-319010.25,0.0,0.0,-319010.25,0.0,-0.0025,-0.0025,116409985.0,116409985.0,,,1620597166,17:52:46,20210509
9,2018-01-31,REE.AX,AUD,2018-01-31,2018-01-31,Q1,0.0,0.0,0.0,0.0,0.0,206251.0,405.75,75891.5,190655.75,0.0,0.0,1039.25,-397312.5,0.0,-398351.75,0.0,75891.5,-319010.25,0.0,0.0,-319010.25,0.0,-0.0025,-0.0025,116409985.0,116409985.0,,,1620597166,17:52:46,20210509
10,2017-06-30,REE.AX,AUD,2017-06-30,2017-06-30,Q2,0.0,0.0,0.0,0.0,0.0,145878.5,6338.75,0.0,101341.75,0.0,0.0,1279.75,-253559.0,0.0,-254838.75,0.0,-816.5,-249653.5,0.0,0.0,-249653.5,0.0,-0.0025,-0.0025,104173031.0,104173031.0,,,1620597166,17:52:46,20210509
11,2017-03-31,REE.AX,AUD,2017-03-31,2017-03-31,Q1,0.0,0.0,0.0,0.0,0.0,145878.5,6338.75,0.0,101341.75,0.0,0.0,1279.75,-253559.0,0.0,-254838.75,0.0,-816.5,-249653.5,0.0,0.0,-249653.5,0.0,-0.0025,-0.0025,104173031.0,104173031.0,,,1620597166,17:52:46,20210509
12,2017-01-31,REE.AX,AUD,2017-01-31,2017-01-31,Q1,0.0,0.0,0.0,0.0,0.0,145878.5,6338.75,0.0,101341.75,0.0,0.0,1279.75,-253559.0,0.0,-254838.75,0.0,-816.5,-249653.5,0.0,0.0,-249653.5,0.0,-0.0025,-0.0025,104173031.0,104173031.0,,,1620597166,17:52:46,20210509
13,2016-06-30,REE.AX,AUD,2016-06-30,2016-06-30,Q2,0.0,0.0,0.0,0.0,0.0,154572.5,514.25,5217.25,178615.0,0.0,0.0,2587.5,-333701.75,0.0,-336289.25,0.0,8968.5,-324157.5,0.0,0.0,-324157.5,0.0,-0.014375,-0.014375,22539184.0,22539184.0,,,1620597166,17:52:46,20210509
14,2016-03-31,REE.AX,AUD,2016-03-31,2016-03-31,Q1,0.0,0.0,0.0,0.0,0.0,154572.5,514.25,5217.25,178615.0,0.0,0.0,2587.5,-333701.75,0.0,-336289.25,0.0,8968.5,-324157.5,0.0,0.0,-324157.5,0.0,-0.014375,-0.014375,22539184.0,22539184.0,,,1620597166,17:52:46,20210509
15,2016-01-31,REE.AX,AUD,2016-01-31,2016-01-31,Q1,0.0,0.0,0.0,0.0,0.0,154572.5,514.25,5217.25,178615.0,0.0,0.0,2587.5,-333701.75,0.0,-336289.25,0.0,8968.5,-324157.5,0.0,0.0,-324157.5,0.0,-0.014375,-0.014375,22539184.0,22539184.0,,,1620597166,17:52:46,20210509
16,2015-09-30,REE.AX,AUD,2015-09-30,2015-09-30,Q3,0.0,0.0,0.0,0.0,0.0,216567.5,437.5,52194.0,87120.25,0.0,0.0,2861.0,-304125.25,0.0,-306986.25,0.0,60847.75,-238861.5,0.0,0.0,-238861.5,0.0,-0.00673825,-0.00673825,35785227.0,35785227.0,,,1620597166,17:52:46,20210509
17,2015-06-30,REE.AX,AUD,2015-06-30,2015-06-30,Q2,0.0,0.0,0.0,0.0,0.0,216567.5,437.5,52194.0,87120.25,0.0,0.0,2861.0,-304125.25,0.0,-306986.25,0.0,60847.75,-238861.5,0.0,0.0,-238861.5,0.0,-0.00673825,-0.00673825,35785227.0,35785227.0,,,1620597166,17:52:46,20210509
18,2015-03-31,REE.AX,AUD,2015-03-31,2015-03-31,Q1,0.0,0.0,0.0,0.0,0.0,216567.5,437.5,52194.0,87120.25,0.0,0.0,2861.0,-304125.25,0.0,-306986.25,0.0,60847.75,-238861.5,0.0,0.0,-238861.5,0.0,-0.00673825,-0.00673825,35785227.0,35785227.0,,,1620597166,17:52:46,20210509
19,2015-01-31,REE.AX,AUD,2015-01-31,2015-01-31,Q1,0.0,0.0,0.0,0.0,0.0,216567.5,437.5,52194.0,87120.25,0.0,0.0,2861.0,-304125.25,0.0,-306986.25,0.0,60847.75,-238861.5,0.0,0.0,-238861.5,0.0,-0.00673825,-0.00673825,35785227.0,35785227.0,,,1620597166,17:52:46,20210509
20,2013-09-30,REE.AX,AUD,2013-09-30,2013-09-30,Q3,0.0,0.0,0.0,0.0,0.0,282915.25,1464.25,222898.0,115107.5,0.0,0.0,10244.25,-399487.0,0.0,-409731.25,0.0,222842.5,-169425.5,0.0,0.0,-169425.5,0.0,-0.004834,-0.004834,34865304.0,34865304.0,,,1620597166,17:52:46,20210509
21,2013-06-30,REE.AX,AUD,2013-06-30,2013-06-30,Q2,0.0,0.0,0.0,0.0,0.0,282915.25,1464.25,222898.0,115107.5,0.0,0.0,10244.25,-399487.0,0.0,-409731.25,0.0,222842.5,-169425.5,0.0,0.0,-169425.5,0.0,-0.004834,-0.004834,34865304.0,34865304.0,,,1620597166,17:52:46,20210509
22,2013-03-31,REE.AX,AUD,2013-03-31,2013-03-31,Q1,0.0,0.0,0.0,0.0,0.0,282915.25,1464.25,222898.0,115107.5,0.0,0.0,10244.25,-399487.0,0.0,-409731.25,0.0,222842.5,-169425.5,0.0,0.0,-169425.5,0.0,-0.004834,-0.004834,34865304.0,34865304.0,,,1620597166,17:52:46,20210509
23,2013-01-31,REE.AX,AUD,2013-01-31,2013-01-31,Q1,0.0,0.0,0.0,0.0,0.0,282915.25,1464.25,222898.0,115107.5,0.0,0.0,10244.25,-399487.0,0.0,-409731.25,0.0,222842.5,-169425.5,0.0,0.0,-169425.5,0.0,-0.004834,-0.004834,34865304.0,34865304.0,,,1620597166,17:52:46,20210509
24,2012-09-30,REE.AX,AUD,2012-09-30,2012-09-30,Q3,0.0,0.0,0.0,0.0,0.0,269294.25,2846.25,222680.5,436928.0,0.0,0.0,17290.0,-709068.5,0.0,-726358.5,0.0,221929.0,-482842.75,0.0,0.0,-482842.75,0.0,-0.01611325,-0.01611325,29951964.0,29951964.0,,,1620597166,17:52:46,20210509
25,2012-06-30,REE.AX,AUD,2012-06-30,2012-06-30,Q2,0.0,0.0,0.0,0.0,0.0,269294.25,2846.25,222680.5,436928.0,0.0,0.0,17290.0,-709068.5,0.0,-726358.5,0.0,221929.0,-482842.75,0.0,0.0,-482842.75,0.0,-0.01611325,-0.01611325,29951964.0,29951964.0,,,1620597166,17:52:46,20210509
26,2012-03-31,REE.AX,AUD,2012-03-31,2012-03-31,Q1,0.0,0.0,0.0,0.0,0.0,269294.25,2846.25,222680.5,436928.0,0.0,0.0,17290.0,-709068.5,0.0,-726358.5,0.0,221929.0,-482842.75,0.0,0.0,-482842.75,0.0,-0.01611325,-0.01611325,29951964.0,29951964.0,,,1620597166,17:52:46,20210509
27,2012-01-31,REE.AX,AUD,2012-01-31,2012-01-31,Q1,0.0,0.0,0.0,0.0,0.0,269294.25,2846.25,222680.5,436928.0,0.0,0.0,17290.0,-709068.5,0.0,-726358.5,0.0,221929.0,-482842.75,0.0,0.0,-482842.75,0.0,-0.01611325,-0.01611325,29951964.0,29951964.0,,,1620597166,17:52:46,20210509
28,2011-09-30,REE.AX,AUD,2011-09-30,2011-09-30,Q3,10000.0,0.0,10000.0,1.0,0.0,227227.25,0.0,-304.75,488760.25,0.0,553.25,13060.25,-705987.5,-70.59875,-719047.75,-71.904775,-547.5,-685134.5,-68.51345,-103818.25,-581316.25,-58.131625,-0.02490225,-0.02490225,23705396.0,23705396.0,,,1620597166,17:52:46,20210509
29,2011-06-30,REE.AX,AUD,2011-06-30,2011-06-30,Q2,10000.0,0.0,10000.0,1.0,0.0,227227.25,0.0,-304.75,488760.25,0.0,553.25,13060.25,-705987.5,-70.59875,-719047.75,-71.904775,-547.5,-685134.5,-68.51345,-103818.25,-581316.25,-58.131625,-0.02490225,-0.02490225,23705396.0,23705396.0,,,1620597166,17:52:46,20210509
30,2011-03-31,REE.AX,AUD,2011-03-31,2011-03-31,Q1,10000.0,0.0,10000.0,1.0,0.0,227227.25,0.0,-304.75,488760.25,0.0,553.25,13060.25,-705987.5,-70.59875,-719047.75,-71.904775,-547.5,-685134.5,-68.51345,-103818.25,-581316.25,-58.131625,-0.02490225,-0.02490225,23705396.0,23705396.0,,,1620597166,17:52:46,20210509
31,2011-01-31,REE.AX,AUD,2011-01-31,2011-01-31,Q1,10000.0,0.0,10000.0,1.0,0.0,227227.25,0.0,-304.75,488760.25,0.0,553.25,13060.25,-705987.5,-70.59875,-719047.75,-71.904775,-547.5,-685134.5,-68.51345,-103818.25,-581316.25,-58.131625,-0.02490225,-0.02490225,23705396.0,23705396.0,,,1620597166,17:52:46,20210509
32,2010-09-30,REE.AX,AUD,2010-09-30,2010-09-30,Q3,7.5,0.0,7.5,1.0,0.0,323899.5,0.0,0.0,463850.75,0.0,138.25,11534.0,-787742.75,-105032.36666666667,-799276.75,-106570.23333333334,-938.75,-779950.5,-103993.4,-93960.75,-685989.75,-91465.3,-0.04394525,-0.04394525,15495944.0,15495944.0,,,1620597166,17:52:46,20210509
33,2010-06-30,REE.AX,AUD,2010-06-30,2010-06-30,Q2,7.5,0.0,7.5,1.0,0.0,323899.5,0.0,0.0,463850.75,0.0,138.25,11534.0,-787742.75,-105032.36666666667,-799276.75,-106570.23333333334,-938.75,-779950.5,-103993.4,-93960.75,-685989.75,-91465.3,-0.04394525,-0.04394525,15495944.0,15495944.0,,,1620597166,17:52:46,20210509
34,2010-03-31,REE.AX,AUD,2010-03-31,2010-03-31,Q1,7.5,0.0,7.5,1.0,0.0,323899.5,0.0,0.0,463850.75,0.0,138.25,11534.0,-787742.75,-105032.36666666667,-799276.75,-106570.23333333334,-938.75,-779950.5,-103993.4,-93960.75,-685989.75,-91465.3,-0.04394525,-0.04394525,15495944.0,15495944.0,,,1620597166,17:52:46,20210509
35,2010-01-31,REE.AX,AUD,2010-01-31,2010-01-31,Q1,7.5,0.0,7.5,1.0,0.0,323899.5,0.0,0.0,463850.75,0.0,138.25,11534.0,-787742.75,-105032.36666666667,-799276.75,-106570.23333333334,-938.75,-779950.5,-103993.4,-93960.75,-685989.75,-91465.3,-0.04394525,-0.04394525,15495944.0,15495944.0,,,1620597166,17:52:46,20210509
36,2009-09-30,REE.AX,AUD,2009-09-30,2009-09-30,Q3,56183.25,0.0,56183.25,1.0,0.0,292415.0,0.0,25837.75,592649.25,0.0,29.0,11866.75,-828881.0,-14.753169316477775,-840747.75,-14.964384402824685,23983.5,-800292.75,-14.244329938193323,0.0,-800292.75,-14.244329938193323,-0.07308325,-0.07308325,10944803.0,10944803.0,,,1620597166,17:52:46,20210509
37,2009-06-30,REE.AX,AUD,2009-06-30,2009-06-30,Q2,56183.25,0.0,56183.25,1.0,0.0,292415.0,0.0,25837.75,592649.25,0.0,29.0,11866.75,-828881.0,-14.753169316477775,-840747.75,-14.964384402824685,23983.5,-800292.75,-14.244329938193323,0.0,-800292.75,-14.244329938193323,-0.07308325,-0.07308325,10944803.0,10944803.0,,,1620597166,17:52:46,20210509
38,2009-03-31,REE.AX,AUD,2009-03-31,2009-03-31,Q1,56183.25,0.0,56183.25,1.0,0.0,292415.0,0.0,25837.75,592649.25,0.0,29.0,11866.75,-828881.0,-14.753169316477775,-840747.75,-14.964384402824685,23983.5,-800292.75,-14.244329938193323,0.0,-800292.75,-14.244329938193323,-0.07308325,-0.07308325,10944803.0,10944803.0,,,1620597166,17:52:46,20210509
39,2009-01-31,REE.AX,AUD,2009-01-31,2009-01-31,Q1,56183.25,0.0,56183.25,1.0,0.0,292415.0,0.0,25837.75,592649.25,0.0,29.0,11866.75,-828881.0,-14.753169316477775,-840747.75,-14.964384402824685,23983.5,-800292.75,-14.244329938193323,0.0,-800292.75,-14.244329938193323,-0.07308325,-0.07308325,10944803.0,10944803.0,,,1620597166,17:52:46,20210509
40,2008-09-30,REE.AX,AUD,2008-09-30,2008-09-30,Q3,185002.5,0.0,185002.5,1.0,0.0,323368.5,0.0,3855.75,380065.25,0.0,31.25,10474.5,-518431.25,-2.8022932122538884,-528905.75,-2.8589113660626206,-49832.0,-529013.25,-2.859492439291361,4347.0,-533360.25,-2.8829894190619045,-0.055939,-0.055939,9614249.0,9614249.0,,,1620597166,17:52:46,20210509
41,2008-06-30,REE.AX,AUD,2008-06-30,2008-06-30,Q2,185002.5,0.0,185002.5,1.0,0.0,323368.5,0.0,3855.75,380065.25,0.0,31.25,10474.5,-518431.25,-2.8022932122538884,-528905.75,-2.8589113660626206,-49832.0,-529013.25,-2.859492439291361,4347.0,-533360.25,-2.8829894190619045,-0.055939,-0.055939,9614249.0,9614249.0,,,1620597166,17:52:46,20210509
42,2008-03-31,REE.AX,AUD,2008-03-31,2008-03-31,Q1,185002.5,0.0,185002.5,1.0,0.0,323368.5,0.0,3855.75,380065.25,0.0,31.25,10474.5,-518431.25,-2.8022932122538884,-528905.75,-2.8589113660626206,-49832.0,-529013.25,-2.859492439291361,4347.0,-533360.25,-2.8829894190619045,-0.055939,-0.055939,9614249.0,9614249.0,,,1620597166,17:52:46,20210509
43,2008-01-31,REE.AX,AUD,2008-01-31,2008-01-31,Q1,185002.5,0.0,185002.5,1.0,0.0,323368.5,0.0,3855.75,380065.25,0.0,31.25,10474.5,-518431.25,-2.8022932122538884,-528905.75,-2.8589113660626206,-49832.0,-529013.25,-2.859492439291361,4347.0,-533360.25,-2.8829894190619045,-0.055939,-0.055939,9614249.0,9614249.0,,,1620597166,17:52:46,20210509
44,2007-09-30,REE.AX,AUD,2007-09-30,2007-09-30,Q3,48772.0,0.0,48772.0,1.0,0.0,107157.0,0.0,-8854.75,178210.5,0.0,42.75,1763.75,-236595.5,-4.851051833018945,-238359.25,-4.887215000410071,-8854.75,-214413.25,-4.396236570163208,-4347.0,-210066.25,-4.307107561715738,-0.03232025,-0.03232025,6420206.0,6420206.0,,,1620597166,17:52:46,20210509
45,2007-06-30,REE.AX,AUD,2007-06-30,2007-06-30,Q2,48772.0,0.0,48772.0,1.0,0.0,107157.0,0.0,-8854.75,178210.5,0.0,42.75,1763.75,-236595.5,-4.851051833018945,-238359.25,-4.887215000410071,-8854.75,-214413.25,-4.396236570163208,-4347.0,-210066.25,-4.307107561715738,-0.03232025,-0.03232025,6420206.0,6420206.0,,,1620597166,17:52:46,20210509
46,2007-03-31,REE.AX,AUD,2007-03-31,2007-03-31,Q1,48772.0,0.0,48772.0,1.0,0.0,107157.0,0.0,-8854.75,178210.5,0.0,42.75,1763.75,-236595.5,-4.851051833018945,-238359.25,-4.887215000410071,-8854.75,-214413.25,-4.396236570163208,-4347.0,-210066.25,-4.307107561715738,-0.03232025,-0.03232025,6420206.0,6420206.0,,,1620597166,17:52:46,20210509
47,2007-01-31,REE.AX,AUD,2007-01-31,2007-01-31,Q1,48772.0,0.0,48772.0,1.0,0.0,107157.0,0.0,-8854.75,178210.5,0.0,42.75,1763.75,-236595.5,-4.851051833018945,-238359.25,-4.887215000410071,-8854.75,-214413.25,-4.396236570163208,-4347.0,-210066.25,-4.307107561715738,-0.03232025,-0.03232025,6420206.0,6420206.0,,,1620597166,17:52:46,20210509
