,date,symbol,reportedCurrency,fillingDate,acceptedDate,period,revenue,costOfRevenue,grossProfit,grossProfitRatio,researchAndDevelopmentExpenses,generalAndAdministrativeExpenses,sellingAndMarketingExpenses,otherExpenses,operatingExpenses,costAndExpenses,interestExpense,depreciationAndAmortization,ebitda,ebitdaratio,operatingIncome,operatingIncomeRatio,totalOtherIncomeExpensesNet,incomeBeforeTax,incomeBeforeTaxRatio,incomeTaxExpense,netIncome,netIncomeRatio,eps,epsdiluted,weightedAverageShsOut,weightedAverageShsOutDil,link,finalLink,timestamp,est_time,est_date
0,2019-06-30,2877.HK,CNY,2019-06-30,2019-06-30,Q2,676499000,181107750,495391250,0.7322867439567539,25678750,68951500,281676750,21536750,0,557414750,664500,51245000,170329250,0.25178049043679296,119084250,0.17603019368838682,0,160693000,0.23753619739275297,34905500,125787500,0.18593892969538758,0.16109698244665252,0.16107047225217094,780818474,780946987,https://www1.hkexnews.hk/search/titlesearch.xhtml,https://www1.hkexnews.hk/search/titlesearch.xhtml,1620585560,14:39:20,20210509
1,2019-03-31,2877.HK,CNY,2019-03-31,2019-03-31,Q1,676499000,181107750,495391250,0.7322867439567539,25678750,68951500,281676750,21536750,0,557414750,664500,51245000,170329250,0.25178049043679296,119084250,0.17603019368838682,0,160693000,0.23753619739275297,34905500,125787500,0.18593892969538758,0.16109698244665252,0.16107047225217094,780818474,780946987,https://www1.hkexnews.hk/search/titlesearch.xhtml,https://www1.hkexnews.hk/search/titlesearch.xhtml,1620585560,14:39:20,20210509
2,2019-01-31,2877.HK,CNY,2019-01-31,2019-01-31,Q1,676499000,181107750,495391250,0.7322867439567539,25678750,68951500,281676750,21536750,0,557414750,664500,51245000,170329250,0.25178049043679296,119084250,0.17603019368838682,0,160693000,0.23753619739275297,34905500,125787500,0.18593892969538758,0.16109698244665252,0.16107047225217094,780818474,780946987,https://www1.hkexnews.hk/search/titlesearch.xhtml,https://www1.hkexnews.hk/search/titlesearch.xhtml,1620585560,14:39:20,20210509
3,2018-06-30,2877.HK,CNY,2018-06-30,2018-06-30,Q2,642549000,173537250,469011750,0.7299237100983739,32031500,64068500,249337750,9693000,0,518975000,0,50498000,174072000,0.27090852215161804,123574000,0.1923184068452367,0,167282500,0.26034201282703734,40813500,126469000,0.1968238998115319,0.15491315323206825,0.15463372844146747,816386455,817861674,https://www1.hkexnews.hk/search/titlesearch.xhtml,https://www1.hkexnews.hk/search/titlesearch.xhtml,1620585560,14:39:20,20210509
4,2018-03-31,2877.HK,CNY,2018-03-31,2018-03-31,Q1,642549000,173537250,469011750,0.7299237100983739,32031500,64068500,249337750,9693000,0,518975000,0,50498000,174072000,0.27090852215161804,123574000,0.1923184068452367,0,167282500,0.26034201282703734,40813500,126469000,0.1968238998115319,0.15491315323206825,0.15463372844146747,816386455,817861674,https://www1.hkexnews.hk/search/titlesearch.xhtml,https://www1.hkexnews.hk/search/titlesearch.xhtml,1620585560,14:39:20,20210509
5,2018-01-31,2877.HK,CNY,2018-01-31,2018-01-31,Q1,642549000,173537250,469011750,0.7299237100983739,32031500,64068500,249337750,9693000,0,518975000,0,50498000,174072000,0.27090852215161804,123574000,0.1923184068452367,0,167282500,0.26034201282703734,40813500,126469000,0.1968238998115319,0.15491315323206825,0.15463372844146747,816386455,817861674,https://www1.hkexnews.hk/search/titlesearch.xhtml,https://www1.hkexnews.hk/search/titlesearch.xhtml,1620585560,14:39:20,20210509
6,2017-06-30,2877.HK,CNY,2017-06-30,2017-06-30,Q2,479902000,163131000,316771000,0.6600743485128213,24127750,61822250,128804000,1187000,0,359276750,0,49771000,170396250,0.3550646798721406,120625250,0.2513539222591279,0,146955500,0.30621981154485706,34067250,112888250,0.23523188067563794,0.1375,0.1375,827000000,827000000,https://www1.hkexnews.hk/search/titlesearch.xhtml,https://www1.hkexnews.hk/search/titlesearch.xhtml,1620585560,14:39:20,20210509
7,2017-03-31,2877.HK,CNY,2017-03-31,2017-03-31,Q1,479902000,163131000,316771000,0.6600743485128213,24127750,61822250,128804000,1187000,0,359276750,0,49771000,170396250,0.3550646798721406,120625250,0.2513539222591279,0,146955500,0.30621981154485706,34067250,112888250,0.23523188067563794,0.1375,0.1375,827000000,827000000,https://www1.hkexnews.hk/search/titlesearch.xhtml,https://www1.hkexnews.hk/search/titlesearch.xhtml,1620585560,14:39:20,20210509
8,2017-01-31,2877.HK,CNY,2017-01-31,2017-01-31,Q1,479902000,163131000,316771000,0.6600743485128213,24127750,61822250,128804000,1187000,0,359276750,0,49771000,170396250,0.3550646798721406,120625250,0.2513539222591279,0,146955500,0.30621981154485706,34067250,112888250,0.23523188067563794,0.1375,0.1375,827000000,827000000,https://www1.hkexnews.hk/search/titlesearch.xhtml,https://www1.hkexnews.hk/search/titlesearch.xhtml,1620585560,14:39:20,20210509
9,2016-06-30,2877.HK,CNY,2016-06-30,2016-06-30,Q2,498344750,176721000,321623750,0.6453840438772557,18398000,69413500,92662500,1185750,-5923000,352457750,0,48780500,194667500,0.39062817457192034,145887000,0.292743126119017,0,173813500,0.34878164162459824,26514500,147299000,0.29557650602318974,0.1775,0.1775,827000000,827000000,https://www1.hkexnews.hk/search/titlesearch.xhtml,https://www1.hkexnews.hk/search/titlesearch.xhtml,1620585560,14:39:20,20210509
10,2016-03-31,2877.HK,CNY,2016-03-31,2016-03-31,Q1,498344750,176721000,321623750,0.6453840438772557,18398000,69413500,92662500,1185750,-5923000,352457750,0,48780500,194667500,0.39062817457192034,145887000,0.292743126119017,0,173813500,0.34878164162459824,26514500,147299000,0.29557650602318974,0.1775,0.1775,827000000,827000000,https://www1.hkexnews.hk/search/titlesearch.xhtml,https://www1.hkexnews.hk/search/titlesearch.xhtml,1620585560,14:39:20,20210509
11,2016-01-31,2877.HK,CNY,2016-01-31,2016-01-31,Q1,498344750,176721000,321623750,0.6453840438772557,18398000,69413500,92662500,1185750,-5923000,352457750,0,48780500,194667500,0.39062817457192034,145887000,0.292743126119017,0,173813500,0.34878164162459824,26514500,147299000,0.29557650602318974,0.1775,0.1775,827000000,827000000,https://www1.hkexnews.hk/search/titlesearch.xhtml,https://www1.hkexnews.hk/search/titlesearch.xhtml,1620585560,14:39:20,20210509
12,2015-09-30,2877.HK,CNY,2015-09-30,2015-09-30,Q3,513702250,173472500,340229750,0.6623092462608446,17233000,75576750,93873000,2130500,0,341340750,15250,41575750,213937250,0.416461578667409,172361500,0.3355280223125361,0,199291250,0.387950899572661,34862500,164476500,0.3201786638076824,0.2,0.2,827000000,827000000,https://www1.hkexnews.hk/search/titlesearch.xhtml,https://www1.hkexnews.hk/search/titlesearch.xhtml,1620585560,14:39:20,20210509
13,2015-06-30,2877.HK,CNY,2015-06-30,2015-06-30,Q2,513702250,173472500,340229750,0.6623092462608446,17233000,75576750,93873000,2130500,0,341340750,15250,41575750,213937250,0.416461578667409,172361500,0.3355280223125361,0,199291250,0.387950899572661,34862500,164476500,0.3201786638076824,0.2,0.2,827000000,827000000,https://www1.hkexnews.hk/search/titlesearch.xhtml,https://www1.hkexnews.hk/search/titlesearch.xhtml,1620585560,14:39:20,20210509
14,2015-03-31,2877.HK,CNY,2015-03-31,2015-03-31,Q1,513702250,173472500,340229750,0.6623092462608446,17233000,75576750,93873000,2130500,0,341340750,15250,41575750,213937250,0.416461578667409,172361500,0.3355280223125361,0,199291250,0.387950899572661,34862500,164476500,0.3201786638076824,0.2,0.2,827000000,827000000,https://www1.hkexnews.hk/search/titlesearch.xhtml,https://www1.hkexnews.hk/search/titlesearch.xhtml,1620585560,14:39:20,20210509
15,2015-01-31,2877.HK,CNY,2015-01-31,2015-01-31,Q1,513702250,173472500,340229750,0.6623092462608446,17233000,75576750,93873000,2130500,0,341340750,15250,41575750,213937250,0.416461578667409,172361500,0.3355280223125361,0,199291250,0.387950899572661,34862500,164476500,0.3201786638076824,0.2,0.2,827000000,827000000,https://www1.hkexnews.hk/search/titlesearch.xhtml,https://www1.hkexnews.hk/search/titlesearch.xhtml,1620585560,14:39:20,20210509
16,2014-09-30,2877.HK,CNY,2014-09-30,2014-09-30,Q3,557300250,187799500,369500750,0.6630191714430417,20104750,71350750,102914500,1437250,0,369816500,4215250,36991750,224475500,0.40279095514491514,187483750,0.33641425784395396,0,215934000,0.38746438746438744,39761500,176193750,0.31615587827208047,0.2125,0.2125,827000000,827000000,https://www1.hkexnews.hk/search/titlesearch.xhtml,https://www1.hkexnews.hk/search/titlesearch.xhtml,1620585560,14:39:20,20210509
17,2014-06-30,2877.HK,CNY,2014-06-30,2014-06-30,Q2,557300250,187799500,369500750,0.6630191714430417,20104750,71350750,102914500,1437250,0,369816500,4215250,36991750,224475500,0.40279095514491514,187483750,0.33641425784395396,0,215934000,0.38746438746438744,39761500,176193750,0.31615587827208047,0.2125,0.2125,827000000,827000000,https://www1.hkexnews.hk/search/titlesearch.xhtml,https://www1.hkexnews.hk/search/titlesearch.xhtml,1620585560,14:39:20,20210509
18,2014-03-31,2877.HK,CNY,2014-03-31,2014-03-31,Q1,557300250,187799500,369500750,0.6630191714430417,20104750,71350750,102914500,1437250,0,369816500,4215250,36991750,224475500,0.40279095514491514,187483750,0.33641425784395396,0,215934000,0.38746438746438744,39761500,176193750,0.31615587827208047,0.2125,0.2125,827000000,827000000,https://www1.hkexnews.hk/search/titlesearch.xhtml,https://www1.hkexnews.hk/search/titlesearch.xhtml,1620585560,14:39:20,20210509
19,2014-01-31,2877.HK,CNY,2014-01-31,2014-01-31,Q1,557300250,187799500,369500750,0.6630191714430417,20104750,71350750,102914500,1437250,0,369816500,4215250,36991750,224475500,0.40279095514491514,187483750,0.33641425784395396,0,215934000,0.38746438746438744,39761500,176193750,0.31615587827208047,0.2125,0.2125,827000000,827000000,https://www1.hkexnews.hk/search/titlesearch.xhtml,https://www1.hkexnews.hk/search/titlesearch.xhtml,1620585560,14:39:20,20210509
20,2013-09-30,2877.HK,CNY,2013-09-30,2013-09-30,Q3,546778750,178173000,368605750,0.6741405916012647,20822000,65506250,109784250,395750,0,353288250,819750,25423250,218913750,0.40036989367271497,193490500,0.353873481732785,0,214911500,0.3930502054075803,44001000,170911750,0.3125793568239439,0.2075,0.2075,827000000,827000000,https://www1.hkexnews.hk/search/titlesearch.xhtml,https://www1.hkexnews.hk/search/titlesearch.xhtml,1620585560,14:39:20,20210509
21,2013-06-30,2877.HK,CNY,2013-06-30,2013-06-30,Q2,546778750,178173000,368605750,0.6741405916012647,20822000,65506250,109784250,395750,0,353288250,819750,25423250,218913750,0.40036989367271497,193490500,0.353873481732785,0,214911500,0.3930502054075803,44001000,170911750,0.3125793568239439,0.2075,0.2075,827000000,827000000,https://www1.hkexnews.hk/search/titlesearch.xhtml,https://www1.hkexnews.hk/search/titlesearch.xhtml,1620585560,14:39:20,20210509
22,2013-03-31,2877.HK,CNY,2013-03-31,2013-03-31,Q1,546778750,178173000,368605750,0.6741405916012647,20822000,65506250,109784250,395750,0,353288250,819750,25423250,218913750,0.40036989367271497,193490500,0.353873481732785,0,214911500,0.3930502054075803,44001000,170911750,0.3125793568239439,0.2075,0.2075,827000000,827000000,https://www1.hkexnews.hk/search/titlesearch.xhtml,https://www1.hkexnews.hk/search/titlesearch.xhtml,1620585560,14:39:20,20210509
23,2013-01-31,2877.HK,CNY,2013-01-31,2013-01-31,Q1,546778750,178173000,368605750,0.6741405916012647,20822000,65506250,109784250,395750,0,353288250,819750,25423250,218913750,0.40036989367271497,193490500,0.353873481732785,0,214911500,0.3930502054075803,44001000,170911750,0.3125793568239439,0.2075,0.2075,827000000,827000000,https://www1.hkexnews.hk/search/titlesearch.xhtml,https://www1.hkexnews.hk/search/titlesearch.xhtml,1620585560,14:39:20,20210509
24,2012-09-30,2877.HK,CNY,2012-09-30,2012-09-30,Q3,533062250,185075750,347986500,0.6528064968022027,17011500,63190500,105814500,67000,0,352087000,0,20500500,201475750,0.37795914079453197,180975250,0.3395011558218576,0,199934000,0.3750668894674121,38020250,161926000,0.3037656483834674,0.195,0.195,827000000,827000000,https://www1.hkexnews.hk/search/titlesearch.xhtml,https://www1.hkexnews.hk/search/titlesearch.xhtml,1620585560,14:39:20,20210509
25,2012-06-30,2877.HK,CNY,2012-06-30,2012-06-30,Q2,533062250,185075750,347986500,0.6528064968022027,17011500,63190500,105814500,67000,0,352087000,0,20500500,201475750,0.37795914079453197,180975250,0.3395011558218576,0,199934000,0.3750668894674121,38020250,161926000,0.3037656483834674,0.195,0.195,827000000,827000000,https://www1.hkexnews.hk/search/titlesearch.xhtml,https://www1.hkexnews.hk/search/titlesearch.xhtml,1620585560,14:39:20,20210509
26,2012-03-31,2877.HK,CNY,2012-03-31,2012-03-31,Q1,533062250,185075750,347986500,0.6528064968022027,17011500,63190500,105814500,67000,0,352087000,0,20500500,201475750,0.37795914079453197,180975250,0.3395011558218576,0,199934000,0.3750668894674121,38020250,161926000,0.3037656483834674,0.195,0.195,827000000,827000000,https://www1.hkexnews.hk/search/titlesearch.xhtml,https://www1.hkexnews.hk/search/titlesearch.xhtml,1620585560,14:39:20,20210509
27,2012-01-31,2877.HK,CNY,2012-01-31,2012-01-31,Q1,533062250,185075750,347986500,0.6528064968022027,17011500,63190500,105814500,67000,0,352087000,0,20500500,201475750,0.37795914079453197,180975250,0.3395011558218576,0,199934000,0.3750668894674121,38020250,161926000,0.3037656483834674,0.195,0.195,827000000,827000000,https://www1.hkexnews.hk/search/titlesearch.xhtml,https://www1.hkexnews.hk/search/titlesearch.xhtml,1620585560,14:39:20,20210509
28,2011-09-30,2877.HK,CNY,2011-09-30,2011-09-30,Q3,496135500,170614750,325520750,0.6561125942408879,14346750,57311000,63849500,0,-47361500,258760500,0,16420750,253795750,0.5115452331066815,237375000,0.4784479240046318,0,237375000,0.4784479240046318,48481000,188900000,0.38074276079820935,0.2275,0.2275,827000000,827000000,https://www1.hkexnews.hk/search/titlesearch.xhtml,https://www1.hkexnews.hk/search/titlesearch.xhtml,1620585560,14:39:20,20210509
29,2011-06-30,2877.HK,CNY,2011-06-30,2011-06-30,Q2,496135500,170614750,325520750,0.6561125942408879,14346750,57311000,63849500,0,-47361500,258760500,0,16420750,253795750,0.5115452331066815,237375000,0.4784479240046318,0,237375000,0.4784479240046318,48481000,188900000,0.38074276079820935,0.2275,0.2275,827000000,827000000,https://www1.hkexnews.hk/search/titlesearch.xhtml,https://www1.hkexnews.hk/search/titlesearch.xhtml,1620585560,14:39:20,20210509
30,2011-03-31,2877.HK,CNY,2011-03-31,2011-03-31,Q1,496135500,170614750,325520750,0.6561125942408879,14346750,57311000,63849500,0,-47361500,258760500,0,16420750,253795750,0.5115452331066815,237375000,0.4784479240046318,0,237375000,0.4784479240046318,48481000,188900000,0.38074276079820935,0.2275,0.2275,827000000,827000000,https://www1.hkexnews.hk/search/titlesearch.xhtml,https://www1.hkexnews.hk/search/titlesearch.xhtml,1620585560,14:39:20,20210509
31,2011-01-31,2877.HK,CNY,2011-01-31,2011-01-31,Q1,496135500,170614750,325520750,0.6561125942408879,14346750,57311000,63849500,0,-47361500,258760500,0,16420750,253795750,0.5115452331066815,237375000,0.4784479240046318,0,237375000,0.4784479240046318,48481000,188900000,0.38074276079820935,0.2275,0.2275,827000000,827000000,https://www1.hkexnews.hk/search/titlesearch.xhtml,https://www1.hkexnews.hk/search/titlesearch.xhtml,1620585560,14:39:20,20210509
32,2010-09-30,2877.HK,CNY,2010-09-30,2010-09-30,Q3,509594750,150842750,358752000,0.7039946938228857,5468250,49167250,87533000,577500,-19374250,273637000,0,13256750,249214500,0.48904448093313363,235957750,0.4630301823164387,0,247952000,0.4865670221288583,42513000,205439000,0.40314190834972297,0.2475,0.2475,827000000,827000000,https://www1.hkexnews.hk/search/titlesearch.xhtml,https://www1.hkexnews.hk/search/titlesearch.xhtml,1620585560,14:39:20,20210509
33,2010-06-30,2877.HK,CNY,2010-06-30,2010-06-30,Q2,509594750,150842750,358752000,0.7039946938228857,5468250,49167250,87533000,577500,-19374250,273637000,0,13256750,249214500,0.48904448093313363,235957750,0.4630301823164387,0,247952000,0.4865670221288583,42513000,205439000,0.40314190834972297,0.2475,0.2475,827000000,827000000,https://www1.hkexnews.hk/search/titlesearch.xhtml,https://www1.hkexnews.hk/search/titlesearch.xhtml,1620585560,14:39:20,20210509
34,2010-03-31,2877.HK,CNY,2010-03-31,2010-03-31,Q1,509594750,150842750,358752000,0.7039946938228857,5468250,49167250,87533000,577500,-19374250,273637000,0,13256750,249214500,0.48904448093313363,235957750,0.4630301823164387,0,247952000,0.4865670221288583,42513000,205439000,0.40314190834972297,0.2475,0.2475,827000000,827000000,https://www1.hkexnews.hk/search/titlesearch.xhtml,https://www1.hkexnews.hk/search/titlesearch.xhtml,1620585560,14:39:20,20210509
35,2010-01-31,2877.HK,CNY,2010-01-31,2010-01-31,Q1,509594750,150842750,358752000,0.7039946938228857,5468250,49167250,87533000,577500,-19374250,273637000,0,13256750,249214500,0.48904448093313363,235957750,0.4630301823164387,0,247952000,0.4865670221288583,42513000,205439000,0.40314190834972297,0.2475,0.2475,827000000,827000000,https://www1.hkexnews.hk/search/titlesearch.xhtml,https://www1.hkexnews.hk/search/titlesearch.xhtml,1620585560,14:39:20,20210509
36,2009-09-30,2877.HK,CNY,2009-09-30,2009-09-30,Q3,408305750,113783000,294522750,0.7213289305869437,8349250,34016500,88300000,11536250,-45610750,198838000,0,11331750,220799500,0.5407699989529905,209467750,0.5130168997130214,0,221004000,0.5412708491124605,29178000,191826000,0.46980969530798916,0.2325,0.2325,827000000,827000000,https://www1.hkexnews.hk/search/titlesearch.xhtml,https://www1.hkexnews.hk/search/titlesearch.xhtml,1620585560,14:39:20,20210509
37,2009-06-30,2877.HK,CNY,2009-06-30,2009-06-30,Q2,408305750,113783000,294522750,0.7213289305869437,8349250,34016500,88300000,11536250,-45610750,198838000,0,11331750,220799500,0.5407699989529905,209467750,0.5130168997130214,0,221004000,0.5412708491124605,29178000,191826000,0.46980969530798916,0.2325,0.2325,827000000,827000000,https://www1.hkexnews.hk/search/titlesearch.xhtml,https://www1.hkexnews.hk/search/titlesearch.xhtml,1620585560,14:39:20,20210509
38,2009-03-31,2877.HK,CNY,2009-03-31,2009-03-31,Q1,408305750,113783000,294522750,0.7213289305869437,8349250,34016500,88300000,11536250,-45610750,198838000,0,11331750,220799500,0.5407699989529905,209467750,0.5130168997130214,0,221004000,0.5412708491124605,29178000,191826000,0.46980969530798916,0.2325,0.2325,827000000,827000000,https://www1.hkexnews.hk/search/titlesearch.xhtml,https://www1.hkexnews.hk/search/titlesearch.xhtml,1620585560,14:39:20,20210509
39,2009-01-31,2877.HK,CNY,2009-01-31,2009-01-31,Q1,408305750,113783000,294522750,0.7213289305869437,8349250,34016500,88300000,11536250,-45610750,198838000,0,11331750,220799500,0.5407699989529905,209467750,0.5130168997130214,0,221004000,0.5412708491124605,29178000,191826000,0.46980969530798916,0.2325,0.2325,827000000,827000000,https://www1.hkexnews.hk/search/titlesearch.xhtml,https://www1.hkexnews.hk/search/titlesearch.xhtml,1620585560,14:39:20,20210509
40,2008-09-30,2877.HK,CNY,2008-09-30,2008-09-30,Q3,318794750,90215500,228579250,0.7170107098689674,0,24975000,69084500,8175000,23641250,207916250,0,9010250,119888750,0.3760687715214884,110878500,0.3478052885124363,0,119053500,0.37344874719549176,19493000,99560500,0.31230282179991986,0.12,0.12,827000000,827000000,https://www1.hkexnews.hk/search/titlesearch.xhtml,https://www1.hkexnews.hk/search/titlesearch.xhtml,1620585560,14:39:20,20210509
41,2008-06-30,2877.HK,CNY,2008-06-30,2008-06-30,Q2,318794750,90215500,228579250,0.7170107098689674,0,24975000,69084500,8175000,23641250,207916250,0,9010250,119888750,0.3760687715214884,110878500,0.3478052885124363,0,119053500,0.37344874719549176,19493000,99560500,0.31230282179991986,0.12,0.12,827000000,827000000,https://www1.hkexnews.hk/search/titlesearch.xhtml,https://www1.hkexnews.hk/search/titlesearch.xhtml,1620585560,14:39:20,20210509
42,2008-03-31,2877.HK,CNY,2008-03-31,2008-03-31,Q1,318794750,90215500,228579250,0.7170107098689674,0,24975000,69084500,8175000,23641250,207916250,0,9010250,119888750,0.3760687715214884,110878500,0.3478052885124363,0,119053500,0.37344874719549176,19493000,99560500,0.31230282179991986,0.12,0.12,827000000,827000000,https://www1.hkexnews.hk/search/titlesearch.xhtml,https://www1.hkexnews.hk/search/titlesearch.xhtml,1620585560,14:39:20,20210509
43,2008-01-31,2877.HK,CNY,2008-01-31,2008-01-31,Q1,318794750,90215500,228579250,0.7170107098689674,0,24975000,69084500,8175000,23641250,207916250,0,9010250,119888750,0.3760687715214884,110878500,0.3478052885124363,0,119053500,0.37344874719549176,19493000,99560500,0.31230282179991986,0.12,0.12,827000000,827000000,https://www1.hkexnews.hk/search/titlesearch.xhtml,https://www1.hkexnews.hk/search/titlesearch.xhtml,1620585560,14:39:20,20210509
44,2007-09-30,2877.HK,CNY,2007-09-30,2007-09-30,Q3,253221250,68711750,184509500,0.7286493530854934,0,20232250,64519750,51810250,7582500,161046250,0,8021000,100196000,0.39568559115793006,92175000,0.3640097345700647,0,143985250,0.568614403412036,21325000,122660250,0.48439951228421785,0.1475,0.1475,827000000,827000000,https://www1.hkexnews.hk/search/titlesearch.xhtml,https://www1.hkexnews.hk/search/titlesearch.xhtml,1620585560,14:39:20,20210509
45,2007-06-30,2877.HK,CNY,2007-06-30,2007-06-30,Q2,253221250,68711750,184509500,0.7286493530854934,0,20232250,64519750,51810250,7582500,161046250,0,8021000,100196000,0.39568559115793006,92175000,0.3640097345700647,0,143985250,0.568614403412036,21325000,122660250,0.48439951228421785,0.1475,0.1475,827000000,827000000,https://www1.hkexnews.hk/search/titlesearch.xhtml,https://www1.hkexnews.hk/search/titlesearch.xhtml,1620585560,14:39:20,20210509
46,2007-03-31,2877.HK,CNY,2007-03-31,2007-03-31,Q1,253221250,68711750,184509500,0.7286493530854934,0,20232250,64519750,51810250,7582500,161046250,0,8021000,100196000,0.39568559115793006,92175000,0.3640097345700647,0,143985250,0.568614403412036,21325000,122660250,0.48439951228421785,0.1475,0.1475,827000000,827000000,https://www1.hkexnews.hk/search/titlesearch.xhtml,https://www1.hkexnews.hk/search/titlesearch.xhtml,1620585560,14:39:20,20210509
47,2007-01-31,2877.HK,CNY,2007-01-31,2007-01-31,Q1,253221250,68711750,184509500,0.7286493530854934,0,20232250,64519750,51810250,7582500,161046250,0,8021000,100196000,0.39568559115793006,92175000,0.3640097345700647,0,143985250,0.568614403412036,21325000,122660250,0.48439951228421785,0.1475,0.1475,827000000,827000000,https://www1.hkexnews.hk/search/titlesearch.xhtml,https://www1.hkexnews.hk/search/titlesearch.xhtml,1620585560,14:39:20,20210509
48,2006-09-30,2877.HK,CNY,2006-09-30,2006-09-30,Q3,210368750,62293750,148075000,0.7038830624795746,0,16930000,0,11575500,45962000,125185750,0,7433250,92616250,0.44025669211800705,85183000,0.4049223090406726,0,96758500,0.4599471166701328,13514250,83244250,0.3957063489705577,0.1,0.1,832442500,832442500,https://www1.hkexnews.hk/search/titlesearch.xhtml,https://www1.hkexnews.hk/search/titlesearch.xhtml,1620585560,14:39:20,20210509
49,2006-06-30,2877.HK,CNY,2006-06-30,2006-06-30,Q2,210368750,62293750,148075000,0.7038830624795746,0,16930000,0,11575500,45962000,125185750,0,7433250,92616250,0.44025669211800705,85183000,0.4049223090406726,0,96758500,0.4599471166701328,13514250,83244250,0.3957063489705577,0.1,0.1,832442500,832442500,https://www1.hkexnews.hk/search/titlesearch.xhtml,https://www1.hkexnews.hk/search/titlesearch.xhtml,1620585560,14:39:20,20210509
50,2006-03-31,2877.HK,CNY,2006-03-31,2006-03-31,Q1,210368750,62293750,148075000,0.7038830624795746,0,16930000,0,11575500,45962000,125185750,0,7433250,92616250,0.44025669211800705,85183000,0.4049223090406726,0,96758500,0.4599471166701328,13514250,83244250,0.3957063489705577,0.1,0.1,832442500,832442500,https://www1.hkexnews.hk/search/titlesearch.xhtml,https://www1.hkexnews.hk/search/titlesearch.xhtml,1620585560,14:39:20,20210509
51,2006-01-31,2877.HK,CNY,2006-01-31,2006-01-31,Q1,210368750,62293750,148075000,0.7038830624795746,0,16930000,0,11575500,45962000,125185750,0,7433250,92616250,0.44025669211800705,85183000,0.4049223090406726,0,96758500,0.4599471166701328,13514250,83244250,0.3957063489705577,0.1,0.1,832442500,832442500,https://www1.hkexnews.hk/search/titlesearch.xhtml,https://www1.hkexnews.hk/search/titlesearch.xhtml,1620585560,14:39:20,20210509
52,2005-09-30,2877.HK,CNY,2005-09-30,2005-09-30,Q3,207844750,68693000,139151750,0.6694985079007287,0,17863750,0,4552250,40227250,126784000,0,6448000,87508750,0.42102939814452855,81060750,0.39000624264023986,0,85613000,0.41190840759749764,1361500,84251500,0.4053578452186067,0.1,0.1,828667500,828667500,https://www1.hkexnews.hk/search/titlesearch.xhtml,https://www1.hkexnews.hk/search/titlesearch.xhtml,1620585560,14:39:20,20210509
53,2005-06-30,2877.HK,CNY,2005-06-30,2005-06-30,Q2,207844750,68693000,139151750,0.6694985079007287,0,17863750,0,4552250,40227250,126784000,0,6448000,87508750,0.42102939814452855,81060750,0.39000624264023986,0,85613000,0.41190840759749764,1361500,84251500,0.4053578452186067,0.1,0.1,828667500,828667500,https://www1.hkexnews.hk/search/titlesearch.xhtml,https://www1.hkexnews.hk/search/titlesearch.xhtml,1620585560,14:39:20,20210509
54,2005-03-31,2877.HK,CNY,2005-03-31,2005-03-31,Q1,207844750,68693000,139151750,0.6694985079007287,0,17863750,0,4552250,40227250,126784000,0,6448000,87508750,0.42102939814452855,81060750,0.39000624264023986,0,85613000,0.41190840759749764,1361500,84251500,0.4053578452186067,0.1,0.1,828667500,828667500,https://www1.hkexnews.hk/search/titlesearch.xhtml,https://www1.hkexnews.hk/search/titlesearch.xhtml,1620585560,14:39:20,20210509
55,2005-01-31,2877.HK,CNY,2005-01-31,2005-01-31,Q1,207844750,68693000,139151750,0.6694985079007287,0,17863750,0,4552250,40227250,126784000,0,6448000,87508750,0.42102939814452855,81060750,0.39000624264023986,0,85613000,0.41190840759749764,1361500,84251500,0.4053578452186067,0.1,0.1,828667500,828667500,https://www1.hkexnews.hk/search/titlesearch.xhtml,https://www1.hkexnews.hk/search/titlesearch.xhtml,1620585560,14:39:20,20210509
56,2004-09-30,2877.HK,CNY,2004-09-30,2004-09-30,Q3,175893750,62999500,112894250,0.6418320719184166,0,13779250,0,214750,29127500,105906250,0,5571000,75558500,0.42956898695945706,69987500,0.39789645737838897,0,70202250,0.39911736488647265,2664750,65198250,0.37066837224176524,0.105,0.105,620935714,620935714,https://www1.hkexnews.hk/search/titlesearch.xhtml,https://www1.hkexnews.hk/search/titlesearch.xhtml,1620585560,14:39:20,20210509
57,2004-06-30,2877.HK,CNY,2004-06-30,2004-06-30,Q2,175893750,62999500,112894250,0.6418320719184166,0,13779250,0,214750,29127500,105906250,0,5571000,75558500,0.42956898695945706,69987500,0.39789645737838897,0,70202250,0.39911736488647265,2664750,65198250,0.37066837224176524,0.105,0.105,620935714,620935714,https://www1.hkexnews.hk/search/titlesearch.xhtml,https://www1.hkexnews.hk/search/titlesearch.xhtml,1620585560,14:39:20,20210509
58,2004-03-31,2877.HK,CNY,2004-03-31,2004-03-31,Q1,175893750,62999500,112894250,0.6418320719184166,0,13779250,0,214750,29127500,105906250,0,5571000,75558500,0.42956898695945706,69987500,0.39789645737838897,0,70202250,0.39911736488647265,2664750,65198250,0.37066837224176524,0.105,0.105,620935714,620935714,https://www1.hkexnews.hk/search/titlesearch.xhtml,https://www1.hkexnews.hk/search/titlesearch.xhtml,1620585560,14:39:20,20210509
59,2004-01-31,2877.HK,CNY,2004-01-31,2004-01-31,Q1,175893750,62999500,112894250,0.6418320719184166,0,13779250,0,214750,29127500,105906250,0,5571000,75558500,0.42956898695945706,69987500,0.39789645737838897,0,70202250,0.39911736488647265,2664750,65198250,0.37066837224176524,0.105,0.105,620935714,620935714,https://www1.hkexnews.hk/search/titlesearch.xhtml,https://www1.hkexnews.hk/search/titlesearch.xhtml,1620585560,14:39:20,20210509
60,2003-09-30,2877.HK,CNY,2003-09-30,2003-09-30,Q3,151010500,78750500,72260000,0.4785097724992633,0,8682000,0,201250,17508750,104941250,0,5489000,51558250,0.34142162299972517,46069250,0.305073157164568,0,46270500,0.30640584595110937,-1827000,37842500,0.2505951572903871,0.0625,0.0625,605480000,605480000,https://www1.hkexnews.hk/search/titlesearch.xhtml,https://www1.hkexnews.hk/search/titlesearch.xhtml,1620585560,14:39:20,20210509
61,2003-06-30,2877.HK,CNY,2003-06-30,2003-06-30,Q2,151010500,78750500,72260000,0.4785097724992633,0,8682000,0,201250,17508750,104941250,0,5489000,51558250,0.34142162299972517,46069250,0.305073157164568,0,46270500,0.30640584595110937,-1827000,37842500,0.2505951572903871,0.0625,0.0625,605480000,605480000,https://www1.hkexnews.hk/search/titlesearch.xhtml,https://www1.hkexnews.hk/search/titlesearch.xhtml,1620585560,14:39:20,20210509
62,2003-03-31,2877.HK,CNY,2003-03-31,2003-03-31,Q1,151010500,78750500,72260000,0.4785097724992633,0,8682000,0,201250,17508750,104941250,0,5489000,51558250,0.34142162299972517,46069250,0.305073157164568,0,46270500,0.30640584595110937,-1827000,37842500,0.2505951572903871,0.0625,0.0625,605480000,605480000,https://www1.hkexnews.hk/search/titlesearch.xhtml,https://www1.hkexnews.hk/search/titlesearch.xhtml,1620585560,14:39:20,20210509
63,2003-01-31,2877.HK,CNY,2003-01-31,2003-01-31,Q1,151010500,78750500,72260000,0.4785097724992633,0,8682000,0,201250,17508750,104941250,0,5489000,51558250,0.34142162299972517,46069250,0.305073157164568,0,46270500,0.30640584595110937,-1827000,37842500,0.2505951572903871,0.0625,0.0625,605480000,605480000,https://www1.hkexnews.hk/search/titlesearch.xhtml,https://www1.hkexnews.hk/search/titlesearch.xhtml,1620585560,14:39:20,20210509
