,date,symbol,reportedCurrency,fillingDate,acceptedDate,period,revenue,costOfRevenue,grossProfit,grossProfitRatio,researchAndDevelopmentExpenses,generalAndAdministrativeExpenses,sellingAndMarketingExpenses,otherExpenses,operatingExpenses,costAndExpenses,interestExpense,depreciationAndAmortization,ebitda,ebitdaratio,operatingIncome,operatingIncomeRatio,totalOtherIncomeExpensesNet,incomeBeforeTax,incomeBeforeTaxRatio,incomeTaxExpense,netIncome,netIncomeRatio,eps,epsdiluted,weightedAverageShsOut,weightedAverageShsOutDil,link,finalLink,timestamp,est_time,est_date
0,2021-03-31,CLBS,USD,2021-05-06,2021-05-06,Q1,0.0,0.0,0.0,0.0,5076000.0,3010000.0,0.0,0.0,8086000.0,8086000.0,0.0,16000.0,-8047000.0,0.0,-8063.0,0.0,23000.0,-8063.0,0.0,0.0,-8063.0,0.0,-0.43356455342259503,-0.43356455342259503,18597000.0,18597000.0,https://www.sec.gov/Archives/edgar/data/320017/000032001721000067/0000320017-21-000067-index.htm,https://www.sec.gov/Archives/edgar/data/320017/000032001721000067/clbs-20210331.htm,1620590345,15:59:05,20210509
1,2020-12-31,CLBS,USD,2021-02-25,2021-02-25 16:08:47,Q4,0.0,0.0,0.0,0.0,2907000.0,2539000.0,0.0,0.0,5446000.0,5446000.0,0.0,17000.0,-5429000.0,0.0,-5446000.0,0.0,14000.0,-5432000.0,0.0,0.0,-5431000.0,0.0,-0.2920363499489165,-0.2920363499489165,18597000.0,18597000.0,https://www.sec.gov/Archives/edgar/data/320017/000032001721000043/0000320017-21-000043-index.htm,https://www.sec.gov/Archives/edgar/data/320017/000032001721000043/clbs-20201231.htm,1620590345,15:59:05,20210509
2,2020-09-30,CLBS,USD,2020-11-05,2020-11-05 16:15:23,Q3,0.0,0.0,0.0,0.0,3029000.0,2321000.0,0.0,0.0,5350000.0,5350000.0,0.0,16000.0,-5334000.0,0.0,-5350000.0,0.0,25000.0,-5325000.0,0.0,0.0,-5327000.0,0.0,-0.29,-0.29,18597000.0,18597000.0,https://www.sec.gov/Archives/edgar/data/320017/000032001720000110/0000320017-20-000110-index.htm,https://www.sec.gov/Archives/edgar/data/320017/000032001720000110/clbs-20200930.htm,1620590345,15:59:05,20210509
3,2020-06-30,CLBS,USD,2020-08-13,2020-08-13 16:10:54,Q2,0.0,0.0,0.0,0.0,1818000.0,2474000.0,0.0,0.0,4292000.0,4292000.0,0.0,15000.0,-4277000.0,0.0,-4292000.0,0.0,22000.0,-4270000.0,0.0,-10872000.0,6598000.0,0.0,0.5,0.5,13151000.0,13151000.0,https://www.sec.gov/Archives/edgar/data/320017/000032001720000085/0000320017-20-000085-index.htm,https://www.sec.gov/Archives/edgar/data/320017/000032001720000085/clbs-20200630.htm,1620590345,15:59:05,20210509
4,2020-03-31,CLBS,USD,2020-05-07,2020-05-07 16:12:30,Q1,0.0,0.0,0.0,0.0,1499000.0,2558000.0,0.0,0.0,4057000.0,4057000.0,0.0,15000.0,-4042000.0,0.0,-4057000.0,0.0,71000.0,-3986000.0,0.0,0.0,-3990000.0,0.0,-0.38,-0.38,10623000.0,10623000.0,https://www.sec.gov/Archives/edgar/data/320017/000032001720000036/0000320017-20-000036-index.htm,https://www.sec.gov/Archives/edgar/data/320017/000032001720000016/clbs-10kx20191231.htm,1620590345,15:59:05,20210509
5,2019-12-31,CLBS,USD,2020-03-05,2020-03-05 16:13:05,Q4,0.0,0.0,0.0,0.0,2767000.0,2315000.0,0.0,0.0,5082000.0,5082000.0,0.0,15000.0,-5067000.0,0.0,-5082000.0,0.0,129000.0,-4953000.0,0.0,0.0,-4956000.0,0.0,-0.4665348771533465,-0.4665348771533465,10623000.0,10623000.0,https://www.sec.gov/Archives/edgar/data/320017/000032001720000016/0000320017-20-000016-index.htm,https://www.sec.gov/Archives/edgar/data/320017/000032001720000016/clbs-10kx20191231.htm,1620590345,15:59:05,20210509
6,2019-09-30,CLBS,USD,2019-11-06,2019-11-06 16:02:45,Q3,0.0,0.0,0.0,0.0,3004000.0,2068000.0,0.0,0.0,5072000.0,5072000.0,0.0,15000.0,-5057000.0,0.0,-5072000.0,0.0,175000.0,-4897000.0,0.0,0.0,-4898000.0,0.0,-0.47,-0.47,10411000.0,10411000.0,https://www.sec.gov/Archives/edgar/data/320017/000032001719000086/0000320017-19-000086-index.htm,https://www.sec.gov/Archives/edgar/data/320017/000032001719000086/clbs-10qx20190930.htm,1620590345,15:59:05,20210509
7,2019-06-30,CLBS,USD,2019-08-08,2019-08-08 16:03:32,Q2,0.0,0.0,0.0,0.0,2988000.0,2358000.0,0.0,0.0,5346000.0,5346000.0,0.0,18000.0,-5328000.0,0.0,-5346000.0,0.0,209000.0,-5137000.0,0.0,0.0,-5140000.0,0.0,-0.49,-0.49,10393000.0,10393000.0,https://www.sec.gov/Archives/edgar/data/320017/000032001719000069/0000320017-19-000069-index.htm,https://www.sec.gov/Archives/edgar/data/320017/000032001719000069/clbs-10qx20190630.htm,1620590345,15:59:05,20210509
8,2019-03-31,CLBS,USD,2019-05-09,2019-05-09 16:02:31,Q1,0.0,0.0,0.0,0.0,2038000.0,2554000.0,0.0,0.0,4592000.0,4592000.0,0.0,17000.0,-4575000.0,0.0,-4592000.0,0.0,227000.0,-4365000.0,0.0,0.0,-4367000.0,0.0,-0.44,-0.44,10027000.0,10027000.0,https://www.sec.gov/Archives/edgar/data/320017/000032001719000053/0000320017-19-000053-index.htm,https://www.sec.gov/Archives/edgar/data/320017/000032001719000024/clbs-10kx20181231.htm,1620590345,15:59:05,20210509
9,2018-12-31,CLBS,USD,2019-03-14,2019-03-14 17:31:20,Q4,0.0,0.0,0.0,0.0,1507897.0,2288433.0,0.0,239039.0,3796330.0,3796330.0,-148.0,17019.0,-3779311.0,0.0,-3796330.0,0.0,239039.0,-3557143.0,0.0,0.0,-3557854.0,0.0,-0.35482736611149895,-0.35482736611149895,10027000.0,10027000.0,https://www.sec.gov/Archives/edgar/data/320017/000032001719000024/0000320017-19-000024-index.htm,https://www.sec.gov/Archives/edgar/data/320017/000032001719000024/clbs-10kx20181231.htm,1620590345,15:59:05,20210509
10,2018-09-30,CLBS,USD,2018-11-08,2018-11-08 16:02:53,Q3,0.0,0.0,0.0,0.0,1701253.0,2061553.0,0.0,213769.0,3762806.0,3762806.0,187.0,38547.0,-3724259.0,0.0,-3762806.0,0.0,213769.0,-3549224.0,0.0,0.0,-3550196.0,0.0,-0.36,-0.36,9744680.0,9744680.0,https://www.sec.gov/Archives/edgar/data/320017/000032001718000122/0000320017-18-000122-index.htm,https://www.sec.gov/Archives/edgar/data/320017/000032001718000122/clbs-10qx20180930.htm,1620590345,15:59:05,20210509
11,2018-06-30,CLBS,USD,2018-08-09,2018-08-09 16:02:44,Q2,0.0,0.0,0.0,0.0,2122610.0,2146570.0,0.0,193654.0,4269180.0,4269180.0,1666.0,82110.0,-4187070.0,0.0,-4269180.0,0.0,193654.0,-4077192.0,0.0,0.0,-4076371.0,0.0,-0.42,-0.42,9591958.0,9591958.0,https://www.sec.gov/Archives/edgar/data/320017/000032001718000112/0000320017-18-000112-index.htm,https://www.sec.gov/Archives/edgar/data/320017/000032001718000112/clbs-10qx20180630.htm,1620590345,15:59:05,20210509
12,2018-03-31,CLBS,USD,2018-05-10,2018-05-10 16:00:46,Q1,0.0,0.0,0.0,0.0,2262240.0,2896444.0,0.0,177538.0,5158684.0,5158684.0,3295.0,87324.0,-5071360.0,0.0,-5158684.0,0.0,177538.0,-4984441.0,0.0,0.0,-4982579.0,0.0,-0.52,-0.52,9557347.0,9557347.0,https://www.sec.gov/Archives/edgar/data/320017/000032001718000038/0000320017-18-000038-index.htm,https://www.sec.gov/Archives/edgar/data/320017/000032001718000021/clbs-10kx20171231.htm,1620590345,15:59:05,20210509
13,2017-12-31,CLBS,USD,2018-03-22,2018-03-22 16:06:34,Q4,0.0,0.0,0.0,0.0,4652020.0,2668274.0,0.0,135813.0,7320294.0,7320294.0,5669.0,87996.0,-7232298.0,0.0,-7320294.0,0.0,135813.0,-7190150.0,0.0,-3225063.0,-2862866.0,0.0,-0.29954609788678804,-0.29954609788678804,9557347.0,9557347.0,https://www.sec.gov/Archives/edgar/data/320017/000032001718000021/0000320017-18-000021-index.htm,https://www.sec.gov/Archives/edgar/data/320017/000032001718000021/clbs-10kx20171231.htm,1620590345,15:59:05,20210509
14,2017-09-30,CLBS,USD,2017-11-09,2017-11-09 16:07:32,Q3,0.0,0.0,0.0,0.0,3187024.0,2942877.0,0.0,176855.0,6129901.0,6129901.0,8687.0,90160.0,-6039741.0,0.0,-6129901.0,0.0,176855.0,-5961733.0,0.0,-2413951.0,-3428440.0,0.0,-0.38,-0.38,9093880.0,9093880.0,https://www.sec.gov/Archives/edgar/data/320017/000032001717000093/0000320017-17-000093-index.htm,https://www.sec.gov/Archives/edgar/data/320017/000032001717000093/clbs-10qx20170930.htm,1620590345,15:59:05,20210509
15,2017-06-30,CLBS,USD,2017-08-10,2017-08-10 16:02:50,Q2,0.0,0.0,0.0,0.0,4277783.0,3432534.0,0.0,4828.0,7710317.0,7710317.0,204484.0,-461495.0,-8171812.0,0.0,-7710317.0,0.0,4828.0,-7909973.0,0.0,-5887543.0,38719009.0,0.0,4.34,4.34,8926783.0,8926783.0,https://www.sec.gov/Archives/edgar/data/320017/000032001717000060/0000320017-17-000060-index.htm,https://www.sec.gov/Archives/edgar/data/320017/000032001717000060/clbs-10qx20170630.htm,1620590345,15:59:05,20210509
16,2017-03-31,CLBS,USD,2017-05-15,2017-05-15 16:55:42,Q1,7922667.0,8042265.0,-119598.0,-0.015095674221824545,3462905.0,0.0,0.0,-44395.0,9412085.0,17454350.0,167715.0,655340.0,-8876343.0,-1.1203731016335787,-9531683.0,-1.2030901967733845,-44395.0,-9743793.0,-1.2298627469764916,49531.0,-9359827.0,-1.1813985113851182,-1.12,-1.12,8386903.0,8386903.0,https://www.sec.gov/Archives/edgar/data/320017/000032001717000040/0000320017-17-000040-index.htm,https://www.sec.gov/Archives/edgar/data/320017/000032001717000008/clbs-10kx20161231.htm,1620590345,15:59:05,20210509
17,2016-12-31,CLBS,USD,2017-03-17,2017-03-16 21:13:46,Q4,10176477.0,9245119.0,931358.0,0.09152067066038669,2573753.0,0.0,0.0,4295.0,6848026.0,16093145.0,186237.0,650495.0,-5266173.0,-0.5174848820470974,-5916668.0,-0.5814063157613386,4295.0,-6098610.0,-0.5992849981383538,-9248.0,-5958153.0,-0.585482873886513,-0.7104115786244338,-0.7104115786244338,8386903.0,8386903.0,https://www.sec.gov/Archives/edgar/data/320017/000032001717000008/0000320017-17-000008-index.htm,https://www.sec.gov/Archives/edgar/data/320017/000032001717000008/clbs-10kx20161231.htm,1620590345,15:59:05,20210509
18,2016-09-30,CLBS,USD,2016-11-07,2016-11-07 16:01:28,Q3,9317473.0,8611208.0,706265.0,0.07580005866397467,2630632.0,0.0,0.0,5117.0,7567118.0,16178326.0,384915.0,671142.0,-6189711.0,-0.6643122013876509,-6860853.0,-0.7363426757448076,5117.0,-7240651.0,-0.7771045861898392,46954.0,-6882533.0,-0.7386694868877002,-1.09,-1.09,6323427.0,6323427.0,https://www.sec.gov/Archives/edgar/data/320017/000032001716000162/0000320017-16-000162-index.htm,https://www.sec.gov/Archives/edgar/data/320017/000032001716000162/clbs-10qx20160930.htm,1620590345,15:59:05,20210509
19,2016-06-30,CLBS,USD,2016-08-09,2016-08-09 16:07:53,Q2,8300439.0,7051546.0,1248893.0,0.15046107802249978,4027965.0,0.0,0.0,6860.0,8733844.0,15785390.0,359725.0,684853.0,-6800098.0,-0.8192455844805316,-7484951.0,-0.9017536301393215,6860.0,-7837816.0,-0.944265237055534,46954.0,-7834716.0,-0.943891762833267,-1.33,-1.33,5907013.0,5907013.0,https://www.sec.gov/Archives/edgar/data/320017/000032001716000143/0000320017-16-000143-index.htm,https://www.sec.gov/Archives/edgar/data/320017/000032001716000143/clbs-10qx20160630.htm,1620590345,15:59:05,20210509
20,2016-03-31,CLBS,USD,2016-05-05,2016-05-05 16:10:48,Q1,7489479.0,6228256.0,1261223.0,0.16839929720077992,5876178.0,0.0,0.0,5685.0,12334509.0,18562765.0,926817.0,737158.0,-10336128.0,-1.380086385181132,-11073286.0,-1.4785121902337932,5685.0,-11994418.0,-1.601502320788936,53378.0,-11980917.0,-1.599699658681198,-2.1,-2.1,5738043.0,5738043.0,https://www.sec.gov/Archives/edgar/data/320017/000032001716000115/0000320017-16-000115-index.htm,https://www.sec.gov/Archives/edgar/data/320017/000032001716000098/clbs-10kx20151231.htm,1620590345,15:59:05,20210509
21,2015-12-31,CLBS,USD,2016-03-15,2016-03-15 16:00:42,Q4,7559875.0,6182741.0,1377134.0,0.1821635939747681,3179037.0,0.0,0.0,13324994.0,8213141.0,14395882.0,477220.0,793751.0,-6042256.0,-0.7992534268093057,-6836007.0,-0.9042486813604722,-39548342.0,-46861569.0,-6.1987227302038725,-13633431.0,-33196846.0,-4.391189801418674,-5.785395125132384,-5.785395125132384,5738043.0,5738043.0,https://www.sec.gov/Archives/edgar/data/320017/000032001716000098/0000320017-16-000098-index.htm,https://www.sec.gov/Archives/edgar/data/320017/000032001716000098/clbs-10kx20151231.htm,1620590345,15:59:05,20210509
22,2015-09-30,CLBS,USD,2015-11-05,2015-11-05 16:10:42,Q3,5888450.0,4808679.0,1079771.0,0.1833710059523304,6315613.0,0.0,0.0,-410233.0,11462779.0,16271458.0,552983.0,638723.0,-9744285.0,-1.6548132360808023,-10383008.0,-1.7632837164279225,-410233.0,-11346224.0,-1.926860888688874,46633.0,-11375950.0,-1.9319090762424747,-2.1,-2.1,5523911.0,5523911.0,https://www.sec.gov/Archives/edgar/data/320017/000032001715000077/0000320017-15-000077-index.htm,https://www.sec.gov/Archives/edgar/data/320017/000032001715000077/clbs-10qx20150930.htm,1620590345,15:59:05,20210509
23,2015-06-30,CLBS,USD,2015-08-06,2015-08-06 17:02:04,Q2,5866963.0,5798796.0,68167.0,0.011618788119168298,7600744.0,0.0,0.0,5354845.0,16337117.0,22135913.0,547275.0,649865.0,-15619085.0,-2.662209562255634,-16268950.0,-2.772976410452904,-4045155.0,-20861380.0,-3.5557374403077024,-3703363.0,-17126260.0,-2.9191014158432567,-3.8,-3.8,4457479.0,4457479.0,https://www.sec.gov/Archives/edgar/data/320017/000032001715000065/0000320017-15-000065-index.htm,https://www.sec.gov/Archives/edgar/data/320017/000032001715000065/clbs-10qx20150630.htm,1620590345,15:59:05,20210509
24,2015-03-31,CLBS,USD,2015-05-06,2015-05-05 18:13:19,Q1,3172279.0,3368612.0,-196333.0,-0.06189020574798118,6803632.0,0.0,0.0,-546027.0,17891531.0,21260143.0,550964.0,604440.0,-17483424.0,-5.511313475264943,-18087864.0,-5.7018515710629485,-546027.0,-19184855.0,-6.047656905335249,46633.0,-19186896.0,-6.0483002913678146,-5.1,-5.1,3759489.0,3759489.0,https://www.sec.gov/Archives/edgar/data/320017/000032001715000028/0000320017-15-000028-index.htm,https://www.sec.gov/Archives/edgar/data/320017/000032001715000013/nbs-10kx20141231.htm,1620590345,15:59:05,20210509
25,2014-12-31,CLBS,USD,2015-03-02,2015-03-02 16:02:10,Q4,5276500.0,4163307.0,1113193.0,0.21097185634416754,10169534.0,0.0,0.0,3988571.0,16666017.0,20829324.0,372158.0,608615.0,-14944209.0,-2.8322200322183266,-15552824.0,-2.947564484032976,3988571.0,-11936411.0,-2.262183454941723,-246385.0,-11611590.0,-2.2006235193783756,-3.0886085848369285,-3.0886085848369285,3759489.0,3759489.0,https://www.sec.gov/Archives/edgar/data/320017/000032001715000013/0000320017-15-000013-index.htm,https://www.sec.gov/Archives/edgar/data/320017/000032001715000013/nbs-10kx20141231.htm,1620590345,15:59:05,20210509
26,2014-09-30,CLBS,USD,2014-10-30,2014-10-30 16:07:06,Q3,4117783.0,4012369.0,105414.0,0.025599697701408745,8469623.0,0.0,0.0,-687280.0,16363914.0,20376283.0,183477.0,590636.0,-15667864.0,-3.8049270687649157,-16258500.0,-3.948362504775021,-687280.0,-17129257.0,-4.159825080631981,47387.0,-16974269.0,-4.122186380389642,-4.8,-4.8,3505321.0,3505321.0,https://www.sec.gov/Archives/edgar/data/320017/000032001714000070/0000320017-14-000070-index.htm,https://www.sec.gov/Archives/edgar/data/320017/000032001714000070/nbs-10qx20140930.htm,1620590345,15:59:05,20210509
27,2014-06-30,CLBS,USD,2014-08-07,2014-08-07 16:06:17,Q2,4488932.0,3677355.0,811577.0,0.18079512008647045,5796022.0,0.0,0.0,-185737.0,13242039.0,16919394.0,105906.0,543246.0,-11887216.0,-2.648116745809471,-12430462.0,-2.769135732062771,-185737.0,-12722105.0,-2.8341050833472194,47387.0,-12605018.0,-2.8080215962282344,-4.0,-4.0,3173941.0,3173941.0,https://www.sec.gov/Archives/edgar/data/320017/000032001714000045/0000320017-14-000045-index.htm,https://www.sec.gov/Archives/edgar/data/320017/000032001714000045/nbs-10qx20140630.htm,1620590345,15:59:05,20210509
28,2014-03-31,CLBS,USD,2014-05-08,2014-05-08 16:03:02,Q1,4055575.0,3825444.0,230131.0,0.05674435807499553,4759083.0,0.0,0.0,-189551.0,13729099.0,17554543.0,94156.0,444452.0,-13054516.0,-3.218906320312163,-13498968.0,-3.3284966989884297,-189551.0,-13782675.0,-3.3984515142735616,47409.0,-13682057.0,-3.373641715416433,-4.9,-4.9,2812084.0,2812084.0,https://www.sec.gov/Archives/edgar/data/320017/000032001714000022/0000320017-14-000022-index.htm,https://www.sec.gov/Archives/edgar/data/320017/000032001714000007/nbs-10kx20131231.htm,1620590345,15:59:05,20210509
29,2013-12-31,CLBS,USD,2014-03-13,2014-03-13 16:24:49,Q4,4078218.0,3344169.0,734049.0,0.1799925849966824,5297553.0,0.0,0.0,-1863019.0,11228615.0,14572784.0,73398.0,407807.0,-10086759.0,-2.473325114057169,-10494566.0,-2.573321485021154,-1863019.0,-12430983.0,-3.0481408791781117,287779.0,-12534552.0,-3.0735365299255704,-4.457388897344461,-4.457388897344461,2812084.0,2812084.0,https://www.sec.gov/Archives/edgar/data/320017/000032001714000007/0000320017-14-000007-index.htm,https://www.sec.gov/Archives/edgar/data/320017/000032001714000007/nbs-10kx20131231.htm,1620590345,15:59:05,20210509
30,2013-09-30,CLBS,USD,2013-11-07,2013-11-07 16:09:33,Q3,3706918.0,2975935.0,730983.0,0.1971942729782531,4486389.0,0.0,0.0,179605.0,10043814.0,13019749.0,98618.0,364881.0,-8947950.0,-2.413851614737634,-9312831.0,-2.5122840591564204,179605.0,-9231844.0,-2.490436529753288,44757.0,-9070757.0,-2.4469807532834555,-4.5,-4.5,2020393.0,2020393.0,https://www.sec.gov/Archives/edgar/data/320017/000032001713000111/0000320017-13-000111-index.htm,https://www.sec.gov/Archives/edgar/data/320017/000032001713000111/nbs-10qx20130930.htm,1620590345,15:59:05,20210509
31,2013-06-30,CLBS,USD,2013-08-08,2013-08-08 16:08:55,Q2,4359406.0,4235024.0,124382.0,0.028531868791298633,3972127.0,0.0,0.0,57950.0,8294561.0,12529585.0,65844.0,277966.0,-7892213.0,-1.8103872408305168,-8170179.0,-1.8741495974451565,57950.0,-8178073.0,-1.875960394604219,447568.0,-8575359.0,-1.9670934526401074,-4.6,-4.6,1850323.0,1850323.0,https://www.sec.gov/Archives/edgar/data/320017/000032001713000071/0000320017-13-000071-index.htm,https://www.sec.gov/Archives/edgar/data/320017/000032001713000071/nbs-10qx20130630.htm,1620590345,15:59:05,20210509
32,2013-03-31,CLBS,USD,2013-05-09,2013-05-09 16:03:48,Q1,2523912.0,2392089.0,131823.0,0.052229633996747904,3161326.0,0.0,0.0,10606.0,8963198.0,11355287.0,43560.0,554954.0,-8276421.0,-3.2792034746060876,-8831375.0,-3.499081980671275,10606.0,-8864329.0,-3.5121386958023892,0.0,-8800575.0,-3.48687870258551,-5.0,-5.0,1669889.0,1669889.0,https://www.sec.gov/Archives/edgar/data/320017/000032001713000044/0000320017-13-000044-index.htm,https://www.sec.gov/Archives/edgar/data/320017/000032001713000009/nbs-10kx20121231.htm,1620590345,15:59:05,20210509
33,2012-12-31,CLBS,USD,2013-03-11,2013-03-08 17:39:32,Q4,2751106.0,2509939.0,241167.0,0.08766183491294047,2961068.0,0.0,0.0,0.0,8183921.0,10693860.0,217788.0,389975.0,-7552779.0,-2.7453609566479806,-7942754.0,-2.887113037447485,-4351152.0,0.0,0.0,0.0,-15505103.0,-5.635952595065403,-9.28510996838712,-9.28510996838712,1669889.0,1669889.0,https://www.sec.gov/Archives/edgar/data/320017/000032001713000009/0000320017-13-000009-index.htm,https://www.sec.gov/Archives/edgar/data/320017/000032001713000009/nbs-10kx20121231.htm,1620590345,15:59:05,20210509
34,2012-09-30,CLBS,USD,2012-11-13,2012-11-13 16:49:26,Q3,4433961.0,3747490.0,686471.0,0.15482116328943804,2828210.0,0.0,0.0,0.0,8775474.0,12522964.0,384168.0,385823.0,-7703180.0,-1.7373134314893612,-8089003.0,-1.8243288562980144,-74881.0,0.0,0.0,0.0,-8410909.0,-1.8969289535925102,-6.0,-6.0,1481970.0,1481970.0,https://www.sec.gov/Archives/edgar/data/320017/000032001712000019/0000320017-12-000019-index.htm,https://www.sec.gov/Archives/edgar/data/320017/000032001712000019/nbs-10qx20120930.htm,1620590345,15:59:05,20210509
35,2012-06-30,CLBS,USD,2012-08-14,2012-08-13 21:06:22,Q2,3372097.0,2735990.0,636107.0,0.1886384051229843,2714587.0,0.0,0.0,0.0,7447540.0,10183530.0,450904.0,-1395338.0,-8206771.0,-2.4337292195331273,-6811433.0,-2.019939817864077,24353.0,-7237984.0,-2.146434103170816,0.0,-20505336.0,-6.080885573576324,-15.0,-15.0,1344120.0,1344120.0,https://www.sec.gov/Archives/edgar/data/320017/000144530512002636/0001445305-12-002636-index.htm,https://www.sec.gov/Archives/edgar/data/320017/000144530512002636/nbs-10qx20120630.htm,1620590345,15:59:05,20210509
36,2012-03-31,CLBS,USD,2012-05-11,2012-05-11 17:02:07,Q1,22056768.0,16321520.0,5735248.0,0.2600221392363559,2714507.0,0.0,0.0,0.0,12166707.0,28488227.0,1096133.0,2170111.0,-4261348.0,-0.19319911239942317,-6431459.0,-0.29158664587667604,166703.0,-7360889.0,-0.33372473247213735,122261.0,-9348133.0,-0.4238215227181063,-8.0,-8.0,1118069.0,1118069.0,https://www.sec.gov/Archives/edgar/data/320017/000114420412028121/0001144204-12-028121-index.htm,https://www.sec.gov/Archives/edgar/data/320017/000114420412016037/v304169_10k.htm,1620590345,15:59:05,20210509
37,2011-12-31,CLBS,USD,2012-03-20,2012-03-20 08:59:51,Q4,17860000.0,14337138.0,3522862.0,0.19724871220604703,3236122.0,0.0,0.0,0.0,13252926.0,27590064.0,823102.0,2223364.0,-7506700.0,-0.4203079507278835,-9730064.0,-0.5447964165733483,-18815816.0,-29368982.0,-1.6443998880179171,-514861.0,-18846654.0,-1.055243784994401,-16.85643193756378,-16.85643193756378,1118069.0,1118069.0,https://www.sec.gov/Archives/edgar/data/320017/000114420412016037/0001144204-12-016037-index.htm,https://www.sec.gov/Archives/edgar/data/320017/000114420412016037/v304169_10k.htm,1620590345,15:59:05,20210509
38,2011-09-30,CLBS,USD,2011-11-10,2011-11-10 16:05:55,Q3,17756144.0,13840744.0,3915400.0,0.22050958811778051,2483261.0,0.0,0.0,0.0,11295719.0,25136463.0,1305820.0,2172080.0,-5208239.0,-0.2933203853269043,-7380319.0,-0.41564874670987123,1383826.0,-7302313.0,-0.4112555631447909,26151.0,-7346435.0,-0.4137404495030002,-8.0,-8.0,941025.0,941025.0,https://www.sec.gov/Archives/edgar/data/320017/000114420411062961/0001144204-11-062961-index.htm,https://www.sec.gov/Archives/edgar/data/320017/000114420411062961/v236875_10q.htm,1620590345,15:59:05,20210509
39,2011-06-30,CLBS,USD,2011-08-12,2011-08-12 16:36:21,Q2,18460723.0,13517717.0,4943006.0,0.2677579854266813,2370468.0,0.0,0.0,0.0,14961467.0,28479184.0,1009686.0,2379189.0,-7639272.0,-0.41381217842876467,-10018461.0,-0.5426906085964239,600315.0,-10427833.0,-0.5648659047644017,110059.0,-10605767.0,-0.5745044221724144,-13.0,-13.0,805670.0,805670.0,https://www.sec.gov/Archives/edgar/data/320017/000114420411046147/0001144204-11-046147-index.htm,https://www.sec.gov/Archives/edgar/data/320017/000114420411046147/v229482_10q.htm,1620590345,15:59:05,20210509
40,2011-03-31,CLBS,USD,2011-05-17,2011-05-17 09:00:59,Q1,19641113.0,14294636.0,5346477.0,0.27220845376736036,2913260.0,0.0,0.0,0.0,13338254.0,27632890.0,852611.0,2203684.0,-5788093.0,-0.29469271929752655,-7991777.0,-0.4068902307114673,-262723.0,-9107110.0,-0.4636758619534443,592648.0,-10172991.0,-0.5179437132712388,-14.0,-14.0,736541.0,736541.0,https://www.sec.gov/Archives/edgar/data/320017/000114420411030414/0001144204-11-030414-index.htm,https://www.sec.gov/Archives/edgar/data/320017/000114420411020360/v216923_10k.htm,1620590345,15:59:05,20210509
41,2010-12-31,CLBS,USD,2011-04-06,2011-04-06 06:43:38,Q4,18105034.0,14652722.0,3452312.0,0.19068243671898102,2571050.0,0.0,0.0,0.0,10475574.0,25128296.0,455523.0,2579165.0,-4444097.0,-0.24546195273645993,-7023262.0,-0.3879176366086913,481784.0,-6997001.0,-0.3864671560406901,-640267.0,-6179681.0,-0.3413239102450733,-8.390138498739377,-8.390138498739377,736541.0,736541.0,https://www.sec.gov/Archives/edgar/data/320017/000114420411020360/0001144204-11-020360-index.htm,https://www.sec.gov/Archives/edgar/data/320017/000114420411020360/v216923_10k.htm,1620590345,15:59:05,20210509
42,2010-09-30,CLBS,USD,2010-11-12,2010-11-12 06:32:56,Q3,16475558.0,11232819.0,5242739.0,0.3182131373031493,1679945.0,0.0,0.0,0.0,10986567.0,22219386.0,10663.0,1091774.0,-4652054.0,-0.2823609373351725,-5743828.0,-0.34862722100216575,45829.0,-5708662.0,-0.34649278646586656,285976.0,-7140226.0,-0.43338295431329243,-13.0,-13.0,567774.0,567774.0,https://www.sec.gov/Archives/edgar/data/320017/000114420410059238/0001144204-10-059238-index.htm,https://www.sec.gov/Archives/edgar/data/320017/000114420410059238/v201572_10q.htm,1620590345,15:59:05,20210509
43,2010-06-30,CLBS,USD,2010-08-16,2010-08-16 17:29:08,Q2,19407523.0,12911800.0,6495723.0,0.33470129083448724,2133172.0,0.0,0.0,0.0,9998649.0,22910449.0,6198.0,697596.0,-2805330.0,-0.1445485856180616,-3502926.0,-0.18049320358914428,149571.0,-3359553.0,-0.17310570751352453,402259.0,-5373313.0,-0.27686753224509897,-11.0,-11.0,487719.0,487719.0,https://www.sec.gov/Archives/edgar/data/320017/000114420410044861/0001144204-10-044861-index.htm,https://www.sec.gov/Archives/edgar/data/320017/000114420410044861/v193741_10q.htm,1620590345,15:59:05,20210509
44,2010-03-31,CLBS,USD,2010-05-17,2010-05-17 16:36:25,Q1,15833178.0,10851618.0,4981560.0,0.31462792877083806,1300158.0,0.0,0.0,0.0,7589856.0,18441474.0,8519.0,767624.0,-1840672.0,-0.11625410893504766,-2608296.0,-0.16473610035837405,-164073.0,-2780888.0,-0.17563675466795106,502944.0,-4612485.0,-0.2913177000852261,-12.0,-12.0,400233.0,400233.0,https://www.sec.gov/Archives/edgar/data/320017/000114420410028368/0001144204-10-028368-index.htm,https://www.sec.gov/Archives/edgar/data/320017/000114420410017361/v179493_10k.htm,1620590345,15:59:05,20210509
45,2009-12-31,CLBS,USD,2010-03-31,2010-03-31 15:31:00,Q4,11407409.0,7494235.0,3913174.0,0.3430379326278211,0.0,0.0,0.0,0.0,13968966.0,21463201.0,32295.0,480537.0,-9575255.0,-0.839389119825545,-10055792.0,-0.8815141106977054,0.0,0.0,0.0,0.0,-11494697.0,-1.0076518690615897,-28.72001309237369,-28.72001309237369,400233.0,400233.0,https://www.sec.gov/Archives/edgar/data/320017/000114420410017361/0001144204-10-017361-index.htm,https://www.sec.gov/Archives/edgar/data/320017/000114420410017361/v179493_10k.htm,1620590345,15:59:05,20210509
46,2009-09-30,CLBS,USD,2009-11-06,2009-11-06 16:06:57,Q3,85067.0,53121.0,31946.0,0.37553928080219123,0.0,0.0,0.0,0.0,7263243.0,7316364.0,1038.0,36497.0,-7194800.0,-84.57803848731,-7231297.0,-85.00707677477753,0.0,0.0,0.0,0.0,-7219212.0,-84.86501228443463,-90.0,-90.0,85111.0,85111.0,https://www.sec.gov/Archives/edgar/data/320017/000114420409057105/0001144204-09-057105-index.htm,https://www.sec.gov/Archives/edgar/data/320017/000114420409057105/v165096_10q.htm,1620590345,15:59:05,20210509
47,2009-06-30,CLBS,USD,2009-08-13,2009-08-13 17:27:06,Q2,31600.0,15750.0,15850.0,0.5015822784810127,0.0,0.0,0.0,0.0,4715167.0,4730917.0,4437.0,30116.0,-4669201.0,-147.7595253164557,-4699317.0,-148.71256329113925,0.0,0.0,0.0,0.0,-4691365.0,-148.460917721519,-62.0,-62.0,79704.0,79704.0,https://www.sec.gov/Archives/edgar/data/320017/000114420409042915/0001144204-09-042915-index.htm,https://www.sec.gov/Archives/edgar/data/320017/000114420409042915/v157340_10q.htm,1620590345,15:59:05,20210509
48,2009-03-31,CLBS,USD,2009-05-15,2009-05-15 16:15:47,Q1,45138.0,23550.0,21588.0,0.4782666489432407,0.0,0.0,0.0,0.0,1878536.0,1902086.0,10599.0,29893.0,-1827055.0,-40.477092471974835,-1856948.0,-41.139350436439365,0.0,0.0,0.0,0.0,-1867243.0,-41.36742877398201,-24.0,-24.0,78028.0,78028.0,https://www.sec.gov/Archives/edgar/data/320017/000114420409027524/0001144204-09-027524-index.htm,https://www.sec.gov/Archives/edgar/data/320017/000114420409017907/v144329_10k.htm,1620590345,15:59:05,20210509
49,2008-12-31,CLBS,USD,2009-03-31,2009-03-31 16:40:02,Q4,34072.0,19232.0,14840.0,0.43554825076308995,0.0,0.0,0.0,0.0,2445554.0,2464786.0,0.0,57033.0,-2373681.0,-69.66661775064568,-2430714.0,-71.34051420521249,0.0,0.0,0.0,0.0,-2431395.0,-71.36050129138296,-31.1605449325883,-31.1605449325883,78028.0,78028.0,https://www.sec.gov/Archives/edgar/data/320017/000114420409017907/0001144204-09-017907-index.htm,https://www.sec.gov/Archives/edgar/data/320017/000114420409017907/v144329_10k.htm,1620590345,15:59:05,20210509
50,2008-09-30,CLBS,USD,2008-11-14,2008-11-14 15:47:48,Q3,25248.0,8839.0,16409.0,0.6499128643852978,0.0,0.0,0.0,0.0,1935743.0,1944582.0,3066.0,17466.0,-1901868.0,-75.32747148288973,-1919334.0,-76.01924904942966,0.0,0.0,0.0,0.0,-1921714.0,-76.11351394169836,-30.0,-30.0,63815.0,63815.0,https://www.sec.gov/Archives/edgar/data/320017/000114420408064313/0001144204-08-064313-index.htm,https://www.sec.gov/Archives/edgar/data/320017/000114420408064313/v132179_10q.htm,1620590345,15:59:05,20210509
51,2008-06-30,CLBS,USD,2008-08-14,2008-08-14 16:01:56,Q2,23528.0,3908.0,19620.0,0.8339000340020402,0.0,0.0,0.0,0.0,2379387.0,2383295.0,0.0,25237.0,-2334530.0,-99.22347840870452,-2359767.0,-100.29611526691602,0.0,0.0,0.0,0.0,-2361773.0,-100.38137538252295,-43.0,-43.0,54902.0,54902.0,https://www.sec.gov/Archives/edgar/data/320017/000114420408047264/0001144204-08-047264-index.htm,https://www.sec.gov/Archives/edgar/data/320017/000114420408047264/v123450_10q.htm,1620590345,15:59:05,20210509
52,2008-03-31,CLBS,USD,2008-05-15,2008-05-15 16:35:42,Q1,693.0,0.0,0.0,0.0,0.0,0.0,0.0,0.0,2524331.0,2524331.0,0.0,16225.0,-2507413.0,-3618.2005772005773,-2523638.0,-3641.6132756132756,0.0,0.0,0.0,0.0,-2527189.0,-3646.7373737373737,-52.0,-52.0,49045.0,49045.0,https://www.sec.gov/Archives/edgar/data/320017/000114420408029771/0001144204-08-029771-index.htm,https://www.sec.gov/Archives/edgar/data/320017/000114420408029771/v114493_10q.htm,1620590345,15:59:05,20210509
53,2007-12-31,CLBS,USD,2007-12-31,2007-12-31,Q4,157193.0,14469.0,142724.0,0.9079539165230004,0.0,0.0,0.0,0.0,2482396.0,2496865.0,0.0,22765.0,-2316907.0,-14.739250475530081,-2339672.0,-14.884072445974057,0.0,0.0,0.0,0.0,-2343232.0,-14.906719764875026,-47.77718421857478,-47.77718421857478,49045.0,49045.0,,,1620590345,15:59:05,20210509
54,2007-09-30,CLBS,USD,2007-09-30,2007-09-30,Q3,12559.0,6775.0,5784.0,0.46054622183294847,0.0,0.0,0.0,0.0,4327476.0,4334251.0,0.0,11070.0,-4310622.0,-343.2297157416992,-4321692.0,-344.11115534676327,0.0,0.0,0.0,0.0,-4327645.0,-344.5851580539852,-126.0,-126.0,34402.0,34402.0,,,1620590345,15:59:05,20210509
55,2007-06-30,CLBS,USD,2007-06-30,2007-06-30,Q2,6017.0,2350.0,3667.0,0.6094399202260262,0.0,0.0,0.0,0.0,1960393.0,1962743.0,4409.0,10252.0,-1946474.0,-323.495762007645,-1956726.0,-325.19960113013127,0.0,0.0,0.0,0.0,-1958261.0,-325.4547116503241,-74.0,-74.0,26570.0,26570.0,,,1620590345,15:59:05,20210509
56,2007-03-31,CLBS,USD,2007-05-10,2007-05-10,Q1,55895.0,1253.0,54642.0,0.9775829680651221,0.0,0.0,0.0,0.0,1873097.0,1874350.0,0.0,9691.0,-1808764.0,-32.36003220323821,-1818455.0,-32.53341085964755,0.0,0.0,0.0,0.0,-1816335.0,-32.49548260130602,-70.0,-70.0,24716.0,24716.0,https://www.sec.gov/Archives/edgar/data/320017/000115752307004991/0001157523-07-004991-index.htm,https://www.sec.gov/Archives/edgar/data/320017/000115752307004991/a5399244.txt,1620590345,15:59:05,20210509
57,2006-12-31,CLBS,USD,2007-03-29,2007-03-29,Q4,26938.0,8997.0,17941.0,0.6660108397059915,0.0,0.0,0.0,0.0,1735843.0,1744840.0,152534.0,9899.0,-1708003.0,-63.404966961170096,-1717902.0,-63.77244041873933,0.0,0.0,0.0,0.0,-1857444.0,-68.95255772514663,-75.1514808221395,-75.1514808221395,24716.0,24716.0,https://www.sec.gov/Archives/edgar/data/320017/000115752307003093/0001157523-07-003093-index.htm,https://www.sec.gov/Archives/edgar/data/320017/000115752307003093/a5366043.txt,1620590345,15:59:05,20210509
58,2006-09-30,CLBS,USD,2006-09-30,2006-09-30,Q3,6262.0,4467.0,1795.0,0.286649632705206,0.0,0.0,0.0,0.0,999825.0,1004292.0,0.0,81487.0,-916543.0,-146.36585755349728,-998030.0,-159.37879271798147,0.0,0.0,0.0,0.0,-1807307.0,-288.61497923985945,-110.0,-110.0,16554.0,16554.0,,,1620590345,15:59:05,20210509
59,2006-06-30,CLBS,USD,2006-06-30,2006-06-30,Q2,6262.0,4467.0,1795.0,0.286649632705206,0.0,0.0,0.0,0.0,1039409.0,1043876.0,0.0,77248.0,-960366.0,-153.36410092622165,-1037614.0,-165.7000958160332,0.0,0.0,0.0,0.0,-1245082.0,-198.83136378153944,-100.0,-100.0,10114.0,10114.0,,,1620590345,15:59:05,20210509
60,2006-03-31,CLBS,USD,2006-05-22,2006-05-22,Q1,6262.0,4467.0,1795.0,0.286649632705206,0.0,0.0,0.0,0.0,939234.0,943701.0,0.0,71489.0,-865950.0,-138.2864899393165,-937439.0,-149.702810603641,0.0,0.0,0.0,0.0,-1139444.0,-181.96167358671352,-200.0,-200.0,7558.0,7558.0,https://www.sec.gov/Archives/edgar/data/320017/000115752306005454/0001157523-06-005454-index.htm,https://www.sec.gov/Archives/edgar/data/320017/000115752306005454/a5154206.txt,1620590345,15:59:05,20210509
61,2005-12-31,CLBS,USD,2005-12-31,2005-12-31,Q4,7061.0,5006.0,2055.0,0.29103526412689423,0.0,0.0,0.0,0.0,492527.0,497533.0,36617.0,490.0,-489982.0,-69.39272057782183,-490472.0,-69.46211584761365,0.0,0.0,0.0,0.0,-526952.0,-74.62852287211443,-69.72109023551204,-69.72109023551204,7558.0,7558.0,,,1620590345,15:59:05,20210509
62,2005-09-30,CLBS,USD,2005-11-14,2005-11-14,Q3,8218.0,5750.0,2468.0,0.3003163786809443,0.0,0.0,0.0,0.0,544610.0,550360.0,0.0,489.0,-541653.0,-65.91056218057922,-542142.0,-65.97006570941835,-6540.0,0.0,0.0,0.0,-575351.0,-70.01107325383305,-100.0,-100.0,5123.0,5123.0,https://www.sec.gov/Archives/edgar/data/320017/000115752305010111/0001157523-05-010111-index.htm,https://www.sec.gov/Archives/edgar/data/320017/000115752305010111/a5019772.txt,1620590345,15:59:05,20210509
63,2005-06-30,CLBS,USD,2005-06-30,2005-06-30,Q2,9448.0,6603.0,2845.0,0.30112193056731584,0.0,0.0,0.0,0.0,358760.0,365363.0,37151.0,490.0,-355425.0,-37.619072819644366,-355915.0,-37.67093564775614,0.0,0.0,0.0,0.0,-393066.0,-41.603090601185436,-100.0,-100.0,4364.0,4364.0,,,1620590345,15:59:05,20210509
64,2005-03-31,CLBS,USD,2005-03-31,2005-03-31,Q1,10535.0,7417.0,3118.0,0.29596582819174183,0.0,0.0,0.0,0.0,215501.0,222918.0,0.0,6371.0,-206012.0,-19.55500711912672,-212383.0,-20.159753203607025,0.0,0.0,0.0,0.0,-249670.0,-23.699098243948743,-100.0,-100.0,4192.0,4192.0,,,1620590345,15:59:05,20210509
65,2004-12-31,CLBS,USD,2005-06-22,2005-06-22,Q4,11178.0,7777.0,3401.0,0.3042583646448381,0.0,0.0,0.0,0.0,265951.0,273728.0,0.0,8668.0,-253882.0,-22.71264984791555,-262550.0,-23.488101628198248,-11264.0,0.0,0.0,0.0,-299491.0,-26.792896761495797,-71.44346374045801,-71.44346374045801,4192.0,4192.0,https://www.sec.gov/Archives/edgar/data/320017/000095014405006686/0000950144-05-006686-index.htm,https://www.sec.gov/Archives/edgar/data/320017/000095014405006686/g95906e10vkza.htm,1620590345,15:59:05,20210509
66,2004-09-30,CLBS,USD,2004-09-30,2004-09-30,Q3,2968.0,1964.0,1004.0,0.33827493261455527,0.0,0.0,0.0,0.0,418402.0,420366.0,0.0,4076.0,-413322.0,-139.25943396226415,-417398.0,-140.63274932614556,-234060.0,0.0,0.0,0.0,-500495.0,-168.6303908355795,-100.0,-100.0,3346.0,3346.0,,,1620590345,15:59:05,20210509
67,2004-06-30,CLBS,USD,2004-06-30,2004-06-30,Q2,7073.0,4871.0,2202.0,0.31132475611480276,0.0,0.0,0.0,0.0,415532.0,420403.0,0.0,490.0,-412840.0,-58.368443376219425,-413330.0,-58.43772091050474,-240000.0,0.0,0.0,0.0,-492180.0,-69.58574862151845,-200.0,-200.0,2950.0,2950.0,,,1620590345,15:59:05,20210509
68,2004-03-31,CLBS,USD,2004-05-11,2004-05-11,Q1,27342.0,19273.0,8069.0,0.29511374442250016,0.0,0.0,0.0,0.0,389083.0,408356.0,75351.0,308.0,-380706.0,-13.923853412332676,-381014.0,-13.935118133274816,-240000.0,0.0,0.0,0.0,-456206.0,-16.685172993928756,-200.0,-200.0,2665.0,2665.0,https://www.sec.gov/Archives/edgar/data/320017/000115752304004681/0001157523-04-004681-index.htm,https://www.sec.gov/Archives/edgar/data/320017/000115752304004681/a4638047.txt,1620590345,15:59:05,20210509
69,2003-12-31,CLBS,USD,2003-12-31,2003-12-31,Q4,14329.0,7682.0,6647.0,0.463884430176565,0.0,0.0,0.0,0.0,376032.0,383714.0,118032.0,215.0,-369170.0,-25.76383557819806,-369385.0,-25.778840114453207,0.0,0.0,0.0,0.0,-449617.0,-31.378114313629702,-168.71181988742964,-168.71181988742964,2665.0,2665.0,,,1620590345,15:59:05,20210509
70,2003-09-30,CLBS,USD,2003-09-30,2003-09-30,Q3,15294.0,10826.0,4468.0,0.2921407087746829,0.0,0.0,0.0,0.0,201253.0,212079.0,58293.0,215.0,-196570.0,-12.852752713482412,-196785.0,-12.86681051392703,0.0,0.0,0.0,0.0,-203962.0,-13.33607950830391,-100.0,-100.0,2319.0,2319.0,,,1620590345,15:59:05,20210509
71,2003-06-30,CLBS,USD,2003-06-30,2003-06-30,Q2,17005.0,12177.0,4828.0,0.2839164951484857,0.0,0.0,0.0,0.0,209490.0,221667.0,0.0,0.0,-204662.0,-12.035401352543369,-204662.0,-12.035401352543369,0.0,0.0,0.0,0.0,-247586.0,-14.559600117612467,-100.0,-100.0,2259.0,2259.0,,,1620590345,15:59:05,20210509
72,2003-03-31,CLBS,USD,2003-05-15,2003-05-15,Q1,18004.0,12923.0,5081.0,0.2822150633192624,0.0,0.0,0.0,0.0,128578.0,141501.0,0.0,0.0,-123497.0,-6.859420128860253,-123497.0,-6.859420128860253,0.0,0.0,0.0,0.0,-142980.0,-7.941568540324372,-100.0,-100.0,2251.0,2251.0,https://www.sec.gov/Archives/edgar/data/320017/000089109203001074/0000891092-03-001074-index.htm,https://www.sec.gov/Archives/edgar/data/320017/000089109203001074/e14837_10q.txt,1620590345,15:59:05,20210509
73,2002-12-31,CLBS,USD,2002-12-31,2002-12-31,Q4,18523.0,13324.0,5199.0,0.2806780759056308,0.0,0.0,0.0,0.0,362322.0,375646.0,0.0,0.0,-99020.0,-5.34578631971063,-357123.0,-19.27997624574853,-258103.0,0.0,0.0,0.0,-376399.0,-20.32062840792528,-167.21412705464238,-167.21412705464238,2251.0,2251.0,,,1620590345,15:59:05,20210509
74,2002-09-30,CLBS,USD,2002-09-30,2002-09-30,Q3,19986.0,14177.0,5809.0,0.29065345742019416,0.0,230770.0,0.0,0.0,230770.0,244947.0,0.0,0.0,-224961.0,-11.255929150405283,-224961.0,-11.255929150405283,0.0,0.0,0.0,0.0,-219041.0,-10.959721805263685,-100.0,-100.0,2239.0,2239.0,,,1620590345,15:59:05,20210509
75,2002-06-30,CLBS,USD,2002-06-30,2002-06-30,Q2,18287.0,13694.0,4593.0,0.25116202766992946,0.0,205526.0,0.0,0.0,205526.0,219220.0,1009.0,7830.0,-193103.0,-10.559577842182971,-200933.0,-10.987750861267568,-54732.0,0.0,0.0,0.0,-234556.0,-12.826379395198774,-100.0,-100.0,2229.0,2229.0,,,1620590345,15:59:05,20210509
76,2002-03-31,CLBS,USD,2002-03-31,2002-03-31,Q1,24552.0,19370.0,5182.0,0.21106223525578363,0.0,371435.0,0.0,0.0,371435.0,390805.0,0.0,8936.0,-357317.0,-14.553478331704138,-366253.0,-14.917440534376018,0.0,0.0,0.0,0.0,-329842.0,-13.434424894102314,-200.0,-200.0,2229.0,2229.0,,,1620590345,15:59:05,20210509
77,2001-12-31,CLBS,USD,2001-12-31,2001-12-31,Q4,42357.0,17803.0,24554.0,0.5796916684373303,0.0,474026.0,0.0,0.0,474026.0,491829.0,0.0,38481.0,-410991.0,-9.703024293505205,-449472.0,-10.61151639634535,0.0,0.0,0.0,0.0,-712458.0,-16.820313053332388,-319.63122476446836,-319.63122476446836,2229.0,2229.0,,,1620590345,15:59:05,20210509
78,2001-09-30,CLBS,USD,2001-09-30,2001-09-30,Q3,32866.0,31147.0,1719.0,0.052303292156027505,0.0,387360.0,0.0,0.0,387360.0,418507.0,0.0,39322.0,-346319.0,-10.537302987890222,-385641.0,-11.733736992636768,0.0,0.0,0.0,0.0,-361960.0,-11.013205136006816,-200.0,-200.0,2228.0,2228.0,,,1620590345,15:59:05,20210509
79,2001-06-30,CLBS,USD,2001-06-30,2001-06-30,Q2,20767.0,14309.0,6458.0,0.31097414166706794,0.0,359312.0,0.0,0.0,359312.0,373621.0,0.0,37739.0,-315115.0,-15.173833485818847,-352854.0,-16.991091635768285,0.0,0.0,0.0,0.0,-317756.0,-15.301006404391583,-100.0,-100.0,2228.0,2228.0,,,1620590345,15:59:05,20210509
80,2001-03-31,CLBS,USD,2001-03-31,2001-03-31,Q1,11457.0,-32479.0,43936.0,3.8348607838002966,0.0,422176.0,0.0,0.0,422176.0,389697.0,0.0,39894.0,-338346.0,-29.531814611154754,-378240.0,-33.01387797852841,0.0,0.0,0.0,0.0,-640856.0,-55.93575979750371,-300.0,-300.0,2228.0,2228.0,,,1620590345,15:59:05,20210509
81,2000-12-31,CLBS,USD,2000-12-31,2000-12-31,Q4,200001.0,62453.0,137548.0,0.6877365613171934,0.0,730753.0,0.0,0.0,771271.0,833724.0,3266.0,40518.0,-593205.0,-2.96601016994915,-633723.0,-3.168599157004215,81437.0,0.0,0.0,0.0,-534716.0,-2.673566632166839,-239.99820466786355,-239.99820466786355,2228.0,2228.0,,,1620590345,15:59:05,20210509
82,2000-09-30,CLBS,USD,2000-09-30,2000-09-30,Q3,56207.0,18695.0,37512.0,0.6673901827174551,0.0,1007280.0,0.0,0.0,1045846.0,1064541.0,0.0,38566.0,-969768.0,-17.253509349369295,-1008334.0,-17.939651644812923,17734.0,0.0,0.0,0.0,-935657.0,-16.6466276442436,-700.0,-700.0,1395.0,1395.0,,,1620590345,15:59:05,20210509
83,2000-06-30,CLBS,USD,2000-06-30,2000-06-30,Q2,129949.0,24811.0,105138.0,0.8090712510292499,0.0,496765.0,0.0,0.0,535034.0,559845.0,0.0,38269.0,-391627.0,-3.013697681398087,-429896.0,-3.308190136130328,7478.0,0.0,0.0,0.0,-369859.0,-2.846185811356763,-300.0,-300.0,1421.0,1421.0,,,1620590345,15:59:05,20210509
84,2000-03-31,CLBS,USD,2000-03-31,2000-03-31,Q1,145600.0,5212.0,140388.0,0.9642032967032967,0.0,327276.0,0.0,0.0,365564.0,370776.0,0.0,38288.0,-186888.0,-1.2835714285714286,-225176.0,-1.5465384615384616,4182.0,0.0,0.0,0.0,-186933.0,-1.2838804945054945,-100.0,-100.0,1342.0,1342.0,,,1620590345,15:59:05,20210509
85,1999-12-31,CLBS,USD,1999-12-31,1999-12-31,Q4,10000.0,10000.0,10000.0,1.0,0.0,-370000.0,0.0,0.0,-370000.0,-360000.0,-70000.0,60000.0,430000.0,43.0,370000.0,37.0,0.0,310000.0,31.0,0.0,310000.0,31.0,371.03,371.03,1342.0,1342.0,,,1620590345,15:59:05,20210509
86,1999-09-30,CLBS,USD,1999-09-30,1999-09-30,Q3,0.0,0.0,0.0,0.0,0.0,430000.0,0.0,0.0,430000.0,430000.0,0.0,10000.0,-420000.0,0.0,-430000.0,0.0,0.0,-430000.0,0.0,0.0,-430000.0,0.0,-636.44,-636.44,1342.0,1342.0,,,1620590345,15:59:05,20210509
87,1999-06-30,CLBS,USD,1999-06-30,1999-06-30,Q2,0.0,0.0,0.0,0.0,0.0,600000.0,0.0,0.0,600000.0,600000.0,0.0,10000.0,-590000.0,0.0,-600000.0,0.0,0.0,-600000.0,0.0,0.0,-600000.0,0.0,-960.66,-960.66,1342.0,1342.0,,,1620590345,15:59:05,20210509
88,1999-03-31,CLBS,USD,1999-03-31,1999-03-31,Q1,0.0,0.0,0.0,0.0,0.0,400000.0,0.0,0.0,400000.0,400000.0,0.0,0.0,-400000.0,0.0,-400000.0,0.0,0.0,-400000.0,0.0,0.0,-400000.0,0.0,-642.01,-642.01,1342.0,1342.0,,,1620590345,15:59:05,20210509
89,1998-12-31,CLBS,USD,1998-12-31,1998-12-31,Q4,0.0,0.0,0.0,0.0,0.0,170000.0,0.0,0.0,170000.0,170000.0,10000.0,0.0,-150000.0,0.0,-170000.0,0.0,0.0,-160000.0,0.0,0.0,-160000.0,0.0,-276.3,-276.3,1342.0,1342.0,,,1620590345,15:59:05,20210509
90,1998-09-30,CLBS,USD,1998-09-30,1998-09-30,Q3,0.0,0.0,0.0,0.0,0.0,130000.0,0.0,0.0,130000.0,130000.0,10000.0,0.0,-110000.0,0.0,-130000.0,0.0,0.0,-120000.0,0.0,0.0,-120000.0,0.0,-205.33,-205.33,1342.0,1342.0,,,1620590345,15:59:05,20210509
91,1998-06-30,CLBS,USD,1998-06-30,1998-06-30,Q2,0.0,0.0,0.0,0.0,0.0,130000.0,0.0,0.0,130000.0,130000.0,10000.0,0.0,-110000.0,0.0,-130000.0,0.0,0.0,-120000.0,0.0,0.0,-120000.0,0.0,-231.57,-231.57,1342.0,1342.0,,,1620590345,15:59:05,20210509
92,1998-03-31,CLBS,USD,1998-03-31,1998-03-31,Q1,0.0,0.0,0.0,0.0,0.0,50000.0,0.0,0.0,50000.0,50000.0,10000.0,0.0,-30000.0,0.0,-50000.0,0.0,0.0,-40000.0,0.0,0.0,-40000.0,0.0,-90.66,-90.66,1342.0,1342.0,,,1620590345,15:59:05,20210509
93,1997-12-31,CLBS,USD,1997-12-31,1997-12-31,Q4,0.0,0.0,0.0,0.0,0.0,30000.0,0.0,0.0,30000.0,30000.0,10000.0,0.0,-20000.0,0.0,-30000.0,0.0,0.0,-30000.0,0.0,0.0,-30000.0,0.0,-67.16,-67.16,1342.0,1342.0,,,1620590345,15:59:05,20210509
94,1997-09-30,CLBS,USD,1997-10-31,1997-10-31,Q3,0.0,0.0,0.0,0.0,0.0,20000.0,0.0,0.0,20000.0,20000.0,0.0,0.0,-10000.0,0.0,-20000.0,0.0,0.0,-10000.0,0.0,0.0,-10000.0,0.0,-52.87,-52.87,1342.0,1342.0,https://www.sec.gov/Archives/edgar/data/320017/0001016681-97-000042-index.html,https://www.sec.gov/Archives/edgar/data/320017/,1620590345,15:59:05,20210509
95,1997-06-30,CLBS,USD,1997-06-30,1997-06-30,Q2,0.0,0.0,0.0,0.0,0.0,120000.0,0.0,0.0,120000.0,120000.0,0.0,0.0,-130000.0,0.0,-120000.0,0.0,0.0,-130000.0,0.0,0.0,-130000.0,0.0,-450.84,-450.84,1342.0,1342.0,,,1620590345,15:59:05,20210509
96,1997-03-31,CLBS,USD,1997-03-31,1997-03-31,Q1,0.0,0.0,0.0,0.0,0.0,140000.0,0.0,0.0,140000.0,140000.0,-10000.0,0.0,-160000.0,0.0,-140000.0,0.0,0.0,-150000.0,0.0,0.0,-150000.0,0.0,-684.0,-684.0,1342.0,1342.0,,,1620590345,15:59:05,20210509
97,1996-12-31,CLBS,USD,1996-12-31,1996-12-31,Q4,0.0,0.0,0.0,0.0,0.0,50000.0,0.0,0.0,50000.0,50000.0,0.0,0.0,-50000.0,0.0,-50000.0,0.0,0.0,-50000.0,0.0,0.0,-50000.0,0.0,-265.31,-265.31,1342.0,1342.0,,,1620590345,15:59:05,20210509
98,1996-09-30,CLBS,USD,1996-09-30,1996-09-30,Q3,0.0,0.0,0.0,0.0,0.0,40000.0,0.0,0.0,40000.0,40000.0,0.0,0.0,-40000.0,0.0,-40000.0,0.0,0.0,-40000.0,0.0,0.0,-40000.0,0.0,-223.85,-223.85,1342.0,1342.0,,,1620590345,15:59:05,20210509
99,1996-06-30,CLBS,USD,1996-06-30,1996-06-30,Q2,0.0,0.0,0.0,0.0,0.0,30000.0,0.0,0.0,30000.0,30000.0,0.0,0.0,-30000.0,0.0,-30000.0,0.0,0.0,-30000.0,0.0,0.0,-30000.0,0.0,-207.27,-207.27,1342.0,1342.0,,,1620590345,15:59:05,20210509
100,1996-03-31,CLBS,USD,1996-03-31,1996-03-31,Q1,-12370000.0,0.0,0.0,0.0,0.0,-15390000.0,0.0,0.0,-15390000.0,-15390000.0,500000.0,0.0,6050000.0,-0.489086,3010000.0,-0.2433306386418755,0.0,3520000.0,-0.28455941794664513,0.0,5550000.0,-0.4486661277283751,18691.79,18691.79,1342.0,1342.0,,,1620590345,15:59:05,20210509
101,1995-12-30,CLBS,USD,1995-12-30,1995-12-30,Q4,3140000.0,0.0,0.0,0.0,0.0,3750000.0,0.0,0.0,3750000.0,3750000.0,-150000.0,-220000.0,-830000.0,-0.2643312101910828,-610000.0,-0.1942675159235669,0.0,-760000.0,-0.24203821656050956,0.0,-760000.0,-0.24203821656050956,-3209.73,-3209.73,1342.0,1342.0,,,1620590345,15:59:05,20210509
102,1995-10-07,CLBS,USD,1995-11-24,1995-11-24,Q3,4050000.0,0.0,0.0,0.0,0.0,5490000.0,0.0,0.0,5490000.0,5490000.0,-210000.0,99999.99999999999,-1340000.0,-0.3308641975308642,-1440000.0,-0.35555555555555557,0.0,-1650000.0,-0.4074074074074074,0.0,-1650000.0,-0.4074074074074074,-9968.25,-9968.25,1342.0,1342.0,https://www.sec.gov/Archives/edgar/data/320017/0000905718-95-000145-index.html,https://www.sec.gov/Archives/edgar/data/320017/,1620590345,15:59:05,20210509
103,1995-06-17,CLBS,USD,1995-06-17,1995-06-17,Q2,5180000.0,0.0,0.0,0.0,0.0,6400000.0,0.0,0.0,6400000.0,6400000.0,-150000.0,120000.00000000001,-1110000.0,-0.21428571428571427,-1230000.0,-0.23745173745173745,0.0,-1370000.0,-0.2644787644787645,0.0,-1370000.0,-0.2644787644787645,-6909.27,-6909.27,1342.0,1342.0,,,1620590345,15:59:05,20210509
104,1995-03-25,CLBS,USD,1995-03-25,1995-03-25,Q1,4740000.0,0.0,0.0,0.0,0.0,6670000.0,0.0,0.0,6670000.0,6670000.0,-150000.0,270000.0,-1670000.0,-0.35232067510548526,-1940000.0,-0.4092827004219409,0.0,-2110000.0,-0.4451476793248945,-10000.0,-2100000.0,-0.4430379746835443,-12698.71,-12698.71,1342.0,1342.0,,,1620590345,15:59:05,20210509
105,1994-12-31,CLBS,USD,1994-12-31,1994-12-31,Q4,5610000.0,0.0,0.0,0.0,0.0,5700000.0,0.0,0.0,5700000.0,5700000.0,-150000.0,0.0,-380000.0,-0.067736,-80000.0,-0.0142602495543672,0.0,-230000.0,-0.040998217468805706,0.0,-230000.0,-0.040998217468805706,-1377.79,-1377.79,1342.0,1342.0,,,1620590345,15:59:05,20210509
106,1994-10-09,CLBS,USD,1994-10-09,1994-10-09,Q3,6920000.0,0.0,0.0,0.0,0.0,7370000.0,0.0,0.0,7370000.0,7370000.0,-140000.0,59999.99999999999,-390000.0,-0.05635838150289017,-450000.0,-0.06502890173410404,0.0,-590000.0,-0.08526011560693642,0.0,-590000.0,-0.08526011560693642,-3540.32,-3540.32,1342.0,1342.0,,,1620590345,15:59:05,20210509
107,1994-06-19,CLBS,USD,1994-06-19,1994-06-19,Q2,3780000.0,0.0,0.0,0.0,0.0,4140000.0,0.0,0.0,4140000.0,4140000.0,-100000.0,130000.0,-220000.0,-0.0582010582010582,-350000.0,-0.09259259259259259,0.0,-450000.0,-0.11904761904761904,0.0,-450000.0,-0.11904761904761904,-2725.63,-2725.63,1342.0,1342.0,,,1620590345,15:59:05,20210509
