,date,symbol,reportedCurrency,fillingDate,acceptedDate,period,revenue,costOfRevenue,grossProfit,grossProfitRatio,researchAndDevelopmentExpenses,generalAndAdministrativeExpenses,sellingAndMarketingExpenses,otherExpenses,operatingExpenses,costAndExpenses,interestExpense,depreciationAndAmortization,ebitda,ebitdaratio,operatingIncome,operatingIncomeRatio,totalOtherIncomeExpensesNet,incomeBeforeTax,incomeBeforeTaxRatio,incomeTaxExpense,netIncome,netIncomeRatio,eps,epsdiluted,weightedAverageShsOut,weightedAverageShsOutDil,link,finalLink,timestamp,est_time,est_date
0,2021-03-31,MTB,USD,2021-05-06,2021-05-06,Q1,1486993000,0.0,0.0,0.0,0.0,555266000.0,14628000.0,0.0,0.0,0.0,35567000,57116000.0,0.0,0.0,0.0,0.39848808972200944,0.0,592549000,0.39848808972200944,145300000,447249000,0.3007741125882906,3.33,3.33,128556456,128669000,https://www.sec.gov/Archives/edgar/data/36270/000156459021024903/0001564590-21-024903-index.htm,https://www.sec.gov/Archives/edgar/data/36270/000156459021024903/mtb-10q_20210331.htm,1620595356,17:22:36,20210509
1,2020-12-31,MTB,USD,2021-02-22,2021-02-22 17:02:04,Q4,1540530000,0.0,1540530000.0,1.0,0.0,567683000.0,17832000.0,3384413.226,970000000.0,61892.145,49610000,80233000.0,84363321.118,0.05476253050443679,4130321.118,0.4027977384406665,2087923.439,620522000,0.4027977384406665,149382000,471140000,0.30582981181801067,3.481616931066039,3.481616931066039,135322182,135322182,https://www.sec.gov/Archives/edgar/data/36270/000156459021007188/0001564590-21-007188-index.htm,https://www.sec.gov/Archives/edgar/data/36270/000156459021007188/mtb-10k_20201231.htm,1620595356,17:22:36,20210509
2,2020-09-30,MTB,USD,2020-11-04,2020-11-04 16:11:53,Q3,1463656000,0.0,1463656000.0,1.0,0.0,565100000.0,11855000.0,826774.0,11855.0,11855.0,58066000,85510000.0,85996882.0,0.05875484540083189,486882.0,0.00033264783528370054,520561.0,486882000,0.33264783528370057,114746000,372136000,0.2542509988685866,2.75,2.75,135322182,135322182,https://www.sec.gov/Archives/edgar/data/36270/000156459020050472/0001564590-20-050472-index.htm,https://www.sec.gov/Archives/edgar/data/36270/000156459020050472/mtb-10q_20200930.htm,1620595356,17:22:36,20210509
3,2020-06-30,MTB,USD,2020-08-05,2020-08-05 16:40:36,Q2,1444410000,0.0,0.0,0.0,0.0,545685000.0,9842000.0,0.0,1207000000.0,0.0,75105000,76885000.0,0.0,0.0,0.0,0.2162599261982401,0.0,312368000,0.2162599261982401,71314000,241054000,0.16688751808696978,1.88003514269811,1.8783477359681453,128217816,128333000,https://www.sec.gov/Archives/edgar/data/36270/000156459020036872/0001564590-20-036872-index.htm,https://www.sec.gov/Archives/edgar/data/36270/000156459020036872/mtb-10q_20200630.htm,1620595356,17:22:36,20210509
4,2020-03-31,MTB,USD,2020-05-07,2020-05-06 19:20:10,Q1,1506165000,0.0,0.0,0.0,0.0,624376000.0,22375000.0,0.0,1300000000.0,0.0,143614000,77660000.0,0.0,0.0,0.0,0.23221161028174203,0.0,349749000,0.23221161028174203,80927000,268822000,0.1784811093074132,1.93,1.93,129896891,129896891,https://www.sec.gov/Archives/edgar/data/36270/000156459020022168/0001564590-20-022168-index.htm,https://www.sec.gov/Archives/edgar/data/36270/000156459020005365/mtb-10k_20191231.htm,1620595356,17:22:36,20210509
5,2019-12-31,MTB,USD,2020-02-20,2020-02-19 19:12:12,Q4,1529873000,0.0,0.0,0.0,0.0,552744000.0,27063000.0,0.0,1055000000.0,0.0,177069000,77272000.0,0.0,0.0,0.0,0.4263033598213708,0.0,652190000,0.4263033598213708,159124000,493066000,0.3222921118288904,3.6,3.6,136962778,136962778,https://www.sec.gov/Archives/edgar/data/36270/000156459020005365/0001564590-20-005365-index.htm,https://www.sec.gov/Archives/edgar/data/36270/000156459020005365/mtb-10k_20191231.htm,1620595356,17:22:36,20210509
6,2019-09-30,MTB,USD,2019-11-05,2019-11-05 16:25:52,Q3,1557669000,0.0,0.0,0.0,0.0,557247000.0,22088000.0,0.0,1122000000.0,0.0,199579000,77946000.0,0.0,0.0,0.0,0.4076925200411641,0.0,635050000,0.4076925200411641,154969000,480081000,0.30820475980455414,3.6104138714808145,3.6096587192384906,132971182,132999000,https://www.sec.gov/Archives/edgar/data/36270/000156459019040411/0001564590-19-040411-index.htm,https://www.sec.gov/Archives/edgar/data/36270/000156459019040411/mtb-10q_20190930.htm,1620595356,17:22:36,20210509
7,2019-06-30,MTB,USD,2019-08-05,2019-08-05 16:18:37,Q2,1553576000,0.0,0.0,0.0,0.0,531067000.0,24046000.0,0.0,1124000000.0,0.0,196432000,73925000.0,0.0,0.0,0.0,0.4026478266914525,0.0,625544000,0.4026478266914525,152284000,473260000,0.304626230065346,3.34,3.34,135518862,135518862,https://www.sec.gov/Archives/edgar/data/36270/000156459019028777/0001564590-19-028777-index.htm,https://www.sec.gov/Archives/edgar/data/36270/000156459019028777/mtb-10q_20190630.htm,1620595356,17:22:36,20210509
8,2019-03-31,MTB,USD,2019-05-02,2019-05-02 17:25:41,Q1,1550825000,0.0,0.0,0.0,0.0,570898000.0,20275000.0,0.0,1093000000.0,0.0,176249000,72172000.0,0.0,0.0,0.0,0.4091222413876485,0.0,634477000,0.4091222413876485,151735000,482742000,0.31128076991278836,3.35,3.35,144102090,144102090,https://www.sec.gov/Archives/edgar/data/36270/000156459019015404/0001564590-19-015404-index.htm,https://www.sec.gov/Archives/edgar/data/36270/000156459019003467/mtb-10k_20181231.htm,1620595356,17:22:36,20210509
9,2018-12-31,MTB,USD,2019-02-20,2019-02-20 16:53:06,Q4,1539556000,0.0,0.0,0.0,0.0,507748000.0,25910000.0,0.0,1001000000.0,0.0,161321000,43089000.0,0.0,0.0,0.0,0.4542829231284864,0.0,699394000,0.4542829231284864,153175000,546219000,0.35478995242784284,3.76,3.76,145271011,145271011,https://www.sec.gov/Archives/edgar/data/36270/000156459019003467/0001564590-19-003467-index.htm,https://www.sec.gov/Archives/edgar/data/36270/000156459019003467/mtb-10k_20181231.htm,1620595356,17:22:36,20210509
10,2018-09-30,MTB,USD,2018-11-05,2018-11-05 17:25:35,Q3,1488332000,0.0,0.0,0.0,0.0,509741000.0,21784000.0,0.0,930000000.0,0.0,138337000,44597000.0,0.0,0.0,0.0,0.46787477525175836,0.0,696353000,0.46787477525175836,170262000,526091000,0.35347691240932805,3.54,3.53,148613277,148613277,https://www.sec.gov/Archives/edgar/data/36270/000156459018026909/0001564590-18-026909-index.htm,https://www.sec.gov/Archives/edgar/data/36270/000156459018026909/mtb-10q_20180930.htm,1620595356,17:22:36,20210509
11,2018-06-30,MTB,USD,2018-08-02,2018-08-02 15:32:26,Q2,1466201000,0.0,0.0,0.0,0.0,496528000.0,21768000.0,0.0,932000000.0,0.0,120118000,45750000.0,0.0,0.0,0.0,0.446476301680329,0.0,654624000,0.446476301680329,161464000,493160000,0.3363522463836814,3.26,3.26,151276074,151276074,https://www.sec.gov/Archives/edgar/data/36270/000156459018018853/0001564590-18-018853-index.htm,https://www.sec.gov/Archives/edgar/data/36270/000156459018018853/mtb-10q_20180630.htm,1620595356,17:22:36,20210509
12,2018-03-31,MTB,USD,2018-05-04,2018-05-04 12:48:43,Q1,1434213000,0.0,0.0,0.0,0.0,541456000.0,16248000.0,0.0,1083000000.0,0.0,106633000,45569000.0,0.0,0.0,0.0,0.319247559462925,0.0,457869000,0.319247559462925,105259000,352610000,0.24585608971610215,2.24,2.23,148548661,148905000,https://www.sec.gov/Archives/edgar/data/36270/000156459018010911/0001564590-18-010911-index.htm,https://www.sec.gov/Archives/edgar/data/36270/000156459018002855/mtb-10k_20171231.htm,1620595356,17:22:36,20210509
13,2017-12-31,MTB,USD,2018-02-22,2018-02-22 15:22:45,Q4,1455503000,0.0,0.0,0.0,0.0,485196000.0,19366000.0,0.0,930000000.0,0.0,102689000,46678000.0,0.0,0.0,0.0,0.43194002348329064,0.0,628690000,0.43194002348329064,306287000,322403000,0.22150624217195017,2.01,2.01,150490547,150490547,https://www.sec.gov/Archives/edgar/data/36270/000156459018002855/0001564590-18-002855-index.htm,https://www.sec.gov/Archives/edgar/data/36270/000156459018002855/mtb-10k_20171231.htm,1620595356,17:22:36,20210509
14,2017-09-30,MTB,USD,2017-11-03,2017-11-03 15:49:42,Q3,1416563000,0.0,0.0,0.0,0.0,477551000.0,17403000.0,0.0,936000000.0,0.0,100076000,51029000.0,0.0,0.0,0.0,0.40982151870407457,0.0,580538000,0.40982151870407457,224615000,355923000,0.2512581508905711,2.22,2.21,151263063,151691000,https://www.sec.gov/Archives/edgar/data/36270/000156459017021509/0001564590-17-021509-index.htm,https://www.sec.gov/Archives/edgar/data/36270/000156459017021509/mtb-10q_20170930.htm,1620595356,17:22:36,20210509
15,2017-06-30,MTB,USD,2017-08-07,2017-08-07 16:10:41,Q2,1399016000,0.0,0.0,0.0,0.0,477785000.0,16324000.0,0.0,895000000.0,0.0,92213000,50026000.0,0.0,0.0,0.0,0.4262860467642972,0.0,596381000,0.4262860467642972,215328000,381053000,0.272372152998965,2.36,2.35,152822881,153276000,https://www.sec.gov/Archives/edgar/data/36270/000156459017015980/0001564590-17-015980-index.htm,https://www.sec.gov/Archives/edgar/data/36270/000156459017015980/mtb-10q_20170630.htm,1620595356,17:22:36,20210509
16,2017-03-31,MTB,USD,2017-05-05,2017-05-05 14:33:09,Q1,1361105000,0.0,0.0,0.0,0.0,532698000.0,16110000.0,0.0,935000000.0,0.0,91773000,49392000.0,0.0,0.0,0.0,0.38075901565272335,0.0,518253000,0.38075901565272335,169326000,348927000,0.2563556815969378,2.13,2.12,154256808,154949000,https://www.sec.gov/Archives/edgar/data/36270/000156459017009044/0001564590-17-009044-index.htm,https://www.sec.gov/Archives/edgar/data/36270/000156459017002016/mtb-10k_20161231.htm,1620595356,17:22:36,20210509
17,2016-12-31,MTB,USD,2017-02-22,2017-02-22 17:09:34,Q4,1341223000,0.0,0.0,0.0,0.0,669478000.0,21074000.0,0.0,938000000.0,0.0,107137000,49177000.0,0.0,0.0,0.0,0.38033943646955054,0.0,510120000,0.38033943646955054,179549000,330571000,0.2464698264196185,2.1265008472334053,2.1231278098908155,155453030,155700000,https://www.sec.gov/Archives/edgar/data/36270/000156459017002016/0001564590-17-002016-index.htm,https://www.sec.gov/Archives/edgar/data/36270/000156459017002016/mtb-10k_20161231.htm,1620595356,17:22:36,20210509
18,2016-09-30,MTB,USD,2016-11-04,2016-11-03 19:15:38,Q3,1349690000,0.0,0.0,0.0,0.0,437217000.0,0.0,0.0,911000000.0,0.0,111175000,49515000.0,0.0,0.0,0.0,0.40772177314790803,0.0,550298000,0.40772177314790803,200314000,349984000,0.2593069519667479,2.247617421431728,2.2431133272659687,155713333,156026000,https://www.sec.gov/Archives/edgar/data/36270/000156459016027464/0001564590-16-027464-index.htm,https://www.sec.gov/Archives/edgar/data/36270/000156459016027464/mtb-10q_20160930.htm,1620595356,17:22:36,20210509
19,2016-06-30,MTB,USD,2016-08-04,2016-08-04 13:55:44,Q2,1312073000,0.0,0.0,0.0,0.0,430952000.0,0.0,0.0,889000000.0,0.0,106802000,50190000.0,0.0,0.0,0.0,0.4040766024451383,0.0,530178000,0.4040766024451383,194147000,336031000,0.25610693917182964,2.125867896445394,2.122198293556312,158067677,158341000,https://www.sec.gov/Archives/edgar/data/36270/000119312516671500/0001193125-16-671500-index.htm,https://www.sec.gov/Archives/edgar/data/36270/000119312516671500/d213692d10q.htm,1620595356,17:22:36,20210509
20,2016-03-31,MTB,USD,2016-04-29,2016-04-29 17:12:49,Q1,1292897000,0.0,0.0,0.0,0.0,468996000.0,0.0,0.0,926000000.0,0.0,100870000,51709000.0,0.0,0.0,0.0,0.36182464651089763,0.0,467802000,0.36182464651089763,169274000,298528000,0.23089851705124229,1.74,1.73,171567816,171567816,https://www.sec.gov/Archives/edgar/data/36270/000119312516569978/0001193125-16-569978-index.htm,https://www.sec.gov/Archives/edgar/data/36270/000119312516469957/d60049d10k.htm,1620595356,17:22:36,20210509
21,2015-12-31,MTB,USD,2016-02-19,2016-02-19 15:44:44,Q4,1255152000,0.0,0.0,0.0,0.0,464880000.0,0.0,0.0,939000000.0,0.0,95333000,47855000.0,0.0,0.0,0.0,0.32748145244560023,0.0,411039000,0.32748145244560023,140074000,270965000,0.21588221984269634,1.65,1.65,164221212,164221212,https://www.sec.gov/Archives/edgar/data/36270/000119312516469957/0001193125-16-469957-index.htm,https://www.sec.gov/Archives/edgar/data/36270/000119312516469957/d60049d10k.htm,1620595356,17:22:36,20210509
22,2015-09-30,MTB,USD,2015-10-30,2015-10-30 17:21:02,Q3,1132526000,0.0,0.0,0.0,0.0,383348000.0,0.0,0.0,775000000.0,0.0,77199000,41965000.0,0.0,0.0,0.0,0.38384107737923895,0.0,434710000,0.38384107737923895,154309000,280401000,0.24758901782387335,1.94,1.93,144536598,144536598,https://www.sec.gov/Archives/edgar/data/36270/000119312515360678/0001193125-15-360678-index.htm,https://www.sec.gov/Archives/edgar/data/36270/000119312515360678/d71233d10q.htm,1620595356,17:22:36,20210509
23,2015-06-30,MTB,USD,2015-08-05,2015-08-05 15:54:47,Q2,1180155000,0.0,0.0,0.0,0.0,381763000.0,0.0,0.0,804000000.0,0.0,77226000,42359000.0,0.0,0.0,0.0,0.38429443590036905,0.0,453527000,0.38429443590036905,166839000,286688000,0.24292402269193453,1.99,1.98,144064322,144064322,https://www.sec.gov/Archives/edgar/data/36270/000119312515278633/0001193125-15-278633-index.htm,https://www.sec.gov/Archives/edgar/data/36270/000119312515278633/d948169d10q.htm,1620595356,17:22:36,20210509
24,2015-03-31,MTB,USD,2015-05-08,2015-05-08 17:09:17,Q1,1099791000,0.0,0.0,0.0,0.0,410143000.0,0.0,0.0,803000000.0,0.0,78499000,43170000.0,0.0,0.0,0.0,0.3413521296319028,0.0,375416000,0.3413521296319028,133803000,241613000,0.21968992290353348,1.66,1.65,145550000,145550000,https://www.sec.gov/Archives/edgar/data/36270/000119312515179816/0001193125-15-179816-index.htm,https://www.sec.gov/Archives/edgar/data/36270/000119312515056342/d837418d10k.htm,1620595356,17:22:36,20210509
25,2014-12-31,MTB,USD,2015-02-20,2015-02-20 16:18:46,Q4,1133483000,0.0,0.0,0.0,0.0,365711000.0,0.0,0.0,774000000.0,0.0,74772000,45988000.0,0.0,0.0,0.0,0.3708701409725598,0.0,420375000,0.3708701409725598,142826000,277549000,0.24486384003994766,1.93,1.92,143807772,143807772,https://www.sec.gov/Archives/edgar/data/36270/000119312515056342/0001193125-15-056342-index.htm,https://www.sec.gov/Archives/edgar/data/36270/000119312515056342/d837418d10k.htm,1620595356,17:22:36,20210509
26,2014-09-30,MTB,USD,2014-11-06,2014-11-06 09:28:28,Q3,1120170000,0.0,0.0,0.0,0.0,371153000.0,0.0,0.0,768000000.0,0.0,73964000,49445000.0,0.0,0.0,0.0,0.367699545604685,0.0,411886000,0.367699545604685,136542000,275344000,0.24580554737227386,1.92,1.91,143408333,143408333,https://www.sec.gov/Archives/edgar/data/36270/000119312514399981/0001193125-14-399981-index.htm,https://www.sec.gov/Archives/edgar/data/36270/000119312514399981/d790827d10q.htm,1620595356,17:22:36,20210509
27,2014-06-30,MTB,USD,2014-08-07,2014-08-07 17:18:27,Q2,1125526000,0.0,0.0,0.0,0.0,364048000.0,0.0,0.0,763000000.0,0.0,65176000,50735000.0,0.0,0.0,0.0,0.36812299316053115,0.0,414332000,0.36812299316053115,129996000,284336000,0.2526249948912775,1.99,1.98,142882412,142882412,https://www.sec.gov/Archives/edgar/data/36270/000119312514300977/0001193125-14-300977-index.htm,https://www.sec.gov/Archives/edgar/data/36270/000119312514300977/d742661d10q.htm,1620595356,17:22:36,20210509
28,2014-03-31,MTB,USD,2014-05-08,2014-05-08 13:12:00,Q1,1076540000,0.0,0.0,0.0,0.0,397770000.0,0.0,0.0,789000000.0,0.0,66519000,52562000.0,0.0,0.0,0.0,0.31793430806101025,0.0,342269000,0.31793430806101025,113252000,229017000,0.2127343154922251,1.63,1.61,140501227,140501227,https://www.sec.gov/Archives/edgar/data/36270/000119312514189500/0001193125-14-189500-index.htm,https://www.sec.gov/Archives/edgar/data/36270/000119312514062812/d631624d10k.htm,1620595356,17:22:36,20210509
29,2013-12-31,MTB,USD,2014-02-21,2014-02-21 16:29:51,Q4,1112730000,0.0,0.0,0.0,0.0,362541000.0,0.0,0.0,805000000.0,0.0,67982000,53749000.0,0.0,0.0,0.0,0.29446316716543997,0.0,327658000,0.29446316716543997,106236000,221422000,0.19898987175685026,1.57,1.56,141033121,141033121,https://www.sec.gov/Archives/edgar/data/36270/000119312514062812/0001193125-14-062812-index.htm,https://www.sec.gov/Archives/edgar/data/36270/000119312514062812/d631624d10k.htm,1620595356,17:22:36,20210509
30,2013-09-30,MTB,USD,2013-11-12,2013-11-12 09:42:25,Q3,1150496000,0.0,0.0,0.0,0.0,363961000.0,0.0,0.0,776000000.0,0.0,69578000,50134000.0,0.0,0.0,0.0,0.385807512585876,0.0,443870000,0.385807512585876,149391000,294479000,0.2559582997246405,2.13,2.11,138253052,138253052,https://www.sec.gov/Archives/edgar/data/36270/000119312513437273/0001193125-13-437273-index.htm,https://www.sec.gov/Archives/edgar/data/36270/000119312513437273/d605947d10q.htm,1620595356,17:22:36,20210509
31,2013-06-30,MTB,USD,2013-08-08,2013-08-08 17:21:01,Q2,1186276000,0.0,0.0,0.0,0.0,351129000.0,0.0,0.0,728000000.0,0.0,72620000,49274000.0,0.0,0.0,0.0,0.44735373555563795,0.0,530685000,0.44735373555563795,182219000,348466000,0.29374782934156973,2.56,2.55,136119531,136119531,https://www.sec.gov/Archives/edgar/data/36270/000119312513327179/0001193125-13-327179-index.htm,https://www.sec.gov/Archives/edgar/data/36270/000119312513327179/d561144d10q.htm,1620595356,17:22:36,20210509
32,2013-03-31,MTB,USD,2013-05-09,2013-05-09 16:55:26,Q1,1088932000,0.0,0.0,0.0,0.0,386688000.0,0.0,0.0,748000000.0,0.0,73925000,50578000.0,0.0,0.0,0.0,0.38141591945135234,0.0,415336000,0.38141591945135234,141223000,274113000,0.25172646225843304,2.0,1.98,137056500,137056500,https://www.sec.gov/Archives/edgar/data/36270/000119312513211311/0001193125-13-211311-index.htm,https://www.sec.gov/Archives/edgar/data/36270/000119312513071824/d440871d10k.htm,1620595356,17:22:36,20210509
33,2012-12-31,MTB,USD,2013-02-25,2013-02-22 18:04:22,Q4,1070685000,0.0,0.0,0.0,0.0,356825000.0,0.0,0.0,753000000.0,0.0,77931000,49773000.0,0.0,0.0,0.0,0.4160327267123384,0.0,445440000,0.4160327267123384,149247000,296193000,0.27663878731839897,2.18,2.16,135868349,135868349,https://www.sec.gov/Archives/edgar/data/36270/000119312513071824/0001193125-13-071824-index.htm,https://www.sec.gov/Archives/edgar/data/36270/000119312513071824/d440871d10k.htm,1620595356,17:22:36,20210509
34,2012-09-30,MTB,USD,2012-11-06,2012-11-06 17:18:37,Q3,1119310000,0.0,0.0,0.0,0.0,353819000.0,0.0,5672000.0,744000000.0,0.0,82129000,51572000.0,0.0,0.0,0.0,0.39884214382074673,0.0,446428000,0.39884214382074673,152966000,293462000,0.26218116518212115,2.18,2.17,134615596,134615596,https://www.sec.gov/Archives/edgar/data/36270/000119312512454853/0001193125-12-454853-index.htm,https://www.sec.gov/Archives/edgar/data/36270/000119312512454853/d417415d10q.htm,1620595356,17:22:36,20210509
35,2012-06-30,MTB,USD,2012-08-09,2012-08-09 14:00:33,Q2,1046268000,0.0,0.0,0.0,0.0,360016000.0,0.0,0.0,777000000.0,0.0,89403000,50944000.0,0.0,0.0,0.0,0.3366642198748313,0.0,352241000,0.3366642198748313,118861000,233380000,0.22305948380338497,1.71,1.71,136479532,136479532,https://www.sec.gov/Archives/edgar/data/36270/000119312512346904/0001193125-12-346904-index.htm,https://www.sec.gov/Archives/edgar/data/36270/000119312512346904/d361901d10q.htm,1620595356,17:22:36,20210509
36,2012-03-31,MTB,USD,2012-05-10,2012-05-10 14:10:20,Q1,1001864000,0.0,0.0,0.0,0.0,386919000.0,0.0,11486000.0,782000000.0,0.0,93706000,52272000.0,0.0,0.0,0.0,0.3078431803118986,0.0,308417000,0.3078431803118986,101954000,206463000,0.206078868988206,1.5,1.5,125616000,125616000,https://www.sec.gov/Archives/edgar/data/36270/000119312512224923/0001193125-12-224923-index.htm,https://www.sec.gov/Archives/edgar/data/36270/000119312512075161/d262829d10k.htm,1620595356,17:22:36,20210509
37,2011-12-31,MTB,USD,2012-02-23,2012-02-23 15:43:54,Q4,1046726000,0.0,0.0,0.0,0.0,351753000.0,0.0,24822000.0,912000000.0,0.0,97969000,53210000.0,0.0,0.0,0.0,0.19384442537970778,0.0,202902000,0.19384442537970778,55162000,147740000,0.14114486503631324,1.1761240606292191,1.1761240606292191,125616000,125616000,https://www.sec.gov/Archives/edgar/data/36270/000119312512075161/0001193125-12-075161-index.htm,https://www.sec.gov/Archives/edgar/data/36270/000119312512075161/d262829d10k.htm,1620595356,17:22:36,20210509
38,2011-09-30,MTB,USD,2011-11-09,2011-11-09 15:47:38,Q3,1001654000,0.0,0.0,0.0,0.0,362491000.0,0.0,9642000.0,824000000.0,0.0,103632000,52404000.0,0.0,0.0,0.0,0.2646442783635866,0.0,265082000,0.2646442783635866,81974000,183108000,0.1828056394723128,1.4698615291992776,1.4665064872657376,124575000,124860000,https://www.sec.gov/Archives/edgar/data/36270/000119312511304463/0001193125-11-304463-index.htm,https://www.sec.gov/Archives/edgar/data/36270/000119312511304463/d248817d10q.htm,1620595356,17:22:36,20210509
39,2011-06-30,MTB,USD,2011-08-09,2011-08-09 16:48:28,Q2,1119611000,0.0,0.0,0.0,0.0,336510000.0,0.0,26530000.0,742000000.0,0.0,102051000,48396000.0,0.0,0.0,0.0,0.4001059296487798,0.0,447963000,0.4001059296487798,125605000,322358000,0.28791964351904364,2.43,2.42,132657613,132657613,https://www.sec.gov/Archives/edgar/data/36270/000095012311075147/0000950123-11-075147-index.htm,https://www.sec.gov/Archives/edgar/data/36270/000095012311075147/l42881e10vq.htm,1620595356,17:22:36,20210509
40,2011-03-31,MTB,USD,2011-04-29,2011-04-29 15:31:10,Q1,889902000,0.0,0.0,0.0,0.0,294386000.0,0.0,16041000.0,673000000.0,0.0,98679000,43770000.0,0.0,0.0,0.0,0.3468393148908531,0.0,308653000,0.3468393148908531,102380000,206273000,0.23179293899777728,1.59,1.59,129731447,129731447,https://www.sec.gov/Archives/edgar/data/36270/000095012311041929/0000950123-11-041929-index.htm,https://www.sec.gov/Archives/edgar/data/36270/000095012311016289/l40880e10vk.htm,1620595356,17:22:36,20210509
41,2010-12-31,MTB,USD,2011-02-22,2011-02-22 10:22:48,Q4,801398000,0.0,0.0,0.0,0.0,270177000.0,0.0,0.0,663000000.0,0.0,108628000,43395000.0,0.0,0.0,0.0,0.38278233786458166,0.0,306761000,0.38278233786458166,102319000,204442000,0.2551067010399327,1.5758862228677677,1.5758862228677677,129731447,129731447,https://www.sec.gov/Archives/edgar/data/36270/000095012311016289/0000950123-11-016289-index.htm,https://www.sec.gov/Archives/edgar/data/36270/000095012311016289/l40880e10vk.htm,1620595356,17:22:36,20210509
42,2010-09-30,MTB,USD,2010-11-05,2010-11-05 17:06:51,Q3,882713000,0.0,0.0,0.0,0.0,272248000.0,0.0,16486000.0,689000000.0,0.0,116032000,44706000.0,0.0,0.0,0.0,0.3247193595200252,0.0,286634000,0.3247193595200252,94619000,192015000,0.21752823397865445,1.49,1.48,128869128,128869128,https://www.sec.gov/Archives/edgar/data/36270/000095012310101786/0000950123-10-101786-index.htm,https://www.sec.gov/Archives/edgar/data/36270/000095012310101786/l40772e10vq.htm,1620595356,17:22:36,20210509
43,2010-06-30,MTB,USD,2010-08-04,2010-08-04 16:12:22,Q2,846963000,0.0,0.0,0.0,0.0,8549000.0,0.0,22380000.0,679000000.0,0.0,117557000,45934000.0,0.0,0.0,0.0,0.3302576381730961,0.0,279716000,0.3302576381730961,90967000,188749000,0.22285389090196384,1.47,1.46,128400680,128400680,https://www.sec.gov/Archives/edgar/data/36270/000095012310072487/0000950123-10-072487-index.htm,https://www.sec.gov/Archives/edgar/data/36270/000095012310072487/l40332e10vq.htm,1620595356,17:22:36,20210509
44,2010-03-31,MTB,USD,2010-05-07,2010-05-07 06:06:09,Q1,849241000,0.0,0.0,0.0,0.0,273089000.0,0.0,29487000.0,714000000.0,0.0,120052000,48327000.0,0.0,0.0,0.0,0.2586756880555696,0.0,219678000,0.2586756880555696,68723000,150955000,0.17775284047755585,1.16,1.15,130133621,130133621,https://www.sec.gov/Archives/edgar/data/36270/000095012310045933/0000950123-10-045933-index.htm,https://www.sec.gov/Archives/edgar/data/36270/000095012310014582/l38289e10vk.htm,1620595356,17:22:36,20210509
45,2009-12-31,MTB,USD,2010-02-19,2010-02-19 16:46:34,Q4,896870000,0.0,0.0,0.0,0.0,276320000.0,0.0,61626000.0,757000000.0,0.0,133950000,53349000.0,0.0,0.0,0.0,0.22428891589639524,0.0,201158000,0.22428891589639524,64340000,170829000,0.19047242075217144,1.312719946523274,1.312719946523274,130133621,130133621,https://www.sec.gov/Archives/edgar/data/36270/000095012310014582/0000950123-10-014582-index.htm,https://www.sec.gov/Archives/edgar/data/36270/000095012310014582/l38289e10vk.htm,1620595356,17:22:36,20210509
46,2009-09-30,MTB,USD,2009-11-05,2009-11-04 19:22:34,Q3,901025000,0.0,0.0,0.0,0.0,284802000.0,0.0,64232000.0,807000000.0,0.0,152938000,48618000.0,0.0,0.0,0.0,0.19069948114647206,0.0,171825000,0.19069948114647206,44161000,113894000,0.1264049277212064,1.0184019457062126,1.0170196806800729,111836000,111988000,https://www.sec.gov/Archives/edgar/data/36270/000095012309057789/0000950123-09-057789-index.htm,https://www.sec.gov/Archives/edgar/data/36270/000095012309057789/l37542e10vq.htm,1620595356,17:22:36,20210509
47,2009-06-30,MTB,USD,2009-08-04,2009-08-04 17:22:24,Q2,849120000,0.0,0.0,0.0,0.0,311143000.0,0.0,75697000.0,887000000.0,0.0,175856000,44592000.0,0.0,0.0,0.0,0.07361268136423592,0.0,62506000,0.07361268136423592,11318000,40516000,0.04771528170341059,0.433752,0.433752,110439000,110439000,https://www.sec.gov/Archives/edgar/data/36270/000095012309029698/0000950123-09-029698-index.htm,https://www.sec.gov/Archives/edgar/data/36270/000095012309029698/l37181e10vq.htm,1620595356,17:22:36,20210509
48,2009-03-31,MTB,USD,2009-05-08,2009-05-08 16:51:26,Q1,716491000,0.0,0.0,0.0,0.0,264343000.0,0.0,32199000.0,803000000.0,0.0,206705000,44362000.0,0.0,0.0,0.0,0.11696169247066607,0.0,83802000,0.11696169247066607,19581000,64221000,0.08963266810050649,0.49,0.49,110439000,110439000,https://www.sec.gov/Archives/edgar/data/36270/000095015209004997/0000950152-09-004997-index.htm,https://www.sec.gov/Archives/edgar/data/36270/000095015209001650/l35056ae10vk.htm,1620595356,17:22:36,20210509
49,2008-12-31,MTB,USD,2009-02-23,2009-02-23 09:44:13,Q4,764945000,0.0,0.0,0.0,0.0,268270000.0,0.0,0.0,886000000.0,0.0,288426000,45612000.0,0.0,0.0,0.0,0.16951937721012622,0.0,129673000,0.16951937721012622,27432000,102241000,0.1336579754099968,0.925768976539085,0.925768976539085,110439000,110439000,https://www.sec.gov/Archives/edgar/data/36270/000095015209001650/0000950152-09-001650-index.htm,https://www.sec.gov/Archives/edgar/data/36270/000095015209001650/l35056ae10vk.htm,1620595356,17:22:36,20210509
50,2008-09-30,MTB,USD,2008-11-07,2008-11-07 17:14:53,Q3,601956000,0.0,0.0,0.0,0.0,236678000.0,0.0,0.0,849000000.0,0.0,313115000,46141000.0,0.0,0.0,0.0,0.10996318667809607,0.0,66193000,0.10996318667809607,-24992000,91185000,0.15148117138129696,0.83,0.82,110265000,110807000,https://www.sec.gov/Archives/edgar/data/36270/000095015208008974/0000950152-08-008974-index.htm,https://www.sec.gov/Archives/edgar/data/36270/000095015208008974/l34440ae10vq.htm,1620595356,17:22:36,20210509
51,2008-06-30,MTB,USD,2008-07-31,2008-07-31 17:07:02,Q2,757814000,0.0,0.0,0.0,0.0,236127000.0,0.0,0.0,851000000.0,0.0,330942000,45935000.0,0.0,0.0,0.0,0.3141984708648824,0.0,238104000,0.3141984708648824,77839000,160265000,0.211483292734101,1.45,1.44,110191000,111227000,https://www.sec.gov/Archives/edgar/data/36270/000095015208005860/0000950152-08-005860-index.htm,https://www.sec.gov/Archives/edgar/data/36270/000095015208005860/l32621ae10vq.htm,1620595356,17:22:36,20210509
52,2008-03-31,MTB,USD,2008-05-07,2008-05-07 17:00:47,Q1,791513000,0.0,0.0,0.0,0.0,251871000.0,0.0,0.0,891000000.0,0.0,405312000,48102000.0,0.0,0.0,0.0,0.3863600471502047,0.0,305809000,0.3863600471502047,103613000,202196000,0.25545505885563474,1.84,1.82,110017000,110967000,https://www.sec.gov/Archives/edgar/data/36270/000095015208003591/0000950152-08-003591-index.htm,https://www.sec.gov/Archives/edgar/data/36270/000095015208001291/l29155ae10vk.htm,1620595356,17:22:36,20210509
53,2007-12-31,MTB,USD,2008-02-21,2008-02-21 16:42:06,Q4,630700000,0.0,0.0,0.0,0.0,226111000.0,0.0,0.0,985000000.0,0.0,442364000,43860000.0,0.0,0.0,0.0,0.13354526716346915,0.0,84227000,0.13354526716346915,19297000,64930000,0.10294910416996987,0.5901815174018561,0.5901815174018561,110017000,110017000,https://www.sec.gov/Archives/edgar/data/36270/000095015208001291/0000950152-08-001291-index.htm,https://www.sec.gov/Archives/edgar/data/36270/000095015208001291/l29155ae10vk.htm,1620595356,17:22:36,20210509
54,2007-09-30,MTB,USD,2007-11-01,2007-11-01 06:04:26,Q3,720587000,0.0,0.0,0.0,0.0,220750000.0,0.0,0.0,850000000.0,0.0,425326000,43710000.0,0.0,0.0,0.0,0.4108580920832599,0.0,296059000,0.4108580920832599,96872000,199187000,0.2764232493786316,1.86,1.83,107056000,108957000,https://www.sec.gov/Archives/edgar/data/36270/000095015207008435/0000950152-07-008435-index.htm,https://www.sec.gov/Archives/edgar/data/36270/000095015207008435/l28545ae10vq.htm,1620595356,17:22:36,20210509
55,2007-06-30,MTB,USD,2007-08-02,2007-08-01 18:12:08,Q2,745029000,0.0,0.0,0.0,0.0,224700000.0,0.0,0.0,839000000.0,0.0,416264000,44063000.0,0.0,0.0,0.0,0.4327053040888341,0.0,322378000,0.4327053040888341,108209000,214169000,0.2874639779122692,1.98,1.95,107939000,109919000,https://www.sec.gov/Archives/edgar/data/36270/000095015207006284/0000950152-07-006284-index.htm,https://www.sec.gov/Archives/edgar/data/36270/000095015207006284/l27222ae10vq.htm,1620595356,17:22:36,20210509
56,2007-03-31,MTB,USD,2007-05-07,2007-05-07 16:47:48,Q1,686910000,0.0,0.0,0.0,0.0,236754000.0,0.0,0.0,837000000.0,0.0,410622000,46526000.0,0.0,0.0,0.0,0.3797775545559098,0.0,260873000,0.3797775545559098,84900000,175973000,0.2561805767858963,1.6,1.57,109694000,112187000,https://www.sec.gov/Archives/edgar/data/36270/000095015207004017/0000950152-07-004017-index.htm,https://www.sec.gov/Archives/edgar/data/36270/000095015207001456/l22721ae10vk.htm,1620595356,17:22:36,20210509
57,2006-12-31,MTB,USD,2007-02-23,2007-02-23 17:19:48,Q4,723135000,0.0,0.0,0.0,0.0,213129000.0,0.0,0.0,816000000.0,0.0,404356000,46748000.0,0.0,0.0,0.0,0.4305212719616669,0.0,311325000,0.4305212719616669,97996000,213329000,0.29500577347244983,1.9447645267744817,1.9447645267744817,109694000,109694000,https://www.sec.gov/Archives/edgar/data/36270/000095015207001456/0000950152-07-001456-index.htm,https://www.sec.gov/Archives/edgar/data/36270/000095015207001456/l22721ae10vk.htm,1620595356,17:22:36,20210509
58,2006-09-30,MTB,USD,2006-11-03,2006-11-03 15:32:27,Q3,731086000,0.0,0.0,0.0,0.0,218980000.0,0.0,0.0,822000000.0,0.0,395652000,47599000.0,0.0,0.0,0.0,0.4173859162943894,0.0,305145000,0.4173859162943894,94775000,210370000,0.2877500047873985,1.89,1.85,111047000,113897000,https://www.sec.gov/Archives/edgar/data/36270/000095015206008784/0000950152-06-008784-index.htm,https://www.sec.gov/Archives/edgar/data/36270/000095015206008784/l22686ae10vq.htm,1620595356,17:22:36,20210509
59,2006-06-30,MTB,USD,2006-08-01,2006-08-01 16:27:38,Q2,709215000,0.0,0.0,0.0,0.0,217162000.0,0.0,0.0,760000000.0,0.0,366298000,39330000.0,0.0,0.0,0.0,0.4444604245539082,0.0,315218000,0.4444604245539082,102645000,212573000,0.29972998315038457,1.91,1.87,111259000,113968000,https://www.sec.gov/Archives/edgar/data/36270/000095015206006335/0000950152-06-006335-index.htm,https://www.sec.gov/Archives/edgar/data/36270/000095015206006335/l21370ae10vq.htm,1620595356,17:22:36,20210509
60,2006-03-31,MTB,USD,2006-05-10,2006-05-10 09:40:33,Q1,699957000,0.0,0.0,0.0,0.0,224082000.0,0.0,0.0,730000000.0,0.0,330246000,42254000.0,0.0,0.0,0.0,0.4285320383966444,0.0,299954000,0.4285320383966444,97037000,202917000,0.2898992366673953,1.82,1.77,111693000,114347000,https://www.sec.gov/Archives/edgar/data/36270/000095015206004200/0000950152-06-004200-index.htm,https://www.sec.gov/Archives/edgar/data/36270/000095015206001522/l15080ae10vk.htm,1620595356,17:22:36,20210509
61,2005-12-31,MTB,USD,2006-02-28,2006-02-28 17:02:04,Q4,698212000,0.0,0.0,0.0,0.0,203317000.0,0.0,0.0,696000000.0,0.0,303493000,41729000.0,0.0,0.0,0.0,0.438402662801556,0.0,306098000,0.438402662801556,101113000,204985000,0.293585615830149,1.8352537759752179,1.8352537759752179,111693000,111693000,https://www.sec.gov/Archives/edgar/data/36270/000095015206001522/0000950152-06-001522-index.htm,https://www.sec.gov/Archives/edgar/data/36270/000095015206001522/l15080ae10vk.htm,1620595356,17:22:36,20210509
62,2005-09-30,MTB,USD,2005-11-08,2005-11-08 16:33:52,Q3,676672000,0.0,0.0,0.0,0.0,207705000.0,0.0,0.0,656000000.0,0.0,265576000,42942000.0,0.0,0.0,0.0,0.4232804076421073,0.0,286422000,0.4232804076421073,95348000,191074000,0.28237314385699425,1.68,1.64,113530000,116200000,https://www.sec.gov/Archives/edgar/data/36270/000095015205008934/0000950152-05-008934-index.htm,https://www.sec.gov/Archives/edgar/data/36270/000095015205008934/l16649ae10vq.htm,1620595356,17:22:36,20210509
63,2005-06-30,MTB,USD,2005-08-05,2005-08-05 17:10:25,Q2,692864000,0.0,0.0,0.0,0.0,204607000.0,0.0,0.0,628000000.0,0.0,229016000,43122000.0,0.0,0.0,0.0,0.42349292213190465,0.0,293423000,0.42349292213190465,96589000,196834000,0.2840874976907445,1.73,1.69,113949000,116422000,https://www.sec.gov/Archives/edgar/data/36270/000095015205006623/0000950152-05-006623-index.htm,https://www.sec.gov/Archives/edgar/data/36270/000095015205006623/l15006ae10vq.htm,1620595356,17:22:36,20210509
64,2005-03-31,MTB,USD,2005-05-10,2005-05-10 14:54:48,Q1,676313000,0.0,0.0,0.0,0.0,206610000.0,0.0,0.0,588000000.0,0.0,196266000,45955000.0,0.0,0.0,0.0,0.4213670297628465,0.0,284976000,0.4213670297628465,95686000,189290000,0.2798852010829305,1.65,1.62,114773000,117184000,https://www.sec.gov/Archives/edgar/data/36270/000095015205004245/0000950152-05-004245-index.htm,https://www.sec.gov/Archives/edgar/data/36270/000095015205001517/l10178ae10vk.htm,1620595356,17:22:36,20210509
65,2004-12-31,MTB,USD,2005-02-25,2005-02-25 14:42:05,Q4,679751000,0.0,0.0,0.0,0.0,198152000.0,0.0,0.0,0.0,0.0,166755000,46387000.0,0.0,0.0,0.0,0.42637524622986944,0.0,289829000,0.42637524622986944,97624000,192205000,0.2827579510732606,1.6746534463680482,1.6746534463680482,114773000,114773000,https://www.sec.gov/Archives/edgar/data/36270/000095015205001517/0000950152-05-001517-index.htm,https://www.sec.gov/Archives/edgar/data/36270/000095015205001517/l10178ae10vk.htm,1620595356,17:22:36,20210509
66,2004-09-30,MTB,USD,2004-11-05,2004-11-05 17:24:00,Q3,684206000,0.0,0.0,0.0,0.0,205003000.0,0.0,0.0,0.0,0.0,143771000,48092000.0,0.0,0.0,0.0,0.38041759353177257,0.0,260284000,0.38041759353177257,73843000,186441000,0.2724924949503512,1.59,1.56,116897000,119665000,https://www.sec.gov/Archives/edgar/data/36270/000095015204007987/0000950152-04-007987-index.htm,https://www.sec.gov/Archives/edgar/data/36270/000095015204007987/l09969ae10vq.htm,1620595356,17:22:36,20210509
67,2004-06-30,MTB,USD,2004-07-30,2004-07-30 15:46:54,Q2,666130000,0.0,0.0,0.0,0.0,202647000.0,0.0,0.0,0.0,0.0,126805000,49951000.0,0.0,0.0,0.0,0.418721570864546,0.0,278923000,0.418721570864546,94538000,184385000,0.27680032426103013,1.56,1.53,118224000,120655000,https://www.sec.gov/Archives/edgar/data/36270/000095015204005764/0000950152-04-005764-index.htm,https://www.sec.gov/Archives/edgar/data/36270/000095015204005764/l08656ae10vq.htm,1620595356,17:22:36,20210509
68,2004-03-31,MTB,USD,2004-05-07,2004-05-07 16:14:42,Q1,647454000,0.0,0.0,0.0,0.0,200750000.0,0.0,0.0,0.0,0.0,126829000,51644000.0,0.0,0.0,0.0,0.3668013480494367,0.0,237487000,0.3668013480494367,77997000,159490000,0.24633410249994594,1.33,1.3,119738000,122316000,https://www.sec.gov/Archives/edgar/data/36270/000095015204003749/0000950152-04-003749-index.htm,https://www.sec.gov/Archives/edgar/data/36270/000095015204001428/l05919ae10vk.htm,1620595356,17:22:36,20210509
69,2003-12-31,MTB,USD,2004-02-26,2004-02-26 17:07:58,Q4,655057000,0.0,0.0,0.0,0.0,196651000.0,0.0,0.0,0.0,0.0,129173000,52828000.0,0.0,0.0,0.0,0.37966467040272833,0.0,248702000,0.37966467040272833,81801000,166901000,0.2547885145872802,1.393884982211161,1.393884982211161,119738000,119738000,https://www.sec.gov/Archives/edgar/data/36270/000095015204001428/0000950152-04-001428-index.htm,https://www.sec.gov/Archives/edgar/data/36270/000095015204001428/l05919ae10vk.htm,1620595356,17:22:36,20210509
70,2003-09-30,MTB,USD,2003-11-12,2003-11-12 16:55:18,Q3,662192000,0.0,0.0,0.0,0.0,214118000.0,0.0,0.0,0.0,0.0,133539000,51974000.0,0.0,0.0,0.0,0.35003745137361975,0.0,231792000,0.35003745137361975,75329000,156463000,0.2362804141397057,1.31,1.28,119727000,122593000,https://www.sec.gov/Archives/edgar/data/36270/000095015203009606/0000950152-03-009606-index.htm,https://www.sec.gov/Archives/edgar/data/36270/000095015203009606/l03479ae10vq.htm,1620595356,17:22:36,20210509
71,2003-06-30,MTB,USD,2003-08-12,2003-08-12 17:10:35,Q2,663787000,0.0,0.0,0.0,0.0,205481000.0,0.0,0.0,0.0,0.0,145506000,54167000.0,0.0,0.0,0.0,0.2962396069823603,0.0,196640000,0.2962396069823603,62600000,134040000,0.20193224633805723,1.12,1.1,119393000,122366000,https://www.sec.gov/Archives/edgar/data/36270/000095015203007588/0000950152-03-007588-index.htm,https://www.sec.gov/Archives/edgar/data/36270/000095015203007588/l02011ae10vq.htm,1620595356,17:22:36,20210509
72,2003-03-31,MTB,USD,2003-05-15,2003-05-15 17:34:59,Q1,448814000,0.0,0.0,0.0,0.0,124074000.0,0.0,0.0,0.0,0.0,119592000,32693000.0,0.0,0.0,0.0,0.3866546052484994,0.0,173536000,0.3866546052484994,56998000,116538000,0.25965767556270525,1.26,1.23,92399000,95062000,https://www.sec.gov/Archives/edgar/data/36270/000095015203005600/0000950152-03-005600-index.htm,https://www.sec.gov/Archives/edgar/data/36270/000095012803000281/l99139ae10vk.htm,1620595356,17:22:36,20210509
73,2002-12-31,MTB,USD,2003-02-27,2003-02-27 17:27:05,Q4,460036000,0.0,0.0,0.0,0.0,114115000.0,0.0,0.0,0.0,0.0,136358000,32326000.0,0.0,0.0,0.0,0.40492265822674745,0.0,186279000,0.40492265822674745,60460000,125819000,0.2734981610134859,1.361692226106343,1.361692226106343,92399000,92399000,https://www.sec.gov/Archives/edgar/data/36270/000095012803000281/0000950128-03-000281-index.htm,https://www.sec.gov/Archives/edgar/data/36270/000095012803000281/l99139ae10vk.htm,1620595356,17:22:36,20210509
74,2002-09-30,MTB,USD,2002-11-14 00:00:00,2002-11-14 19:10:15,Q3,443537000,0.0,0.0,0.0,0.0,113243000.0,0.0,0.0,0.0,0.0,146080000,32605000.0,0.0,0.0,0.0,0.38939479682642036,0.0,172711000,0.38939479682642036,55496000,117215000,0.26427333007167386,1.27,1.23,92017000,95036000,https://www.sec.gov/Archives/edgar/data/36270/000095015202008534/0000950152-02-008534-index.html,https://www.sec.gov/Archives/edgar/data/36270/000095015202008534/l96707ae10vq.htm,1620595356,17:22:36,20210509
75,2002-06-30,MTB,USD,2002-07-31,2002-07-31 17:01:07,Q2,430655000,0.0,0.0,0.0,0.0,115650000.0,0.0,0.0,0.0,0.0,151949000,32866000.0,0.0,0.0,0.0,0.41666531214080876,0.0,179439000,0.41666531214080876,57945000,121494000,0.28211445356491854,1.31,1.26,92608000,96188000,https://www.sec.gov/Archives/edgar/data/36270/000095015202005785/0000950152-02-005785-index.htm,https://www.sec.gov/Archives/edgar/data/36270/000095015202005785/l95416ae10vq.htm,1620595356,17:22:36,20210509
76,2002-03-31,MTB,USD,2002-05-14,2002-05-14 17:16:10,Q1,425288000,0.0,0.0,0.0,0.0,113403000.0,0.0,0.0,0.0,0.0,160127000,31990000.0,0.0,0.0,0.0,0.4186692312033257,0.0,178055000,0.4186692312033257,57491000,120564000,0.2834878952615639,1.29,1.25,93265000,96494000,https://www.sec.gov/Archives/edgar/data/36270/000095015202004197/0000950152-02-004197-index.htm,https://www.sec.gov/Archives/edgar/data/36270/000095015202001414/l92906ae10-k.htm,1620595356,17:22:36,20210509
77,2001-12-31,MTB,USD,2002-02-28,2002-02-28 00:00:00,Q4,432560000,0.0,0.0,0.0,0.0,110345000.0,0.0,0.0,0.0,0.0,186849000,47678000.0,0.0,0.0,0.0,0.35890743480673204,0.0,155249000,0.35890743480673204,53515000,101734000,0.23519049380432772,1.090805768509087,1.090805768509087,93265000,93265000,https://www.sec.gov/Archives/edgar/data/36270/000095015202001414/0000950152-02-001414-index.htm,https://www.sec.gov/Archives/edgar/data/36270/000095015202001414/l92906ae10-k.htm,1620595356,17:22:36,20210509
78,2001-09-30,MTB,USD,2001-11-14,2001-11-14 00:00:00,Q3,414462000,0.0,0.0,0.0,0.0,109250000.0,0.0,0.0,0.0,0.0,227674000,49703000.0,0.0,0.0,0.0,0.36256158586311893,0.0,150268000,0.36256158586311893,52401000,97867000,0.23613021217867983,1.02,0.98,96115000,99597000,https://www.sec.gov/Archives/edgar/data/36270/000095015201505880/0000950152-01-505880-index.htm,https://www.sec.gov/Archives/edgar/data/36270/000095015201505880/l90984ae10-q.htm,1620595356,17:22:36,20210509
79,2001-06-30,MTB,USD,2001-08-13,2001-08-13 00:00:00,Q2,404984000,0.0,0.0,0.0,0.0,109455000.0,0.0,0.0,0.0,0.0,252477000,49049000.0,0.0,0.0,0.0,0.3653773976255852,0.0,147972000,0.3653773976255852,53164000,94808000,0.2341030756770638,0.98,0.94,97125000,100722000,https://www.sec.gov/Archives/edgar/data/36270/000095015201503761/0000950152-01-503761-index.htm,https://www.sec.gov/Archives/edgar/data/36270/000095015201503761/l89733ae10-q.htm,1620595356,17:22:36,20210509
80,2001-03-31,MTB,USD,2001-05-15,2001-05-15 00:00:00,Q1,383708000,0.0,0.0,0.0,0.0,105887000.0,0.0,0.0,0.0,0.0,276597000,47514000.0,0.0,0.0,0.0,0.33985999770658937,0.0,130407000,0.33985999770658937,46741000,83666000,0.21804601415659824,0.88,0.85,95427000,98605000,https://www.sec.gov/Archives/edgar/data/36270/000095015201502004/0000950152-01-502004-index.htm,https://www.sec.gov/Archives/edgar/data/36270/000095015201502004/l88353ae10-q.htm,1620595356,17:22:36,20210509
81,2000-12-31,MTB,USD,2001-03-09 00:00:00,2001-03-09 00:00:00,Q4,360826000,0.0,0.0,0.0,0.0,99471000.0,0.0,0.0,0.0,0.0,286538000,43742000.0,0.0,0.0,0.0,0.3121698547222207,0.0,112639000,0.3121698547222207,40672000,71967000,0.19945070477182908,0.7541576283441793,0.7541576283441793,95427000,95427000,https://www.sec.gov/Archives/edgar/data/36270/000095015201500250/0000950152-01-500250-index.html,https://www.sec.gov/Archives/edgar/data/36270/000095015201500250/l86788ae10-k.htm,1620595356,17:22:36,20210509
82,2000-09-30,MTB,USD,2000-11-14,2000-11-14 00:00:00,Q3,278772000,0.0,0.0,0.0,0.0,76099000.0,0.0,0.0,0.0,0.0,219622000,27362000.0,0.0,0.0,0.0,0.41543985766145813,0.0,115813000,0.41543985766145813,41397000,74416000,0.2669421606187135,0.97,0.94,76748000,79417000,https://www.sec.gov/Archives/edgar/data/36270/000095015200008026/0000950152-00-008026-index.htm,https://www.sec.gov/Archives/edgar/data/36270/000095015200008026/l84610ae10-q.htm,1620595356,17:22:36,20210509
83,2000-06-30,MTB,USD,2000-08-10 00:00:00,2000-08-10 00:00:00,Q2,272136000,0.0,0.0,0.0,0.0,76938000.0,0.0,0.0,0.0,0.0,208706000,26799000.0,0.0,0.0,0.0,0.4057750536496458,0.0,110426000,0.4057750536496458,38888000,71538000,0.2628759149836846,0.933,0.907,76630000,78880000,https://www.sec.gov/Archives/edgar/data/36270/000095015200005830/0000950152-00-005830-index.html,https://www.sec.gov/Archives/edgar/data/36270/000095015200005830/e10-q.htm,1620595356,17:22:36,20210509
84,2000-03-31,MTB,USD,2000-05-01 00:00:00,2000-05-01 00:00:00,Q1,267125000,0.0,0.0,0.0,0.0,76701000.0,0.0,0.0,0.0,0.0,203731000,26229000.0,0.0,0.0,0.0,0.4025381375760412,0.0,107528000,0.4025381375760412,39293000,68235000,0.25544220870379036,0.885,0.861,77110000,79220000,https://www.sec.gov/Archives/edgar/data/36270/000095015200003383/0000950152-00-003383-index.html,https://www.sec.gov/Archives/edgar/data/36270/000095015200003383/0000950152-00-003383-d1.html,1620595356,17:22:36,20210509
85,1999-12-31,MTB,USD,1999-12-31,1999-12-31,Q4,267300000,0.0,0.0,0.0,0.0,73400000.0,0.0,0.0,0.0,0.0,192700000,26700000.0,0.0,0.0,0.0,0.3898241676019454,0.0,104200000,0.3898241676019454,38100000,66100000,0.2472876917321362,0.8572169627804436,0.8572169627804436,77110000,77110000,,,1620595356,17:22:36,20210509
86,1999-09-30,MTB,USD,1999-11-12 00:00:00,1999-11-12 00:00:00,Q3,265600000,0.0,0.0,0.0,0.0,71600000.0,0.0,0.0,0.0,0.0,180000000,24400000.0,0.0,0.0,0.0,0.4036144578313253,0.0,107200000,0.4036144578313253,39600000,67600000,0.2545180722891566,0.86,0.83,78604651,81445783,https://www.sec.gov/Archives/edgar/data/36270/000091205799005336/0000912057-99-005336-index.html,https://www.sec.gov/Archives/edgar/data/36270/0000912057-99-005336.txt,1620595356,17:22:36,20210509
87,1999-06-30,MTB,USD,1999-08-13 00:00:00,1999-08-13 00:00:00,Q2,254900000,0.0,0.0,0.0,0.0,71400000.0,0.0,0.0,0.0,0.0,171300000,23100000.0,0.0,0.0,0.0,0.3954491957630443,0.0,100800000,0.3954491957630443,35800000,65000000,0.2550019615535504,0.84,0.8,77380952,81250000,https://www.sec.gov/Archives/edgar/data/36270/000104746999031886/0001047469-99-031886-index.html,https://www.sec.gov/Archives/edgar/data/36270/0001047469-99-031886.txt,1620595356,17:22:36,20210509
88,1999-03-31,MTB,USD,1999-05-14 00:00:00,1999-05-14 00:00:00,Q1,254000000,0.0,0.0,0.0,0.0,68400000.0,0.0,0.0,0.0,0.0,175200000,22800000.0,0.0,0.0,0.0,0.41771653543307086,0.0,106100000,0.41771653543307086,39200000,66900000,0.26338582677165356,0.87,0.83,76896552,80602410,https://www.sec.gov/Archives/edgar/data/36270/000104746999020641/0001047469-99-020641-index.html,https://www.sec.gov/Archives/edgar/data/36270/0001047469-99-020641.txt,1620595356,17:22:36,20210509
89,1998-12-31,MTB,USD,1999-03-19,1999-03-19,Q4,240200000,0.0,0.0,0.0,0.0,67700000.0,0.0,0.0,0.0,0.0,183400000,22400000.0,0.0,0.0,0.0,0.3913405495420483,0.0,94000000,0.3913405495420483,36100000,57900000,0.24104912572855952,0.7529596385544048,0.7529596385544048,76896552,76896552,https://www.sec.gov/Archives/edgar/data/36270/0001047469-99-010544-index.html,https://www.sec.gov/Archives/edgar/data/36270/,1620595356,17:22:36,20210509
90,1998-09-30,MTB,USD,1998-11-13 00:00:00,1998-11-13 00:00:00,Q3,239200000,0.0,0.0,0.0,0.0,63500000.0,0.0,0.0,0.0,0.0,184900000,22900000.0,0.0,0.0,0.0,0.3770903010033445,0.0,90200000,0.3770903010033445,33700000,56500000,0.23620401337792643,0.71,0.68,79577465,83088235,https://www.sec.gov/Archives/edgar/data/36270/000104746998040843/0001047469-98-040843-index.html,https://www.sec.gov/Archives/edgar/data/36270/0001047469-98-040843.txt,1620595356,17:22:36,20210509
91,1998-06-30,MTB,USD,1998-08-13 00:00:00,1998-08-13 00:00:00,Q2,243500000,0.0,0.0,0.0,0.0,69900000.0,0.0,0.0,0.0,0.0,184600000,22800000.0,0.0,0.0,0.0,0.30924024640657083,0.0,75300000,0.30924024640657083,30600000,44700000,0.18357289527720738,0.56,0.53,79821429,84339623,https://www.sec.gov/Archives/edgar/data/36270/000104746998031118/0001047469-98-031118-index.html,https://www.sec.gov/Archives/edgar/data/36270/0001047469-98-031118.txt,1620595356,17:22:36,20210509
92,1998-03-31,MTB,USD,1998-05-15 00:00:00,1998-05-15 00:00:00,Q1,212100000,0.0,0.0,0.0,0.0,58300000.0,0.0,0.0,0.0,0.0,134600000,11500000.0,0.0,0.0,0.0,0.31211692597831214,0.0,66200000,0.31211692597831214,17200000,49000000,0.23102310231023102,0.73,0.7,67123288,70000000,https://www.sec.gov/Archives/edgar/data/36270/000100547798001689/0001005477-98-001689-index.html,https://www.sec.gov/Archives/edgar/data/36270/0001005477-98-001689.txt,1620595356,17:22:36,20210509
93,1997-12-31,MTB,USD,1997-12-31,1997-12-31,Q4,195300000,0.0,0.0,0.0,0.0,54600000.0,0.0,0.0,0.0,0.0,133300000,16600000.0,0.0,0.0,0.0,0.3712237583205325,0.0,72500000,0.3712237583205325,26200000,46300000,0.23707117255504354,0.6897755068255893,0.6897755068255893,67123288,67123288,,,1620595356,17:22:36,20210509
94,1997-09-30,MTB,USD,1997-10-27 00:00:00,1997-10-27 00:00:00,Q3,190100000,0.0,0.0,0.0,0.0,56300000.0,0.0,0.0,0.0,0.0,129800000,8700000.0,0.0,0.0,0.0,0.38611257233035245,0.0,73400000,0.38611257233035245,27500000,45900000,0.24145186743819042,0.7,0.66,65571429,69545455,https://www.sec.gov/Archives/edgar/data/36270/000100547797002384/0001005477-97-002384-index.html,https://www.sec.gov/Archives/edgar/data/36270/0001005477-97-002384.txt,1620595356,17:22:36,20210509
95,1997-06-30,MTB,USD,1997-08-07 00:00:00,1997-08-07 00:00:00,Q2,182200000,0.0,0.0,0.0,0.0,53600000.0,0.0,0.0,0.0,0.0,125700000,8700000.0,0.0,0.0,0.0,0.3792535675082327,0.0,69100000,0.3792535675082327,26300000,42800000,0.2349066959385291,0.65,0.62,65846154,69032258,https://www.sec.gov/Archives/edgar/data/36270/000091205797026380/0000912057-97-026380-index.html,https://www.sec.gov/Archives/edgar/data/36270/0000912057-97-026380.txt,1620595356,17:22:36,20210509
96,1997-03-31,MTB,USD,1997-05-15 00:00:00,1997-05-15 00:00:00,Q1,182300000,0.0,0.0,0.0,0.0,55600000.0,0.0,0.0,0.0,0.0,119400000,8400000.0,0.0,0.0,0.0,0.36807460230389466,0.0,67100000,0.36807460230389466,25800000,41300000,0.22654964344487108,0.62,0.58,66612903,71206897,https://www.sec.gov/Archives/edgar/data/36270/000091205797017990/0000912057-97-017990-index.html,https://www.sec.gov/Archives/edgar/data/36270/0000912057-97-017990.txt,1620595356,17:22:36,20210509
97,1996-12-31,MTB,USD,1997-03-18 00:00:00,1997-03-18 00:00:00,Q4,184200000,0.0,0.0,0.0,0.0,54500000.0,0.0,0.0,0.0,0.0,119300000,7000000.0,0.0,0.0,0.0,0.3566775244299674,0.0,65700000,0.3566775244299674,25300000,40400000,0.21932681867535286,0.606489106172118,0.606489106172118,66612903,66612903,https://www.sec.gov/Archives/edgar/data/36270/000091205797009154/0000912057-97-009154-index.html,https://www.sec.gov/Archives/edgar/data/36270/0000912057-97-009154.txt,1620595356,17:22:36,20210509
98,1996-09-30,MTB,USD,1996-09-30,1996-09-30,Q3,177100000,0.0,0.0,0.0,0.0,52500000.0,0.0,0.0,0.0,0.0,117900000,8000000.0,0.0,0.0,0.0,0.3331451157538114,0.0,59000000,0.3331451157538114,23100000,35900000,0.20271033314511575,0.53,0.51,67735849,70392157,,,1620595356,17:22:36,20210509
99,1996-06-30,MTB,USD,1996-08-12 00:00:00,1996-08-12 00:00:00,Q2,174100000,0.0,0.0,0.0,0.0,49100000.0,0.0,0.0,0.0,0.0,115000000,7600000.0,0.0,0.0,0.0,0.3704767375071798,0.0,64500000,0.3704767375071798,25800000,38700000,0.22228604250430786,0.57,0.54,67894737,71666667,https://www.sec.gov/Archives/edgar/data/36270/000095014696001363/0000950146-96-001363-index.html,https://www.sec.gov/Archives/edgar/data/36270/0000950146-96-001363.txt,1620595356,17:22:36,20210509
100,1996-03-31,MTB,USD,1996-05-14 00:00:00,1996-05-14 00:00:00,Q1,165900000,0.0,0.0,0.0,0.0,52100000.0,0.0,0.0,0.0,0.0,114200000,7400000.0,0.0,0.0,0.0,0.36106088004822184,0.0,59900000,0.36106088004822184,23700000,36200000,0.21820373719107897,0.55,0.5,64181818,70600000,https://www.sec.gov/Archives/edgar/data/36270/000095014696000747/0000950146-96-000747-index.html,https://www.sec.gov/Archives/edgar/data/36270/0000950146-96-000747.txt,1620595356,17:22:36,20210509
101,1995-12-31,MTB,USD,1996-03-15 00:00:00,1996-03-15 00:00:00,Q4,169700000,0.0,0.0,0.0,0.0,48200000.0,0.0,0.0,0.0,0.0,116800000,11400000.0,0.0,0.0,0.0,0.3576900412492634,0.0,60700000,0.3576900412492634,23900000,36800000,0.2168532704773129,0.5733711064401448,0.5733711064401448,64181818,64181818,https://www.sec.gov/Archives/edgar/data/36270/000095014696000453/0000950146-96-000453-index.html,https://www.sec.gov/Archives/edgar/data/36270/0000950146-96-000453.txt,1620595356,17:22:36,20210509
102,1995-09-30,MTB,USD,1995-11-14 00:00:00,1995-11-14 00:00:00,Q3,168300000,0.0,0.0,0.0,0.0,49700000.0,0.0,0.0,0.0,0.0,116300000,4900000.0,0.0,0.0,0.0,0.3523469994058229,0.0,59300000,0.3523469994058229,23700000,35600000,0.21152703505644682,0.51,0.49,69803922,72653061,https://www.sec.gov/Archives/edgar/data/36270/000095014695000699/0000950146-95-000699-index.html,https://www.sec.gov/Archives/edgar/data/36270/0000950146-95-000699.txt,1620595356,17:22:36,20210509
103,1995-06-30,MTB,USD,1995-08-11 00:00:00,1995-08-11 00:00:00,Q2,153000000,0.0,0.0,0.0,0.0,44100000.0,0.0,0.0,0.0,0.0,112100000,4700000.0,0.0,0.0,0.0,0.3542483660130719,0.0,54200000,0.3542483660130719,22700000,31500000,0.20588235294117646,0.45,0.43,66000000,69069767,https://www.sec.gov/Archives/edgar/data/36270/000089155495000110/0000891554-95-000110-index.html,https://www.sec.gov/Archives/edgar/data/36270/0000891554-95-000110.txt,1620595356,17:22:36,20210509
104,1995-03-31,MTB,USD,1995-05-11 00:00:00,1995-05-11 00:00:00,Q1,144900000,0.0,0.0,0.0,0.0,46200000.0,0.0,0.0,0.0,0.0,96600000,4800000.0,0.0,0.0,0.0,0.32367149758454106,0.0,46900000,0.32367149758454106,19700000,27200000,0.18771566597653555,0.39,0.37,69743590,73513514,https://www.sec.gov/Archives/edgar/data/36270/000088974995000007/0000889749-95-000007-index.html,https://www.sec.gov/Archives/edgar/data/36270/0000889749-95-000007.txt,1620595356,17:22:36,20210509
105,1994-12-31,MTB,USD,1995-03-24 00:00:00,1995-03-24 00:00:00,Q4,155700000,0.0,0.0,0.0,0.0,39000000.0,0.0,0.0,0.0,0.0,83300000,4300000.0,0.0,0.0,0.0,0.30764290301862557,0.0,47900000,0.30764290301862557,16000000,31900000,0.20488118175979447,0.45738970420077313,0.45738970420077313,69743590,69743590,https://www.sec.gov/Archives/edgar/data/36270/000088974995000005/0000889749-95-000005-index.html,https://www.sec.gov/Archives/edgar/data/36270/0000889749-95-000005.txt,1620595356,17:22:36,20210509
106,1994-09-30,MTB,USD,1994-11-10 00:00:00,1994-11-10 00:00:00,Q3,144500000,0.0,0.0,0.0,0.0,40800000.0,0.0,0.0,0.0,0.0,72400000,4400000.0,0.0,0.0,0.0,0.3460207612456747,0.0,50000000,0.3460207612456747,20900000,29100000,0.2013840830449827,0.41,0.39,70975610,74615385,https://www.sec.gov/Archives/edgar/data/36270/000095016794000027/0000950167-94-000027-index.html,https://www.sec.gov/Archives/edgar/data/36270/0000950167-94-000027.txt,1620595356,17:22:36,20210509
107,1994-06-30,MTB,USD,1994-08-05 00:00:00,1994-08-05 00:00:00,Q2,145300000,0.0,0.0,0.0,0.0,41600000.0,0.0,0.0,0.0,0.0,64300000,4600000.0,0.0,0.0,0.0,0.3392980041293875,0.0,49300000,0.3392980041293875,20600000,28700000,0.19752236751548521,0.4,0.38,71750000,75526316,https://www.sec.gov/Archives/edgar/data/36270/000095016794000026/0000950167-94-000026-index.html,https://www.sec.gov/Archives/edgar/data/36270/0000950167-94-000026.txt,1620595356,17:22:36,20210509
108,1994-03-31,MTB,USD,1994-05-13 00:00:00,1994-05-13 00:00:00,Q1,146300000,0.0,0.0,0.0,0.0,39800000.0,0.0,0.0,0.0,0.0,59300000,4300000.0,0.0,0.0,0.0,0.3233082706766917,0.0,47300000,0.3233082706766917,19700000,27600000,0.18865345181134655,0.38,0.36,72631579,76666667,https://www.sec.gov/Archives/edgar/data/36270/000095016794000023/0000950167-94-000023-index.html,https://www.sec.gov/Archives/edgar/data/36270/0000950167-94-000023.txt,1620595356,17:22:36,20210509
