,date,symbol,reportedCurrency,fillingDate,acceptedDate,period,revenue,costOfRevenue,grossProfit,grossProfitRatio,researchAndDevelopmentExpenses,generalAndAdministrativeExpenses,sellingAndMarketingExpenses,otherExpenses,operatingExpenses,costAndExpenses,interestExpense,depreciationAndAmortization,ebitda,ebitdaratio,operatingIncome,operatingIncomeRatio,totalOtherIncomeExpensesNet,incomeBeforeTax,incomeBeforeTaxRatio,incomeTaxExpense,netIncome,netIncomeRatio,eps,epsdiluted,weightedAverageShsOut,weightedAverageShsOutDil,link,finalLink,timestamp,est_time,est_date
0,2020-06-30,FDEU,USD,2020-06-30,2020-06-30,Q1,6572970.0,2210420.0,4362550.0,0.6637106209217447,0.0,92650.0,0.0,17240.0,128340.00000000012,2338760.0,-68092930,0.0,-131951650,-20.07489,4234210.0,0.6441852009061353,0.0,-63858720.0,-9.715352420595256,0.0,-63858720.0,-9.715352420595256,-3.70584,-3.70584,17231910,17231910,,,1620591998,16:26:38,20210509
1,2019-12-31,FDEU,USD,2019-12-31,2019-12-31,Q4,6068980.0,2512960.0,3556020.0,0.5859337153854519,0.0,135030.0,0.0,19400.0,158929.9999999998,2671890.0,22810340,0.0,49017760,8.076771,3397090.0,0.5597464483323392,0.0,26207420.0,4.3182577632485195,0.0,26207420.0,4.3182577632485195,1.52087,1.52087,17231910,17231910,,,1620591998,16:26:38,20210509
2,2019-06-30,FDEU,USD,2019-06-30,2019-06-30,Q3,13374610.0,2434170.0,10940440.0,0.8180006744121885,0.0,117000.0,0.0,15530.0,151899.9999999999,2586070.0,14099980,0.0,38988500,2.915113,10788540.0,0.8066433338990819,0.0,24888520.0,1.8608781863545927,0.0,24888520.0,1.8608781863545927,1.44433,1.44433,17231910,17231910,,,1620591998,16:26:38,20210509
3,2018-12-31,FDEU,USD,2018-12-31,2018-12-31,Q2,5631220.0,2662320.0,2968900.0,0.5272214546758962,0.0,66490.0,0.0,17810.0,109390.00000000032,2771710.0000000005,-41803680,0.0,-80747850,-14.339317,2859510.0,0.5077958239955107,0.0,-38944170.0,-6.915760705495434,0.0,-38944170.0,-6.915760705495434,-2.26,-2.26,17231910,17231910,,,1620591998,16:26:38,20210509
4,2018-06-30,FDEU,USD,2018-06-30,2018-06-30,Q1,12953530.0,2807120.0,10146410.0,0.7832930483042074,0.0,196790.0,0.0,19650.0,237080.00000000017,3044200.0,-35664610,0.0,-61419890,-4.741556,9909330.0,0.7649907013763816,0.0,-25755280.0,-1.988282730653343,0.0,-25755280.0,-1.988282730653343,-1.49463,-1.49463,17231910,17231910,,,1620591998,16:26:38,20210509
5,2017-12-31,FDEU,USD,2017-12-31,2017-12-31,Q4,4508800.0,2946840.0,1561960.0,0.3464247693399574,0.0,166780.0,0.0,16320.0,206370.00000000015,3153210.0,24865590,0.0,51086770,11.330458,1355590.0,0.30065427608232786,0.0,26221180.0,5.81555624556423,0.0,26221180.0,5.81555624556423,1.52166,1.52166,17231910,17231910,,,1620591998,16:26:38,20210509
6,2017-06-30,FDEU,USD,2017-06-30,2017-06-30,Q3,15130000.0,2760000.0,12370000.0,0.8175809649702578,0.0,160000.0,0.0,20000.0,200000.00000000017,2960000.0,27180000,0.0,66530000,4.397224,12170000.0,0.8043621943159286,0.0,39350000.0,2.60079312623926,0.0,39350000.0,2.60079312623926,2.28381,2.28381,17230000,17230000,,,1620591998,16:26:38,20210509
7,2016-12-31,FDEU,USD,2016-12-31,2016-12-31,Q2,3480000.0,2570000.0,910000.0,0.2614942528735632,0.0,120000.0,0.0,0.0,200000.00000000017,2770000.0,14640000,0.0,29990000,8.617816,710000.0,0.20402298850574713,0.0,15350000.0,4.410919540229885,0.0,15350000.0,4.410919540229885,0.89089,0.89089,17230000,17230000,,,1620591998,16:26:38,20210509
8,2016-06-30,FDEU,USD,2016-06-30,2016-06-30,Q1,14800000.0,2680000.0,12120000.0,0.8189189189189189,0.0,160000.0,0.0,10000.0,179999.9999999997,2859999.9999999995,-21540000,0.0,-31140000,-2.104054,11940000.0,0.8067567567567567,0.0,-9600000.0,-0.6486486486486487,0.0,-9600000.0,-0.6486486486486487,-0.55717,-0.55717,17230000,17230000,,,1620591998,16:26:38,20210509
