,date,symbol,reportedCurrency,fillingDate,acceptedDate,period,revenue,costOfRevenue,grossProfit,grossProfitRatio,researchAndDevelopmentExpenses,generalAndAdministrativeExpenses,sellingAndMarketingExpenses,otherExpenses,operatingExpenses,costAndExpenses,interestExpense,depreciationAndAmortization,ebitda,ebitdaratio,operatingIncome,operatingIncomeRatio,totalOtherIncomeExpensesNet,incomeBeforeTax,incomeBeforeTaxRatio,incomeTaxExpense,netIncome,netIncomeRatio,eps,epsdiluted,weightedAverageShsOut,weightedAverageShsOutDil,link,finalLink,timestamp,est_time,est_date
0,2019-06-30,WATR.L,USD,2019-06-30,2019-06-30,Q2,8090983.75,1862072.25,6228911.5,0.7698583624024705,0.0,5430917.5,0.0,0.0,0.0,7416990.0,100060.25,79760.25,753754.0,0.09315974710738975,673993.75,0.08330182964463376,0.0,589372.0,0.07284305817571318,165515.5,423758.25,0.052374131884766174,0.02925,0.02775,14426694.0,15244422.0,https://find-and-update.company-information.service.gov.uk/search/companies?q=Water+Intelligence+PLC,https://find-and-update.company-information.service.gov.uk/search/companies?q=Water+Intelligence+PLC,1620599725,18:35:25,20210509
1,2019-03-31,WATR.L,USD,2019-03-31,2019-03-31,Q1,8090983.75,1862072.25,6228911.5,0.7698583624024705,0.0,5430917.5,0.0,0.0,0.0,7416990.0,100060.25,79760.25,753754.0,0.09315974710738975,673993.75,0.08330182964463376,0.0,589372.0,0.07284305817571318,165515.5,423758.25,0.052374131884766174,0.02925,0.02775,14426694.0,15244422.0,https://find-and-update.company-information.service.gov.uk/search/companies?q=Water+Intelligence+PLC,https://find-and-update.company-information.service.gov.uk/search/companies?q=Water+Intelligence+PLC,1620599725,18:35:25,20210509
2,2019-01-31,WATR.L,USD,2019-01-31,2019-01-31,Q1,8090983.75,1862072.25,6228911.5,0.7698583624024705,0.0,5430917.5,0.0,0.0,0.0,7416990.0,100060.25,79760.25,753754.0,0.09315974710738975,673993.75,0.08330182964463376,0.0,589372.0,0.07284305817571318,165515.5,423758.25,0.052374131884766174,0.02925,0.02775,14426694.0,15244422.0,https://find-and-update.company-information.service.gov.uk/search/companies?q=Water+Intelligence+PLC,https://find-and-update.company-information.service.gov.uk/search/companies?q=Water+Intelligence+PLC,1620599725,18:35:25,20210509
3,2018-06-30,WATR.L,USD,2018-06-30,2018-06-30,Q2,6366662.75,1417404.0,4949258.75,0.7773709625187858,0.0,4362726.25,0.0,0.0,0.0,5876086.75,58989.25,81800.25,572376.25,0.08990208410206744,490576.0,0.07705386939177829,0.0,438587.5,0.06888813138405989,117156.0,323675.25,0.05083907577796547,0.02425,0.02275,13401624.0,14304790.0,https://find-and-update.company-information.service.gov.uk/search/companies?q=Water+Intelligence+PLC,https://find-and-update.company-information.service.gov.uk/search/companies?q=Water+Intelligence+PLC,1620599725,18:35:25,20210509
4,2018-03-31,WATR.L,USD,2018-03-31,2018-03-31,Q1,6366662.75,1417404.0,4949258.75,0.7773709625187858,0.0,4362726.25,0.0,0.0,0.0,5876086.75,58989.25,81800.25,572376.25,0.08990208410206744,490576.0,0.07705386939177829,0.0,438587.5,0.06888813138405989,117156.0,323675.25,0.05083907577796547,0.02425,0.02275,13401624.0,14304790.0,https://find-and-update.company-information.service.gov.uk/search/companies?q=Water+Intelligence+PLC,https://find-and-update.company-information.service.gov.uk/search/companies?q=Water+Intelligence+PLC,1620599725,18:35:25,20210509
5,2018-01-31,WATR.L,USD,2018-01-31,2018-01-31,Q1,6366662.75,1417404.0,4949258.75,0.7773709625187858,0.0,4362726.25,0.0,0.0,0.0,5876086.75,58989.25,81800.25,572376.25,0.08990208410206744,490576.0,0.07705386939177829,0.0,438587.5,0.06888813138405989,117156.0,323675.25,0.05083907577796547,0.02425,0.02275,13401624.0,14304790.0,https://find-and-update.company-information.service.gov.uk/search/companies?q=Water+Intelligence+PLC,https://find-and-update.company-information.service.gov.uk/search/companies?q=Water+Intelligence+PLC,1620599725,18:35:25,20210509
6,2017-06-30,WATR.L,USD,2017-06-30,2017-06-30,Q2,4403794.5,833525.25,3570269.25,0.8107256707823219,0.0,3167131.25,0.0,0.0,0.0,4087152.75,33865.25,79314.75,395956.5,0.08991257425840375,316641.75,0.07190202676351043,0.0,286258.5,0.06500269256433287,71582.5,228312.5,0.05184449456031611,0.02,0.01875,11403236.0,12123812.0,https://find-and-update.company-information.service.gov.uk/search/companies?q=Water+Intelligence+PLC,https://find-and-update.company-information.service.gov.uk/search/companies?q=Water+Intelligence+PLC,1620599725,18:35:25,20210509
7,2017-03-31,WATR.L,USD,2017-03-31,2017-03-31,Q1,4403794.5,833525.25,3570269.25,0.8107256707823219,0.0,3167131.25,0.0,0.0,0.0,4087152.75,33865.25,79314.75,395956.5,0.08991257425840375,316641.75,0.07190202676351043,0.0,286258.5,0.06500269256433287,71582.5,228312.5,0.05184449456031611,0.02,0.01875,11403236.0,12123812.0,https://find-and-update.company-information.service.gov.uk/search/companies?q=Water+Intelligence+PLC,https://find-and-update.company-information.service.gov.uk/search/companies?q=Water+Intelligence+PLC,1620599725,18:35:25,20210509
8,2017-01-31,WATR.L,USD,2017-01-31,2017-01-31,Q1,4403794.5,833525.25,3570269.25,0.8107256707823219,0.0,3167131.25,0.0,0.0,0.0,4087152.75,33865.25,79314.75,395956.5,0.08991257425840375,316641.75,0.07190202676351043,0.0,286258.5,0.06500269256433287,71582.5,228312.5,0.05184449456031611,0.02,0.01875,11403236.0,12123812.0,https://find-and-update.company-information.service.gov.uk/search/companies?q=Water+Intelligence+PLC,https://find-and-update.company-information.service.gov.uk/search/companies?q=Water+Intelligence+PLC,1620599725,18:35:25,20210509
9,2016-06-30,WATR.L,USD,2016-06-30,2016-06-30,Q2,3043809.25,416751.0,2627058.25,0.8630824188473702,0.0,2316874.0,0.0,0.0,0.0,2810736.0,43021.5,73901.5,306974.75,0.1008521641098239,233073.25,0.07657288313976968,0.0,193117.75,0.06344607501274924,73524.5,119593.25,0.039290652001271104,0.01125,0.011,10690410.0,10825113.0,https://find-and-update.company-information.service.gov.uk/search/companies?q=Water+Intelligence+PLC,https://find-and-update.company-information.service.gov.uk/search/companies?q=Water+Intelligence+PLC,1620599725,18:35:25,20210509
10,2016-03-31,WATR.L,USD,2016-03-31,2016-03-31,Q1,3043809.25,416751.0,2627058.25,0.8630824188473702,0.0,2316874.0,0.0,0.0,0.0,2810736.0,43021.5,73901.5,306974.75,0.1008521641098239,233073.25,0.07657288313976968,0.0,193117.75,0.06344607501274924,73524.5,119593.25,0.039290652001271104,0.01125,0.011,10690410.0,10825113.0,https://find-and-update.company-information.service.gov.uk/search/companies?q=Water+Intelligence+PLC,https://find-and-update.company-information.service.gov.uk/search/companies?q=Water+Intelligence+PLC,1620599725,18:35:25,20210509
11,2016-01-31,WATR.L,USD,2016-01-31,2016-01-31,Q1,3043809.25,416751.0,2627058.25,0.8630824188473702,0.0,2316874.0,0.0,0.0,0.0,2810736.0,43021.5,73901.5,306974.75,0.1008521641098239,233073.25,0.07657288313976968,0.0,193117.75,0.06344607501274924,73524.5,119593.25,0.039290652001271104,0.01125,0.011,10690410.0,10825113.0,https://find-and-update.company-information.service.gov.uk/search/companies?q=Water+Intelligence+PLC,https://find-and-update.company-information.service.gov.uk/search/companies?q=Water+Intelligence+PLC,1620599725,18:35:25,20210509
12,2015-09-30,WATR.L,USD,2015-09-30,2015-09-30,Q3,2210587.25,199860.25,2010727.0,0.9095895219697843,0.0,1669090.5,0.0,0.0,0.0,1938033.25,33775.5,67623.0,340177.0,0.15388535331505238,272554.0,0.12329483941427781,0.0,243110.0,0.1099753018117697,97921.75,145188.25,0.06567858834796048,0.013690132528756083,0.013635096234756006,10605321.0,10648128.0,https://find-and-update.company-information.service.gov.uk/search/companies?q=Water+Intelligence+PLC,https://find-and-update.company-information.service.gov.uk/search/companies?q=Water+Intelligence+PLC,1620599725,18:35:25,20210509
13,2015-06-30,WATR.L,USD,2015-06-30,2015-06-30,Q2,2210587.25,199860.25,2010727.0,0.9095895219697843,0.0,1669090.5,0.0,0.0,0.0,1938033.25,33775.5,67623.0,340177.0,0.15388535331505238,272554.0,0.12329483941427781,0.0,243110.0,0.1099753018117697,97921.75,145188.25,0.06567858834796048,0.013690132528756083,0.013635096234756006,10605321.0,10648128.0,https://find-and-update.company-information.service.gov.uk/search/companies?q=Water+Intelligence+PLC,https://find-and-update.company-information.service.gov.uk/search/companies?q=Water+Intelligence+PLC,1620599725,18:35:25,20210509
14,2015-03-31,WATR.L,USD,2015-03-31,2015-03-31,Q1,2210587.25,199860.25,2010727.0,0.9095895219697843,0.0,1669090.5,0.0,0.0,0.0,1938033.25,33775.5,67623.0,340177.0,0.15388535331505238,272554.0,0.12329483941427781,0.0,243110.0,0.1099753018117697,97921.75,145188.25,0.06567858834796048,0.013690132528756083,0.013635096234756006,10605321.0,10648128.0,https://find-and-update.company-information.service.gov.uk/search/companies?q=Water+Intelligence+PLC,https://find-and-update.company-information.service.gov.uk/search/companies?q=Water+Intelligence+PLC,1620599725,18:35:25,20210509
15,2015-01-31,WATR.L,USD,2015-01-31,2015-01-31,Q1,2210587.25,199860.25,2010727.0,0.9095895219697843,0.0,1669090.5,0.0,0.0,0.0,1938033.25,33775.5,67623.0,340177.0,0.15388535331505238,272554.0,0.12329483941427781,0.0,243110.0,0.1099753018117697,97921.75,145188.25,0.06567858834796048,0.013690132528756083,0.013635096234756006,10605321.0,10648128.0,https://find-and-update.company-information.service.gov.uk/search/companies?q=Water+Intelligence+PLC,https://find-and-update.company-information.service.gov.uk/search/companies?q=Water+Intelligence+PLC,1620599725,18:35:25,20210509
16,2014-09-30,WATR.L,USD,2014-09-30,2014-09-30,Q3,1803774.25,131263.75,1672510.5,0.9272282825858058,0.0,1409829.75,0.0,0.0,0.0,1626561.0,35459.25,85467.5,262680.75,0.14562839557111984,177213.25,0.0982458032095757,0.0,146292.5,0.0811035527311691,52279.5,94013.0,0.05212015860632227,0.009,0.009,10567650.0,10567650.0,https://find-and-update.company-information.service.gov.uk/search/companies?q=Water+Intelligence+PLC,https://find-and-update.company-information.service.gov.uk/search/companies?q=Water+Intelligence+PLC,1620599725,18:35:25,20210509
17,2014-06-30,WATR.L,USD,2014-06-30,2014-06-30,Q2,1803774.25,131263.75,1672510.5,0.9272282825858058,0.0,1409829.75,0.0,0.0,0.0,1626561.0,35459.25,85467.5,262680.75,0.14562839557111984,177213.25,0.0982458032095757,0.0,146292.5,0.0811035527311691,52279.5,94013.0,0.05212015860632227,0.009,0.009,10567650.0,10567650.0,https://find-and-update.company-information.service.gov.uk/search/companies?q=Water+Intelligence+PLC,https://find-and-update.company-information.service.gov.uk/search/companies?q=Water+Intelligence+PLC,1620599725,18:35:25,20210509
18,2014-03-31,WATR.L,USD,2014-03-31,2014-03-31,Q1,1803774.25,131263.75,1672510.5,0.9272282825858058,0.0,1409829.75,0.0,0.0,0.0,1626561.0,35459.25,85467.5,262680.75,0.14562839557111984,177213.25,0.0982458032095757,0.0,146292.5,0.0811035527311691,52279.5,94013.0,0.05212015860632227,0.009,0.009,10567650.0,10567650.0,https://find-and-update.company-information.service.gov.uk/search/companies?q=Water+Intelligence+PLC,https://find-and-update.company-information.service.gov.uk/search/companies?q=Water+Intelligence+PLC,1620599725,18:35:25,20210509
19,2014-01-31,WATR.L,USD,2014-01-31,2014-01-31,Q1,1803774.25,131263.75,1672510.5,0.9272282825858058,0.0,1409829.75,0.0,0.0,0.0,1626561.0,35459.25,85467.5,262680.75,0.14562839557111984,177213.25,0.0982458032095757,0.0,146292.5,0.0811035527311691,52279.5,94013.0,0.05212015860632227,0.009,0.009,10567650.0,10567650.0,https://find-and-update.company-information.service.gov.uk/search/companies?q=Water+Intelligence+PLC,https://find-and-update.company-information.service.gov.uk/search/companies?q=Water+Intelligence+PLC,1620599725,18:35:25,20210509
20,2013-09-30,WATR.L,USD,2013-09-30,2013-09-30,Q3,1704002.0,139792.75,1564209.25,0.9179620974623269,0.0,1277315.5,0.0,0.0,0.0,1505446.0,51488.5,83041.0,281597.0,0.16525626143631286,198556.0,0.11652333741392322,0.0,152973.5,0.08977307538371433,39445.75,113527.75,0.06662418823452085,0.01075,0.01025,10567650.0,11021761.0,https://find-and-update.company-information.service.gov.uk/search/companies?q=Water+Intelligence+PLC,https://find-and-update.company-information.service.gov.uk/search/companies?q=Water+Intelligence+PLC,1620599725,18:35:25,20210509
21,2013-06-30,WATR.L,USD,2013-06-30,2013-06-30,Q2,1704002.0,139792.75,1564209.25,0.9179620974623269,0.0,1277315.5,0.0,0.0,0.0,1505446.0,51488.5,83041.0,281597.0,0.16525626143631286,198556.0,0.11652333741392322,0.0,152973.5,0.08977307538371433,39445.75,113527.75,0.06662418823452085,0.01075,0.01025,10567650.0,11021761.0,https://find-and-update.company-information.service.gov.uk/search/companies?q=Water+Intelligence+PLC,https://find-and-update.company-information.service.gov.uk/search/companies?q=Water+Intelligence+PLC,1620599725,18:35:25,20210509
22,2013-03-31,WATR.L,USD,2013-03-31,2013-03-31,Q1,1704002.0,139792.75,1564209.25,0.9179620974623269,0.0,1277315.5,0.0,0.0,0.0,1505446.0,51488.5,83041.0,281597.0,0.16525626143631286,198556.0,0.11652333741392322,0.0,152973.5,0.08977307538371433,39445.75,113527.75,0.06662418823452085,0.01075,0.01025,10567650.0,11021761.0,https://find-and-update.company-information.service.gov.uk/search/companies?q=Water+Intelligence+PLC,https://find-and-update.company-information.service.gov.uk/search/companies?q=Water+Intelligence+PLC,1620599725,18:35:25,20210509
23,2013-01-31,WATR.L,USD,2013-01-31,2013-01-31,Q1,1704002.0,139792.75,1564209.25,0.9179620974623269,0.0,1277315.5,0.0,0.0,0.0,1505446.0,51488.5,83041.0,281597.0,0.16525626143631286,198556.0,0.11652333741392322,0.0,152973.5,0.08977307538371433,39445.75,113527.75,0.06662418823452085,0.01075,0.01025,10567650.0,11021761.0,https://find-and-update.company-information.service.gov.uk/search/companies?q=Water+Intelligence+PLC,https://find-and-update.company-information.service.gov.uk/search/companies?q=Water+Intelligence+PLC,1620599725,18:35:25,20210509
24,2012-09-30,WATR.L,USD,2012-09-30,2012-09-30,Q3,1685141.75,152771.0,1532370.75,0.9093423446425204,0.0,1264361.25,0.0,0.0,0.0,1494618.5,64917.75,69828.25,260351.5,0.1544982788539896,190523.25,0.11306066685488031,0.0,132628.75,0.0787048033199581,66259.75,66369.0,0.03938481733064889,0.007,0.00675,9604417.0,9890922.0,https://find-and-update.company-information.service.gov.uk/search/companies?q=Water+Intelligence+PLC,https://find-and-update.company-information.service.gov.uk/search/companies?q=Water+Intelligence+PLC,1620599725,18:35:25,20210509
25,2012-06-30,WATR.L,USD,2012-06-30,2012-06-30,Q2,1685141.75,152771.0,1532370.75,0.9093423446425204,0.0,1264361.25,0.0,0.0,0.0,1494618.5,64917.75,69828.25,260351.5,0.1544982788539896,190523.25,0.11306066685488031,0.0,132628.75,0.0787048033199581,66259.75,66369.0,0.03938481733064889,0.007,0.00675,9604417.0,9890922.0,https://find-and-update.company-information.service.gov.uk/search/companies?q=Water+Intelligence+PLC,https://find-and-update.company-information.service.gov.uk/search/companies?q=Water+Intelligence+PLC,1620599725,18:35:25,20210509
26,2012-03-31,WATR.L,USD,2012-03-31,2012-03-31,Q1,1685141.75,152771.0,1532370.75,0.9093423446425204,0.0,1264361.25,0.0,0.0,0.0,1494618.5,64917.75,69828.25,260351.5,0.1544982788539896,190523.25,0.11306066685488031,0.0,132628.75,0.0787048033199581,66259.75,66369.0,0.03938481733064889,0.007,0.00675,9604417.0,9890922.0,https://find-and-update.company-information.service.gov.uk/search/companies?q=Water+Intelligence+PLC,https://find-and-update.company-information.service.gov.uk/search/companies?q=Water+Intelligence+PLC,1620599725,18:35:25,20210509
27,2012-01-31,WATR.L,USD,2012-01-31,2012-01-31,Q1,1685141.75,152771.0,1532370.75,0.9093423446425204,0.0,1264361.25,0.0,0.0,0.0,1494618.5,64917.75,69828.25,260351.5,0.1544982788539896,190523.25,0.11306066685488031,0.0,132628.75,0.0787048033199581,66259.75,66369.0,0.03938481733064889,0.007,0.00675,9604417.0,9890922.0,https://find-and-update.company-information.service.gov.uk/search/companies?q=Water+Intelligence+PLC,https://find-and-update.company-information.service.gov.uk/search/companies?q=Water+Intelligence+PLC,1620599725,18:35:25,20210509
28,2011-09-30,WATR.L,USD,2011-09-30,2011-09-30,Q3,1589455.775,124716.525,1464739.25,0.921535076998289,19814.775,0.0,118888.65,0.0,1145371.7,1490381.9,80036.15,77316.475,176390.35,0.11097531165974091,99073.875,0.06233194817892936,0.0,-49342.675,-0.031043754583231487,66049.25,-115391.925,-0.07259838670251773,-0.01125,-0.01125,9604417.0,9604417.0,https://find-and-update.company-information.service.gov.uk/search/companies?q=Water+Intelligence+PLC,https://find-and-update.company-information.service.gov.uk/search/companies?q=Water+Intelligence+PLC,1620599725,18:35:25,20210509
29,2011-06-30,WATR.L,USD,2011-06-30,2011-06-30,Q2,1589455.775,124716.525,1464739.25,0.921535076998289,19814.775,0.0,118888.65,0.0,1145371.7,1490381.9,80036.15,77316.475,176390.35,0.11097531165974091,99073.875,0.06233194817892936,0.0,-49342.675,-0.031043754583231487,66049.25,-115391.925,-0.07259838670251773,-0.01125,-0.01125,9604417.0,9604417.0,https://find-and-update.company-information.service.gov.uk/search/companies?q=Water+Intelligence+PLC,https://find-and-update.company-information.service.gov.uk/search/companies?q=Water+Intelligence+PLC,1620599725,18:35:25,20210509
30,2011-03-31,WATR.L,USD,2011-03-31,2011-03-31,Q1,1589455.775,124716.525,1464739.25,0.921535076998289,19814.775,0.0,118888.65,0.0,1145371.7,1490381.9,80036.15,77316.475,176390.35,0.11097531165974091,99073.875,0.06233194817892936,0.0,-49342.675,-0.031043754583231487,66049.25,-115391.925,-0.07259838670251773,-0.01125,-0.01125,9604417.0,9604417.0,https://find-and-update.company-information.service.gov.uk/search/companies?q=Water+Intelligence+PLC,https://find-and-update.company-information.service.gov.uk/search/companies?q=Water+Intelligence+PLC,1620599725,18:35:25,20210509
31,2011-01-31,WATR.L,USD,2011-01-31,2011-01-31,Q1,1589455.775,124716.525,1464739.25,0.921535076998289,19814.775,0.0,118888.65,0.0,1145371.7,1490381.9,80036.15,77316.475,176390.35,0.11097531165974091,99073.875,0.06233194817892936,0.0,-49342.675,-0.031043754583231487,66049.25,-115391.925,-0.07259838670251773,-0.01125,-0.01125,9604417.0,9604417.0,https://find-and-update.company-information.service.gov.uk/search/companies?q=Water+Intelligence+PLC,https://find-and-update.company-information.service.gov.uk/search/companies?q=Water+Intelligence+PLC,1620599725,18:35:25,20210509
32,2010-09-30,WATR.L,USD,2010-09-30,2010-09-30,Q3,1424395.575,88853.475,1335542.1,0.937620225336631,157352.85,0.0,140913.0,0.0,904974.6,1395430.125,80633.55,97856.25,126821.7,0.08903544929925804,28965.45,0.020335256938719428,0.0,-217632.3,-0.15278922780983786,-391.425,-217240.875,-0.15251442704039572,-0.05475,-0.05475,3962211.0,3962211.0,https://find-and-update.company-information.service.gov.uk/search/companies?q=Water+Intelligence+PLC,https://find-and-update.company-information.service.gov.uk/search/companies?q=Water+Intelligence+PLC,1620599725,18:35:25,20210509
33,2010-06-30,WATR.L,USD,2010-06-30,2010-06-30,Q2,1424395.575,88853.475,1335542.1,0.937620225336631,157352.85,0.0,140913.0,0.0,904974.6,1395430.125,80633.55,97856.25,126821.7,0.08903544929925804,28965.45,0.020335256938719428,0.0,-217632.3,-0.15278922780983786,-391.425,-217240.875,-0.15251442704039572,-0.05475,-0.05475,3962211.0,3962211.0,https://find-and-update.company-information.service.gov.uk/search/companies?q=Water+Intelligence+PLC,https://find-and-update.company-information.service.gov.uk/search/companies?q=Water+Intelligence+PLC,1620599725,18:35:25,20210509
34,2010-03-31,WATR.L,USD,2010-03-31,2010-03-31,Q1,1424395.575,88853.475,1335542.1,0.937620225336631,157352.85,0.0,140913.0,0.0,904974.6,1395430.125,80633.55,97856.25,126821.7,0.08903544929925804,28965.45,0.020335256938719428,0.0,-217632.3,-0.15278922780983786,-391.425,-217240.875,-0.15251442704039572,-0.05475,-0.05475,3962211.0,3962211.0,https://find-and-update.company-information.service.gov.uk/search/companies?q=Water+Intelligence+PLC,https://find-and-update.company-information.service.gov.uk/search/companies?q=Water+Intelligence+PLC,1620599725,18:35:25,20210509
35,2010-01-31,WATR.L,USD,2010-01-31,2010-01-31,Q1,1424395.575,88853.475,1335542.1,0.937620225336631,157352.85,0.0,140913.0,0.0,904974.6,1395430.125,80633.55,97856.25,126821.7,0.08903544929925804,28965.45,0.020335256938719428,0.0,-217632.3,-0.15278922780983786,-391.425,-217240.875,-0.15251442704039572,-0.05475,-0.05475,3962211.0,3962211.0,https://find-and-update.company-information.service.gov.uk/search/companies?q=Water+Intelligence+PLC,https://find-and-update.company-information.service.gov.uk/search/companies?q=Water+Intelligence+PLC,1620599725,18:35:25,20210509
36,2009-09-30,WATR.L,USD,2009-09-30,2009-09-30,Q3,22233.72087375,14552.9809355,7680.73993825,0.3454545454565898,0.0,442653.17012425,0.0,0.0,-30318.7102825,426887.4407775,808.49894075,4446.74417475,-400206.975729,-18.000000000067466,-404653.71990375,-18.200000000067465,0.0,-645586.40428175,-29.036363636459722,-22233.72087375,-623352.683408,-28.036363636459726,-0.4852935,-0.4852935,1345605.0,1345605.0,https://find-and-update.company-information.service.gov.uk/search/companies?q=Water+Intelligence+PLC,https://find-and-update.company-information.service.gov.uk/search/companies?q=Water+Intelligence+PLC,1620599725,18:35:25,20210509
37,2009-06-30,WATR.L,USD,2009-06-30,2009-06-30,Q2,22233.72087375,14552.9809355,7680.73993825,0.3454545454565898,0.0,442653.17012425,0.0,0.0,-30318.7102825,426887.4407775,808.49894075,4446.74417475,-400206.975729,-18.000000000067466,-404653.71990375,-18.200000000067465,0.0,-645586.40428175,-29.036363636459722,-22233.72087375,-623352.683408,-28.036363636459726,-0.4852935,-0.4852935,1345605.0,1345605.0,https://find-and-update.company-information.service.gov.uk/search/companies?q=Water+Intelligence+PLC,https://find-and-update.company-information.service.gov.uk/search/companies?q=Water+Intelligence+PLC,1620599725,18:35:25,20210509
38,2009-03-31,WATR.L,USD,2009-03-31,2009-03-31,Q1,22233.72087375,14552.9809355,7680.73993825,0.3454545454565898,0.0,442653.17012425,0.0,0.0,-30318.7102825,426887.4407775,808.49894075,4446.74417475,-400206.975729,-18.000000000067466,-404653.71990375,-18.200000000067465,0.0,-645586.40428175,-29.036363636459722,-22233.72087375,-623352.683408,-28.036363636459726,-0.4852935,-0.4852935,1345605.0,1345605.0,https://find-and-update.company-information.service.gov.uk/search/companies?q=Water+Intelligence+PLC,https://find-and-update.company-information.service.gov.uk/search/companies?q=Water+Intelligence+PLC,1620599725,18:35:25,20210509
39,2009-01-31,WATR.L,USD,2009-01-31,2009-01-31,Q1,22233.72087375,14552.9809355,7680.73993825,0.3454545454565898,0.0,442653.17012425,0.0,0.0,-30318.7102825,426887.4407775,808.49894075,4446.74417475,-400206.975729,-18.000000000067466,-404653.71990375,-18.200000000067465,0.0,-645586.40428175,-29.036363636459722,-22233.72087375,-623352.683408,-28.036363636459726,-0.4852935,-0.4852935,1345605.0,1345605.0,https://find-and-update.company-information.service.gov.uk/search/companies?q=Water+Intelligence+PLC,https://find-and-update.company-information.service.gov.uk/search/companies?q=Water+Intelligence+PLC,1620599725,18:35:25,20210509
40,2008-09-30,WATR.L,USD,2008-09-30,2008-09-30,Q3,227390.3351645,109465.8068625,117924.528302,0.5185995623635032,24878.59246875,0.0,6468.434042,0.0,348797.866412,506030.5708145,12936.86808375,1990.2873975,-276649.9482525,-1.2166301969358737,-278640.23565,-1.2253829321656284,0.0,-1865894.4351565,-8.205689277895932,0.0,-1865894.4351565,-8.205689277895932,-8.90014475,-8.90014475,209144.0,209144.0,https://find-and-update.company-information.service.gov.uk/search/companies?q=Water+Intelligence+PLC,https://find-and-update.company-information.service.gov.uk/search/companies?q=Water+Intelligence+PLC,1620599725,18:35:25,20210509
41,2008-06-30,WATR.L,USD,2008-06-30,2008-06-30,Q2,227390.3351645,109465.8068625,117924.528302,0.5185995623635032,24878.59246875,0.0,6468.434042,0.0,348797.866412,506030.5708145,12936.86808375,1990.2873975,-276649.9482525,-1.2166301969358737,-278640.23565,-1.2253829321656284,0.0,-1865894.4351565,-8.205689277895932,0.0,-1865894.4351565,-8.205689277895932,-8.90014475,-8.90014475,209144.0,209144.0,https://find-and-update.company-information.service.gov.uk/search/companies?q=Water+Intelligence+PLC,https://find-and-update.company-information.service.gov.uk/search/companies?q=Water+Intelligence+PLC,1620599725,18:35:25,20210509
42,2008-03-31,WATR.L,USD,2008-03-31,2008-03-31,Q1,227390.3351645,109465.8068625,117924.528302,0.5185995623635032,24878.59246875,0.0,6468.434042,0.0,348797.866412,506030.5708145,12936.86808375,1990.2873975,-276649.9482525,-1.2166301969358737,-278640.23565,-1.2253829321656284,0.0,-1865894.4351565,-8.205689277895932,0.0,-1865894.4351565,-8.205689277895932,-8.90014475,-8.90014475,209144.0,209144.0,https://find-and-update.company-information.service.gov.uk/search/companies?q=Water+Intelligence+PLC,https://find-and-update.company-information.service.gov.uk/search/companies?q=Water+Intelligence+PLC,1620599725,18:35:25,20210509
43,2008-01-31,WATR.L,USD,2008-01-31,2008-01-31,Q1,227390.3351645,109465.8068625,117924.528302,0.5185995623635032,24878.59246875,0.0,6468.434042,0.0,348797.866412,506030.5708145,12936.86808375,1990.2873975,-276649.9482525,-1.2166301969358737,-278640.23565,-1.2253829321656284,0.0,-1865894.4351565,-8.205689277895932,0.0,-1865894.4351565,-8.205689277895932,-8.90014475,-8.90014475,209144.0,209144.0,https://find-and-update.company-information.service.gov.uk/search/companies?q=Water+Intelligence+PLC,https://find-and-update.company-information.service.gov.uk/search/companies?q=Water+Intelligence+PLC,1620599725,18:35:25,20210509
44,2007-09-30,WATR.L,USD,2007-09-30,2007-09-30,Q3,153133.974655,55730.72520225,97403.24945275,0.6360655737708932,24601.851666,0.0,0.0,0.0,383085.9759405,480991.3039985,2510.39302725,2008.31442175,-325849.01492175,-2.127868852459846,-327857.3293435,-2.140983606558501,0.0,-326853.17213275,-2.1344262295099896,0.0,-326853.17213275,-2.1344262295099896,-1.86847975,-1.86847975,177852.0,177852.0,https://find-and-update.company-information.service.gov.uk/search/companies?q=Water+Intelligence+PLC,https://find-and-update.company-information.service.gov.uk/search/companies?q=Water+Intelligence+PLC,1620599725,18:35:25,20210509
45,2007-06-30,WATR.L,USD,2007-06-30,2007-06-30,Q2,153133.974655,55730.72520225,97403.24945275,0.6360655737708932,24601.851666,0.0,0.0,0.0,383085.9759405,480991.3039985,2510.39302725,2008.31442175,-325849.01492175,-2.127868852459846,-327857.3293435,-2.140983606558501,0.0,-326853.17213275,-2.1344262295099896,0.0,-326853.17213275,-2.1344262295099896,-1.86847975,-1.86847975,177852.0,177852.0,https://find-and-update.company-information.service.gov.uk/search/companies?q=Water+Intelligence+PLC,https://find-and-update.company-information.service.gov.uk/search/companies?q=Water+Intelligence+PLC,1620599725,18:35:25,20210509
46,2007-03-31,WATR.L,USD,2007-03-31,2007-03-31,Q1,153133.974655,55730.72520225,97403.24945275,0.6360655737708932,24601.851666,0.0,0.0,0.0,383085.9759405,480991.3039985,2510.39302725,2008.31442175,-325849.01492175,-2.127868852459846,-327857.3293435,-2.140983606558501,0.0,-326853.17213275,-2.1344262295099896,0.0,-326853.17213275,-2.1344262295099896,-1.86847975,-1.86847975,177852.0,177852.0,https://find-and-update.company-information.service.gov.uk/search/companies?q=Water+Intelligence+PLC,https://find-and-update.company-information.service.gov.uk/search/companies?q=Water+Intelligence+PLC,1620599725,18:35:25,20210509
47,2007-01-31,WATR.L,USD,2007-01-31,2007-01-31,Q1,153133.974655,55730.72520225,97403.24945275,0.6360655737708932,24601.851666,0.0,0.0,0.0,383085.9759405,480991.3039985,2510.39302725,2008.31442175,-325849.01492175,-2.127868852459846,-327857.3293435,-2.140983606558501,0.0,-326853.17213275,-2.1344262295099896,0.0,-326853.17213275,-2.1344262295099896,-1.86847975,-1.86847975,177852.0,177852.0,https://find-and-update.company-information.service.gov.uk/search/companies?q=Water+Intelligence+PLC,https://find-and-update.company-information.service.gov.uk/search/companies?q=Water+Intelligence+PLC,1620599725,18:35:25,20210509
48,2006-09-30,WATR.L,USD,2006-09-30,2006-09-30,Q3,50352.932481,36032.373702,14320.558779,0.28440366972477066,12472.744743,425459.181788,0.0,0.0,260541.77907525,328910.89840725,2771.721054,1385.860527,-277172.10539925,-5.504587155948407,-278557.96592625,-5.5321100917282235,0.0,-372796.481762,-7.403669724750782,0.0,-372796.481762,-7.403669724750782,-2.82828675,-2.82828675,131120.0,131120.0,https://find-and-update.company-information.service.gov.uk/search/companies?q=Water+Intelligence+PLC,https://find-and-update.company-information.service.gov.uk/search/companies?q=Water+Intelligence+PLC,1620599725,18:35:25,20210509
49,2006-06-30,WATR.L,USD,2006-06-30,2006-06-30,Q2,50352.932481,36032.373702,14320.558779,0.28440366972477066,12472.744743,425459.181788,0.0,0.0,260541.77907525,328910.89840725,2771.721054,1385.860527,-277172.10539925,-5.504587155948407,-278557.96592625,-5.5321100917282235,0.0,-372796.481762,-7.403669724750782,0.0,-372796.481762,-7.403669724750782,-2.82828675,-2.82828675,131120.0,131120.0,https://find-and-update.company-information.service.gov.uk/search/companies?q=Water+Intelligence+PLC,https://find-and-update.company-information.service.gov.uk/search/companies?q=Water+Intelligence+PLC,1620599725,18:35:25,20210509
50,2006-03-31,WATR.L,USD,2006-03-31,2006-03-31,Q1,50352.932481,36032.373702,14320.558779,0.28440366972477066,12472.744743,425459.181788,0.0,0.0,260541.77907525,328910.89840725,2771.721054,1385.860527,-277172.10539925,-5.504587155948407,-278557.96592625,-5.5321100917282235,0.0,-372796.481762,-7.403669724750782,0.0,-372796.481762,-7.403669724750782,-2.82828675,-2.82828675,131120.0,131120.0,https://find-and-update.company-information.service.gov.uk/search/companies?q=Water+Intelligence+PLC,https://find-and-update.company-information.service.gov.uk/search/companies?q=Water+Intelligence+PLC,1620599725,18:35:25,20210509
51,2006-01-31,WATR.L,USD,2006-01-31,2006-01-31,Q1,50352.932481,36032.373702,14320.558779,0.28440366972477066,12472.744743,425459.181788,0.0,0.0,260541.77907525,328910.89840725,2771.721054,1385.860527,-277172.10539925,-5.504587155948407,-278557.96592625,-5.5321100917282235,0.0,-372796.481762,-7.403669724750782,0.0,-372796.481762,-7.403669724750782,-2.82828675,-2.82828675,131120.0,131120.0,https://find-and-update.company-information.service.gov.uk/search/companies?q=Water+Intelligence+PLC,https://find-and-update.company-information.service.gov.uk/search/companies?q=Water+Intelligence+PLC,1620599725,18:35:25,20210509
52,2005-09-30,WATR.L,USD,2005-09-30,2005-09-30,Q3,26870.1633705,14778.58985375,12091.57351675,0.45000000000093043,0.0,491723.98968175,0.0,0.0,367673.402121,400813.270278,6269.7047865,895.67211225,-373047.43479525,-13.883333333388228,-373943.1069075,-13.91666666671784,0.0,-469780.02292925,-17.48333333339567,0.0,-469780.02292925,-17.48333333339567,-4.99985025,-4.99985025,94084.0,94084.0,https://find-and-update.company-information.service.gov.uk/search/companies?q=Water+Intelligence+PLC,https://find-and-update.company-information.service.gov.uk/search/companies?q=Water+Intelligence+PLC,1620599725,18:35:25,20210509
53,2005-06-30,WATR.L,USD,2005-06-30,2005-06-30,Q2,26870.1633705,14778.58985375,12091.57351675,0.45000000000093043,0.0,491723.98968175,0.0,0.0,367673.402121,400813.270278,6269.7047865,895.67211225,-373047.43479525,-13.883333333388228,-373943.1069075,-13.91666666671784,0.0,-469780.02292925,-17.48333333339567,0.0,-469780.02292925,-17.48333333339567,-4.99985025,-4.99985025,94084.0,94084.0,https://find-and-update.company-information.service.gov.uk/search/companies?q=Water+Intelligence+PLC,https://find-and-update.company-information.service.gov.uk/search/companies?q=Water+Intelligence+PLC,1620599725,18:35:25,20210509
54,2005-03-31,WATR.L,USD,2005-03-31,2005-03-31,Q1,26870.1633705,14778.58985375,12091.57351675,0.45000000000093043,0.0,491723.98968175,0.0,0.0,367673.402121,400813.270278,6269.7047865,895.67211225,-373047.43479525,-13.883333333388228,-373943.1069075,-13.91666666671784,0.0,-469780.02292925,-17.48333333339567,0.0,-469780.02292925,-17.48333333339567,-4.99985025,-4.99985025,94084.0,94084.0,https://find-and-update.company-information.service.gov.uk/search/companies?q=Water+Intelligence+PLC,https://find-and-update.company-information.service.gov.uk/search/companies?q=Water+Intelligence+PLC,1620599725,18:35:25,20210509
55,2005-01-31,WATR.L,USD,2005-01-31,2005-01-31,Q1,26870.1633705,14778.58985375,12091.57351675,0.45000000000093043,0.0,491723.98968175,0.0,0.0,367673.402121,400813.270278,6269.7047865,895.67211225,-373047.43479525,-13.883333333388228,-373943.1069075,-13.91666666671784,0.0,-469780.02292925,-17.48333333339567,0.0,-469780.02292925,-17.48333333339567,-4.99985025,-4.99985025,94084.0,94084.0,https://find-and-update.company-information.service.gov.uk/search/companies?q=Water+Intelligence+PLC,https://find-and-update.company-information.service.gov.uk/search/companies?q=Water+Intelligence+PLC,1620599725,18:35:25,20210509
56,2004-09-30,WATR.L,USD,2004-09-30,2004-09-30,Q3,11373.97634225,15468.60782525,-4094.63148325,-0.36000000000351684,0.0,264281.16469525,0.0,2697.90718825,182893.5395815,208371.24658775,3184.71337575,3184.71337575,-193812.55687,-17.039999999829437,-196997.27024575,-17.3199999998224,0.0,-271155.59599625,-23.839999999737117,0.0,-271155.59599625,-23.839999999737117,-3.7685685,-3.7685685,72494.0,72494.0,https://find-and-update.company-information.service.gov.uk/search/companies?q=Water+Intelligence+PLC,https://find-and-update.company-information.service.gov.uk/search/companies?q=Water+Intelligence+PLC,1620599725,18:35:25,20210509
57,2004-06-30,WATR.L,USD,2004-06-30,2004-06-30,Q2,11373.97634225,15468.60782525,-4094.63148325,-0.36000000000351684,0.0,264281.16469525,0.0,2697.90718825,182893.5395815,208371.24658775,3184.71337575,3184.71337575,-193812.55687,-17.039999999829437,-196997.27024575,-17.3199999998224,0.0,-271155.59599625,-23.839999999737117,0.0,-271155.59599625,-23.839999999737117,-3.7685685,-3.7685685,72494.0,72494.0,https://find-and-update.company-information.service.gov.uk/search/companies?q=Water+Intelligence+PLC,https://find-and-update.company-information.service.gov.uk/search/companies?q=Water+Intelligence+PLC,1620599725,18:35:25,20210509
58,2004-03-31,WATR.L,USD,2004-03-31,2004-03-31,Q1,11373.97634225,15468.60782525,-4094.63148325,-0.36000000000351684,0.0,264281.16469525,0.0,2697.90718825,182893.5395815,208371.24658775,3184.71337575,3184.71337575,-193812.55687,-17.039999999829437,-196997.27024575,-17.3199999998224,0.0,-271155.59599625,-23.839999999737117,0.0,-271155.59599625,-23.839999999737117,-3.7685685,-3.7685685,72494.0,72494.0,https://find-and-update.company-information.service.gov.uk/search/companies?q=Water+Intelligence+PLC,https://find-and-update.company-information.service.gov.uk/search/companies?q=Water+Intelligence+PLC,1620599725,18:35:25,20210509
59,2004-01-31,WATR.L,USD,2004-01-31,2004-01-31,Q1,11373.97634225,15468.60782525,-4094.63148325,-0.36000000000351684,0.0,264281.16469525,0.0,2697.90718825,182893.5395815,208371.24658775,3184.71337575,3184.71337575,-193812.55687,-17.039999999829437,-196997.27024575,-17.3199999998224,0.0,-271155.59599625,-23.839999999737117,0.0,-271155.59599625,-23.839999999737117,-3.7685685,-3.7685685,72494.0,72494.0,https://find-and-update.company-information.service.gov.uk/search/companies?q=Water+Intelligence+PLC,https://find-and-update.company-information.service.gov.uk/search/companies?q=Water+Intelligence+PLC,1620599725,18:35:25,20210509
60,2003-09-30,WATR.L,USD,2003-09-30,2003-09-30,Q3,7062.85106525,7062.85106525,0.0,0.0,2492.77096425,0.0,0.0,0.0,388872.27041575,1090171.83501175,7062.85106525,682188.320537,-400920.66340950015,-56.7647058823134,-1083108.9839465,-153.35294117633526,0.0,-1089340.911357,-154.23529411750965,24927.709642,-1114268.620999,-157.7647058822072,-21.9451625,-21.9451625,131120.0,131120.0,https://find-and-update.company-information.service.gov.uk/search/companies?q=Water+Intelligence+PLC,https://find-and-update.company-information.service.gov.uk/search/companies?q=Water+Intelligence+PLC,1620599725,18:35:25,20210509
61,2003-06-30,WATR.L,USD,2003-06-30,2003-06-30,Q2,7062.85106525,7062.85106525,0.0,0.0,2492.77096425,0.0,0.0,0.0,388872.27041575,1090171.83501175,7062.85106525,682188.320537,-400920.66340950015,-56.7647058823134,-1083108.9839465,-153.35294117633526,0.0,-1089340.911357,-154.23529411750965,24927.709642,-1114268.620999,-157.7647058822072,-21.9451625,-21.9451625,131120.0,131120.0,https://find-and-update.company-information.service.gov.uk/search/companies?q=Water+Intelligence+PLC,https://find-and-update.company-information.service.gov.uk/search/companies?q=Water+Intelligence+PLC,1620599725,18:35:25,20210509
62,2003-03-31,WATR.L,USD,2003-03-31,2003-03-31,Q1,7062.85106525,7062.85106525,0.0,0.0,2492.77096425,0.0,0.0,0.0,388872.27041575,1090171.83501175,7062.85106525,682188.320537,-400920.66340950015,-56.7647058823134,-1083108.9839465,-153.35294117633526,0.0,-1089340.911357,-154.23529411750965,24927.709642,-1114268.620999,-157.7647058822072,-21.9451625,-21.9451625,131120.0,131120.0,https://find-and-update.company-information.service.gov.uk/search/companies?q=Water+Intelligence+PLC,https://find-and-update.company-information.service.gov.uk/search/companies?q=Water+Intelligence+PLC,1620599725,18:35:25,20210509
63,2003-01-31,WATR.L,USD,2003-01-31,2003-01-31,Q1,7062.85106525,7062.85106525,0.0,0.0,2492.77096425,0.0,0.0,0.0,388872.27041575,1090171.83501175,7062.85106525,682188.320537,-400920.66340950015,-56.7647058823134,-1083108.9839465,-153.35294117633526,0.0,-1089340.911357,-154.23529411750965,24927.709642,-1114268.620999,-157.7647058822072,-21.9451625,-21.9451625,131120.0,131120.0,https://find-and-update.company-information.service.gov.uk/search/companies?q=Water+Intelligence+PLC,https://find-and-update.company-information.service.gov.uk/search/companies?q=Water+Intelligence+PLC,1620599725,18:35:25,20210509
64,2002-09-30,WATR.L,USD,2002-09-30,2002-09-30,Q3,5884.291296,1176.85825925,4707.43303675,0.7999999999915027,0.0,0.0,0.0,0.0,60019.77121875,84733.79466175,1176.85825925,20006.59040625,-58842.9129595,-9.999999999915026,-78849.50336575,-13.399999999889536,0.0,-79634.0755385,-13.53333333321437,-31382.88691175,-48251.18862675,-8.199999999923525,-1.412795,-1.412795,131120.0,131120.0,https://find-and-update.company-information.service.gov.uk/search/companies?q=Water+Intelligence+PLC,https://find-and-update.company-information.service.gov.uk/search/companies?q=Water+Intelligence+PLC,1620599725,18:35:25,20210509
65,2002-06-30,WATR.L,USD,2002-06-30,2002-06-30,Q2,5884.291296,1176.85825925,4707.43303675,0.7999999999915027,0.0,0.0,0.0,0.0,60019.77121875,84733.79466175,1176.85825925,20006.59040625,-58842.9129595,-9.999999999915026,-78849.50336575,-13.399999999889536,0.0,-79634.0755385,-13.53333333321437,-31382.88691175,-48251.18862675,-8.199999999923525,-1.412795,-1.412795,131120.0,131120.0,https://find-and-update.company-information.service.gov.uk/search/companies?q=Water+Intelligence+PLC,https://find-and-update.company-information.service.gov.uk/search/companies?q=Water+Intelligence+PLC,1620599725,18:35:25,20210509
66,2002-03-31,WATR.L,USD,2002-03-31,2002-03-31,Q1,5884.291296,1176.85825925,4707.43303675,0.7999999999915027,0.0,0.0,0.0,0.0,60019.77121875,84733.79466175,1176.85825925,20006.59040625,-58842.9129595,-9.999999999915026,-78849.50336575,-13.399999999889536,0.0,-79634.0755385,-13.53333333321437,-31382.88691175,-48251.18862675,-8.199999999923525,-1.412795,-1.412795,131120.0,131120.0,https://find-and-update.company-information.service.gov.uk/search/companies?q=Water+Intelligence+PLC,https://find-and-update.company-information.service.gov.uk/search/companies?q=Water+Intelligence+PLC,1620599725,18:35:25,20210509
67,2002-01-31,WATR.L,USD,2002-01-31,2002-01-31,Q1,5884.291296,1176.85825925,4707.43303675,0.7999999999915027,0.0,0.0,0.0,0.0,60019.77121875,84733.79466175,1176.85825925,20006.59040625,-58842.9129595,-9.999999999915026,-78849.50336575,-13.399999999889536,0.0,-79634.0755385,-13.53333333321437,-31382.88691175,-48251.18862675,-8.199999999923525,-1.412795,-1.412795,131120.0,131120.0,https://find-and-update.company-information.service.gov.uk/search/companies?q=Water+Intelligence+PLC,https://find-and-update.company-information.service.gov.uk/search/companies?q=Water+Intelligence+PLC,1620599725,18:35:25,20210509
